  <div class='ocr_page' id='page_1' title='image "/cluster/home/n/w/nwhite01/storage/ocr_20150623/73/umn.31951002477366m/237.png"; bbox 0 0 3878 6388; ppageno 0'>
   <div class='ocr_carea' id='block_1_1' title="bbox 407 345 513 412">
    <p class='ocr_par' dir='ltr' id='par_1_1' title="bbox 407 345 513 412">
     <span class='ocr_line' id='line_1_1' title="bbox 407 345 513 412; baseline -0.028 0"><span class='ocrx_word' id='word_1_1' title='bbox 407 345 513 412; x_wconf 71' lang='grc'><strong>463</strong></span> 
     </span>
    </p>
   </div>
   <div class='ocr_carea' id='block_1_2' title="bbox 1433 347 2660 409">
    <p class='ocr_par' dir='ltr' id='par_1_2' title="bbox 1433 347 2660 409">
     <span class='ocr_line' id='line_1_2' title="bbox 1433 347 2660 409; baseline 0.004 -5"><span class='ocrx_word' id='word_1_2' title='bbox 1433 347 1528 405; x_wconf 89' lang='lat' dir='ltr'><strong>DE</strong></span> <span class='ocrx_word' id='word_1_3' title='bbox 1564 347 1753 405; x_wconf 84' lang='lat' dir='ltr'>VITIS</span> <span class='ocrx_word' id='word_1_4' title='bbox 1789 349 2086 406; x_wconf 87' lang='lat' dir='ltr'><strong>PATRUM</strong></span> <span class='ocrx_word' id='word_1_5' title='bbox 2120 351 2336 408; x_wconf 86' lang='lat' dir='ltr'><strong>LIBER</strong></span> <span class='ocrx_word' id='word_1_6' title='bbox 2371 351 2660 409; x_wconf 86' lang='lat' dir='ltr'><strong>PRIMUS.</strong></span> 
     </span>
    </p>
   </div>
   <div class='ocr_carea' id='block_1_3' title="bbox 3579 353 3688 411">
    <p class='ocr_par' dir='ltr' id='par_1_3' title="bbox 3579 353 3688 411">
     <span class='ocr_line' id='line_1_3' title="bbox 3579 353 3688 411; baseline 0 -1"><span class='ocrx_word' id='word_1_7' title='bbox 3579 353 3688 411; x_wconf 72' lang='grc'>464</span> 
     </span>
    </p>
   </div>
   <div class='ocr_carea' id='block_1_4' title="bbox 409 474 3686 553">
    <p class='ocr_par' dir='ltr' id='par_1_4' title="bbox 409 474 3686 553">
     <span class='ocr_line' id='line_1_4' title="bbox 409 474 3686 553; baseline -0 -19"><span class='ocrx_word' id='word_1_8' title='bbox 409 483 808 553; x_wconf 66' lang='lat' dir='ltr'><strong>praeposteram</strong></span> <span class='ocrx_word' id='word_1_9' title='bbox 833 476 1010 548; x_wconf 89' lang='lat' dir='ltr'><strong>ipsius</strong></span> <span class='ocrx_word' id='word_1_10' title='bbox 1022 474 1399 530; x_wconf 89' lang='lat' dir='ltr'><strong>humilitatem</strong></span> <span class='ocrx_word' id='word_1_11' title='bbox 1419 480 1752 540; x_wconf 83' lang='lat' dir='ltr'><strong>accusasset,</strong></span> <span class='ocrx_word' id='word_1_12' title='bbox 1773 491 2007 546; x_wconf 88' lang='lat' dir='ltr'><strong>respon-</strong></span> <span class='ocrx_word' id='word_1_13' title='bbox 2024 477 2385 548; x_wconf 82' lang='lat' dir='ltr'><strong>Asplendore</strong></span> <span class='ocrx_word' id='word_1_14' title='bbox 2413 483 2583 549; x_wconf 88' lang='lat' dir='ltr'><strong>atque</strong></span> <span class='ocrx_word' id='word_1_15' title='bbox 2635 476 2821 532; x_wconf 88' lang='lat' dir='ltr'><strong>odoris</strong></span> <span class='ocrx_word' id='word_1_16' title='bbox 2868 477 3144 532; x_wconf 80' lang='lat' dir='ltr'><strong>suavitate</strong></span> <span class='ocrx_word' id='word_1_17' title='bbox 3174 494 3297 548; x_wconf 66' lang='lat' dir='ltr'><strong>quae</strong></span> <span class='ocrx_word' id='word_1_18' title='bbox 3334 478 3393 532; x_wconf 92' lang='lat' dir='ltr'><strong>in</strong></span> <span class='ocrx_word' id='word_1_19' title='bbox 3421 479 3562 550; x_wconf 84' lang='lat' dir='ltr'><strong>ipsis</strong></span> <span class='ocrx_word' id='word_1_20' title='bbox 3591 496 3686 534; x_wconf 89' lang='lat' dir='ltr'><strong>re-</strong></span> 
     </span>
    </p>
   </div>
   <div class='ocr_carea' id='block_1_5' title="bbox 411 563 2000 640">
    <p class='ocr_par' dir='ltr' id='par_1_5' title="bbox 411 563 2000 640">
     <span class='ocr_line' id='line_1_5' title="bbox 411 563 2000 640; baseline -0.004 -16"><span class='ocrx_word' id='word_1_21' title='bbox 411 585 536 624; x_wconf 89' lang='lat' dir='ltr'><strong>sum</strong></span> <span class='ocrx_word' id='word_1_22' title='bbox 567 568 671 640; x_wconf 88' lang='lat' dir='ltr'>ipsi</span> <span class='ocrx_word' id='word_1_23' title='bbox 703 583 799 621; x_wconf 89' lang='lat' dir='ltr'><strong>rex</strong></span> <span class='ocrx_word' id='word_1_24' title='bbox 842 565 1014 631; x_wconf 90' lang='lat' dir='ltr'><strong>dedit,</strong></span> <span class='ocrx_word' id='word_1_25' title='bbox 1065 564 1213 636; x_wconf 88' lang='lat' dir='ltr'><strong>quod</strong></span> <span class='ocrx_word' id='word_1_26' title='bbox 1241 581 1277 618; x_wconf 90' lang='lat' dir='ltr'><strong>a</strong></span> <span class='ocrx_word' id='word_1_27' title='bbox 1315 563 1489 616; x_wconf 88' lang='lat' dir='ltr'><strong>fratre</strong></span> <span class='ocrx_word' id='word_1_28' title='bbox 1519 563 1751 617; x_wconf 89' lang='lat' dir='ltr'><strong>minime</strong></span> <span class='ocrx_word' id='word_1_29' title='bbox 1779 563 2000 618; x_wconf 88' lang='lat' dir='ltr'><strong>intelle-</strong></span> 
     </span>
    </p>
   </div>
   <div class='ocr_carea' id='block_1_6' title="bbox 411 663 697 714">
    <p class='ocr_par' dir='ltr' id='par_1_6' title="bbox 411 663 697 714">
     <span class='ocr_line' id='line_1_6' title="bbox 411 663 697 714; baseline -0.014 0"><span class='ocrx_word' id='word_1_30' title='bbox 411 664 563 714; x_wconf 91' lang='lat' dir='ltr'><strong>ctum</strong></span> <span class='ocrx_word' id='word_1_31' title='bbox 594 663 697 712; x_wconf 90' lang='lat' dir='ltr'><strong>est.</strong></span> 
     </span>
    </p>
   </div>
   <div class='ocr_carea' id='block_1_7' title="bbox 479 742 2002 815">
    <p class='ocr_par' dir='ltr' id='par_1_7' title="bbox 479 742 2002 815">
     <span class='ocr_line' id='line_1_7' title="bbox 479 742 2002 815; baseline -0.005 -13"><span class='ocrx_word' id='word_1_32' title='bbox 479 749 598 802; x_wconf 91' lang='lat' dir='ltr'><strong>Mos</strong></span> <span class='ocrx_word' id='word_1_33' title='bbox 619 746 768 801; x_wconf 90' lang='lat' dir='ltr'><strong>enim</strong></span> <span class='ocrx_word' id='word_1_34' title='bbox 799 745 918 815; x_wconf 90' lang='lat' dir='ltr'><strong>regi</strong></span> <span class='ocrx_word' id='word_1_35' title='bbox 947 749 1070 800; x_wconf 88' lang='lat' dir='ltr'><strong>erat</strong></span> <span class='ocrx_word' id='word_1_36' title='bbox 1097 749 1161 798; x_wconf 92' lang='lat' dir='ltr'><strong>ut</strong></span> <span class='ocrx_word' id='word_1_37' title='bbox 1179 760 1307 798; x_wconf 91' lang='lat' dir='ltr'><strong>cum</strong></span> <span class='ocrx_word' id='word_1_38' title='bbox 1329 742 1574 814; x_wconf 84' lang='lat' dir='ltr'><strong>aliquem</strong></span> <span class='ocrx_word' id='word_1_39' title='bbox 1601 747 1781 796; x_wconf 91' lang='lat' dir='ltr'><strong>morte</strong></span> <span class='ocrx_word' id='word_1_40' title='bbox 1801 743 2002 796; x_wconf 88' lang='lat' dir='ltr'><strong>multa-</strong></span> 
     </span>
    </p>
   </div>
   <div class='ocr_carea' id='block_1_8' title="bbox 408 831 1999 909">
    <p class='ocr_par' dir='ltr' id='par_1_8' title="bbox 408 831 1999 909">
     <span class='ocr_line' id='line_1_8' title="bbox 408 831 1999 909; baseline -0.005 -18"><span class='ocrx_word' id='word_1_41' title='bbox 408 841 512 902; x_wconf 89' lang='lat' dir='ltr'><strong>ret,</strong></span> <span class='ocrx_word' id='word_1_42' title='bbox 537 851 848 909; x_wconf 70' lang='lat' dir='ltr'><strong>praeconem</strong></span> <span class='ocrx_word' id='word_1_43' title='bbox 865 851 992 899; x_wconf 86' lang='lat' dir='ltr'><strong>cum</strong></span> <span class='ocrx_word' id='word_1_44' title='bbox 1009 833 1164 898; x_wconf 88' lang='lat' dir='ltr'><strong>tuba,</strong></span> <span class='ocrx_word' id='word_1_45' title='bbox 1191 849 1312 903; x_wconf 67' lang='lat' dir='ltr'><strong>quae</strong></span> <span class='ocrx_word' id='word_1_46' title='bbox 1337 831 1563 902; x_wconf 87' lang='lat' dir='ltr'><strong>quidem</strong></span> <span class='ocrx_word' id='word_1_47' title='bbox 1579 831 1774 884; x_wconf 90' lang='lat' dir='ltr'><strong>mortis</strong></span> <span class='ocrx_word' id='word_1_48' title='bbox 1795 831 1999 884; x_wconf 91' lang='lat' dir='ltr'><strong>idcirco</strong></span> 
     </span>
    </p>
   </div>
   <div class='ocr_carea' id='block_1_9' title="bbox 406 918 1999 994">
    <p class='ocr_par' dir='ltr' id='par_1_9' title="bbox 406 918 1999 994">
     <span class='ocr_line' id='line_1_9' title="bbox 406 918 1999 994; baseline -0.004 -15"><span class='ocrx_word' id='word_1_49' title='bbox 406 924 714 990; x_wconf 83' lang='lat' dir='ltr'><strong>dicebatur,</strong></span> <span class='ocrx_word' id='word_1_50' title='bbox 743 923 815 977; x_wconf 91' lang='lat' dir='ltr'><strong>ad</strong></span> <span class='ocrx_word' id='word_1_51' title='bbox 857 923 1034 994; x_wconf 85' lang='lat' dir='ltr'><strong>ipsius</strong></span> <span class='ocrx_word' id='word_1_52' title='bbox 1061 923 1207 976; x_wconf 91' lang='lat' dir='ltr'><strong>fores</strong></span> <span class='ocrx_word' id='word_1_53' title='bbox 1231 921 1498 985; x_wconf 87' lang='lat' dir='ltr'><strong>mitteret,</strong></span> <span class='ocrx_word' id='word_1_54' title='bbox 1538 924 1706 990; x_wconf 90' lang='lat' dir='ltr'><strong>atque</strong></span> <span class='ocrx_word' id='word_1_55' title='bbox 1736 936 1802 973; x_wconf 92' lang='lat' dir='ltr'><strong>ex</strong></span> <span class='ocrx_word' id='word_1_56' title='bbox 1849 918 1999 972; x_wconf 70' lang='lat' dir='ltr'><strong>tubae</strong></span> 
     </span>
    </p>
   </div>
   <div class='ocr_carea' id='block_1_10' title="bbox 407 1007 1997 1083">
    <p class='ocr_par' dir='ltr' id='par_1_10' title="bbox 407 1007 1997 1083">
     <span class='ocr_line' id='line_1_10' title="bbox 407 1007 1997 1083; baseline -0.005 -15"><span class='ocrx_word' id='word_1_57' title='bbox 407 1013 558 1068; x_wconf 92' lang='lat' dir='ltr'><strong>illius</strong></span> <span class='ocrx_word' id='word_1_58' title='bbox 577 1014 839 1083; x_wconf 80' lang='lat' dir='ltr'><strong>clangore</strong></span> <span class='ocrx_word' id='word_1_59' title='bbox 871 1028 1066 1066; x_wconf 90' lang='lat' dir='ltr'><strong>omnes</strong></span> <span class='ocrx_word' id='word_1_60' title='bbox 1095 1010 1147 1064; x_wconf 91' lang='lat' dir='ltr'><strong>ei</strong></span> <span class='ocrx_word' id='word_1_61' title='bbox 1185 1009 1539 1063; x_wconf 88' lang='lat' dir='ltr'><strong>moriendum</strong></span> <span class='ocrx_word' id='word_1_62' title='bbox 1569 1025 1690 1062; x_wconf 92' lang='lat' dir='ltr'><strong>esse</strong></span> <span class='ocrx_word' id='word_1_63' title='bbox 1719 1007 1997 1077; x_wconf 90' lang='lat' dir='ltr'><strong>intellige-</strong></span> 
     </span>
    </p>
   </div>
   <div class='ocr_carea' id='block_1_11' title="bbox 406 1095 1998 1175">
    <p class='ocr_par' dir='ltr' id='par_1_11' title="bbox 406 1095 1998 1175">
     <span class='ocr_line' id='line_1_11' title="bbox 406 1095 1998 1175; baseline -0.004 -19"><span class='ocrx_word' id='word_1_64' title='bbox 406 1101 560 1156; x_wconf 90' lang='lat' dir='ltr'><strong>bant.</strong></span> <span class='ocrx_word' id='word_1_65' title='bbox 585 1103 779 1173; x_wconf 81' lang='lat' dir='ltr'><strong>Itaque</strong></span> <span class='ocrx_word' id='word_1_66' title='bbox 801 1117 927 1154; x_wconf 90' lang='lat' dir='ltr'><strong>cum</strong></span> <span class='ocrx_word' id='word_1_67' title='bbox 949 1100 1386 1170; x_wconf 85' lang='lat' dir='ltr'><strong>advesperasset,</strong></span> <span class='ocrx_word' id='word_1_68' title='bbox 1411 1097 1675 1175; x_wconf 86' lang='lat' dir='ltr'><strong>lethalcm</strong></span> <span class='ocrx_word' id='word_1_69' title='bbox 1703 1097 1896 1151; x_wconf 89' lang='lat' dir='ltr'><strong>tubam</strong></span> <span class='ocrx_word' id='word_1_70' title='bbox 1927 1095 1998 1148; x_wconf 87' lang='lat' dir='ltr'><strong>ad</strong></span> 
     </span>
    </p>
   </div>
   <div class='ocr_carea' id='block_1_12' title="bbox 405 1185 2000 1258">
    <p class='ocr_par' dir='ltr' id='par_1_12' title="bbox 405 1185 2000 1258">
     <span class='ocr_line' id='line_1_12' title="bbox 405 1185 2000 1258; baseline -0.004 -13"><span class='ocrx_word' id='word_1_71' title='bbox 405 1190 598 1244; x_wconf 80' lang='lat' dir='ltr'><strong>fratris</strong></span> <span class='ocrx_word' id='word_1_72' title='bbox 636 1189 723 1244; x_wconf 92' lang='lat' dir='ltr'><strong>sui</strong></span> <span class='ocrx_word' id='word_1_73' title='bbox 753 1189 900 1243; x_wconf 88' lang='lat' dir='ltr'><strong>fores</strong></span> <span class='ocrx_word' id='word_1_74' title='bbox 931 1189 1248 1258; x_wconf 82' lang='lat' dir='ltr'><strong>clangorem</strong></span> <span class='ocrx_word' id='word_1_75' title='bbox 1277 1186 1554 1240; x_wconf 85' lang='lat' dir='ltr'><strong>edituram</strong></span> <span class='ocrx_word' id='word_1_76' title='bbox 1599 1202 1695 1238; x_wconf 94' lang='lat' dir='ltr'><strong>rex</strong></span> <span class='ocrx_word' id='word_1_77' title='bbox 1725 1185 1892 1238; x_wconf 90' lang='lat' dir='ltr'><strong>misit.</strong></span> <span class='ocrx_word' id='word_1_78' title='bbox 1924 1185 2000 1239; x_wconf 90' lang='lat' dir='ltr'><strong>Ut</strong></span> 
     </span>
    </p>
   </div>
   <div class='ocr_carea' id='block_1_13' title="bbox 406 1273 2000 1348">
    <p class='ocr_par' dir='ltr' id='par_1_13' title="bbox 406 1273 2000 1348">
     <span class='ocr_line' id='line_1_13' title="bbox 406 1273 2000 1348; baseline -0.004 -16"><span class='ocrx_word' id='word_1_79' title='bbox 406 1278 582 1348; x_wconf 81' lang='lat' dir='ltr'><strong>igitur</strong></span> <span class='ocrx_word' id='word_1_80' title='bbox 609 1277 702 1332; x_wconf 92' lang='lat' dir='ltr'><strong>ille</strong></span> <span class='ocrx_word' id='word_1_81' title='bbox 729 1277 875 1331; x_wconf 88' lang='lat' dir='ltr'><strong>hanc</strong></span> <span class='ocrx_word' id='word_1_82' title='bbox 904 1275 1098 1330; x_wconf 89' lang='lat' dir='ltr'><strong>tubam</strong></span> <span class='ocrx_word' id='word_1_83' title='bbox 1127 1275 1358 1341; x_wconf 87' lang='lat' dir='ltr'><strong>audivit,</strong></span> <span class='ocrx_word' id='word_1_84' title='bbox 1387 1273 1682 1345; x_wconf 84' lang='lat' dir='ltr'><strong>desperata</strong></span> <span class='ocrx_word' id='word_1_85' title='bbox 1701 1273 1879 1327; x_wconf 81' lang='lat' dir='ltr'><strong>salute</strong></span> <span class='ocrx_word' id='word_1_86' title='bbox 1899 1289 2000 1343; x_wconf 90' lang='lat' dir='ltr'><strong>per</strong></span> 
     </span>
    </p>
   </div>
   <div class='ocr_carea' id='block_1_14' title="bbox 405 1361 1998 1432">
    <p class='ocr_par' dir='ltr' id='par_1_14' title="bbox 405 1361 1998 1432">
     <span class='ocr_line' id='line_1_14' title="bbox 405 1361 1998 1432; baseline -0.004 -10"><span class='ocrx_word' id='word_1_87' title='bbox 405 1371 774 1432; x_wconf 59' lang='grc' dir='ltr'><strong>ιοιειωωειι</strong></span> <span class='ocrx_word' id='word_1_88' title='bbox 788 1370 1009 1419; x_wconf 92' lang='lat' dir='ltr'><strong>noctem</strong></span> <span class='ocrx_word' id='word_1_89' title='bbox 1023 1363 1341 1418; x_wconf 89' lang='lat' dir='ltr'><strong>domesticis</strong></span> <span class='ocrx_word' id='word_1_90' title='bbox 1353 1362 1519 1417; x_wconf 89' lang='lat' dir='ltr'><strong>rebus</strong></span> <span class='ocrx_word' id='word_1_91' title='bbox 1531 1361 1998 1416; x_wconf 84' lang='lat' dir='ltr'><strong>consuluit.Mane</strong></span> 
     </span>
    </p>
   </div>
   <div class='ocr_carea' id='block_1_15' title="bbox 408 1452 2000 1524">
    <p class='ocr_par' dir='ltr' id='par_1_15' title="bbox 408 1452 2000 1524">
     <span class='ocr_line' id='line_1_15' title="bbox 408 1452 2000 1524; baseline -0.004 -14"><span class='ocrx_word' id='word_1_92' title='bbox 408 1460 599 1510; x_wconf 89' lang='lat' dir='ltr'><strong>autem</strong></span> <span class='ocrx_word' id='word_1_93' title='bbox 629 1460 753 1510; x_wconf 89' lang='lat' dir='ltr'><strong>atra</strong></span> <span class='ocrx_word' id='word_1_94' title='bbox 781 1472 845 1508; x_wconf 90' lang='lat' dir='ltr'><strong>ac</strong></span> <span class='ocrx_word' id='word_1_95' title='bbox 873 1452 1098 1524; x_wconf 86' lang='lat' dir='ltr'><strong>lugubri</strong></span> <span class='ocrx_word' id='word_1_96' title='bbox 1126 1457 1278 1506; x_wconf 80' lang='lat' dir='ltr'><strong>veste</strong></span> <span class='ocrx_word' id='word_1_97' title='bbox 1307 1452 1556 1518; x_wconf 90' lang='lat' dir='ltr'><strong>indutus,</strong></span> <span class='ocrx_word' id='word_1_98' title='bbox 1579 1468 1706 1506; x_wconf 92' lang='lat' dir='ltr'><strong>cum</strong></span> <span class='ocrx_word' id='word_1_99' title='bbox 1736 1467 1906 1505; x_wconf 90' lang='lat' dir='ltr'><strong>uxore</strong></span> <span class='ocrx_word' id='word_1_100' title='bbox 1931 1467 2000 1504; x_wconf 88' lang='lat' dir='ltr'><strong>ac</strong></span> 
     </span>
    </p>
   </div>
   <div class='ocr_carea' id='block_1_16' title="bbox 405 1539 1998 1615">
    <p class='ocr_par' dir='ltr' id='par_1_16' title="bbox 405 1539 1998 1615">
     <span class='ocr_line' id='line_1_16' title="bbox 405 1539 1998 1615; baseline -0.003 -16"><span class='ocrx_word' id='word_1_101' title='bbox 405 1543 598 1599; x_wconf 90' lang='lat' dir='ltr'><strong>liberis</strong></span> <span class='ocrx_word' id='word_1_102' title='bbox 617 1543 686 1598; x_wconf 89' lang='lat' dir='ltr'><strong>ad</strong></span> <span class='ocrx_word' id='word_1_103' title='bbox 709 1543 904 1615; x_wconf 87' lang='lat' dir='ltr'><strong>palatii</strong></span> <span class='ocrx_word' id='word_1_104' title='bbox 928 1543 1074 1596; x_wconf 88' lang='lat' dir='ltr'><strong>fores</strong></span> <span class='ocrx_word' id='word_1_105' title='bbox 1116 1543 1256 1595; x_wconf 89' lang='lat' dir='ltr'><strong>ﬂens</strong></span> <span class='ocrx_word' id='word_1_106' title='bbox 1280 1557 1344 1595; x_wconf 92' lang='lat' dir='ltr'><strong>ac</strong></span> <span class='ocrx_word' id='word_1_107' title='bbox 1375 1541 1691 1594; x_wconf 82' lang='lat' dir='ltr'><strong>lamentans</strong></span> <span class='ocrx_word' id='word_1_108' title='bbox 1720 1539 1998 1611; x_wconf 88' lang='lat' dir='ltr'><strong>profectus</strong></span> 
     </span>
    </p>
   </div>
   <div class='ocr_carea' id='block_1_17' title="bbox 406 1629 1998 1701">
    <p class='ocr_par' dir='ltr' id='par_1_17' title="bbox 406 1629 1998 1701">
     <span class='ocr_line' id='line_1_17' title="bbox 406 1629 1998 1701; baseline -0.004 -13"><span class='ocrx_word' id='word_1_109' title='bbox 406 1639 510 1688; x_wconf 88' lang='lat' dir='ltr'><strong>est.</strong></span> <span class='ocrx_word' id='word_1_110' title='bbox 539 1634 680 1688; x_wconf 88' lang='lat' dir='ltr'><strong>Cum</strong></span> <span class='ocrx_word' id='word_1_111' title='bbox 727 1638 914 1686; x_wconf 89' lang='lat' dir='ltr'><strong>autem</strong></span> <span class='ocrx_word' id='word_1_112' title='bbox 941 1648 1037 1684; x_wconf 86' lang='lat' dir='ltr'><strong>rex</strong></span> <span class='ocrx_word' id='word_1_113' title='bbox 1065 1629 1249 1701; x_wconf 89' lang='lat' dir='ltr'><strong>ipsum</strong></span> <span class='ocrx_word' id='word_1_114' title='bbox 1275 1630 1345 1684; x_wconf 90' lang='lat' dir='ltr'><strong>ad</strong></span> <span class='ocrx_word' id='word_1_115' title='bbox 1371 1647 1430 1683; x_wconf 92' lang='lat' dir='ltr'><strong>se</strong></span> <span class='ocrx_word' id='word_1_116' title='bbox 1459 1629 1797 1692; x_wconf 86' lang='lat' dir='ltr'><strong>admisisset,</strong></span> <span class='ocrx_word' id='word_1_117' title='bbox 1830 1633 1998 1698; x_wconf 90' lang='lat' dir='ltr'><strong>atque</strong></span> 
     </span>
    </p>
   </div>
   <div class='ocr_carea' id='block_1_18' title="bbox 406 1717 1996 1793">
    <p class='ocr_par' dir='ltr' id='par_1_18' title="bbox 406 1717 1996 1793">
     <span class='ocr_line' id='line_1_18' title="bbox 406 1717 1996 1793; baseline -0.004 -16"><span class='ocrx_word' id='word_1_118' title='bbox 406 1723 488 1777; x_wconf 89' lang='lat' dir='ltr'><strong>ita</strong></span> <span class='ocrx_word' id='word_1_119' title='bbox 505 1722 812 1793; x_wconf 88' lang='lat' dir='ltr'><strong>ejulantem</strong></span> <span class='ocrx_word' id='word_1_120' title='bbox 834 1721 1080 1780; x_wconf 83' lang='lat' dir='ltr'><strong>vidisset,</strong></span> <span class='ocrx_word' id='word_1_121' title='bbox 1114 1719 1201 1772; x_wconf 88' lang='lat' dir='ltr'><strong>his</strong></span> <span class='ocrx_word' id='word_1_122' title='bbox 1228 1718 1410 1772; x_wconf 83' lang='lat' dir='ltr'><strong>verbis</strong></span> <span class='ocrx_word' id='word_1_123' title='bbox 1431 1735 1567 1772; x_wconf 90' lang='lat' dir='ltr'><strong>usus</strong></span> <span class='ocrx_word' id='word_1_124' title='bbox 1597 1723 1714 1771; x_wconf 90' lang='lat' dir='ltr'><strong>est:</strong></span> <span class='ocrx_word' id='word_1_125' title='bbox 1748 1718 1794 1771; x_wconf 93' lang='grc' dir='ltr'><strong>Ο</strong></span> <span class='ocrx_word' id='word_1_126' title='bbox 1825 1717 1996 1770; x_wconf 91' lang='lat' dir='ltr'><strong>stulte</strong></span> 
     </span>
    </p>
   </div>
   <div class='ocr_carea' id='block_1_19' title="bbox 2083 566 3684 637">
    <p class='ocr_par' dir='ltr' id='par_1_19' title="bbox 2083 566 3684 637">
     <span class='ocr_line' id='line_1_19' title="bbox 2083 566 3684 637; baseline 0.002 -18"><span class='ocrx_word' id='word_1_127' title='bbox 2083 567 2309 620; x_wconf 90' lang='lat' dir='ltr'><strong>condita</strong></span> <span class='ocrx_word' id='word_1_128' title='bbox 2340 573 2467 621; x_wconf 90' lang='lat' dir='ltr'><strong>erat</strong></span> <span class='ocrx_word' id='word_1_129' title='bbox 2491 566 2806 621; x_wconf 78' lang='lat' dir='ltr'><strong>oblectavit.</strong></span> <span class='ocrx_word' id='word_1_130' title='bbox 2830 567 3094 637; x_wconf 84' lang='lat' dir='ltr'><strong>Dixitque</strong></span> <span class='ocrx_word' id='word_1_131' title='bbox 3119 567 3228 620; x_wconf 90' lang='lat' dir='ltr'><strong>eis:</strong></span> <span class='ocrx_word' id='word_1_132' title='bbox 3263 567 3427 622; x_wconf 89' lang='lat' dir='ltr'><strong>Scitis</strong></span> <span class='ocrx_word' id='word_1_133' title='bbox 3453 569 3684 622; x_wconf 89' lang='lat' dir='ltr'><strong>cuinam</strong></span> 
     </span>
    </p>
   </div>
   <div class='ocr_carea' id='block_1_20' title="bbox 2083 653 3684 728">
    <p class='ocr_par' dir='ltr' id='par_1_20' title="bbox 2083 653 3684 728">
     <span class='ocr_line' id='line_1_20' title="bbox 2083 653 3684 728; baseline 0.003 -21"><span class='ocrx_word' id='word_1_134' title='bbox 2083 653 2164 708; x_wconf 90' lang='lat' dir='ltr'><strong>rei</strong></span> <span class='ocrx_word' id='word_1_135' title='bbox 2194 655 2278 710; x_wconf 76' lang='lat' dir='ltr'><strong>ha:</strong></span> <span class='ocrx_word' id='word_1_136' title='bbox 2305 672 2447 710; x_wconf 85' lang='lat' dir='ltr'><strong>arcae</strong></span> <span class='ocrx_word' id='word_1_137' title='bbox 2472 655 2684 709; x_wconf 88' lang='lat' dir='ltr'><strong>similes</strong></span> <span class='ocrx_word' id='word_1_138' title='bbox 2712 654 2853 709; x_wconf 83' lang='lat' dir='ltr'><strong>sint?</strong></span> <span class='ocrx_word' id='word_1_139' title='bbox 2883 655 3190 710; x_wconf 87' lang='lat' dir='ltr'><strong>humilibus</strong></span> <span class='ocrx_word' id='word_1_140' title='bbox 3219 655 3488 710; x_wconf 87' lang='lat' dir='ltr'><strong>nimirum</strong></span> <span class='ocrx_word' id='word_1_141' title='bbox 3507 662 3684 728; x_wconf 90' lang='lat' dir='ltr'><strong>atque</strong></span> 
     </span>
    </p>
   </div>
   <div class='ocr_carea' id='block_1_21' title="bbox 2083 743 3676 816">
    <p class='ocr_par' dir='ltr' id='par_1_21' title="bbox 2083 743 3676 816">
     <span class='ocr_line' id='line_1_21' title="bbox 2083 743 3676 816; baseline 0.003 -21"><span class='ocrx_word' id='word_1_142' title='bbox 2083 743 2315 814; x_wconf 89' lang='lat' dir='ltr'><strong>abjectis</strong></span> <span class='ocrx_word' id='word_1_143' title='bbox 2343 744 2454 798; x_wconf 90' lang='lat' dir='ltr'><strong>illis</strong></span> <span class='ocrx_word' id='word_1_144' title='bbox 2477 744 2624 810; x_wconf 89' lang='lat' dir='ltr'><strong>viris,</strong></span> <span class='ocrx_word' id='word_1_145' title='bbox 2650 743 2961 815; x_wconf 89' lang='lat' dir='ltr'><strong>vilibusque</strong></span> <span class='ocrx_word' id='word_1_146' title='bbox 2985 743 3227 799; x_wconf 88' lang='lat' dir='ltr'><strong>vestibus</strong></span> <span class='ocrx_word' id='word_1_147' title='bbox 3253 744 3485 810; x_wconf 89' lang='lat' dir='ltr'><strong>indutis,</strong></span> <span class='ocrx_word' id='word_1_148' title='bbox 3526 763 3676 816; x_wconf 89' lang='lat' dir='ltr'><strong>quo-</strong></span> 
     </span>
    </p>
   </div>
   <div class='ocr_carea' id='block_1_22' title="bbox 2083 819 3670 898">
    <p class='ocr_par' dir='ltr' id='par_1_22' title="bbox 2083 819 3670 898">
     <span class='ocr_line' id='line_1_22' title="bbox 2083 819 3670 898; baseline 0.004 -14"><span class='ocrx_word' id='word_1_149' title='bbox 2083 847 2209 885; x_wconf 92' lang='lat' dir='ltr'><strong>rum</strong></span> <span class='ocrx_word' id='word_1_150' title='bbox 2241 849 2336 886; x_wconf 92' lang='lat' dir='ltr'><strong>vos</strong></span> <span class='ocrx_word' id='word_1_151' title='bbox 2361 839 2651 888; x_wconf 87' lang='lat' dir='ltr'><strong>externum</strong></span> <span class='ocrx_word' id='word_1_152' title='bbox 2693 819 2949 887; x_wconf 80' lang='lat' dir='ltr'><strong>habitum</strong></span> <span class='ocrx_word' id='word_1_153' title='bbox 2979 833 3281 898; x_wconf 90' lang='lat' dir='ltr'><strong>intuentes,</strong></span> <span class='ocrx_word' id='word_1_154' title='bbox 3313 835 3670 890; x_wconf 64' lang='lat' dir='ltr'><strong>contumelia:</strong></span> 
     </span>
    </p>
   </div>
   <div class='ocr_carea' id='block_1_23' title="bbox 2083 921 3677 992">
    <p class='ocr_par' dir='ltr' id='par_1_23' title="bbox 2083 921 3677 992">
     <span class='ocr_line' id='line_1_23' title="bbox 2083 921 3677 992; baseline 0.003 -20"><span class='ocrx_word' id='word_1_155' title='bbox 2083 936 2146 972; x_wconf 92' lang='lat' dir='ltr'><strong>ac</strong></span> <span class='ocrx_word' id='word_1_156' title='bbox 2159 921 2362 990; x_wconf 88' lang='lat' dir='ltr'><strong>probro</strong></span> <span class='ocrx_word' id='word_1_157' title='bbox 2393 921 2530 975; x_wconf 91' lang='lat' dir='ltr'><strong>mihi</strong></span> <span class='ocrx_word' id='word_1_158' title='bbox 2555 921 2810 986; x_wconf 85' lang='lat' dir='ltr'><strong>duxistis,</strong></span> <span class='ocrx_word' id='word_1_159' title='bbox 2832 922 2977 992; x_wconf 91' lang='lat' dir='ltr'><strong>quod</strong></span> <span class='ocrx_word' id='word_1_160' title='bbox 3003 929 3132 976; x_wconf 89' lang='lat' dir='ltr'><strong>ante</strong></span> <span class='ocrx_word' id='word_1_161' title='bbox 3156 939 3250 976; x_wconf 91' lang='lat' dir='ltr'><strong>eos</strong></span> <span class='ocrx_word' id='word_1_162' title='bbox 3267 923 3322 977; x_wconf 90' lang='lat' dir='ltr'><strong>in</strong></span> <span class='ocrx_word' id='word_1_163' title='bbox 3345 929 3557 977; x_wconf 87' lang='lat' dir='ltr'><strong>terram</strong></span> <span class='ocrx_word' id='word_1_164' title='bbox 3583 939 3677 977; x_wconf 89' lang='lat' dir='ltr'><strong>me</strong></span> 
     </span>
    </p>
   </div>
   <div class='ocr_carea' id='block_1_24' title="bbox 2083 1009 3683 1083">
    <p class='ocr_par' dir='ltr' id='par_1_24' title="bbox 2083 1009 3683 1083">
     <span class='ocr_line' id='line_1_24' title="bbox 2083 1009 3683 1083; baseline 0.001 -19"><span class='ocrx_word' id='word_1_165' title='bbox 2083 1009 2434 1080; x_wconf 90' lang='lat' dir='ltr'><strong>abjecissem.</strong></span> <span class='ocrx_word' id='word_1_166' title='bbox 2484 1011 2598 1080; x_wconf 89' lang='lat' dir='ltr'><strong>Ego</strong></span> <span class='ocrx_word' id='word_1_167' title='bbox 2637 1017 2826 1065; x_wconf 88' lang='lat' dir='ltr'><strong>autem</strong></span> <span class='ocrx_word' id='word_1_168' title='bbox 2875 1027 3068 1064; x_wconf 83' lang='lat' dir='ltr'><strong>eorum</strong></span> <span class='ocrx_word' id='word_1_169' title='bbox 3115 1011 3468 1081; x_wconf 83' lang='lat' dir='ltr'><strong>dignitatem,</strong></span> <span class='ocrx_word' id='word_1_170' title='bbox 3510 1018 3683 1083; x_wconf 86' lang='lat' dir='ltr'><strong>atque</strong></span> 
     </span>
    </p>
   </div>
   <div class='ocr_carea' id='block_1_25' title="bbox 2082 1099 3683 1171">
    <p class='ocr_par' dir='ltr' id='par_1_25' title="bbox 2082 1099 3683 1171">
     <span class='ocr_line' id='line_1_25' title="bbox 2082 1099 3683 1171; baseline 0.002 -19"><span class='ocrx_word' id='word_1_171' title='bbox 2082 1099 2398 1153; x_wconf 90' lang='lat' dir='ltr'><strong>animorum</strong></span> <span class='ocrx_word' id='word_1_172' title='bbox 2418 1099 2890 1170; x_wconf 85' lang='lat' dir='ltr'><strong>pulchritudinem</strong></span> <span class='ocrx_word' id='word_1_173' title='bbox 2907 1100 3292 1171; x_wconf 86' lang='lat' dir='ltr'><strong>spiritualibus</strong></span> <span class='ocrx_word' id='word_1_174' title='bbox 3311 1101 3486 1155; x_wconf 90' lang='lat' dir='ltr'><strong>oculis</strong></span> <span class='ocrx_word' id='word_1_175' title='bbox 3503 1101 3683 1155; x_wconf 86' lang='lat' dir='ltr'><strong>consi-</strong></span> 
     </span>
    </p>
   </div>
   <div class='ocr_carea' id='block_1_26' title="bbox 2079 1188 3678 1259">
    <p class='ocr_par' dir='ltr' id='par_1_26' title="bbox 2079 1188 3678 1259">
     <span class='ocr_line' id='line_1_26' title="bbox 2079 1188 3678 1259; baseline -0.001 -17"><span class='ocrx_word' id='word_1_176' title='bbox 2079 1188 2301 1253; x_wconf 89' lang='lat' dir='ltr'><strong>derans,</strong></span> <span class='ocrx_word' id='word_1_177' title='bbox 2337 1205 2402 1242; x_wconf 91' lang='lat' dir='ltr'><strong>ex</strong></span> <span class='ocrx_word' id='word_1_178' title='bbox 2435 1189 2686 1259; x_wconf 90' lang='lat' dir='ltr'><strong>ipsorum</strong></span> <span class='ocrx_word' id='word_1_179' title='bbox 2714 1194 2971 1242; x_wconf 90' lang='lat' dir='ltr'><strong>contactu</strong></span> <span class='ocrx_word' id='word_1_180' title='bbox 2997 1188 3233 1258; x_wconf 85' lang='lat' dir='ltr'><strong>gloriam</strong></span> <span class='ocrx_word' id='word_1_181' title='bbox 3255 1190 3524 1253; x_wconf 82' lang='lat' dir='ltr'><strong>contraxi,</strong></span> <span class='ocrx_word' id='word_1_182' title='bbox 3558 1203 3678 1241; x_wconf 81' lang='lat' dir='ltr'><strong>eos-</strong></span> 
     </span>
    </p>
   </div>
   <div class='ocr_carea' id='block_1_27' title="bbox 2081 1277 3677 1348">
    <p class='ocr_par' dir='ltr' id='par_1_27' title="bbox 2081 1277 3677 1348">
     <span class='ocr_line' id='line_1_27' title="bbox 2081 1277 3677 1348; baseline -0.001 -17"><span class='ocrx_word' id='word_1_183' title='bbox 2081 1294 2190 1348; x_wconf 91' lang='lat' dir='ltr'><strong>que</strong></span> <span class='ocrx_word' id='word_1_184' title='bbox 2220 1277 2412 1348; x_wconf 88' lang='lat' dir='ltr'><strong>quavis</strong></span> <span class='ocrx_word' id='word_1_185' title='bbox 2427 1294 2632 1332; x_wconf 89' lang='lat' dir='ltr'><strong>corona</strong></span> <span class='ocrx_word' id='word_1_186' title='bbox 2655 1283 2712 1332; x_wconf 90' lang='lat' dir='ltr'><strong>et</strong></span> <span class='ocrx_word' id='word_1_187' title='bbox 2731 1277 2927 1347; x_wconf 88' lang='lat' dir='ltr'><strong>quavis</strong></span> <span class='ocrx_word' id='word_1_188' title='bbox 2948 1277 3104 1346; x_wconf 86' lang='lat' dir='ltr'><strong>regia</strong></span> <span class='ocrx_word' id='word_1_189' title='bbox 3129 1294 3382 1348; x_wconf 90' lang='lat' dir='ltr'><strong>purpura</strong></span> <span class='ocrx_word' id='word_1_190' title='bbox 3409 1281 3677 1348; x_wconf 65' lang='lat' dir='ltr'><strong>praestan-</strong></span> 
     </span>
    </p>
   </div>
   <div class='ocr_carea' id='block_1_28' title="bbox 2078 1365 3666 1436">
    <p class='ocr_par' dir='ltr' id='par_1_28' title="bbox 2078 1365 3666 1436">
     <span class='ocr_line' id='line_1_28' title="bbox 2078 1365 3666 1436; baseline -0.001 -17"><span class='ocrx_word' id='word_1_191' title='bbox 2078 1366 2250 1420; x_wconf 88' lang='lat' dir='ltr'><strong>tiores</strong></span> <span class='ocrx_word' id='word_1_192' title='bbox 2279 1366 2609 1420; x_wconf 81' lang='lat' dir='ltr'><strong>existimavi.</strong></span> <span class='ocrx_word' id='word_1_193' title='bbox 2640 1365 2725 1420; x_wconf 83' lang='lat' dir='ltr'><strong>Ad</strong></span> <span class='ocrx_word' id='word_1_194' title='bbox 2758 1367 2904 1420; x_wconf 90' lang='lat' dir='ltr'><strong>hunc</strong></span> <span class='ocrx_word' id='word_1_195' title='bbox 2932 1366 3106 1436; x_wconf 82' lang='lat' dir='ltr'><strong>igitur</strong></span> <span class='ocrx_word' id='word_1_196' title='bbox 3137 1366 3370 1420; x_wconf 88' lang='lat' dir='ltr'><strong>modum</strong></span> <span class='ocrx_word' id='word_1_197' title='bbox 3393 1365 3666 1436; x_wconf 89' lang='lat' dir='ltr'><strong>pudorem</strong></span> 
     </span>
    </p>
   </div>
   <div class='ocr_carea' id='block_1_29' title="bbox 2081 1454 3672 1526">
    <p class='ocr_par' dir='ltr' id='par_1_29' title="bbox 2081 1454 3672 1526">
     <span class='ocr_line' id='line_1_29' title="bbox 2081 1454 3672 1526; baseline 0 -18"><span class='ocrx_word' id='word_1_198' title='bbox 2081 1455 2218 1526; x_wconf 86' lang='lat' dir='ltr'><strong>ipsis</strong></span> <span class='ocrx_word' id='word_1_199' title='bbox 2241 1454 2492 1520; x_wconf 88' lang='lat' dir='ltr'><strong>incussit,</strong></span> <span class='ocrx_word' id='word_1_200' title='bbox 2518 1472 2723 1526; x_wconf 88' lang='lat' dir='ltr'><strong>eosque</strong></span> <span class='ocrx_word' id='word_1_201' title='bbox 2752 1455 2810 1508; x_wconf 93' lang='lat' dir='ltr'><strong>in</strong></span> <span class='ocrx_word' id='word_1_202' title='bbox 2841 1454 2931 1509; x_wconf 90' lang='lat' dir='ltr'><strong>his</strong></span> <span class='ocrx_word' id='word_1_203' title='bbox 2961 1455 3128 1508; x_wconf 89' lang='lat' dir='ltr'><strong>rebus</strong></span> <span class='ocrx_word' id='word_1_204' title='bbox 3156 1472 3279 1525; x_wconf 71' lang='lat' dir='ltr'><strong>qua:</strong></span> <span class='ocrx_word' id='word_1_205' title='bbox 3308 1455 3365 1508; x_wconf 91' lang='lat' dir='ltr'><strong>in</strong></span> <span class='ocrx_word' id='word_1_206' title='bbox 3382 1460 3672 1525; x_wconf 86' lang='lat' dir='ltr'><strong>aspectum</strong></span> 
     </span>
    </p>
   </div>
   <div class='ocr_carea' id='block_1_30' title="bbox 2081 1542 3671 1610">
    <p class='ocr_par' dir='ltr' id='par_1_30' title="bbox 2081 1542 3671 1610">
     <span class='ocr_line' id='line_1_30' title="bbox 2081 1542 3671 1610; baseline 0 -12"><span class='ocrx_word' id='word_1_207' title='bbox 2081 1544 2290 1598; x_wconf 88' lang='lat' dir='ltr'><strong>cadunt</strong></span> <span class='ocrx_word' id='word_1_208' title='bbox 2322 1544 2554 1598; x_wconf 90' lang='lat' dir='ltr'><strong>minime</strong></span> <span class='ocrx_word' id='word_1_209' title='bbox 2583 1543 2844 1598; x_wconf 89' lang='lat' dir='ltr'><strong>oberrare</strong></span> <span class='ocrx_word' id='word_1_210' title='bbox 2872 1544 3295 1610; x_wconf 71' lang='lat' dir='ltr'><strong>docuit,Verum</strong></span> <span class='ocrx_word' id='word_1_211' title='bbox 3325 1542 3394 1597; x_wconf 92' lang='lat' dir='ltr'><strong>iis</strong></span> <span class='ocrx_word' id='word_1_212' title='bbox 3420 1543 3671 1598; x_wconf 89' lang='lat' dir='ltr'><strong>animum</strong></span> 
     </span>
    </p>
   </div>
   <div class='ocr_carea' id='block_1_31' title="bbox 2081 1631 3674 1704">
    <p class='ocr_par' dir='ltr' id='par_1_31' title="bbox 2081 1631 3674 1704">
     <span class='ocr_line' id='line_1_31' title="bbox 2081 1631 3674 1704; baseline 0 -18"><span class='ocrx_word' id='word_1_213' title='bbox 2081 1633 2173 1703; x_wconf 88' lang='lat' dir='ltr'><strong>adj</strong></span> <span class='ocrx_word' id='word_1_214' title='bbox 2183 1649 2392 1703; x_wconf 87' lang='lat' dir='ltr'><strong>ungere</strong></span> <span class='ocrx_word' id='word_1_215' title='bbox 2415 1649 2536 1704; x_wconf 62' lang='lat' dir='ltr'><strong>quae</strong></span> <span class='ocrx_word' id='word_1_216' title='bbox 2561 1633 2848 1687; x_wconf 91' lang='lat' dir='ltr'><strong>intellectu</strong></span> <span class='ocrx_word' id='word_1_217' title='bbox 2869 1632 3274 1704; x_wconf 90' lang='lat' dir='ltr'><strong>percipiuntur.</strong></span> <span class='ocrx_word' id='word_1_218' title='bbox 3293 1633 3488 1703; x_wconf 77' lang='lat' dir='ltr'><strong>Itaque</strong></span> <span class='ocrx_word' id='word_1_219' title='bbox 3503 1631 3575 1686; x_wconf 91' lang='lat' dir='ltr'><strong>ad</strong></span> <span class='ocrx_word' id='word_1_220' title='bbox 3595 1631 3674 1703; x_wconf 87' lang='lat' dir='ltr'><strong>pii</strong></span> 
     </span>
    </p>
   </div>
   <div class='ocr_carea' id='block_1_32' title="bbox 2081 1720 3678 1792">
    <p class='ocr_par' dir='ltr' id='par_1_32' title="bbox 2081 1720 3678 1792">
     <span class='ocr_line' id='line_1_32' title="bbox 2081 1720 3678 1792; baseline 0.001 -18"><span class='ocrx_word' id='word_1_221' title='bbox 2081 1727 2138 1774; x_wconf 91' lang='lat' dir='ltr'><strong>et</strong></span> <span class='ocrx_word' id='word_1_222' title='bbox 2165 1721 2434 1792; x_wconf 88' lang='lat' dir='ltr'><strong>sapientis</strong></span> <span class='ocrx_word' id='word_1_223' title='bbox 2461 1722 2610 1791; x_wconf 85' lang='lat' dir='ltr'><strong>regis</strong></span> <span class='ocrx_word' id='word_1_224' title='bbox 2633 1721 3057 1775; x_wconf 88' lang='lat' dir='ltr'><strong>similitudinem</strong></span> <span class='ocrx_word' id='word_1_225' title='bbox 3087 1720 3206 1792; x_wconf 90' lang='lat' dir='ltr'><strong>ipse</strong></span> <span class='ocrx_word' id='word_1_226' title='bbox 3235 1737 3456 1792; x_wconf 92' lang='lat' dir='ltr'><strong>quoque</strong></span> <span class='ocrx_word' id='word_1_227' title='bbox 3485 1737 3678 1777; x_wconf 59' lang='grc' dir='ltr'><strong>ηεαρδ-κ</strong></span> 
     </span>
    </p>
   </div>
   <div class='ocr_carea' id='block_1_33' title="bbox 407 1795 3672 1880">
    <p class='ocr_par' dir='ltr' id='par_1_33' title="bbox 407 1795 3672 1880">
     <span class='ocr_line' id='line_1_33' title="bbox 407 1795 3672 1880; baseline -0.001 -14"><span class='ocrx_word' id='word_1_228' title='bbox 407 1828 472 1866; x_wconf 93' lang='lat' dir='ltr'><strong>ac</strong></span> <span class='ocrx_word' id='word_1_229' title='bbox 507 1811 758 1875; x_wconf 90' lang='lat' dir='ltr'><strong>demens,</strong></span> <span class='ocrx_word' id='word_1_230' title='bbox 789 1809 836 1864; x_wconf 90' lang='lat' dir='ltr'><strong>si</strong></span> <span class='ocrx_word' id='word_1_231' title='bbox 859 1809 1050 1863; x_wconf 86' lang='lat' dir='ltr'><strong>fratris</strong></span> <span class='ocrx_word' id='word_1_232' title='bbox 1075 1807 1178 1874; x_wconf 92' lang='lat' dir='ltr'><strong>tui,</strong></span> <span class='ocrx_word' id='word_1_233' title='bbox 1211 1824 1338 1862; x_wconf 90' lang='lat' dir='ltr'><strong>cum</strong></span> <span class='ocrx_word' id='word_1_234' title='bbox 1369 1823 1479 1878; x_wconf 93' lang='lat' dir='ltr'><strong>quo</strong></span> <span class='ocrx_word' id='word_1_235' title='bbox 1509 1807 1656 1860; x_wconf 91' lang='lat' dir='ltr'><strong>idem</strong></span> <span class='ocrx_word' id='word_1_236' title='bbox 1685 1805 1788 1860; x_wconf 92' lang='lat' dir='ltr'><strong>tibi</strong></span> <span class='ocrx_word' id='word_1_237' title='bbox 1814 1823 1995 1875; x_wconf 88' lang='lat' dir='ltr'><strong>genus</strong></span> <span class='ocrx_word' id='word_1_238' title='bbox 2017 1795 2062 1853; x_wconf 83' lang='lat' dir='ltr'><strong>B</strong></span> <span class='ocrx_word' id='word_1_239' title='bbox 2083 1810 2204 1864; x_wconf 91' lang='lat' dir='ltr'><strong>sisti</strong></span> <span class='ocrx_word' id='word_1_240' title='bbox 2235 1829 2247 1876; x_wconf 87' lang='lat'><strong>;</strong></span> <span class='ocrx_word' id='word_1_241' title='bbox 2280 1815 2346 1864; x_wconf 92' lang='lat' dir='ltr'><strong>ut</strong></span> <span class='ocrx_word' id='word_1_242' title='bbox 2385 1810 2480 1880; x_wconf 90' lang='lat' dir='ltr'><strong>qui</strong></span> <span class='ocrx_word' id='word_1_243' title='bbox 2522 1810 2668 1864; x_wconf 90' lang='lat' dir='ltr'><strong>bona</strong></span> <span class='ocrx_word' id='word_1_244' title='bbox 2711 1827 2809 1880; x_wconf 91' lang='lat' dir='ltr'><strong>spe</strong></span> <span class='ocrx_word' id='word_1_245' title='bbox 2861 1810 3026 1864; x_wconf 82' lang='lat' dir='ltr'><strong>nixus</strong></span> <span class='ocrx_word' id='word_1_246' title='bbox 3063 1827 3154 1864; x_wconf 91' lang='lat' dir='ltr'><strong>me</strong></span> <span class='ocrx_word' id='word_1_247' title='bbox 3183 1810 3514 1880; x_wconf 88' lang='lat' dir='ltr'><strong>susceperis,</strong></span> <span class='ocrx_word' id='word_1_248' title='bbox 3548 1826 3672 1880; x_wconf 68' lang='lat' dir='ltr'><strong>qua:</strong></span> 
     </span>
    </p>
   </div>
   <div class='ocr_carea' id='block_1_34' title="bbox 405 1894 1996 1972">
    <p class='ocr_par' dir='ltr' id='par_1_34' title="bbox 405 1894 1996 1972">
     <span class='ocr_line' id='line_1_34' title="bbox 405 1894 1996 1972; baseline -0.004 -17"><span class='ocrx_word' id='word_1_249' title='bbox 405 1906 464 1955; x_wconf 92' lang='lat' dir='ltr'><strong>et</strong></span> <span class='ocrx_word' id='word_1_250' title='bbox 497 1917 602 1972; x_wconf 87' lang='lat' dir='ltr'><strong>par</strong></span> <span class='ocrx_word' id='word_1_251' title='bbox 627 1900 808 1954; x_wconf 88' lang='lat' dir='ltr'><strong>honor</strong></span> <span class='ocrx_word' id='word_1_252' title='bbox 836 1903 938 1963; x_wconf 90' lang='lat' dir='ltr'><strong>est,</strong></span> <span class='ocrx_word' id='word_1_253' title='bbox 972 1898 1030 1952; x_wconf 89' lang='lat' dir='ltr'><strong>in</strong></span> <span class='ocrx_word' id='word_1_254' title='bbox 1059 1913 1227 1968; x_wconf 90' lang='lat' dir='ltr'><strong>quem</strong></span> <span class='ocrx_word' id='word_1_255' title='bbox 1264 1895 1474 1950; x_wconf 91' lang='lat' dir='ltr'><strong>nullius</strong></span> <span class='ocrx_word' id='word_1_256' title='bbox 1511 1895 1740 1949; x_wconf 89' lang='lat' dir='ltr'><strong>omnino</strong></span> <span class='ocrx_word' id='word_1_257' title='bbox 1770 1894 1996 1948; x_wconf 88' lang='lat' dir='ltr'><strong>sceleris</strong></span> 
     </span>
    </p>
   </div>
   <div class='ocr_carea' id='block_1_35' title="bbox 404 1988 1998 2063">
    <p class='ocr_par' dir='ltr' id='par_1_35' title="bbox 404 1988 1998 2063">
     <span class='ocr_line' id='line_1_35' title="bbox 404 1988 1998 2063; baseline -0.004 -16"><span class='ocrx_word' id='word_1_258' title='bbox 404 1991 506 2048; x_wconf 90' lang='lat' dir='ltr'><strong>tibi</strong></span> <span class='ocrx_word' id='word_1_259' title='bbox 532 1993 788 2047; x_wconf 90' lang='lat' dir='ltr'><strong>conscius</strong></span> <span class='ocrx_word' id='word_1_260' title='bbox 815 2009 894 2057; x_wconf 89' lang='lat' dir='ltr'><strong>es,</strong></span> <span class='ocrx_word' id='word_1_261' title='bbox 925 2006 1237 2063; x_wconf 71' lang='lat' dir='ltr'><strong>praeconem</strong></span> <span class='ocrx_word' id='word_1_262' title='bbox 1267 1990 1347 2043; x_wconf 88' lang='lat' dir='ltr'><strong>ita</strong></span> <span class='ocrx_word' id='word_1_263' title='bbox 1373 1988 1684 2042; x_wconf 87' lang='lat' dir='ltr'><strong>extimuisti</strong></span> <span class='ocrx_word' id='word_1_264' title='bbox 1708 2007 1720 2054; x_wconf 92' lang='lat'><strong>;</strong></span> <span class='ocrx_word' id='word_1_265' title='bbox 1751 2003 1998 2058; x_wconf 90' lang='lat' dir='ltr'><strong>quonam</strong></span> 
     </span>
    </p>
   </div>
   <div class='ocr_carea' id='block_1_36' title="bbox 404 2075 1993 2151">
    <p class='ocr_par' dir='ltr' id='par_1_36' title="bbox 404 2075 1993 2151">
     <span class='ocr_line' id='line_1_36' title="bbox 404 2075 1993 2151; baseline -0.005 -15"><span class='ocrx_word' id='word_1_266' title='bbox 404 2082 570 2136; x_wconf 91' lang='lat' dir='ltr'><strong>modo</strong></span> <span class='ocrx_word' id='word_1_267' title='bbox 599 2079 738 2134; x_wconf 90' lang='lat' dir='ltr'><strong>mihi</strong></span> <span class='ocrx_word' id='word_1_268' title='bbox 767 2078 1219 2151; x_wconf 86' lang='lat' dir='ltr'><strong>reprehensionis</strong></span> <span class='ocrx_word' id='word_1_269' title='bbox 1257 2084 1451 2131; x_wconf 90' lang='lat' dir='ltr'><strong>notam</strong></span> <span class='ocrx_word' id='word_1_270' title='bbox 1485 2075 1692 2130; x_wconf 90' lang='lat' dir='ltr'><strong>idcirco</strong></span> <span class='ocrx_word' id='word_1_271' title='bbox 1722 2075 1993 2140; x_wconf 90' lang='lat' dir='ltr'><strong>inussisti,</strong></span> 
     </span>
    </p>
   </div>
   <div class='ocr_carea' id='block_1_37' title="bbox 404 2164 1999 2242">
    <p class='ocr_par' dir='ltr' id='par_1_37' title="bbox 404 2164 1999 2242">
     <span class='ocr_line' id='line_1_37' title="bbox 404 2164 1999 2242; baseline -0.004 -17"><span class='ocrx_word' id='word_1_272' title='bbox 404 2170 552 2242; x_wconf 90' lang='lat' dir='ltr'><strong>quod</strong></span> <span class='ocrx_word' id='word_1_273' title='bbox 581 2169 682 2224; x_wconf 93' lang='lat' dir='ltr'><strong>Dei</strong></span> <span class='ocrx_word' id='word_1_274' title='bbox 711 2169 823 2223; x_wconf 92' lang='lat' dir='ltr'><strong>mei</strong></span> <span class='ocrx_word' id='word_1_275' title='bbox 852 2184 1152 2239; x_wconf 60' lang='lat' dir='ltr'><strong>praecones,</strong></span> <span class='ocrx_word' id='word_1_276' title='bbox 1186 2165 1281 2237; x_wconf 91' lang='lat' dir='ltr'><strong>qui</strong></span> <span class='ocrx_word' id='word_1_277' title='bbox 1311 2171 1570 2231; x_wconf 88' lang='lat' dir='ltr'><strong>mortem,</strong></span> <span class='ocrx_word' id='word_1_278' title='bbox 1595 2181 1658 2218; x_wconf 88' lang='lat' dir='ltr'><strong>ac</strong></span> <span class='ocrx_word' id='word_1_279' title='bbox 1689 2164 1910 2218; x_wconf 91' lang='lat' dir='ltr'><strong>Domini</strong></span> <span class='ocrx_word' id='word_1_280' title='bbox 1939 2164 1999 2218; x_wconf 91' lang='lat' dir='ltr'><strong>in</strong></span> 
     </span>
    </p>
   </div>
   <div class='ocr_carea' id='block_1_38' title="bbox 405 2252 1998 2331">
    <p class='ocr_par' dir='ltr' id='par_1_38' title="bbox 405 2252 1998 2331">
     <span class='ocr_line' id='line_1_38' title="bbox 405 2252 1998 2331; baseline -0.005 -17"><span class='ocrx_word' id='word_1_281' title='bbox 405 2276 572 2331; x_wconf 90' lang='lat' dir='ltr'><strong>quem</strong></span> <span class='ocrx_word' id='word_1_282' title='bbox 601 2275 693 2312; x_wconf 90' lang='lat' dir='ltr'><strong>me</strong></span> <span class='ocrx_word' id='word_1_283' title='bbox 724 2258 904 2312; x_wconf 91' lang='lat' dir='ltr'><strong>multa</strong></span> <span class='ocrx_word' id='word_1_284' title='bbox 943 2263 1000 2311; x_wconf 91' lang='lat' dir='ltr'><strong>et</strong></span> <span class='ocrx_word' id='word_1_285' title='bbox 1025 2255 1220 2326; x_wconf 86' lang='lat' dir='ltr'><strong>gravia</strong></span> <span class='ocrx_word' id='word_1_286' title='bbox 1248 2255 1460 2308; x_wconf 88' lang='lat' dir='ltr'><strong>scelera</strong></span> <span class='ocrx_word' id='word_1_287' title='bbox 1491 2259 1844 2325; x_wconf 89' lang='lat' dir='ltr'><strong>perpetrasse</strong></span> <span class='ocrx_word' id='word_1_288' title='bbox 1885 2252 1998 2306; x_wconf 91' lang='lat' dir='ltr'><strong>scio</strong></span> 
     </span>
    </p>
   </div>
   <div class='ocr_carea' id='block_1_39' title="bbox 403 2345 2000 2424">
    <p class='ocr_par' dir='ltr' id='par_1_39' title="bbox 403 2345 2000 2424">
     <span class='ocr_line' id='line_1_39' title="bbox 403 2345 2000 2424; baseline -0.005 -17"><span class='ocrx_word' id='word_1_289' title='bbox 403 2352 909 2424; x_wconf 88' lang='lat' dir='ltr'><strong>pertimescendum</strong></span> <span class='ocrx_word' id='word_1_290' title='bbox 925 2350 1226 2404; x_wconf 78' lang='lat' dir='ltr'><strong>adventum</strong></span> <span class='ocrx_word' id='word_1_291' title='bbox 1240 2349 1379 2402; x_wconf 91' lang='lat' dir='ltr'><strong>mihi</strong></span> <span class='ocrx_word' id='word_1_292' title='bbox 1396 2347 1589 2418; x_wconf 91' lang='lat' dir='ltr'><strong>quavis</strong></span> <span class='ocrx_word' id='word_1_293' title='bbox 1603 2346 1741 2400; x_wconf 90' lang='lat' dir='ltr'><strong>tuba</strong></span> <span class='ocrx_word' id='word_1_294' title='bbox 1755 2345 2000 2400; x_wconf 84' lang='lat' dir='ltr'><strong>vocalius</strong></span> 
     </span>
    </p>
   </div>
   <div class='ocr_carea' id='block_1_40' title="bbox 403 2435 2002 2513">
    <p class='ocr_par' dir='ltr' id='par_1_40' title="bbox 403 2435 2002 2513">
     <span class='ocr_line' id='line_1_40' title="bbox 403 2435 2002 2513; baseline -0.006 -16"><span class='ocrx_word' id='word_1_295' title='bbox 403 2442 684 2513; x_wconf 90' lang='lat' dir='ltr'><strong>altiusque</strong></span> <span class='ocrx_word' id='word_1_296' title='bbox 695 2438 1346 2506; x_wconf 88' lang='lat' dir='ltr'><strong>denuntiant,humiliter</strong></span> <span class='ocrx_word' id='word_1_297' title='bbox 1357 2454 1420 2492; x_wconf 91' lang='lat' dir='ltr'><strong>ac</strong></span> <span class='ocrx_word' id='word_1_298' title='bbox 1431 2437 1672 2490; x_wconf 88' lang='lat' dir='ltr'><strong>demisse</strong></span> <span class='ocrx_word' id='word_1_299' title='bbox 1685 2435 2002 2490; x_wconf 85' lang='lat' dir='ltr'><strong>salutarim?</strong></span> 
     </span>
    </p>
   </div>
   <div class='ocr_carea' id='block_1_41' title="bbox 403 2526 2004 2601">
    <p class='ocr_par' dir='ltr' id='par_1_41' title="bbox 403 2526 2004 2601">
     <span class='ocr_line' id='line_1_41' title="bbox 403 2526 2004 2601; baseline -0.005 -16"><span class='ocrx_word' id='word_1_300' title='bbox 403 2532 486 2586; x_wconf 86' lang='lat' dir='ltr'><strong>En</strong></span> <span class='ocrx_word' id='word_1_301' title='bbox 517 2530 691 2601; x_wconf 85' lang='lat' dir='ltr'><strong>igitur</strong></span> <span class='ocrx_word' id='word_1_302' title='bbox 718 2536 787 2584; x_wconf 93' lang='lat' dir='ltr'><strong>ut</strong></span> <span class='ocrx_word' id='word_1_303' title='bbox 813 2535 967 2584; x_wconf 91' lang='lat' dir='ltr'><strong>tuam</strong></span> <span class='ocrx_word' id='word_1_304' title='bbox 997 2526 1338 2582; x_wconf 87' lang='lat' dir='ltr'><strong>dementiam</strong></span> <span class='ocrx_word' id='word_1_305' title='bbox 1367 2542 1750 2595; x_wconf 88' lang='lat' dir='ltr'><strong>coarguerem,</strong></span> <span class='ocrx_word' id='word_1_306' title='bbox 1784 2526 1888 2580; x_wconf 91' lang='lat' dir='ltr'><strong>hac</strong></span> <span class='ocrx_word' id='word_1_307' title='bbox 1916 2539 2004 2578; x_wconf 88' lang='lat' dir='ltr'><strong>ra-</strong></span> 
     </span>
    </p>
   </div>
   <div class='ocr_carea' id='block_1_42' title="bbox 402 2610 2000 2686">
    <p class='ocr_par' dir='ltr' id='par_1_42' title="bbox 402 2610 2000 2686">
     <span class='ocr_line' id='line_1_42' title="bbox 402 2610 2000 2686; baseline -0.006 -13"><span class='ocrx_word' id='word_1_308' title='bbox 402 2619 556 2674; x_wconf 89' lang='lat' dir='ltr'><strong>tione</strong></span> <span class='ocrx_word' id='word_1_309' title='bbox 585 2633 722 2672; x_wconf 90' lang='lat' dir='ltr'><strong>usus</strong></span> <span class='ocrx_word' id='word_1_310' title='bbox 745 2634 890 2683; x_wconf 88' lang='lat' dir='ltr'><strong>sum,</strong></span> <span class='ocrx_word' id='word_1_311' title='bbox 937 2615 1410 2686; x_wconf 89' lang='lat' dir='ltr'><strong>quemadmodum</strong></span> <span class='ocrx_word' id='word_1_312' title='bbox 1439 2613 1610 2667; x_wconf 85' lang='lat' dir='ltr'><strong>etiam</strong></span> <span class='ocrx_word' id='word_1_313' title='bbox 1640 2630 1734 2666; x_wconf 85' lang='lat' dir='ltr'><strong>eos</strong></span> <span class='ocrx_word' id='word_1_314' title='bbox 1774 2611 1868 2682; x_wconf 92' lang='lat' dir='ltr'><strong>qui</strong></span> <span class='ocrx_word' id='word_1_315' title='bbox 1899 2610 2000 2664; x_wconf 93' lang='lat' dir='ltr'><strong>tibi</strong></span> 
     </span>
    </p>
   </div>
   <div class='ocr_carea' id='block_1_43' title="bbox 404 2701 2002 2777">
    <p class='ocr_par' dir='ltr' id='par_1_43' title="bbox 404 2701 2002 2777">
     <span class='ocr_line' id='line_1_43' title="bbox 404 2701 2002 2777; baseline -0.006 -15"><span class='ocrx_word' id='word_1_316' title='bbox 404 2713 470 2762; x_wconf 92' lang='lat' dir='ltr'><strong>ut</strong></span> <span class='ocrx_word' id='word_1_317' title='bbox 490 2723 580 2761; x_wconf 89' lang='lat' dir='ltr'><strong>me</strong></span> <span class='ocrx_word' id='word_1_318' title='bbox 609 2705 1064 2777; x_wconf 87' lang='lat' dir='ltr'><strong>reprehenderes,</strong></span> <span class='ocrx_word' id='word_1_319' title='bbox 1087 2704 1143 2757; x_wconf 90' lang='lat' dir='ltr'><strong>in</strong></span> <span class='ocrx_word' id='word_1_320' title='bbox 1156 2702 1775 2766; x_wconf 83' lang='lat' dir='ltr'><strong>animuminduxerunt,</strong></span> <span class='ocrx_word' id='word_1_321' title='bbox 1809 2701 2002 2754; x_wconf 86' lang='lat' dir='ltr'><strong>statim</strong></span> 
     </span>
    </p>
   </div>
   <div class='ocr_carea' id='block_1_44' title="bbox 404 2789 2005 2860">
    <p class='ocr_par' dir='ltr' id='par_1_44' title="bbox 404 2789 2005 2860">
     <span class='ocr_line' id='line_1_44' title="bbox 404 2789 2005 2860; baseline -0.006 -10"><span class='ocrx_word' id='word_1_322' title='bbox 404 2795 637 2850; x_wconf 91' lang='lat' dir='ltr'><strong>stolidos</strong></span> <span class='ocrx_word' id='word_1_323' title='bbox 658 2799 716 2849; x_wconf 91' lang='lat' dir='ltr'><strong>et</strong></span> <span class='ocrx_word' id='word_1_324' title='bbox 743 2801 995 2848; x_wconf 86' lang='lat' dir='ltr'><strong>amentes</strong></span> <span class='ocrx_word' id='word_1_325' title='bbox 1016 2809 1137 2846; x_wconf 88' lang='lat' dir='ltr'><strong>esse</strong></span> <span class='ocrx_word' id='word_1_326' title='bbox 1160 2789 1576 2846; x_wconf 81' lang='lat' dir='ltr'><strong>demonstrabo.</strong></span> <span class='ocrx_word' id='word_1_327' title='bbox 1606 2791 1790 2860; x_wconf 82' lang='lat' dir='ltr'><strong>Atque</strong></span> <span class='ocrx_word' id='word_1_328' title='bbox 1818 2789 1897 2843; x_wconf 87' lang='lat' dir='ltr'><strong>ita</strong></span> <span class='ocrx_word' id='word_1_329' title='bbox 1912 2805 2005 2842; x_wconf 84' lang='lat' dir='ltr'><strong>cu-</strong></span> 
     </span>
    </p>
   </div>
   <div class='ocr_carea' id='block_1_45' title="bbox 404 2877 2000 2943">
    <p class='ocr_par' dir='ltr' id='par_1_45' title="bbox 404 2877 2000 2943">
     <span class='ocr_line' id='line_1_45' title="bbox 404 2877 2000 2943; baseline -0.006 -4"><span class='ocrx_word' id='word_1_330' title='bbox 404 2890 594 2939; x_wconf 87' lang='lat' dir='ltr'><strong>ratum</strong></span> <span class='ocrx_word' id='word_1_331' title='bbox 616 2889 674 2938; x_wconf 90' lang='lat' dir='ltr'><strong>et</strong></span> <span class='ocrx_word' id='word_1_332' title='bbox 701 2882 920 2936; x_wconf 90' lang='lat' dir='ltr'><strong>utiliter</strong></span> <span class='ocrx_word' id='word_1_333' title='bbox 946 2881 1284 2936; x_wconf 89' lang='lat' dir='ltr'><strong>instructum</strong></span> <span class='ocrx_word' id='word_1_334' title='bbox 1314 2879 1546 2933; x_wconf 89' lang='lat' dir='ltr'><strong>fratrem</strong></span> <span class='ocrx_word' id='word_1_335' title='bbox 1569 2895 1754 2943; x_wconf 92' lang='lat' dir='ltr'><strong>suum,</strong></span> <span class='ocrx_word' id='word_1_336' title='bbox 1771 2877 2000 2931; x_wconf 91' lang='lat' dir='ltr'><strong>domum</strong></span> 
     </span>
    </p>
   </div>
   <div class='ocr_carea' id='block_1_46' title="bbox 405 2972 643 3027">
    <p class='ocr_par' dir='ltr' id='par_1_46' title="bbox 405 2972 643 3027">
     <span class='ocr_line' id='line_1_46' title="bbox 405 2972 643 3027; baseline -0.004 0"><span class='ocrx_word' id='word_1_337' title='bbox 405 2972 643 3027; x_wconf 89' lang='lat' dir='ltr'><strong>remisit.</strong></span> 
     </span>
    </p>
   </div>
   <div class='ocr_carea' id='block_1_47' title="bbox 479 3055 2003 3130">
    <p class='ocr_par' dir='ltr' id='par_1_47' title="bbox 479 3055 2003 3130">
     <span class='ocr_line' id='line_1_47' title="bbox 479 3055 2003 3130; baseline -0.005 -13"><span class='ocrx_word' id='word_1_338' title='bbox 479 3062 658 3117; x_wconf 87' lang='lat' dir='ltr'><strong>Jussit</strong></span> <span class='ocrx_word' id='word_1_339' title='bbox 677 3065 866 3116; x_wconf 88' lang='lat' dir='ltr'><strong>autem</strong></span> <span class='ocrx_word' id='word_1_340' title='bbox 889 3076 919 3114; x_wconf 92' lang='lat' dir='ltr'><strong>e</strong></span> <span class='ocrx_word' id='word_1_341' title='bbox 935 3059 1086 3129; x_wconf 89' lang='lat' dir='ltr'><strong>ligno</strong></span> <span class='ocrx_word' id='word_1_342' title='bbox 1114 3062 1356 3130; x_wconf 87' lang='lat' dir='ltr'><strong>quatuor</strong></span> <span class='ocrx_word' id='word_1_343' title='bbox 1379 3073 1535 3111; x_wconf 85' lang='lat' dir='ltr'><strong>arcas</strong></span> <span class='ocrx_word' id='word_1_344' title='bbox 1561 3055 1734 3110; x_wconf 87' lang='lat' dir='ltr'><strong>efﬁci:</strong></span> <span class='ocrx_word' id='word_1_345' title='bbox 1764 3071 2003 3126; x_wconf 87' lang='lat' dir='ltr'><strong>quarum</strong></span> 
     </span>
    </p>
   </div>
   <div class='ocr_carea' id='block_1_48' title="bbox 2080 1898 3671 1970">
    <p class='ocr_par' dir='ltr' id='par_1_48' title="bbox 2080 1898 3671 1970">
     <span class='ocr_line' id='line_1_48' title="bbox 2080 1898 3671 1970; baseline 0 -18"><span class='ocrx_word' id='word_1_346' title='bbox 2080 1898 2324 1969; x_wconf 88' lang='lat' dir='ltr'><strong>quidem,</strong></span> <span class='ocrx_word' id='word_1_347' title='bbox 2356 1905 2421 1952; x_wconf 89' lang='lat' dir='ltr'><strong>ut</strong></span> <span class='ocrx_word' id='word_1_348' title='bbox 2448 1899 2664 1970; x_wconf 89' lang='lat' dir='ltr'><strong>opinor,</strong></span> <span class='ocrx_word' id='word_1_349' title='bbox 2688 1899 2918 1952; x_wconf 91' lang='lat' dir='ltr'><strong>minime</strong></span> <span class='ocrx_word' id='word_1_350' title='bbox 2931 1904 2987 1953; x_wconf 90' lang='lat' dir='ltr'><strong>te</strong></span> <span class='ocrx_word' id='word_1_351' title='bbox 3008 1899 3179 1952; x_wconf 85' lang='lat' dir='ltr'><strong>fallet.</strong></span> <span class='ocrx_word' id='word_1_352' title='bbox 3211 1899 3368 1953; x_wconf 82' lang='lat' dir='ltr'><strong>Dixit</strong></span> <span class='ocrx_word' id='word_1_353' title='bbox 3393 1904 3584 1952; x_wconf 88' lang='lat' dir='ltr'><strong>autem</strong></span> <span class='ocrx_word' id='word_1_354' title='bbox 3601 1898 3671 1952; x_wconf 90' lang='lat' dir='ltr'><strong>ad</strong></span> 
     </span>
    </p>
   </div>
   <div class='ocr_carea' id='block_1_49' title="bbox 2079 1987 3673 2058">
    <p class='ocr_par' dir='ltr' id='par_1_49' title="bbox 2079 1987 3673 2058">
     <span class='ocr_line' id='line_1_49' title="bbox 2079 1987 3673 2058; baseline 0.001 -18"><span class='ocrx_word' id='word_1_355' title='bbox 2079 2004 2209 2041; x_wconf 88' lang='lat' dir='ltr'><strong>eum</strong></span> <span class='ocrx_word' id='word_1_356' title='bbox 2237 1987 2532 2058; x_wconf 89' lang='lat' dir='ltr'><strong>Josaphat:</strong></span> <span class='ocrx_word' id='word_1_357' title='bbox 2565 1987 2694 2042; x_wconf 77' lang='lat' dir='ltr'><strong>Haec</strong></span> <span class='ocrx_word' id='word_1_358' title='bbox 2722 1987 2911 2040; x_wconf 87' lang='lat' dir='ltr'><strong>omnia</strong></span> <span class='ocrx_word' id='word_1_359' title='bbox 2939 1987 3169 2058; x_wconf 90' lang='lat' dir='ltr'><strong>pulchre</strong></span> <span class='ocrx_word' id='word_1_360' title='bbox 3211 1993 3378 2058; x_wconf 87' lang='lat' dir='ltr'><strong>atque</strong></span> <span class='ocrx_word' id='word_1_361' title='bbox 3403 1987 3673 2041; x_wconf 84' lang='lat' dir='ltr'><strong>concinne</strong></span> 
     </span>
    </p>
   </div>
   <div class='ocr_carea' id='block_1_50' title="bbox 2080 2075 3672 2147">
    <p class='ocr_par' dir='ltr' id='par_1_50' title="bbox 2080 2075 3672 2147">
     <span class='ocr_line' id='line_1_50' title="bbox 2080 2075 3672 2147; baseline 0.001 -18"><span class='ocrx_word' id='word_1_362' title='bbox 2080 2075 2288 2130; x_wconf 85' lang='lat' dir='ltr'><strong>dixisti.</strong></span> <span class='ocrx_word' id='word_1_363' title='bbox 2316 2077 2523 2130; x_wconf 91' lang='lat' dir='ltr'><strong>Verum</strong></span> <span class='ocrx_word' id='word_1_364' title='bbox 2543 2075 2676 2130; x_wconf 91' lang='lat' dir='ltr'><strong>illud</strong></span> <span class='ocrx_word' id='word_1_365' title='bbox 2693 2077 2833 2131; x_wconf 91' lang='lat' dir='ltr'><strong>scire</strong></span> <span class='ocrx_word' id='word_1_366' title='bbox 2854 2093 3008 2141; x_wconf 82' lang='lat' dir='ltr'><strong>aveo,</strong></span> <span class='ocrx_word' id='word_1_367' title='bbox 3031 2077 3290 2147; x_wconf 91' lang='lat' dir='ltr'><strong>quisnam</strong></span> <span class='ocrx_word' id='word_1_368' title='bbox 3303 2077 3378 2130; x_wconf 87' lang='lat' dir='ltr'><strong>sit</strong></span> <span class='ocrx_word' id='word_1_369' title='bbox 3403 2082 3536 2130; x_wconf 88' lang='lat' dir='ltr'><strong>tuus</strong></span> <span class='ocrx_word' id='word_1_370' title='bbox 3560 2077 3672 2130; x_wconf 91' lang='lat' dir='ltr'><strong>Do-</strong></span> 
     </span>
    </p>
   </div>
   <div class='ocr_carea' id='block_1_51' title="bbox 2083 2164 3676 2235">
    <p class='ocr_par' dir='ltr' id='par_1_51' title="bbox 2083 2164 3676 2235">
     <span class='ocr_line' id='line_1_51' title="bbox 2083 2164 3676 2235; baseline 0.001 -17"><span class='ocrx_word' id='word_1_371' title='bbox 2083 2164 2288 2230; x_wconf 89' lang='lat' dir='ltr'><strong>minus,</strong></span> <span class='ocrx_word' id='word_1_372' title='bbox 2323 2181 2488 2235; x_wconf 92' lang='lat' dir='ltr'><strong>quem</strong></span> <span class='ocrx_word' id='word_1_373' title='bbox 2517 2171 2582 2220; x_wconf 88' lang='lat' dir='ltr'><strong>tu</strong></span> <span class='ocrx_word' id='word_1_374' title='bbox 2611 2166 2881 2220; x_wconf 89' lang='lat' dir='ltr'><strong>orationis</strong></span> <span class='ocrx_word' id='word_1_375' title='bbox 2912 2165 3075 2220; x_wconf 91' lang='lat' dir='ltr'><strong>initio</strong></span> <span class='ocrx_word' id='word_1_376' title='bbox 3107 2166 3175 2220; x_wconf 91' lang='lat' dir='ltr'><strong>de</strong></span> <span class='ocrx_word' id='word_1_377' title='bbox 3207 2166 3304 2220; x_wconf 91' lang='lat' dir='ltr'><strong>illo</strong></span> <span class='ocrx_word' id='word_1_378' title='bbox 3334 2165 3676 2220; x_wconf 84' lang='lat' dir='ltr'><strong>seminatore</strong></span> 
     </span>
    </p>
   </div>
   <div class='ocr_carea' id='block_1_52' title="bbox 2081 2253 2740 2308">
    <p class='ocr_par' dir='ltr' id='par_1_52' title="bbox 2081 2253 2740 2308">
     <span class='ocr_line' id='line_1_52' title="bbox 2081 2253 2740 2308; baseline 0.003 -2"><span class='ocrx_word' id='word_1_379' title='bbox 2081 2253 2250 2307; x_wconf 85' lang='lat' dir='ltr'><strong>verba</strong></span> <span class='ocrx_word' id='word_1_380' title='bbox 2280 2253 2474 2307; x_wconf 83' lang='lat' dir='ltr'><strong>fecisse</strong></span> <span class='ocrx_word' id='word_1_381' title='bbox 2498 2253 2740 2308; x_wconf 90' lang='lat' dir='ltr'><strong>dicebas.</strong></span> 
     </span>
    </p>
   </div>
   <div class='ocr_carea' id='block_1_53' title="bbox 2155 2343 3675 2413">
    <p class='ocr_par' dir='ltr' id='par_1_53' title="bbox 2155 2343 3675 2413">
     <span class='ocr_line' id='line_1_53' title="bbox 2155 2343 3675 2413; baseline 0 -16"><span class='ocrx_word' id='word_1_382' title='bbox 2155 2344 2286 2399; x_wconf 78' lang='lat' dir='ltr'><strong>CAP.</strong></span> <span class='ocrx_word' id='word_1_383' title='bbox 2312 2343 2433 2397; x_wconf 84' lang='lat' dir='ltr'><strong>VII.</strong></span> <span class='ocrx_word' id='word_1_384' title='bbox 2476 2371 2532 2386; x_wconf 64' lang='grc' dir='ltr'><strong>-α</strong></span> <span class='ocrx_word' id='word_1_385' title='bbox 2570 2343 2788 2398; x_wconf 83' lang='lat' dir='ltr'><strong>Rursus</strong></span> <span class='ocrx_word' id='word_1_386' title='bbox 2818 2343 2995 2413; x_wconf 86' lang='lat' dir='ltr'><strong>igitur</strong></span> <span class='ocrx_word' id='word_1_387' title='bbox 3032 2359 3351 2397; x_wconf 90' lang='lat' dir='ltr'><strong>sermonem</strong></span> <span class='ocrx_word' id='word_1_388' title='bbox 3381 2359 3675 2398; x_wconf 86' lang='lat' dir='ltr'><strong>assumens</strong></span> 
     </span>
    </p>
   </div>
   <div class='ocr_carea' id='block_1_54' title="bbox 2083 2431 3676 2502">
    <p class='ocr_par' dir='ltr' id='par_1_54' title="bbox 2083 2431 3676 2502">
     <span class='ocr_line' id='line_1_54' title="bbox 2083 2431 3676 2502; baseline 0.001 -17"><span class='ocrx_word' id='word_1_389' title='bbox 2083 2431 2364 2499; x_wconf 88' lang='lat' dir='ltr'><strong>Barlaam,</strong></span> <span class='ocrx_word' id='word_1_390' title='bbox 2396 2431 2568 2486; x_wconf 84' lang='lat' dir='ltr'><strong>dixit:</strong></span> <span class='ocrx_word' id='word_1_391' title='bbox 2604 2432 2662 2486; x_wconf 92' lang='lat' dir='ltr'><strong>Si</strong></span> <span class='ocrx_word' id='word_1_392' title='bbox 2694 2432 2949 2502; x_wconf 85' lang='lat' dir='ltr'><strong>quisnam</strong></span> <span class='ocrx_word' id='word_1_393' title='bbox 2980 2431 3252 2486; x_wconf 90' lang='lat' dir='ltr'><strong>Dominus</strong></span> <span class='ocrx_word' id='word_1_394' title='bbox 3282 2449 3440 2486; x_wconf 90' lang='lat' dir='ltr'><strong>meus</strong></span> <span class='ocrx_word' id='word_1_395' title='bbox 3483 2432 3559 2486; x_wconf 92' lang='lat' dir='ltr'><strong>sit</strong></span> <span class='ocrx_word' id='word_1_396' title='bbox 3586 2432 3676 2487; x_wconf 86' lang='lat' dir='ltr'><strong>in-</strong></span> 
     </span>
    </p>
   </div>
   <div class='ocr_carea' id='block_1_55' title="bbox 2081 2521 3674 2592">
    <p class='ocr_par' dir='ltr' id='par_1_55' title="bbox 2081 2521 3674 2592">
     <span class='ocr_line' id='line_1_55' title="bbox 2081 2521 3674 2592; baseline 0.001 -18"><span class='ocrx_word' id='word_1_397' title='bbox 2081 2521 2336 2590; x_wconf 87' lang='lat' dir='ltr'><strong>telligere</strong></span> <span class='ocrx_word' id='word_1_398' title='bbox 2358 2521 2813 2592; x_wconf 90' lang='lat' dir='ltr'><strong>cupis,Dominus</strong></span> <span class='ocrx_word' id='word_1_399' title='bbox 2833 2521 2861 2574; x_wconf 88' lang='lat' dir='ltr'><strong>J</strong></span> <span class='ocrx_word' id='word_1_400' title='bbox 2867 2537 2996 2575; x_wconf 90' lang='lat' dir='ltr'><strong>esus</strong></span> <span class='ocrx_word' id='word_1_401' title='bbox 3018 2521 3274 2575; x_wconf 91' lang='lat' dir='ltr'><strong>Christus</strong></span> <span class='ocrx_word' id='word_1_402' title='bbox 3285 2526 3387 2583; x_wconf 87' lang='lat' dir='ltr'><strong>est,</strong></span> <span class='ocrx_word' id='word_1_403' title='bbox 3410 2521 3674 2592; x_wconf 88' lang='lat' dir='ltr'><strong>unigeni-</strong></span> 
     </span>
    </p>
   </div>
   <div class='ocr_carea' id='block_1_56' title="bbox 2083 2609 3683 2681">
    <p class='ocr_par' dir='ltr' id='par_1_56' title="bbox 2083 2609 3683 2681">
     <span class='ocr_line' id='line_1_56' title="bbox 2083 2609 3683 2681; baseline 0.001 -18"><span class='ocrx_word' id='word_1_404' title='bbox 2083 2614 2194 2671; x_wconf 87' lang='lat' dir='ltr'><strong>tus,</strong></span> <span class='ocrx_word' id='word_1_405' title='bbox 2216 2609 2466 2680; x_wconf 89' lang='lat' dir='ltr'><strong>inquam,</strong></span> <span class='ocrx_word' id='word_1_406' title='bbox 2497 2609 2590 2663; x_wconf 90' lang='lat' dir='ltr'><strong>ille</strong></span> <span class='ocrx_word' id='word_1_407' title='bbox 2629 2609 2730 2663; x_wconf 90' lang='lat' dir='ltr'><strong>Dei</strong></span> <span class='ocrx_word' id='word_1_408' title='bbox 2759 2609 2952 2675; x_wconf 90' lang='lat' dir='ltr'><strong>Filius,</strong></span> <span class='ocrx_word' id='word_1_409' title='bbox 2986 2609 3079 2663; x_wconf 90' lang='lat' dir='ltr'><strong>ille</strong></span> <span class='ocrx_word' id='word_1_410' title='bbox 3102 2609 3298 2664; x_wconf 89' lang='lat' dir='ltr'><strong>beatus</strong></span> <span class='ocrx_word' id='word_1_411' title='bbox 3317 2615 3375 2663; x_wconf 92' lang='lat' dir='ltr'><strong>et</strong></span> <span class='ocrx_word' id='word_1_412' title='bbox 3403 2611 3556 2664; x_wconf 89' lang='lat' dir='ltr'><strong>solus</strong></span> <span class='ocrx_word' id='word_1_413' title='bbox 3586 2625 3683 2681; x_wconf 83' lang='lat' dir='ltr'><strong>po-</strong></span> 
     </span>
    </p>
   </div>
   <div class='ocr_carea' id='block_1_57' title="bbox 2083 2697 3680 2768">
    <p class='ocr_par' dir='ltr' id='par_1_57' title="bbox 2083 2697 3680 2768">
     <span class='ocr_line' id='line_1_57' title="bbox 2083 2697 3680 2768; baseline 0 -16"><span class='ocrx_word' id='word_1_414' title='bbox 2083 2703 2228 2758; x_wconf 87' lang='lat' dir='ltr'><strong>tens.</strong></span> <span class='ocrx_word' id='word_1_415' title='bbox 2265 2698 2359 2751; x_wconf 93' lang='lat' dir='ltr'><strong>ille</strong></span> <span class='ocrx_word' id='word_1_416' title='bbox 2381 2698 2496 2752; x_wconf 88' lang='lat' dir='ltr'><strong>Rex</strong></span> <span class='ocrx_word' id='word_1_417' title='bbox 2524 2714 2721 2768; x_wconf 91' lang='lat' dir='ltr'><strong>regum</strong></span> <span class='ocrx_word' id='word_1_418' title='bbox 2746 2703 2802 2751; x_wconf 91' lang='lat' dir='ltr'><strong>et</strong></span> <span class='ocrx_word' id='word_1_419' title='bbox 2827 2698 3097 2752; x_wconf 89' lang='lat' dir='ltr'><strong>Dominus</strong></span> <span class='ocrx_word' id='word_1_420' title='bbox 3123 2698 3556 2764; x_wconf 89' lang='lat' dir='ltr'><strong>dominantium,</strong></span> <span class='ocrx_word' id='word_1_421' title='bbox 3583 2697 3680 2768; x_wconf 91' lang='lat' dir='ltr'><strong>qui</strong></span> 
     </span>
    </p>
   </div>
   <div class='ocr_carea' id='block_1_58' title="bbox 2085 2786 3677 2852">
    <p class='ocr_par' dir='ltr' id='par_1_58' title="bbox 2085 2786 3677 2852">
     <span class='ocr_line' id='line_1_58' title="bbox 2085 2786 3677 2852; baseline 0.001 -12"><span class='ocrx_word' id='word_1_422' title='bbox 2085 2787 2238 2840; x_wconf 91' lang='lat' dir='ltr'><strong>solus</strong></span> <span class='ocrx_word' id='word_1_423' title='bbox 2268 2786 2440 2840; x_wconf 83' lang='lat' dir='ltr'><strong>habet</strong></span> <span class='ocrx_word' id='word_1_424' title='bbox 2469 2786 3051 2852; x_wconf 88' lang='lat' dir='ltr'><strong>immortalitatem,ac</strong></span> <span class='ocrx_word' id='word_1_425' title='bbox 3080 2788 3262 2841; x_wconf 90' lang='lat' dir='ltr'><strong>lucem</strong></span> <span class='ocrx_word' id='word_1_426' title='bbox 3283 2787 3500 2842; x_wconf 84' lang='lat' dir='ltr'><strong>habitat</strong></span> <span class='ocrx_word' id='word_1_427' title='bbox 3521 2787 3677 2841; x_wconf 91' lang='lat' dir='ltr'><strong>inac-</strong></span> 
     </span>
    </p>
   </div>
   <div class='ocr_carea' id='block_1_59' title="bbox 2084 2873 3679 2945">
    <p class='ocr_par' dir='ltr' id='par_1_59' title="bbox 2084 2873 3679 2945">
     <span class='ocr_line' id='line_1_59' title="bbox 2084 2873 3679 2945; baseline 0.002 -19"><span class='ocrx_word' id='word_1_428' title='bbox 2084 2873 2417 2940; x_wconf 90' lang='lat' dir='ltr'><strong>cessibilem,</strong></span> <span class='ocrx_word' id='word_1_429' title='bbox 2443 2874 2538 2945; x_wconf 90' lang='lat' dir='ltr'><strong>qui</strong></span> <span class='ocrx_word' id='word_1_430' title='bbox 2567 2891 2695 2928; x_wconf 90' lang='lat' dir='ltr'><strong>cum</strong></span> <span class='ocrx_word' id='word_1_431' title='bbox 2728 2874 2893 2928; x_wconf 85' lang='lat' dir='ltr'><strong>Patre</strong></span> <span class='ocrx_word' id='word_1_432' title='bbox 2924 2879 2981 2928; x_wconf 92' lang='lat' dir='ltr'><strong>et</strong></span> <span class='ocrx_word' id='word_1_433' title='bbox 3010 2874 3221 2944; x_wconf 90' lang='lat' dir='ltr'><strong>Spiritu</strong></span> <span class='ocrx_word' id='word_1_434' title='bbox 3246 2880 3438 2928; x_wconf 90' lang='lat' dir='ltr'><strong>sancto</strong></span> <span class='ocrx_word' id='word_1_435' title='bbox 3463 2874 3679 2944; x_wconf 84' lang='lat' dir='ltr'><strong>gloriﬁ-</strong></span> 
     </span>
    </p>
   </div>
   <div class='ocr_carea' id='block_1_60' title="bbox 2085 2963 3678 3034">
    <p class='ocr_par' dir='ltr' id='par_1_60' title="bbox 2085 2963 3678 3034">
     <span class='ocr_line' id='line_1_60' title="bbox 2085 2963 3678 3034; baseline 0.001 -18"><span class='ocrx_word' id='word_1_436' title='bbox 2085 2964 2312 3030; x_wconf 85' lang='lat' dir='ltr'><strong>catur(l</strong></span> <span class='ocrx_word' id='word_1_437' title='bbox 2343 2965 2480 3017; x_wconf 79' lang='lat' dir='ltr'><strong>Tim.</strong></span> <span class='ocrx_word' id='word_1_438' title='bbox 2498 2963 2663 3032; x_wconf 81' lang='lat' dir='ltr'><strong>\’I).N</strong></span> <span class='ocrx_word' id='word_1_439' title='bbox 2667 2979 2807 3034; x_wconf 90' lang='lat' dir='ltr'><strong>eque</strong></span> <span class='ocrx_word' id='word_1_440' title='bbox 2837 2963 2986 3016; x_wconf 90' lang='lat' dir='ltr'><strong>enim</strong></span> <span class='ocrx_word' id='word_1_441' title='bbox 3007 2980 3073 3016; x_wconf 89' lang='lat' dir='ltr'><strong>ex</strong></span> <span class='ocrx_word' id='word_1_442' title='bbox 3086 2979 3278 3016; x_wconf 89' lang='lat' dir='ltr'><strong>eorum</strong></span> <span class='ocrx_word' id='word_1_443' title='bbox 3291 2979 3528 3016; x_wconf 91' lang='lat' dir='ltr'><strong>numero</strong></span> <span class='ocrx_word' id='word_1_444' title='bbox 3551 2979 3678 3018; x_wconf 89' lang='lat' dir='ltr'><strong>sum</strong></span> 
     </span>
    </p>
   </div>
   <div class='ocr_carea' id='block_1_61' title="bbox 2087 3051 3677 3123">
    <p class='ocr_par' dir='ltr' id='par_1_61' title="bbox 2087 3051 3677 3123">
     <span class='ocr_line' id='line_1_61' title="bbox 2087 3051 3677 3123; baseline 0.001 -18"><span class='ocrx_word' id='word_1_445' title='bbox 2087 3052 2182 3122; x_wconf 87' lang='lat' dir='ltr'><strong>qui</strong></span> <span class='ocrx_word' id='word_1_446' title='bbox 2213 3053 2418 3106; x_wconf 91' lang='lat' dir='ltr'><strong>multos</strong></span> <span class='ocrx_word' id='word_1_447' title='bbox 2438 3052 2540 3106; x_wconf 91' lang='lat' dir='ltr'><strong>hos</strong></span> <span class='ocrx_word' id='word_1_448' title='bbox 2555 3057 2612 3106; x_wconf 88' lang='lat' dir='ltr'><strong>et</strong></span> <span class='ocrx_word' id='word_1_449' title='bbox 2639 3052 2956 3123; x_wconf 88' lang='lat' dir='ltr'><strong>petulantes</strong></span> <span class='ocrx_word' id='word_1_450' title='bbox 2976 3051 3109 3105; x_wconf 90' lang='lat' dir='ltr'><strong>deos</strong></span> <span class='ocrx_word' id='word_1_451' title='bbox 3131 3052 3339 3116; x_wconf 89' lang='lat' dir='ltr'><strong>colunt,</strong></span> <span class='ocrx_word' id='word_1_452' title='bbox 3370 3058 3538 3122; x_wconf 88' lang='lat' dir='ltr'><strong>atque</strong></span> <span class='ocrx_word' id='word_1_453' title='bbox 3559 3051 3677 3107; x_wconf 69' lang='lat' dir='ltr'><strong>haec</strong></span> 
     </span>
    </p>
   </div>
   <div class='ocr_carea' id='block_1_62' title="bbox 405 3140 3678 3220">
    <p class='ocr_par' dir='ltr' id='par_1_62' title="bbox 405 3140 3678 3220">
     <span class='ocr_line' id='line_1_62' title="bbox 405 3140 3678 3220; baseline -0.004 -13"><span class='ocrx_word' id='word_1_454' title='bbox 405 3167 534 3207; x_wconf 88' lang='lat' dir='ltr'><strong>cum</strong></span> <span class='ocrx_word' id='word_1_455' title='bbox 560 3151 700 3206; x_wconf 87' lang='lat' dir='ltr'><strong>duas</strong></span> <span class='ocrx_word' id='word_1_456' title='bbox 727 3149 977 3220; x_wconf 90' lang='lat' dir='ltr'><strong>undique</strong></span> <span class='ocrx_word' id='word_1_457' title='bbox 1001 3164 1138 3202; x_wconf 90' lang='lat' dir='ltr'><strong>auro</strong></span> <span class='ocrx_word' id='word_1_458' title='bbox 1155 3145 1510 3212; x_wconf 87' lang='lat' dir='ltr'><strong>contexisset,</strong></span> <span class='ocrx_word' id='word_1_459' title='bbox 1535 3144 1818 3215; x_wconf 88' lang='lat' dir='ltr'><strong>fetidaque</strong></span> <span class='ocrx_word' id='word_1_460' title='bbox 1845 3145 2005 3198; x_wconf 85' lang='lat' dir='ltr'><strong>cada-</strong></span> <span class='ocrx_word' id='word_1_461' title='bbox 2024 3153 2067 3213; x_wconf 76' lang='grc' dir='ltr'><strong>ί]</strong></span> <span class='ocrx_word' id='word_1_462' title='bbox 2087 3141 2286 3196; x_wconf 79' lang='lat' dir='ltr'><strong>animae</strong></span> <span class='ocrx_word' id='word_1_463' title='bbox 2309 3141 2558 3212; x_wconf 85' lang='lat' dir='ltr'><strong>expertia</strong></span> <span class='ocrx_word' id='word_1_464' title='bbox 2582 3147 2640 3194; x_wconf 90' lang='lat' dir='ltr'><strong>et</strong></span> <span class='ocrx_word' id='word_1_465' title='bbox 2663 3140 2836 3194; x_wconf 91' lang='lat' dir='ltr'><strong>surda</strong></span> <span class='ocrx_word' id='word_1_466' title='bbox 2861 3141 3162 3194; x_wconf 87' lang='lat' dir='ltr'><strong>simulacra</strong></span> <span class='ocrx_word' id='word_1_467' title='bbox 3181 3146 3558 3208; x_wconf 86' lang='lat' dir='ltr'><strong>venerantur;</strong></span> <span class='ocrx_word' id='word_1_468' title='bbox 3589 3157 3678 3195; x_wconf 82' lang='lat' dir='ltr'><strong>ve-</strong></span> 
     </span>
    </p>
   </div>
   <div class='ocr_carea' id='block_1_63' title="bbox 401 3232 1998 3307">
    <p class='ocr_par' dir='ltr' id='par_1_63' title="bbox 401 3232 1998 3307">
     <span class='ocr_line' id='line_1_63' title="bbox 401 3232 1998 3307; baseline -0.006 -13"><span class='ocrx_word' id='word_1_469' title='bbox 401 3257 596 3296; x_wconf 85' lang='lat' dir='ltr'><strong>verum</strong></span> <span class='ocrx_word' id='word_1_470' title='bbox 637 3255 764 3294; x_wconf 91' lang='lat' dir='ltr'><strong>ossa</strong></span> <span class='ocrx_word' id='word_1_471' title='bbox 782 3237 840 3292; x_wconf 92' lang='lat' dir='ltr'><strong>in</strong></span> <span class='ocrx_word' id='word_1_472' title='bbox 868 3253 964 3292; x_wconf 86' lang='lat' dir='ltr'><strong>eas</strong></span> <span class='ocrx_word' id='word_1_473' title='bbox 989 3235 1292 3307; x_wconf 84' lang='lat' dir='ltr'><strong>injecisset,</strong></span> <span class='ocrx_word' id='word_1_474' title='bbox 1324 3234 1511 3288; x_wconf 90' lang='lat' dir='ltr'><strong>aureis</strong></span> <span class='ocrx_word' id='word_1_475' title='bbox 1539 3233 1678 3287; x_wconf 90' lang='lat' dir='ltr'><strong>seris</strong></span> <span class='ocrx_word' id='word_1_476' title='bbox 1715 3249 1809 3286; x_wconf 87' lang='lat' dir='ltr'><strong>eas</strong></span> <span class='ocrx_word' id='word_1_477' title='bbox 1833 3232 1998 3286; x_wconf 86' lang='lat' dir='ltr'><strong>obﬁr-</strong></span> 
     </span>
    </p>
   </div>
   <div class='ocr_carea' id='block_1_64' title="bbox 402 3321 1998 3398">
    <p class='ocr_par' dir='ltr' id='par_1_64' title="bbox 402 3321 1998 3398">
     <span class='ocr_line' id='line_1_64' title="bbox 402 3321 1998 3398; baseline -0.006 -15"><span class='ocrx_word' id='word_1_478' title='bbox 402 3329 602 3396; x_wconf 87' lang='lat' dir='ltr'><strong>mavit;</strong></span> <span class='ocrx_word' id='word_1_479' title='bbox 636 3326 868 3398; x_wconf 92' lang='lat' dir='ltr'><strong>reliquis</strong></span> <span class='ocrx_word' id='word_1_480' title='bbox 892 3331 1081 3380; x_wconf 89' lang='lat' dir='ltr'><strong>autem</strong></span> <span class='ocrx_word' id='word_1_481' title='bbox 1094 3323 1311 3378; x_wconf 89' lang='lat' dir='ltr'><strong>duabus</strong></span> <span class='ocrx_word' id='word_1_482' title='bbox 1333 3322 1452 3394; x_wconf 89' lang='lat' dir='ltr'><strong>pice</strong></span> <span class='ocrx_word' id='word_1_483' title='bbox 1474 3339 1538 3376; x_wconf 85' lang='lat' dir='ltr'><strong>ac</strong></span> <span class='ocrx_word' id='word_1_484' title='bbox 1555 3321 1830 3376; x_wconf 90' lang='lat' dir='ltr'><strong>bitumine</strong></span> <span class='ocrx_word' id='word_1_485' title='bbox 1860 3321 1998 3374; x_wconf 85' lang='lat' dir='ltr'><strong>obli-</strong></span> 
     </span>
    </p>
   </div>
   <div class='ocr_carea' id='block_1_65' title="bbox 403 3409 1990 3488">
    <p class='ocr_par' dir='ltr' id='par_1_65' title="bbox 403 3409 1990 3488">
     <span class='ocr_line' id='line_1_65' title="bbox 403 3409 1990 3488; baseline -0.005 -17"><span class='ocrx_word' id='word_1_486' title='bbox 403 3417 496 3480; x_wconf 90' lang='lat' dir='ltr'><strong>tis,</strong></span> <span class='ocrx_word' id='word_1_487' title='bbox 531 3415 902 3488; x_wconf 88' lang='lat' dir='ltr'><strong>pretiosisque</strong></span> <span class='ocrx_word' id='word_1_488' title='bbox 930 3413 1207 3484; x_wconf 88' lang='lat' dir='ltr'><strong>lapidibus</strong></span> <span class='ocrx_word' id='word_1_489' title='bbox 1251 3417 1309 3466; x_wconf 93' lang='lat' dir='ltr'><strong>et</strong></span> <span class='ocrx_word' id='word_1_490' title='bbox 1337 3410 1628 3482; x_wconf 89' lang='lat' dir='ltr'><strong>exquisitis</strong></span> <span class='ocrx_word' id='word_1_491' title='bbox 1669 3409 1990 3474; x_wconf 86' lang='lat' dir='ltr'><strong>unionibus,</strong></span> 
     </span>
    </p>
   </div>
   <div class='ocr_carea' id='block_1_66' title="bbox 404 3497 1994 3574">
    <p class='ocr_par' dir='ltr' id='par_1_66' title="bbox 404 3497 1994 3574">
     <span class='ocr_line' id='line_1_66' title="bbox 404 3497 1994 3574; baseline -0.005 -17"><span class='ocrx_word' id='word_1_492' title='bbox 404 3503 670 3574; x_wconf 90' lang='lat' dir='ltr'><strong>omnique</strong></span> <span class='ocrx_word' id='word_1_493' title='bbox 685 3500 1062 3572; x_wconf 87' lang='lat' dir='ltr'><strong>unguentaria</strong></span> <span class='ocrx_word' id='word_1_494' title='bbox 1078 3497 1387 3568; x_wconf 84' lang='lat' dir='ltr'><strong>fragrantia</strong></span> <span class='ocrx_word' id='word_1_495' title='bbox 1398 3497 1994 3568; x_wconf 86' lang='lat' dir='ltr'><strong>impletis,asperisque</strong></span> 
     </span>
    </p>
   </div>
   <div class='ocr_carea' id='block_1_67' title="bbox 400 3584 1994 3660">
    <p class='ocr_par' dir='ltr' id='par_1_67' title="bbox 400 3584 1994 3660">
     <span class='ocr_line' id='line_1_67' title="bbox 400 3584 1994 3660; baseline -0.004 -14"><span class='ocrx_word' id='word_1_496' title='bbox 400 3591 628 3648; x_wconf 88' lang='lat' dir='ltr'><strong>funibus</strong></span> <span class='ocrx_word' id='word_1_497' title='bbox 657 3589 1258 3660; x_wconf 85' lang='lat' dir='ltr'><strong>constrictis.proceres</strong></span> <span class='ocrx_word' id='word_1_498' title='bbox 1277 3603 1431 3652; x_wconf 89' lang='lat' dir='ltr'><strong>eos,a</strong></span> <span class='ocrx_word' id='word_1_499' title='bbox 1443 3584 1644 3657; x_wconf 92' lang='lat' dir='ltr'><strong>quibus</strong></span> <span class='ocrx_word' id='word_1_500' title='bbox 1667 3584 1736 3639; x_wconf 87' lang='lat' dir='ltr'><strong>ob</strong></span> <span class='ocrx_word' id='word_1_501' title='bbox 1747 3584 1994 3639; x_wconf 89' lang='lat' dir='ltr'><strong>virorum</strong></span> 
     </span>
    </p>
   </div>
   <div class='ocr_carea' id='block_1_68' title="bbox 403 3675 1991 3751">
    <p class='ocr_par' dir='ltr' id='par_1_68' title="bbox 403 3675 1991 3751">
     <span class='ocr_line' id='line_1_68' title="bbox 403 3675 1991 3751; baseline -0.007 -12"><span class='ocrx_word' id='word_1_502' title='bbox 403 3683 630 3739; x_wconf 89' lang='lat' dir='ltr'><strong>illorum</strong></span> <span class='ocrx_word' id='word_1_503' title='bbox 656 3697 946 3737; x_wconf 90' lang='lat' dir='ltr'><strong>occursum</strong></span> <span class='ocrx_word' id='word_1_504' title='bbox 979 3679 1350 3751; x_wconf 89' lang='lat' dir='ltr'><strong>reprehensus</strong></span> <span class='ocrx_word' id='word_1_505' title='bbox 1379 3676 1580 3742; x_wconf 87' lang='lat' dir='ltr'><strong>fuerat,</strong></span> <span class='ocrx_word' id='word_1_506' title='bbox 1604 3675 1675 3730; x_wconf 88' lang='lat' dir='ltr'><strong>ad</strong></span> <span class='ocrx_word' id='word_1_507' title='bbox 1696 3692 1755 3730; x_wconf 91' lang='lat' dir='ltr'><strong>se</strong></span> <span class='ocrx_word' id='word_1_508' title='bbox 1777 3675 1991 3742; x_wconf 83' lang='lat' dir='ltr'><strong>accivit,</strong></span> 
     </span>
    </p>
   </div>
   <div class='ocr_carea' id='block_1_69' title="bbox 400 3763 1992 3844">
    <p class='ocr_par' dir='ltr' id='par_1_69' title="bbox 400 3763 1992 3844">
     <span class='ocr_line' id='line_1_69' title="bbox 400 3763 1992 3844; baseline -0.007 -17"><span class='ocrx_word' id='word_1_509' title='bbox 400 3772 648 3844; x_wconf 88' lang='lat' dir='ltr'><strong>ipsisque</strong></span> <span class='ocrx_word' id='word_1_510' title='bbox 673 3776 915 3841; x_wconf 88' lang='lat' dir='ltr'><strong>quatuor</strong></span> <span class='ocrx_word' id='word_1_511' title='bbox 934 3767 1036 3822; x_wconf 90' lang='lat' dir='ltr'><strong>has</strong></span> <span class='ocrx_word' id='word_1_512' title='bbox 1065 3783 1222 3821; x_wconf 89' lang='lat' dir='ltr'><strong>arcas</strong></span> <span class='ocrx_word' id='word_1_513' title='bbox 1243 3765 1553 3837; x_wconf 90' lang='lat' dir='ltr'><strong>proposuit,</strong></span> <span class='ocrx_word' id='word_1_514' title='bbox 1585 3769 1652 3818; x_wconf 93' lang='lat' dir='ltr'><strong>ut</strong></span> <span class='ocrx_word' id='word_1_515' title='bbox 1665 3763 1859 3834; x_wconf 88' lang='lat' dir='ltr'><strong>quanti</strong></span> <span class='ocrx_word' id='word_1_516' title='bbox 1887 3763 1992 3830; x_wconf 67' lang='lat' dir='ltr'><strong>ha),</strong></span> 
     </span>
    </p>
   </div>
   <div class='ocr_carea' id='block_1_70' title="bbox 402 3852 1993 3933">
    <p class='ocr_par' dir='ltr' id='par_1_70' title="bbox 402 3852 1993 3933">
     <span class='ocr_line' id='line_1_70' title="bbox 402 3852 1993 3933; baseline -0.007 -16"><span class='ocrx_word' id='word_1_517' title='bbox 402 3861 708 3933; x_wconf 88' lang='lat' dir='ltr'><strong>quantique</strong></span> <span class='ocrx_word' id='word_1_518' title='bbox 739 3859 846 3913; x_wconf 79' lang='lat' dir='ltr'><strong>illae</strong></span> <span class='ocrx_word' id='word_1_519' title='bbox 877 3857 1042 3928; x_wconf 88' lang='lat' dir='ltr'><strong>pretii</strong></span> <span class='ocrx_word' id='word_1_520' title='bbox 1073 3860 1262 3910; x_wconf 89' lang='lat' dir='ltr'><strong>essent</strong></span> <span class='ocrx_word' id='word_1_521' title='bbox 1289 3854 1650 3909; x_wconf 66' lang='lat' dir='ltr'><strong>aestimarent.</strong></span> <span class='ocrx_word' id='word_1_522' title='bbox 1688 3852 1775 3907; x_wconf 90' lang='lat' dir='ltr'><strong>llli</strong></span> <span class='ocrx_word' id='word_1_523' title='bbox 1805 3859 1993 3907; x_wconf 87' lang='lat' dir='ltr'><strong>autem</strong></span> 
     </span>
    </p>
   </div>
   <div class='ocr_carea' id='block_1_71' title="bbox 400 3941 1996 4018">
    <p class='ocr_par' dir='ltr' id='par_1_71' title="bbox 400 3941 1996 4018">
     <span class='ocr_line' id='line_1_71' title="bbox 400 3941 1996 4018; baseline -0.006 -14"><span class='ocrx_word' id='word_1_524' title='bbox 400 3949 540 4006; x_wconf 89' lang='lat' dir='ltr'><strong>duas</strong></span> <span class='ocrx_word' id='word_1_525' title='bbox 569 3965 664 4004; x_wconf 89' lang='lat' dir='ltr'><strong>eas</strong></span> <span class='ocrx_word' id='word_1_526' title='bbox 711 3963 833 4018; x_wconf 71' lang='lat' dir='ltr'><strong>quae</strong></span> <span class='ocrx_word' id='word_1_527' title='bbox 869 3946 1142 4000; x_wconf 83' lang='lat' dir='ltr'><strong>inauratae</strong></span> <span class='ocrx_word' id='word_1_528' title='bbox 1173 3948 1352 4008; x_wconf 87' lang='lat' dir='ltr'><strong>erant,</strong></span> <span class='ocrx_word' id='word_1_529' title='bbox 1386 3941 1614 3996; x_wconf 89' lang='lat' dir='ltr'><strong>maximi</strong></span> <span class='ocrx_word' id='word_1_530' title='bbox 1661 3941 1828 4012; x_wconf 89' lang='lat' dir='ltr'><strong>pretii</strong></span> <span class='ocrx_word' id='word_1_531' title='bbox 1875 3958 1996 3995; x_wconf 92' lang='lat' dir='ltr'><strong>esse</strong></span> 
     </span>
    </p>
   </div>
   <div class='ocr_carea' id='block_1_72' title="bbox 401 4027 1994 4104">
    <p class='ocr_par' dir='ltr' id='par_1_72' title="bbox 401 4027 1994 4104">
     <span class='ocr_line' id='line_1_72' title="bbox 401 4027 1994 4104; baseline -0.008 -10"><span class='ocrx_word' id='word_1_532' title='bbox 401 4036 748 4102; x_wconf 82' lang='lat' dir='ltr'><strong>asserebant;</strong></span> <span class='ocrx_word' id='word_1_533' title='bbox 767 4050 949 4104; x_wconf 88' lang='lat' dir='ltr'><strong>neque</strong></span> <span class='ocrx_word' id='word_1_534' title='bbox 960 4032 1111 4088; x_wconf 90' lang='lat' dir='ltr'><strong>enim</strong></span> <span class='ocrx_word' id='word_1_535' title='bbox 1141 4032 1306 4085; x_wconf 89' lang='lat' dir='ltr'><strong>aliter</strong></span> <span class='ocrx_word' id='word_1_536' title='bbox 1320 4029 1442 4084; x_wconf 90' lang='lat' dir='ltr'><strong>ﬁeri</strong></span> <span class='ocrx_word' id='word_1_537' title='bbox 1466 4045 1627 4100; x_wconf 91' lang='lat' dir='ltr'><strong>posse</strong></span> <span class='ocrx_word' id='word_1_538' title='bbox 1648 4027 1994 4098; x_wconf 89' lang='lat' dir='ltr'><strong>inquiebant,</strong></span> 
     </span>
    </p>
   </div>
   <div class='ocr_carea' id='block_1_73' title="bbox 400 4117 1994 4199">
    <p class='ocr_par' dir='ltr' id='par_1_73' title="bbox 400 4117 1994 4199">
     <span class='ocr_line' id='line_1_73' title="bbox 400 4117 1994 4199; baseline -0.007 -16"><span class='ocrx_word' id='word_1_539' title='bbox 400 4127 537 4199; x_wconf 90' lang='lat' dir='ltr'><strong>quin</strong></span> <span class='ocrx_word' id='word_1_540' title='bbox 566 4126 624 4180; x_wconf 88' lang='lat' dir='ltr'><strong>in</strong></span> <span class='ocrx_word' id='word_1_541' title='bbox 643 4124 778 4196; x_wconf 90' lang='lat' dir='ltr'><strong>ipsis</strong></span> <span class='ocrx_word' id='word_1_542' title='bbox 807 4122 974 4194; x_wconf 80' lang='lat' dir='ltr'><strong>regiae</strong></span> <span class='ocrx_word' id='word_1_543' title='bbox 991 4136 1208 4175; x_wconf 74' lang='lat' dir='ltr'><strong>coronae</strong></span> <span class='ocrx_word' id='word_1_544' title='bbox 1237 4135 1302 4173; x_wconf 94' lang='lat' dir='ltr'><strong>ac</strong></span> <span class='ocrx_word' id='word_1_545' title='bbox 1331 4118 1558 4188; x_wconf 89' lang='lat' dir='ltr'><strong>cingula</strong></span> <span class='ocrx_word' id='word_1_546' title='bbox 1585 4117 1873 4172; x_wconf 88' lang='lat' dir='ltr'><strong>recondita</strong></span> <span class='ocrx_word' id='word_1_547' title='bbox 1911 4135 1994 4173; x_wconf 89' lang='lat' dir='ltr'><strong>es-</strong></span> 
     </span>
    </p>
   </div>
   <div class='ocr_carea' id='block_1_74' title="bbox 399 4205 1990 4280">
    <p class='ocr_par' dir='ltr' id='par_1_74' title="bbox 399 4205 1990 4280">
     <span class='ocr_line' id='line_1_74' title="bbox 399 4205 1990 4280; baseline -0.007 -7"><span class='ocrx_word' id='word_1_548' title='bbox 399 4215 660 4272; x_wconf 88' lang='lat' dir='ltr'><strong>sent.Eas</strong></span> <span class='ocrx_word' id='word_1_549' title='bbox 677 4217 873 4266; x_wconf 89' lang='lat' dir='ltr'><strong>contra</strong></span> <span class='ocrx_word' id='word_1_550' title='bbox 894 4227 1017 4280; x_wconf 74' lang='lat' dir='ltr'><strong>quae</strong></span> <span class='ocrx_word' id='word_1_551' title='bbox 1041 4208 1162 4280; x_wconf 91' lang='lat' dir='ltr'><strong>pice</strong></span> <span class='ocrx_word' id='word_1_552' title='bbox 1191 4225 1255 4262; x_wconf 88' lang='lat' dir='ltr'><strong>ac</strong></span> <span class='ocrx_word' id='word_1_553' title='bbox 1283 4205 1560 4262; x_wconf 91' lang='lat' dir='ltr'><strong>bitumine</strong></span> <span class='ocrx_word' id='word_1_554' title='bbox 1583 4205 1768 4260; x_wconf 72' lang='lat' dir='ltr'><strong>oblitaa</strong></span> <span class='ocrx_word' id='word_1_555' title='bbox 1807 4213 1990 4274; x_wconf 85' lang='lat' dir='ltr'><strong>erant,</strong></span> 
     </span>
    </p>
   </div>
   <div class='ocr_carea' id='block_1_75' title="bbox 407 4293 1994 4368">
    <p class='ocr_par' dir='ltr' id='par_1_75' title="bbox 407 4293 1994 4368">
     <span class='ocr_line' id='line_1_75' title="bbox 407 4293 1994 4368; baseline -0.006 -8"><span class='ocrx_word' id='word_1_556' title='bbox 407 4305 538 4360; x_wconf 73' lang='lat' dir='ltr'><strong>viles</strong></span> <span class='ocrx_word' id='word_1_557' title='bbox 565 4301 796 4358; x_wconf 89' lang='lat' dir='ltr'><strong>omnino</strong></span> <span class='ocrx_word' id='word_1_558' title='bbox 837 4316 902 4353; x_wconf 88' lang='lat' dir='ltr'><strong>ac</strong></span> <span class='ocrx_word' id='word_1_559' title='bbox 948 4296 1158 4352; x_wconf 90' lang='lat' dir='ltr'><strong>nullius</strong></span> <span class='ocrx_word' id='word_1_560' title='bbox 1193 4295 1359 4368; x_wconf 91' lang='lat' dir='ltr'><strong>pretii</strong></span> <span class='ocrx_word' id='word_1_561' title='bbox 1407 4311 1530 4350; x_wconf 88' lang='lat' dir='ltr'><strong>esse</strong></span> <span class='ocrx_word' id='word_1_562' title='bbox 1576 4293 1818 4350; x_wconf 87' lang='lat' dir='ltr'><strong>aiebant.</strong></span> <span class='ocrx_word' id='word_1_563' title='bbox 1877 4297 1994 4351; x_wconf 85' lang='lat' dir='ltr'><strong>Rex</strong></span> 
     </span>
    </p>
   </div>
   <div class='ocr_carea' id='block_1_76' title="bbox 399 4381 1995 4462">
    <p class='ocr_par' dir='ltr' id='par_1_76' title="bbox 399 4381 1995 4462">
     <span class='ocr_line' id='line_1_76' title="bbox 399 4381 1995 4462; baseline -0.006 -14"><span class='ocrx_word' id='word_1_564' title='bbox 399 4398 590 4448; x_wconf 89' lang='lat' dir='ltr'><strong>autem</strong></span> <span class='ocrx_word' id='word_1_565' title='bbox 612 4388 747 4462; x_wconf 89' lang='lat' dir='ltr'><strong>ipsis</strong></span> <span class='ocrx_word' id='word_1_566' title='bbox 769 4386 941 4442; x_wconf 89' lang='lat' dir='ltr'><strong>dixit:</strong></span> <span class='ocrx_word' id='word_1_567' title='bbox 974 4386 1058 4440; x_wconf 88' lang='lat' dir='ltr'><strong>Ne</strong></span> <span class='ocrx_word' id='word_1_568' title='bbox 1087 4400 1176 4438; x_wconf 88' lang='lat' dir='ltr'><strong>me</strong></span> <span class='ocrx_word' id='word_1_569' title='bbox 1209 4383 1436 4455; x_wconf 89' lang='lat' dir='ltr'><strong>quidem</strong></span> <span class='ocrx_word' id='word_1_570' title='bbox 1465 4381 1730 4453; x_wconf 86' lang='lat' dir='ltr'><strong>fugiebat,</strong></span> <span class='ocrx_word' id='word_1_571' title='bbox 1765 4401 1860 4438; x_wconf 86' lang='lat' dir='ltr'><strong>vos</strong></span> <span class='ocrx_word' id='word_1_572' title='bbox 1891 4384 1995 4439; x_wconf 90' lang='lat' dir='ltr'><strong>hoc</strong></span> 
     </span>
    </p>
   </div>
   <div class='ocr_carea' id='block_1_77' title="bbox 2079 3229 3677 3300">
    <p class='ocr_par' dir='ltr' id='par_1_77' title="bbox 2079 3229 3677 3300">
     <span class='ocr_line' id='line_1_77' title="bbox 2079 3229 3677 3300; baseline 0 -16"><span class='ocrx_word' id='word_1_573' title='bbox 2079 3247 2204 3284; x_wconf 89' lang='lat' dir='ltr'><strong>rum</strong></span> <span class='ocrx_word' id='word_1_574' title='bbox 2227 3246 2406 3284; x_wconf 91' lang='lat' dir='ltr'><strong>unum</strong></span> <span class='ocrx_word' id='word_1_575' title='bbox 2434 3231 2614 3284; x_wconf 91' lang='lat' dir='ltr'><strong>Deum</strong></span> <span class='ocrx_word' id='word_1_576' title='bbox 2638 3247 2878 3300; x_wconf 86' lang='lat' dir='ltr'><strong>agnosco</strong></span> <span class='ocrx_word' id='word_1_577' title='bbox 2908 3233 2964 3282; x_wconf 90' lang='lat' dir='ltr'><strong>et</strong></span> <span class='ocrx_word' id='word_1_578' title='bbox 2991 3230 3276 3296; x_wconf 91' lang='lat' dir='ltr'><strong>conﬁteor,</strong></span> <span class='ocrx_word' id='word_1_579' title='bbox 3301 3229 3396 3300; x_wconf 93' lang='lat' dir='ltr'><strong>qui</strong></span> <span class='ocrx_word' id='word_1_580' title='bbox 3419 3229 3478 3284; x_wconf 90' lang='lat' dir='ltr'><strong>in</strong></span> <span class='ocrx_word' id='word_1_581' title='bbox 3493 3229 3677 3284; x_wconf 88' lang='lat' dir='ltr'><strong>tribus</strong></span> 
     </span>
    </p>
   </div>
   <div class='ocr_carea' id='block_1_78' title="bbox 2079 3318 3672 3390">
    <p class='ocr_par' dir='ltr' id='par_1_78' title="bbox 2079 3318 3672 3390">
     <span class='ocr_line' id='line_1_78' title="bbox 2079 3318 3672 3390; baseline 0.001 -18"><span class='ocrx_word' id='word_1_582' title='bbox 2079 3319 2353 3390; x_wconf 88' lang='lat' dir='ltr'><strong>personis,</strong></span> <span class='ocrx_word' id='word_1_583' title='bbox 2389 3319 2495 3372; x_wconf 88' lang='lat' dir='ltr'><strong>hoc</strong></span> <span class='ocrx_word' id='word_1_584' title='bbox 2533 3323 2620 3372; x_wconf 91' lang='lat' dir='ltr'><strong>est</strong></span> <span class='ocrx_word' id='word_1_585' title='bbox 2655 3319 2821 3372; x_wconf 85' lang='lat' dir='ltr'><strong>Patre</strong></span> <span class='ocrx_word' id='word_1_586' title='bbox 2853 3324 2910 3372; x_wconf 92' lang='lat' dir='ltr'><strong>et</strong></span> <span class='ocrx_word' id='word_1_587' title='bbox 2943 3318 3080 3372; x_wconf 84' lang='lat' dir='ltr'><strong>Filio</strong></span> <span class='ocrx_word' id='word_1_588' title='bbox 3111 3324 3168 3372; x_wconf 93' lang='lat' dir='ltr'><strong>et</strong></span> <span class='ocrx_word' id='word_1_589' title='bbox 3205 3318 3420 3389; x_wconf 89' lang='lat' dir='ltr'><strong>Spiritu</strong></span> <span class='ocrx_word' id='word_1_590' title='bbox 3457 3323 3672 3384; x_wconf 87' lang='lat' dir='ltr'><strong>sancto,</strong></span> 
     </span>
    </p>
   </div>
   <div class='ocr_carea' id='block_1_79' title="bbox 2078 3406 3674 3478">
    <p class='ocr_par' dir='ltr' id='par_1_79' title="bbox 2078 3406 3674 3478">
     <span class='ocr_line' id='line_1_79' title="bbox 2078 3406 3674 3478; baseline 0.001 -17"><span class='ocrx_word' id='word_1_591' title='bbox 2078 3413 2248 3478; x_wconf 88' lang='lat' dir='ltr'><strong>atque</strong></span> <span class='ocrx_word' id='word_1_592' title='bbox 2273 3425 2388 3462; x_wconf 90' lang='lat' dir='ltr'><strong>una</strong></span> <span class='ocrx_word' id='word_1_593' title='bbox 2401 3413 2607 3462; x_wconf 90' lang='lat' dir='ltr'><strong>natura</strong></span> <span class='ocrx_word' id='word_1_594' title='bbox 2627 3414 2683 3462; x_wconf 88' lang='lat' dir='ltr'><strong>et</strong></span> <span class='ocrx_word' id='word_1_595' title='bbox 2711 3407 2970 3467; x_wconf 87' lang='lat' dir='ltr'><strong>essentia,</strong></span> <span class='ocrx_word' id='word_1_596' title='bbox 3003 3406 3062 3462; x_wconf 89' lang='lat' dir='ltr'><strong>in</strong></span> <span class='ocrx_word' id='word_1_597' title='bbox 3081 3424 3194 3462; x_wconf 88' lang='lat' dir='ltr'><strong>una</strong></span> <span class='ocrx_word' id='word_1_598' title='bbox 3221 3407 3401 3478; x_wconf 89' lang='lat' dir='ltr'><strong>gloria</strong></span> <span class='ocrx_word' id='word_1_599' title='bbox 3421 3413 3478 3462; x_wconf 88' lang='lat' dir='ltr'><strong>et</strong></span> <span class='ocrx_word' id='word_1_600' title='bbox 3500 3424 3674 3478; x_wconf 86' lang='lat' dir='ltr'><strong>regno</strong></span> 
     </span>
    </p>
   </div>
   <div class='ocr_carea' id='block_1_80' title="bbox 2078 3495 3674 3568">
    <p class='ocr_par' dir='ltr' id='par_1_80' title="bbox 2078 3495 3674 3568">
     <span class='ocr_line' id='line_1_80' title="bbox 2078 3495 3674 3568; baseline 0 -18"><span class='ocrx_word' id='word_1_601' title='bbox 2078 3496 2307 3550; x_wconf 90' lang='lat' dir='ltr'><strong>minime</strong></span> <span class='ocrx_word' id='word_1_602' title='bbox 2335 3496 2510 3550; x_wconf 90' lang='lat' dir='ltr'><strong>diviso</strong></span> <span class='ocrx_word' id='word_1_603' title='bbox 2535 3497 2900 3566; x_wconf 87' lang='lat' dir='ltr'><strong>gloriﬁcatur.</strong></span> <span class='ocrx_word' id='word_1_604' title='bbox 2935 3496 3038 3550; x_wconf 82' lang='lat' dir='ltr'><strong>Hic</strong></span> <span class='ocrx_word' id='word_1_605' title='bbox 3064 3496 3238 3566; x_wconf 88' lang='lat' dir='ltr'><strong>igitur</strong></span> <span class='ocrx_word' id='word_1_606' title='bbox 3263 3496 3323 3550; x_wconf 91' lang='lat' dir='ltr'><strong>in</strong></span> <span class='ocrx_word' id='word_1_607' title='bbox 3335 3495 3516 3550; x_wconf 89' lang='lat' dir='ltr'><strong>tribus</strong></span> <span class='ocrx_word' id='word_1_608' title='bbox 3546 3512 3674 3568; x_wconf 84' lang='lat' dir='ltr'><strong>per-</strong></span> 
     </span>
    </p>
   </div>
   <div class='ocr_carea' id='block_1_81' title="bbox 2078 3585 3665 3658">
    <p class='ocr_par' dir='ltr' id='par_1_81' title="bbox 2078 3585 3665 3658">
     <span class='ocr_line' id='line_1_81' title="bbox 2078 3585 3665 3658; baseline 0.001 -19"><span class='ocrx_word' id='word_1_609' title='bbox 2078 3586 2229 3640; x_wconf 89' lang='lat' dir='ltr'><strong>sonis</strong></span> <span class='ocrx_word' id='word_1_610' title='bbox 2269 3603 2416 3640; x_wconf 91' lang='lat' dir='ltr'><strong>unus</strong></span> <span class='ocrx_word' id='word_1_611' title='bbox 2443 3586 2611 3652; x_wconf 78' lang='lat' dir='ltr'><strong>Deus,</strong></span> <span class='ocrx_word' id='word_1_612' title='bbox 2655 3585 2913 3658; x_wconf 90' lang='lat' dir='ltr'><strong>principii</strong></span> <span class='ocrx_word' id='word_1_613' title='bbox 2961 3601 3025 3639; x_wconf 87' lang='lat' dir='ltr'><strong>ac</strong></span> <span class='ocrx_word' id='word_1_614' title='bbox 3077 3585 3204 3638; x_wconf 86' lang='lat' dir='ltr'><strong>ﬁnis</strong></span> <span class='ocrx_word' id='word_1_615' title='bbox 3245 3601 3441 3656; x_wconf 89' lang='lat' dir='ltr'><strong>expers</strong></span> <span class='ocrx_word' id='word_1_616' title='bbox 3481 3585 3665 3652; x_wconf 80' lang='lat' dir='ltr'><strong>(Naz.,</strong></span> 
     </span>
    </p>
   </div>
   <div class='ocr_carea' id='block_1_82' title="bbox 2078 3673 3671 3746">
    <p class='ocr_par' dir='ltr' id='par_1_82' title="bbox 2078 3673 3671 3746">
     <span class='ocr_line' id='line_1_82' title="bbox 2078 3673 3671 3746; baseline 0.001 -18"><span class='ocrx_word' id='word_1_617' title='bbox 2078 3681 2219 3729; x_wconf 78' lang='lat' dir='ltr'><strong>orat.</strong></span> <span class='ocrx_word' id='word_1_618' title='bbox 2251 3673 2305 3738; x_wconf 79' lang='lat'><strong>‘2,</strong></span> <span class='ocrx_word' id='word_1_619' title='bbox 2329 3677 2392 3729; x_wconf 78' lang='lat' dir='ltr'><strong>de</strong></span> <span class='ocrx_word' id='word_1_620' title='bbox 2423 3676 2657 3744; x_wconf 81' lang='lat' dir='ltr'><strong>Pasch.),</strong></span> <span class='ocrx_word' id='word_1_621' title='bbox 2690 3675 3084 3746; x_wconf 89' lang='lat' dir='ltr'><strong>sempiternus,</strong></span> <span class='ocrx_word' id='word_1_622' title='bbox 3128 3673 3430 3739; x_wconf 90' lang='lat' dir='ltr'><strong>increatus,</strong></span> <span class='ocrx_word' id='word_1_623' title='bbox 3465 3673 3671 3730; x_wconf 91' lang='lat' dir='ltr'><strong>immu-</strong></span> 
     </span>
    </p>
   </div>
   <div class='ocr_carea' id='block_1_83' title="bbox 2077 3762 3676 3834">
    <p class='ocr_par' dir='ltr' id='par_1_83' title="bbox 2077 3762 3676 3834">
     <span class='ocr_line' id='line_1_83' title="bbox 2077 3762 3676 3834; baseline 0 -17"><span class='ocrx_word' id='word_1_624' title='bbox 2077 3763 2284 3829; x_wconf 86' lang='lat' dir='ltr'><strong>tabilis,</strong></span> <span class='ocrx_word' id='word_1_625' title='bbox 2316 3779 2546 3834; x_wconf 90' lang='lat' dir='ltr'><strong>corpore</strong></span> <span class='ocrx_word' id='word_1_626' title='bbox 2575 3779 2795 3826; x_wconf 85' lang='lat' dir='ltr'><strong>vacans,</strong></span> <span class='ocrx_word' id='word_1_627' title='bbox 2815 3762 3123 3828; x_wconf 87' lang='lat' dir='ltr'><strong>invisibilis,</strong></span> <span class='ocrx_word' id='word_1_628' title='bbox 3157 3762 3676 3834; x_wconf 80' lang='lat' dir='ltr'><strong>circumscriptione</strong></span> 
     </span>
    </p>
   </div>
   <div class='ocr_carea' id='block_1_84' title="bbox 2078 3850 3676 3922">
    <p class='ocr_par' dir='ltr' id='par_1_84' title="bbox 2078 3850 3676 3922">
     <span class='ocr_line' id='line_1_84' title="bbox 2078 3850 3676 3922; baseline 0.003 -18"><span class='ocrx_word' id='word_1_629' title='bbox 2078 3867 2292 3916; x_wconf 88' lang='lat' dir='ltr'><strong>carens,</strong></span> <span class='ocrx_word' id='word_1_630' title='bbox 2309 3851 2482 3905; x_wconf 91' lang='lat' dir='ltr'><strong>animi</strong></span> <span class='ocrx_word' id='word_1_631' title='bbox 2495 3851 3047 3922; x_wconf 90' lang='lat' dir='ltr'><strong>comprehensionem</strong></span> <span class='ocrx_word' id='word_1_632' title='bbox 3067 3850 3304 3921; x_wconf 88' lang='lat' dir='ltr'><strong>fugiens,</strong></span> <span class='ocrx_word' id='word_1_633' title='bbox 3323 3851 3477 3906; x_wconf 88' lang='lat' dir='ltr'><strong>solus</strong></span> <span class='ocrx_word' id='word_1_634' title='bbox 3495 3851 3676 3908; x_wconf 90' lang='lat' dir='ltr'><strong>bonus</strong></span> 
     </span>
    </p>
   </div>
   <div class='ocr_carea' id='block_1_85' title="bbox 2081 3939 3677 4012">
    <p class='ocr_par' dir='ltr' id='par_1_85' title="bbox 2081 3939 3677 4012">
     <span class='ocr_line' id='line_1_85' title="bbox 2081 3939 3677 4012; baseline 0.002 -18"><span class='ocrx_word' id='word_1_635' title='bbox 2081 3955 2146 3994; x_wconf 89' lang='lat' dir='ltr'><strong>ac</strong></span> <span class='ocrx_word' id='word_1_636' title='bbox 2176 3941 2364 4010; x_wconf 90' lang='lat' dir='ltr'><strong>justus</strong></span> <span class='ocrx_word' id='word_1_637' title='bbox 2395 3945 2498 4006; x_wconf 91' lang='lat' dir='ltr'><strong>est,</strong></span> <span class='ocrx_word' id='word_1_638' title='bbox 2527 3939 2623 4012; x_wconf 90' lang='lat' dir='ltr'><strong>qui</strong></span> <span class='ocrx_word' id='word_1_639' title='bbox 2643 3941 2851 4005; x_wconf 89' lang='lat' dir='ltr'><strong>omnia,</strong></span> <span class='ocrx_word' id='word_1_640' title='bbox 2883 3945 3000 3994; x_wconf 89' lang='lat' dir='ltr'><strong>tam</strong></span> <span class='ocrx_word' id='word_1_641' title='bbox 3024 3956 3146 4010; x_wconf 66' lang='lat' dir='ltr'><strong>quae</strong></span> <span class='ocrx_word' id='word_1_642' title='bbox 3163 3940 3337 3995; x_wconf 90' lang='lat' dir='ltr'><strong>oculis</strong></span> <span class='ocrx_word' id='word_1_643' title='bbox 3366 3946 3677 3997; x_wconf 89' lang='lat' dir='ltr'><strong>cernuntur</strong></span> 
     </span>
    </p>
   </div>
   <div class='ocr_carea' id='block_1_86' title="bbox 2082 4027 3672 4099">
    <p class='ocr_par' dir='ltr' id='par_1_86' title="bbox 2082 4027 3672 4099">
     <span class='ocr_line' id='line_1_86' title="bbox 2082 4027 3672 4099; baseline 0.002 -18"><span class='ocrx_word' id='word_1_644' title='bbox 2082 4043 2251 4098; x_wconf 87' lang='lat' dir='ltr'><strong>quam</strong></span> <span class='ocrx_word' id='word_1_645' title='bbox 2281 4045 2404 4099; x_wconf 70' lang='lat' dir='ltr'><strong>quae</strong></span> <span class='ocrx_word' id='word_1_646' title='bbox 2432 4028 2722 4083; x_wconf 90' lang='lat' dir='ltr'><strong>oculorum</strong></span> <span class='ocrx_word' id='word_1_647' title='bbox 2751 4027 3009 4083; x_wconf 90' lang='lat' dir='ltr'><strong>obtutum</strong></span> <span class='ocrx_word' id='word_1_648' title='bbox 3041 4027 3283 4098; x_wconf 88' lang='lat' dir='ltr'><strong>fugiunt,</strong></span> <span class='ocrx_word' id='word_1_649' title='bbox 3313 4044 3378 4082; x_wconf 86' lang='lat' dir='ltr'><strong>ex</strong></span> <span class='ocrx_word' id='word_1_650' title='bbox 3408 4027 3586 4084; x_wconf 89' lang='lat' dir='ltr'><strong>nihilo</strong></span> <span class='ocrx_word' id='word_1_651' title='bbox 3613 4028 3672 4084; x_wconf 85' lang='lat' dir='ltr'><strong>in</strong></span> 
     </span>
    </p>
   </div>
   <div class='ocr_carea' id='block_1_87' title="bbox 2081 4117 2576 4188">
    <p class='ocr_par' dir='ltr' id='par_1_87' title="bbox 2081 4117 2576 4188">
     <span class='ocr_line' id='line_1_87' title="bbox 2081 4117 2576 4188; baseline 0 -18"><span class='ocrx_word' id='word_1_652' title='bbox 2081 4120 2268 4170; x_wconf 89' lang='lat' dir='ltr'><strong>ortum</strong></span> <span class='ocrx_word' id='word_1_653' title='bbox 2299 4117 2576 4188; x_wconf 85' lang='lat' dir='ltr'><strong>produxit.</strong></span> 
     </span>
    </p>
   </div>
   <div class='ocr_carea' id='block_1_88' title="bbox 2147 4205 3675 4262">
    <p class='ocr_par' dir='ltr' id='par_1_88' title="bbox 2147 4205 3675 4262">
     <span class='ocr_line' id='line_1_88' title="bbox 2147 4205 3675 4262; baseline 0.001 -2"><span class='ocrx_word' id='word_1_654' title='bbox 2147 4205 2398 4260; x_wconf 90' lang='lat' dir='ltr'><strong>Primum</strong></span> <span class='ocrx_word' id='word_1_655' title='bbox 2428 4206 2638 4261; x_wconf 86' lang='lat' dir='ltr'><strong>scilicet</strong></span> <span class='ocrx_word' id='word_1_656' title='bbox 2663 4205 3027 4262; x_wconf 89' lang='lat' dir='ltr'><strong>invisibilium</strong></span> <span class='ocrx_word' id='word_1_657' title='bbox 3055 4223 3120 4261; x_wconf 90' lang='lat' dir='ltr'><strong>ac</strong></span> <span class='ocrx_word' id='word_1_658' title='bbox 3151 4207 3463 4262; x_wconf 69' lang='lat' dir='ltr'><strong>caelestium</strong></span> <span class='ocrx_word' id='word_1_659' title='bbox 3497 4205 3675 4262; x_wconf 85' lang='lat' dir='ltr'><strong>virtu-</strong></span> 
     </span>
    </p>
   </div>
   <div class='ocr_carea' id='block_1_89' title="bbox 2075 4293 3674 4366">
    <p class='ocr_par' dir='ltr' id='par_1_89' title="bbox 2075 4293 3674 4366">
     <span class='ocr_line' id='line_1_89' title="bbox 2075 4293 3674 4366; baseline 0.002 -18"><span class='ocrx_word' id='word_1_660' title='bbox 2075 4299 2199 4348; x_wconf 90' lang='lat' dir='ltr'><strong>tum</strong></span> <span class='ocrx_word' id='word_1_661' title='bbox 2227 4293 2692 4349; x_wconf 87' lang='lat' dir='ltr'><strong>innumerabilem</strong></span> <span class='ocrx_word' id='word_1_662' title='bbox 2714 4295 3015 4366; x_wconf 89' lang='lat' dir='ltr'><strong>quamdam</strong></span> <span class='ocrx_word' id='word_1_663' title='bbox 3045 4295 3465 4351; x_wconf 89' lang='lat' dir='ltr'><strong>multitudinem</strong></span> <span class='ocrx_word' id='word_1_664' title='bbox 3495 4312 3530 4350; x_wconf 87' lang='lat' dir='ltr'><strong>a</strong></span> <span class='ocrx_word' id='word_1_665' title='bbox 3553 4313 3674 4351; x_wconf 86' lang='lat' dir='ltr'><strong>ma-</strong></span> 
     </span>
    </p>
   </div>
   <div class='ocr_carea' id='block_1_90' title="bbox 2076 4383 3667 4454">
    <p class='ocr_par' dir='ltr' id='par_1_90' title="bbox 2076 4383 3667 4454">
     <span class='ocr_line' id='line_1_90' title="bbox 2076 4383 3667 4454; baseline 0.002 -17"><span class='ocrx_word' id='word_1_666' title='bbox 2076 4383 2223 4437; x_wconf 88' lang='lat' dir='ltr'><strong>teria</strong></span> <span class='ocrx_word' id='word_1_667' title='bbox 2249 4387 2306 4437; x_wconf 91' lang='lat' dir='ltr'><strong>et</strong></span> <span class='ocrx_word' id='word_1_668' title='bbox 2335 4399 2566 4454; x_wconf 88' lang='lat' dir='ltr'><strong>corpore</strong></span> <span class='ocrx_word' id='word_1_669' title='bbox 2593 4390 2884 4450; x_wconf 87' lang='lat' dir='ltr'><strong>secretam,</strong></span> <span class='ocrx_word' id='word_1_670' title='bbox 2915 4385 3021 4438; x_wconf 92' lang='lat' dir='ltr'><strong>hoc</strong></span> <span class='ocrx_word' id='word_1_671' title='bbox 3049 4389 3136 4439; x_wconf 91' lang='lat' dir='ltr'><strong>est</strong></span> <span class='ocrx_word' id='word_1_672' title='bbox 3170 4384 3534 4440; x_wconf 87' lang='lat' dir='ltr'><strong>administros</strong></span> <span class='ocrx_word' id='word_1_673' title='bbox 3577 4385 3667 4440; x_wconf 91' lang='lat' dir='ltr'><strong>di-</strong></span> 
     </span>
    </p>
   </div>
   <div class='ocr_carea' id='block_1_91' title="bbox 397 4471 3668 4567">
    <p class='ocr_par' dir='ltr' id='par_1_91' title="bbox 397 4471 3668 4567">
     <span class='ocr_line' id='line_1_91' title="bbox 397 4471 3668 4567; baseline -0.002 -31"><span class='ocrx_word' id='word_1_674' title='bbox 397 4482 645 4536; x_wconf 88' lang='lat' dir='ltr'><strong>dicturos</strong></span> <span class='ocrx_word' id='word_1_675' title='bbox 673 4494 814 4545; x_wconf 90' lang='lat' dir='ltr'><strong>esse;</strong></span> <span class='ocrx_word' id='word_1_676' title='bbox 841 4492 972 4530; x_wconf 88' lang='lat' dir='ltr'><strong>nam</strong></span> <span class='ocrx_word' id='word_1_677' title='bbox 987 4472 1345 4528; x_wconf 89' lang='lat' dir='ltr'><strong>sensibilibus</strong></span> <span class='ocrx_word' id='word_1_678' title='bbox 1361 4472 1534 4527; x_wconf 90' lang='lat' dir='ltr'><strong>oculis</strong></span> <span class='ocrx_word' id='word_1_679' title='bbox 1558 4489 1625 4526; x_wconf 90' lang='lat' dir='ltr'><strong>ea</strong></span> <span class='ocrx_word' id='word_1_680' title='bbox 1653 4489 1774 4544; x_wconf 56' lang='lat' dir='ltr'><strong>qua;</strong></span> <span class='ocrx_word' id='word_1_681' title='bbox 1797 4472 1854 4528; x_wconf 90' lang='lat' dir='ltr'><strong>in</strong></span> <span class='ocrx_word' id='word_1_682' title='bbox 1873 4491 1996 4529; x_wconf 83' lang='lat' dir='ltr'><strong>sen-</strong></span> <span class='ocrx_word' id='word_1_683' title='bbox 2017 4471 2218 4567; x_wconf 64' lang='lat' dir='ltr'><strong>Dvina:</strong></span> <span class='ocrx_word' id='word_1_684' title='bbox 2255 4472 2568 4542; x_wconf 84' lang='lat' dir='ltr'><strong>majestatis</strong></span> <span class='ocrx_word' id='word_1_685' title='bbox 2600 4473 2832 4544; x_wconf 85' lang='lat' dir='ltr'><strong>spiritus</strong></span> <span class='ocrx_word' id='word_1_686' title='bbox 2863 4492 2876 4539; x_wconf 88' lang='lat'><strong>;</strong></span> <span class='ocrx_word' id='word_1_687' title='bbox 2909 4473 3111 4527; x_wconf 91' lang='lat' dir='ltr'><strong>deinde</strong></span> <span class='ocrx_word' id='word_1_688' title='bbox 3149 4478 3338 4528; x_wconf 88' lang='lat' dir='ltr'><strong>autem</strong></span> <span class='ocrx_word' id='word_1_689' title='bbox 3391 4473 3668 4528; x_wconf 88' lang='lat' dir='ltr'><strong>mundum</strong></span> 
     </span>
    </p>
   </div>
   <div class='ocr_carea' id='block_1_92' title="bbox 397 4561 1989 4638">
    <p class='ocr_par' dir='ltr' id='par_1_92' title="bbox 397 4561 1989 4638">
     <span class='ocr_line' id='line_1_92' title="bbox 397 4561 1989 4638; baseline -0.006 -12"><span class='ocrx_word' id='word_1_690' title='bbox 397 4587 522 4626; x_wconf 90' lang='lat' dir='ltr'><strong>sum</strong></span> <span class='ocrx_word' id='word_1_691' title='bbox 549 4569 756 4625; x_wconf 87' lang='lat' dir='ltr'><strong>cadunt</strong></span> <span class='ocrx_word' id='word_1_692' title='bbox 779 4562 1294 4638; x_wconf 87' lang='lat' dir='ltr'><strong>perspicitis.Atqui</strong></span> <span class='ocrx_word' id='word_1_693' title='bbox 1312 4578 1424 4616; x_wconf 90' lang='lat' dir='ltr'><strong>non</strong></span> <span class='ocrx_word' id='word_1_694' title='bbox 1447 4562 1527 4615; x_wconf 87' lang='lat' dir='ltr'><strong>ita</strong></span> <span class='ocrx_word' id='word_1_695' title='bbox 1545 4561 1864 4616; x_wconf 87' lang='lat' dir='ltr'><strong>faciendum</strong></span> <span class='ocrx_word' id='word_1_696' title='bbox 1885 4569 1989 4630; x_wconf 90' lang='lat' dir='ltr'><strong>est;</strong></span> 
     </span>
    </p>
   </div>
   <div class='ocr_carea' id='block_1_93' title="bbox 393 4651 1993 4722">
    <p class='ocr_par' dir='ltr' id='par_1_93' title="bbox 393 4651 1993 4722">
     <span class='ocr_line' id='line_1_93' title="bbox 393 4651 1993 4722; baseline -0.004 -10"><span class='ocrx_word' id='word_1_697' title='bbox 393 4674 591 4715; x_wconf 88' lang='lat' dir='ltr'><strong>verum</strong></span> <span class='ocrx_word' id='word_1_698' title='bbox 603 4654 964 4712; x_wconf 89' lang='lat' dir='ltr'><strong>interioribus</strong></span> <span class='ocrx_word' id='word_1_699' title='bbox 973 4651 1148 4707; x_wconf 91' lang='lat' dir='ltr'><strong>oculis</strong></span> <span class='ocrx_word' id='word_1_700' title='bbox 1161 4651 1276 4705; x_wconf 88' lang='lat' dir='ltr'><strong>sive</strong></span> <span class='ocrx_word' id='word_1_701' title='bbox 1291 4651 1674 4722; x_wconf 88' lang='lat' dir='ltr'><strong>pretium,sive</strong></span> <span class='ocrx_word' id='word_1_702' title='bbox 1690 4651 1993 4706; x_wconf 88' lang='lat' dir='ltr'><strong>utilitatem</strong></span> 
     </span>
    </p>
   </div>
   <div class='ocr_carea' id='block_1_94' title="bbox 397 4740 1994 4814">
    <p class='ocr_par' dir='ltr' id='par_1_94' title="bbox 397 4740 1994 4814">
     <span class='ocr_line' id='line_1_94' title="bbox 397 4740 1994 4814; baseline -0.006 -11"><span class='ocrx_word' id='word_1_703' title='bbox 397 4756 456 4803; x_wconf 90' lang='lat' dir='ltr'><strong>et</strong></span> <span class='ocrx_word' id='word_1_704' title='bbox 472 4745 799 4810; x_wconf 83' lang='lat' dir='ltr'><strong>fceditatem,</strong></span> <span class='ocrx_word' id='word_1_705' title='bbox 819 4759 942 4814; x_wconf 61' lang='lat' dir='ltr'><strong>qua</strong></span> <span class='ocrx_word' id='word_1_706' title='bbox 959 4741 1112 4796; x_wconf 90' lang='lat' dir='ltr'><strong>intus</strong></span> <span class='ocrx_word' id='word_1_707' title='bbox 1127 4740 1351 4795; x_wconf 88' lang='lat' dir='ltr'><strong>condita</strong></span> <span class='ocrx_word' id='word_1_708' title='bbox 1363 4745 1514 4806; x_wconf 90' lang='lat' dir='ltr'><strong>sunt,</strong></span> <span class='ocrx_word' id='word_1_709' title='bbox 1549 4745 1802 4810; x_wconf 82' lang='lat' dir='ltr'><strong>spectare</strong></span> <span class='ocrx_word' id='word_1_710' title='bbox 1827 4757 1994 4812; x_wconf 90' lang='lat' dir='ltr'><strong>opor-</strong></span> 
     </span>
    </p>
   </div>
   <div class='ocr_carea' id='block_1_95' title="bbox 397 4828 1990 4904">
    <p class='ocr_par' dir='ltr' id='par_1_95' title="bbox 397 4828 1990 4904">
     <span class='ocr_line' id='line_1_95' title="bbox 397 4828 1990 4904; baseline -0.006 -13"><span class='ocrx_word' id='word_1_711' title='bbox 397 4842 498 4892; x_wconf 91' lang='lat' dir='ltr'><strong>tet.</strong></span> <span class='ocrx_word' id='word_1_712' title='bbox 559 4835 638 4889; x_wconf 88' lang='lat' dir='ltr'><strong>Ac</strong></span> <span class='ocrx_word' id='word_1_713' title='bbox 688 4829 944 4904; x_wconf 90' lang='lat' dir='ltr'><strong>protinus</strong></span> <span class='ocrx_word' id='word_1_714' title='bbox 993 4830 1286 4884; x_wconf 88' lang='lat' dir='ltr'><strong>inauratas</strong></span> <span class='ocrx_word' id='word_1_715' title='bbox 1337 4845 1498 4883; x_wconf 89' lang='lat' dir='ltr'><strong>arcas</strong></span> <span class='ocrx_word' id='word_1_716' title='bbox 1554 4828 1761 4899; x_wconf 90' lang='lat' dir='ltr'><strong>aperiri</strong></span> <span class='ocrx_word' id='word_1_717' title='bbox 1801 4829 1990 4900; x_wconf 91' lang='lat' dir='ltr'><strong>jussit.</strong></span> 
     </span>
    </p>
   </div>
   <div class='ocr_carea' id='block_1_96' title="bbox 397 4916 1996 4992">
    <p class='ocr_par' dir='ltr' id='par_1_96' title="bbox 397 4916 1996 4992">
     <span class='ocr_line' id='line_1_96' title="bbox 397 4916 1996 4992; baseline -0.004 -13"><span class='ocrx_word' id='word_1_718' title='bbox 397 4924 613 4990; x_wconf 87' lang='lat' dir='ltr'><strong>Quibus</strong></span> <span class='ocrx_word' id='word_1_719' title='bbox 641 4919 950 4992; x_wconf 86' lang='lat' dir='ltr'><strong>patefactis,</strong></span> <span class='ocrx_word' id='word_1_720' title='bbox 975 4917 1162 4987; x_wconf 83' lang='lat' dir='ltr'><strong>gravis</strong></span> <span class='ocrx_word' id='word_1_721' title='bbox 1179 4916 1406 4988; x_wconf 86' lang='lat' dir='ltr'><strong>quidam</strong></span> <span class='ocrx_word' id='word_1_722' title='bbox 1422 4935 1486 4972; x_wconf 88' lang='lat' dir='ltr'><strong>ac</strong></span> <span class='ocrx_word' id='word_1_723' title='bbox 1505 4922 1654 4970; x_wconf 90' lang='lat' dir='ltr'><strong>teter</strong></span> <span class='ocrx_word' id='word_1_724' title='bbox 1675 4916 1814 4972; x_wconf 91' lang='lat' dir='ltr'><strong>odor</strong></span> <span class='ocrx_word' id='word_1_725' title='bbox 1833 4917 1996 4972; x_wconf 88' lang='lat' dir='ltr'><strong>exha-</strong></span> 
     </span>
    </p>
   </div>
   <div class='ocr_carea' id='block_1_97' title="bbox 395 5005 1996 5082">
    <p class='ocr_par' dir='ltr' id='par_1_97' title="bbox 395 5005 1996 5082">
     <span class='ocr_line' id='line_1_97' title="bbox 395 5005 1996 5082; baseline -0.006 -14"><span class='ocrx_word' id='word_1_726' title='bbox 395 5013 548 5079; x_wconf 90' lang='lat' dir='ltr'><strong>lavit,</strong></span> <span class='ocrx_word' id='word_1_727' title='bbox 567 5016 736 5082; x_wconf 88' lang='lat' dir='ltr'><strong>atque</strong></span> <span class='ocrx_word' id='word_1_728' title='bbox 761 5005 1286 5078; x_wconf 88' lang='lat' dir='ltr'><strong>injucundissimum</strong></span> <span class='ocrx_word' id='word_1_729' title='bbox 1316 5006 1696 5076; x_wconf 86' lang='lat' dir='ltr'><strong>spectaculum</strong></span> <span class='ocrx_word' id='word_1_730' title='bbox 1715 5006 1888 5060; x_wconf 90' lang='lat' dir='ltr'><strong>oculis</strong></span> <span class='ocrx_word' id='word_1_731' title='bbox 1903 5005 1996 5060; x_wconf 92' lang='lat' dir='ltr'><strong>ob-</strong></span> 
     </span>
    </p>
   </div>
   <div class='ocr_carea' id='block_1_98' title="bbox 391 5104 731 5175">
    <p class='ocr_par' dir='ltr' id='par_1_98' title="bbox 391 5104 731 5175">
     <span class='ocr_line' id='line_1_98' title="bbox 391 5104 731 5175; baseline -0.018 -18"><span class='ocrx_word' id='word_1_732' title='bbox 391 5105 604 5175; x_wconf 90' lang='lat' dir='ltr'><strong>jectum</strong></span> <span class='ocrx_word' id='word_1_733' title='bbox 627 5104 731 5154; x_wconf 90' lang='lat' dir='ltr'><strong>est.</strong></span> 
     </span>
    </p>
   </div>
   <div class='ocr_carea' id='block_1_99' title="bbox 467 5183 1989 5258">
    <p class='ocr_par' dir='ltr' id='par_1_99' title="bbox 467 5183 1989 5258">
     <span class='ocr_line' id='line_1_99' title="bbox 467 5183 1989 5258; baseline -0.003 -13"><span class='ocrx_word' id='word_1_734' title='bbox 467 5189 563 5246; x_wconf 80' lang='lat' dir='ltr'><strong>Ait</strong></span> <span class='ocrx_word' id='word_1_735' title='bbox 603 5189 794 5258; x_wconf 89' lang='lat' dir='ltr'><strong>itaque</strong></span> <span class='ocrx_word' id='word_1_736' title='bbox 829 5201 968 5239; x_wconf 88' lang='lat' dir='ltr'><strong>rex:</strong></span> <span class='ocrx_word' id='word_1_737' title='bbox 1002 5183 1106 5238; x_wconf 85' lang='lat' dir='ltr'><strong>Hic</strong></span> <span class='ocrx_word' id='word_1_738' title='bbox 1145 5197 1341 5236; x_wconf 89' lang='lat' dir='ltr'><strong>eorum</strong></span> <span class='ocrx_word' id='word_1_739' title='bbox 1387 5187 1554 5254; x_wconf 82' lang='lat' dir='ltr'><strong>typus</strong></span> <span class='ocrx_word' id='word_1_740' title='bbox 1583 5188 1671 5236; x_wconf 89' lang='lat' dir='ltr'><strong>est</strong></span> <span class='ocrx_word' id='word_1_741' title='bbox 1717 5183 1812 5254; x_wconf 90' lang='lat' dir='ltr'><strong>qui</strong></span> <span class='ocrx_word' id='word_1_742' title='bbox 1863 5202 1989 5240; x_wconf 90' lang='lat' dir='ltr'><strong>cum</strong></span> 
     </span>
    </p>
   </div>
   <div class='ocr_carea' id='block_1_100' title="bbox 393 5270 1989 5352">
    <p class='ocr_par' dir='ltr' id='par_1_100' title="bbox 393 5270 1989 5352">
     <span class='ocr_line' id='line_1_100' title="bbox 393 5270 1989 5352; baseline -0.004 -17"><span class='ocrx_word' id='word_1_743' title='bbox 393 5277 700 5352; x_wconf 90' lang='lat' dir='ltr'><strong>splendidis</strong></span> <span class='ocrx_word' id='word_1_744' title='bbox 726 5281 784 5330; x_wconf 91' lang='lat' dir='ltr'><strong>et</strong></span> <span class='ocrx_word' id='word_1_745' title='bbox 811 5272 1124 5328; x_wconf 86' lang='lat' dir='ltr'><strong>illustribus</strong></span> <span class='ocrx_word' id='word_1_746' title='bbox 1154 5270 1398 5325; x_wconf 84' lang='lat' dir='ltr'><strong>vestibus</strong></span> <span class='ocrx_word' id='word_1_747' title='bbox 1427 5277 1679 5333; x_wconf 85' lang='lat' dir='ltr'><strong>utantur,</strong></span> <span class='ocrx_word' id='word_1_748' title='bbox 1712 5278 1880 5343; x_wconf 90' lang='lat' dir='ltr'><strong>atque</strong></span> <span class='ocrx_word' id='word_1_749' title='bbox 1919 5275 1989 5329; x_wconf 90' lang='lat' dir='ltr'><strong>ob</strong></span> 
     </span>
    </p>
   </div>
   <div class='ocr_carea' id='block_1_101' title="bbox 392 5358 1982 5439">
    <p class='ocr_par' dir='ltr' id='par_1_101' title="bbox 392 5358 1982 5439">
     <span class='ocr_line' id='line_1_101' title="bbox 392 5358 1982 5439; baseline -0.004 -16"><span class='ocrx_word' id='word_1_750' title='bbox 392 5369 678 5439; x_wconf 86' lang='lat' dir='ltr'><strong>ingentem</strong></span> <span class='ocrx_word' id='word_1_751' title='bbox 693 5362 929 5434; x_wconf 92' lang='lat' dir='ltr'><strong>gloriam</strong></span> <span class='ocrx_word' id='word_1_752' title='bbox 946 5360 1002 5414; x_wconf 92' lang='lat' dir='ltr'><strong>in</strong></span> <span class='ocrx_word' id='word_1_753' title='bbox 1016 5358 1324 5432; x_wconf 89' lang='lat' dir='ltr'><strong>potentiam</strong></span> <span class='ocrx_word' id='word_1_754' title='bbox 1341 5358 1647 5414; x_wconf 90' lang='lat' dir='ltr'><strong>insolenter</strong></span> <span class='ocrx_word' id='word_1_755' title='bbox 1657 5377 1714 5414; x_wconf 90' lang='lat' dir='ltr'><strong>se</strong></span> <span class='ocrx_word' id='word_1_756' title='bbox 1730 5361 1982 5428; x_wconf 77' lang='lat' dir='ltr'><strong>efferant,</strong></span> 
     </span>
    </p>
   </div>
   <div class='ocr_carea' id='block_1_102' title="bbox 391 5447 1982 5520">
    <p class='ocr_par' dir='ltr' id='par_1_102' title="bbox 391 5447 1982 5520">
     <span class='ocr_line' id='line_1_102' title="bbox 391 5447 1982 5520; baseline -0.004 -8"><span class='ocrx_word' id='word_1_757' title='bbox 391 5455 546 5512; x_wconf 82' lang='lat' dir='ltr'><strong>intus</strong></span> <span class='ocrx_word' id='word_1_758' title='bbox 557 5461 675 5510; x_wconf 89' lang='lat' dir='ltr'><strong>tam</strong></span> <span class='ocrx_word' id='word_1_759' title='bbox 683 5469 751 5509; x_wconf 93' lang='lat' dir='ltr'><strong>en</strong></span> <span class='ocrx_word' id='word_1_760' title='bbox 762 5450 967 5506; x_wconf 65' lang='lat' dir='ltr'><strong>faetidis</strong></span> <span class='ocrx_word' id='word_1_761' title='bbox 983 5447 1343 5503; x_wconf 81' lang='lat' dir='ltr'><strong>cadaveribus</strong></span> <span class='ocrx_word' id='word_1_762' title='bbox 1355 5465 1420 5502; x_wconf 90' lang='lat' dir='ltr'><strong>ac</strong></span> <span class='ocrx_word' id='word_1_763' title='bbox 1435 5447 1659 5518; x_wconf 83' lang='lat' dir='ltr'><strong>flagitiis</strong></span> <span class='ocrx_word' id='word_1_764' title='bbox 1671 5450 1818 5520; x_wconf 87' lang='lat' dir='ltr'><strong>pleni</strong></span> <span class='ocrx_word' id='word_1_765' title='bbox 1832 5458 1982 5505; x_wconf 89' lang='lat' dir='ltr'><strong>sunt.</strong></span> 
     </span>
    </p>
   </div>
   <div class='ocr_carea' id='block_1_103' title="bbox 393 5535 1985 5608">
    <p class='ocr_par' dir='ltr' id='par_1_103' title="bbox 393 5535 1985 5608">
     <span class='ocr_line' id='line_1_103' title="bbox 393 5535 1985 5608; baseline -0.003 -9"><span class='ocrx_word' id='word_1_766' title='bbox 393 5547 741 5606; x_wconf 85' lang='lat' dir='ltr'><strong>Postautem,</strong></span> <span class='ocrx_word' id='word_1_767' title='bbox 768 5557 897 5596; x_wconf 90' lang='lat' dir='ltr'><strong>cum</strong></span> <span class='ocrx_word' id='word_1_768' title='bbox 929 5554 1024 5592; x_wconf 88' lang='lat' dir='ltr'><strong>eas</strong></span> <span class='ocrx_word' id='word_1_769' title='bbox 1054 5554 1178 5608; x_wconf 79' lang='lat' dir='ltr'><strong>quae</strong></span> <span class='ocrx_word' id='word_1_770' title='bbox 1204 5535 1317 5608; x_wconf 87' lang='lat' dir='ltr'><strong>pici</strong></span> <span class='ocrx_word' id='word_1_771' title='bbox 1362 5553 1428 5590; x_wconf 92' lang='lat' dir='ltr'><strong>ac</strong></span> <span class='ocrx_word' id='word_1_772' title='bbox 1471 5536 1751 5593; x_wconf 90' lang='lat' dir='ltr'><strong>bitumine</strong></span> <span class='ocrx_word' id='word_1_773' title='bbox 1801 5539 1985 5596; x_wconf 80' lang='lat' dir='ltr'><strong>oblitae</strong></span> 
     </span>
    </p>
   </div>
   <div class='ocr_carea' id='block_1_104' title="bbox 391 5627 1981 5703">
    <p class='ocr_par' dir='ltr' id='par_1_104' title="bbox 391 5627 1981 5703">
     <span class='ocr_line' id='line_1_104' title="bbox 391 5627 1981 5703; baseline -0.004 -13"><span class='ocrx_word' id='word_1_774' title='bbox 391 5637 573 5701; x_wconf 86' lang='lat' dir='ltr'><strong>erant,</strong></span> <span class='ocrx_word' id='word_1_775' title='bbox 625 5629 832 5703; x_wconf 87' lang='lat' dir='ltr'><strong>aperiri</strong></span> <span class='ocrx_word' id='word_1_776' title='bbox 873 5627 1155 5700; x_wconf 83' lang='lat' dir='ltr'><strong>jussisset,</strong></span> <span class='ocrx_word' id='word_1_777' title='bbox 1200 5641 1397 5682; x_wconf 90' lang='lat' dir='ltr'><strong>omnes</strong></span> <span class='ocrx_word' id='word_1_778' title='bbox 1441 5642 1538 5683; x_wconf 90' lang='lat' dir='ltr'><strong>eos</strong></span> <span class='ocrx_word' id='word_1_779' title='bbox 1579 5628 1678 5700; x_wconf 89' lang='lat' dir='ltr'><strong>qui</strong></span> <span class='ocrx_word' id='word_1_780' title='bbox 1728 5628 1981 5697; x_wconf 89' lang='lat' dir='ltr'><strong>aderant,</strong></span> 
     </span>
    </p>
   </div>
   <div class='ocr_carea' id='block_1_105' title="bbox 2079 4561 3672 4631">
    <p class='ocr_par' dir='ltr' id='par_1_105' title="bbox 2079 4561 3672 4631">
     <span class='ocr_line' id='line_1_105' title="bbox 2079 4561 3672 4631; baseline 0.001 -17"><span class='ocrx_word' id='word_1_781' title='bbox 2079 4561 2228 4614; x_wconf 90' lang='lat' dir='ltr'><strong>hunc</strong></span> <span class='ocrx_word' id='word_1_782' title='bbox 2255 4561 2313 4614; x_wconf 91' lang='lat' dir='ltr'><strong>in</strong></span> <span class='ocrx_word' id='word_1_783' title='bbox 2333 4566 2618 4631; x_wconf 92' lang='lat' dir='ltr'><strong>aspectum</strong></span> <span class='ocrx_word' id='word_1_784' title='bbox 2640 4562 2953 4627; x_wconf 88' lang='lat' dir='ltr'><strong>cadentem,</strong></span> <span class='ocrx_word' id='word_1_785' title='bbox 2986 4561 3092 4615; x_wconf 91' lang='lat' dir='ltr'><strong>hoc</strong></span> <span class='ocrx_word' id='word_1_786' title='bbox 3119 4567 3175 4616; x_wconf 91' lang='lat' dir='ltr'><strong>et</strong></span> <span class='ocrx_word' id='word_1_787' title='bbox 3203 4563 3426 4627; x_wconf 67' lang='lat' dir='ltr'><strong>coelum,</strong></span> <span class='ocrx_word' id='word_1_788' title='bbox 3459 4578 3524 4616; x_wconf 89' lang='lat' dir='ltr'><strong>ac</strong></span> <span class='ocrx_word' id='word_1_789' title='bbox 3551 4567 3672 4616; x_wconf 87' lang='lat' dir='ltr'><strong>ter—</strong></span> 
     </span>
    </p>
   </div>
   <div class='ocr_carea' id='block_1_106' title="bbox 2077 4650 3666 4721">
    <p class='ocr_par' dir='ltr' id='par_1_106' title="bbox 2077 4650 3666 4721">
     <span class='ocr_line' id='line_1_106' title="bbox 2077 4650 3666 4721; baseline 0 -17"><span class='ocrx_word' id='word_1_790' title='bbox 2077 4665 2219 4714; x_wconf 88' lang='lat' dir='ltr'><strong>ram,</strong></span> <span class='ocrx_word' id='word_1_791' title='bbox 2252 4654 2310 4703; x_wconf 92' lang='lat' dir='ltr'><strong>et</strong></span> <span class='ocrx_word' id='word_1_792' title='bbox 2338 4665 2512 4716; x_wconf 87' lang='lat' dir='ltr'><strong>mare;</strong></span> <span class='ocrx_word' id='word_1_793' title='bbox 2537 4667 2704 4721; x_wconf 91' lang='lat' dir='ltr'><strong>quem</strong></span> <span class='ocrx_word' id='word_1_794' title='bbox 2725 4650 2896 4704; x_wconf 87' lang='lat' dir='ltr'><strong>ctiam</strong></span> <span class='ocrx_word' id='word_1_795' title='bbox 2913 4650 3330 4705; x_wconf 79' lang='lat' dir='ltr'><strong>lzetissimaluce</strong></span> <span class='ocrx_word' id='word_1_796' title='bbox 3359 4650 3666 4714; x_wconf 89' lang='lat' dir='ltr'><strong>coornavit,</strong></span> 
     </span>
    </p>
   </div>
   <div class='ocr_carea' id='block_1_107' title="bbox 2077 4738 3672 4810">
    <p class='ocr_par' dir='ltr' id='par_1_107' title="bbox 2077 4738 3672 4810">
     <span class='ocr_line' id='line_1_107' title="bbox 2077 4738 3672 4810; baseline 0.003 -20"><span class='ocrx_word' id='word_1_797' title='bbox 2077 4738 2280 4792; x_wconf 78' lang='lat' dir='ltr'><strong>ccelum</strong></span> <span class='ocrx_word' id='word_1_798' title='bbox 2307 4755 2509 4810; x_wconf 89' lang='lat' dir='ltr'><strong>nempe</strong></span> <span class='ocrx_word' id='word_1_799' title='bbox 2535 4739 2651 4794; x_wconf 89' lang='lat' dir='ltr'><strong>sole</strong></span> <span class='ocrx_word' id='word_1_800' title='bbox 2676 4755 2741 4794; x_wconf 89' lang='lat' dir='ltr'><strong>ac</strong></span> <span class='ocrx_word' id='word_1_801' title='bbox 2763 4739 2899 4793; x_wconf 90' lang='lat' dir='ltr'><strong>luna</strong></span> <span class='ocrx_word' id='word_1_802' title='bbox 2922 4745 2980 4793; x_wconf 92' lang='lat' dir='ltr'><strong>et</strong></span> <span class='ocrx_word' id='word_1_803' title='bbox 3007 4739 3303 4804; x_wconf 72' lang='lat' dir='ltr'><strong>sideribus,</strong></span> <span class='ocrx_word' id='word_1_804' title='bbox 3329 4744 3543 4794; x_wconf 86' lang='lat' dir='ltr'><strong>terram</strong></span> <span class='ocrx_word' id='word_1_805' title='bbox 3565 4755 3672 4794; x_wconf 89' lang='lat' dir='ltr'><strong>au-</strong></span> 
     </span>
    </p>
   </div>
   <div class='ocr_carea' id='block_1_108' title="bbox 2076 4827 3681 4900">
    <p class='ocr_par' dir='ltr' id='par_1_108' title="bbox 2076 4827 3681 4900">
     <span class='ocr_line' id='line_1_108' title="bbox 2076 4827 3681 4900; baseline 0.002 -20"><span class='ocrx_word' id='word_1_806' title='bbox 2076 4831 2193 4880; x_wconf 90' lang='lat' dir='ltr'><strong>tem</strong></span> <span class='ocrx_word' id='word_1_807' title='bbox 2222 4827 2404 4882; x_wconf 90' lang='lat' dir='ltr'><strong>omnis</strong></span> <span class='ocrx_word' id='word_1_808' title='bbox 2423 4827 2646 4898; x_wconf 89' lang='lat' dir='ltr'><strong>generis</strong></span> <span class='ocrx_word' id='word_1_809' title='bbox 2667 4833 2858 4894; x_wconf 50' lang='lat'><strong>$55</strong></span> <span class='ocrx_word' id='word_1_810' title='bbox 2877 4827 3144 4900; x_wconf 82' lang='lat' dir='ltr'><strong>stirpibus</strong></span> <span class='ocrx_word' id='word_1_811' title='bbox 3159 4845 3223 4882; x_wconf 89' lang='lat' dir='ltr'><strong>ac</strong></span> <span class='ocrx_word' id='word_1_812' title='bbox 3239 4827 3406 4882; x_wconf 88' lang='lat' dir='ltr'><strong>variis</strong></span> <span class='ocrx_word' id='word_1_813' title='bbox 3417 4827 3681 4883; x_wconf 86' lang='lat' dir='ltr'><strong>animan-</strong></span> 
     </span>
    </p>
   </div>
   <div class='ocr_carea' id='block_1_109' title="bbox 2077 4914 3673 4988">
    <p class='ocr_par' dir='ltr' id='par_1_109' title="bbox 2077 4914 3673 4988">
     <span class='ocr_line' id='line_1_109' title="bbox 2077 4914 3673 4988; baseline 0.003 -19"><span class='ocrx_word' id='word_1_814' title='bbox 2077 4914 2409 4981; x_wconf 90' lang='lat' dir='ltr'><strong>tibus,mare</strong></span> <span class='ocrx_word' id='word_1_815' title='bbox 2439 4916 2683 4988; x_wconf 86' lang='lat' dir='ltr'><strong>denique</strong></span> <span class='ocrx_word' id='word_1_816' title='bbox 2711 4916 3186 4972; x_wconf 88' lang='lat' dir='ltr'><strong>numerosissimis</strong></span> <span class='ocrx_word' id='word_1_817' title='bbox 3197 4916 3434 4988; x_wconf 90' lang='lat' dir='ltr'><strong>piscium</strong></span> <span class='ocrx_word' id='word_1_818' title='bbox 3449 4917 3673 4987; x_wconf 86' lang='lat' dir='ltr'><strong>generi-</strong></span> 
     </span>
    </p>
   </div>
   <div class='ocr_carea' id='block_1_110' title="bbox 2076 5003 3675 5076">
    <p class='ocr_par' dir='ltr' id='par_1_110' title="bbox 2076 5003 3675 5076">
     <span class='ocr_line' id='line_1_110' title="bbox 2076 5003 3675 5076; baseline 0.002 -18"><span class='ocrx_word' id='word_1_819' title='bbox 2076 5003 2200 5063; x_wconf 90' lang='lat' dir='ltr'><strong>bus.</strong></span> <span class='ocrx_word' id='word_1_820' title='bbox 2234 5005 2362 5060; x_wconf 71' lang='lat' dir='ltr'><strong>Haec</strong></span> <span class='ocrx_word' id='word_1_821' title='bbox 2382 5005 2572 5060; x_wconf 87' lang='lat' dir='ltr'><strong>omnia</strong></span> <span class='ocrx_word' id='word_1_822' title='bbox 2595 5006 2714 5076; x_wconf 90' lang='lat' dir='ltr'><strong>ipse</strong></span> <span class='ocrx_word' id='word_1_823' title='bbox 2744 5004 2901 5071; x_wconf 90' lang='lat' dir='ltr'><strong>dixit,</strong></span> <span class='ocrx_word' id='word_1_824' title='bbox 2935 5011 2992 5060; x_wconf 93' lang='lat' dir='ltr'><strong>et</strong></span> <span class='ocrx_word' id='word_1_825' title='bbox 3011 5006 3157 5060; x_wconf 84' lang='lat' dir='ltr'><strong>facta</strong></span> <span class='ocrx_word' id='word_1_826' title='bbox 3185 5011 3336 5060; x_wconf 87' lang='lat' dir='ltr'><strong>sunt:</strong></span> <span class='ocrx_word' id='word_1_827' title='bbox 3359 5005 3478 5076; x_wconf 91' lang='lat' dir='ltr'><strong>ipse</strong></span> <span class='ocrx_word' id='word_1_828' title='bbox 3507 5023 3675 5062; x_wconf 87' lang='lat' dir='ltr'><strong>man-</strong></span> 
     </span>
    </p>
   </div>
   <div class='ocr_carea' id='block_1_111' title="bbox 2077 5092 3678 5165">
    <p class='ocr_par' dir='ltr' id='par_1_111' title="bbox 2077 5092 3678 5165">
     <span class='ocr_line' id='line_1_111' title="bbox 2077 5092 3678 5165; baseline 0.002 -18"><span class='ocrx_word' id='word_1_829' title='bbox 2077 5093 2246 5159; x_wconf 88' lang='lat' dir='ltr'><strong>davit,</strong></span> <span class='ocrx_word' id='word_1_830' title='bbox 2281 5100 2338 5149; x_wconf 93' lang='lat' dir='ltr'><strong>et</strong></span> <span class='ocrx_word' id='word_1_831' title='bbox 2365 5100 2554 5149; x_wconf 91' lang='lat' dir='ltr'><strong>creata</strong></span> <span class='ocrx_word' id='word_1_832' title='bbox 2583 5099 2716 5150; x_wconf 91' lang='lat' dir='ltr'><strong>sunt</strong></span> <span class='ocrx_word' id='word_1_833' title='bbox 2751 5097 2912 5159; x_wconf 78' lang='lat' dir='ltr'><strong>(Psal.</strong></span> <span class='ocrx_word' id='word_1_834' title='bbox 2935 5092 3178 5165; x_wconf 76' lang='lat' dir='ltr'><strong>cxsvm).</strong></span> <span class='ocrx_word' id='word_1_835' title='bbox 3194 5095 3332 5148; x_wconf 91' lang='lat' dir='ltr'><strong>Post</strong></span> <span class='ocrx_word' id='word_1_836' title='bbox 3356 5100 3548 5149; x_wconf 90' lang='lat' dir='ltr'><strong>autem</strong></span> <span class='ocrx_word' id='word_1_837' title='bbox 3576 5095 3678 5150; x_wconf 90' lang='lat' dir='ltr'><strong>ho-</strong></span> 
     </span>
    </p>
   </div>
   <div class='ocr_carea' id='block_1_112' title="bbox 2074 5182 3676 5255">
    <p class='ocr_par' dir='ltr' id='par_1_112' title="bbox 2074 5182 3676 5255">
     <span class='ocr_line' id='line_1_112' title="bbox 2074 5182 3676 5255; baseline 0.002 -19"><span class='ocrx_word' id='word_1_838' title='bbox 2074 5198 2284 5236; x_wconf 79' lang='lat' dir='ltr'><strong>minem</strong></span> <span class='ocrx_word' id='word_1_839' title='bbox 2315 5183 2551 5238; x_wconf 90' lang='lat' dir='ltr'><strong>suismet</strong></span> <span class='ocrx_word' id='word_1_840' title='bbox 2565 5182 2826 5238; x_wconf 91' lang='lat' dir='ltr'><strong>manibus</strong></span> <span class='ocrx_word' id='word_1_841' title='bbox 2841 5183 3078 5252; x_wconf 81' lang='lat' dir='ltr'><strong>efﬁngit,</strong></span> <span class='ocrx_word' id='word_1_842' title='bbox 3101 5189 3326 5255; x_wconf 90' lang='lat' dir='ltr'><strong>sumpto</strong></span> <span class='ocrx_word' id='word_1_843' title='bbox 3353 5183 3624 5239; x_wconf 89' lang='lat' dir='ltr'><strong>nimirum</strong></span> <span class='ocrx_word' id='word_1_844' title='bbox 3639 5201 3676 5240; x_wconf 87' lang='lat' dir='ltr'><strong>a</strong></span> 
     </span>
    </p>
   </div>
   <div class='ocr_carea' id='block_1_113' title="bbox 2072 5272 3675 5343">
    <p class='ocr_par' dir='ltr' id='par_1_113' title="bbox 2072 5272 3675 5343">
     <span class='ocr_line' id='line_1_113' title="bbox 2072 5272 3675 5343; baseline 0.001 -18"><span class='ocrx_word' id='word_1_845' title='bbox 2072 5276 2225 5325; x_wconf 88' lang='lat' dir='ltr'><strong>terra</strong></span> <span class='ocrx_word' id='word_1_846' title='bbox 2253 5272 2323 5326; x_wconf 90' lang='lat' dir='ltr'><strong>ad</strong></span> <span class='ocrx_word' id='word_1_847' title='bbox 2350 5272 2598 5343; x_wconf 84' lang='lat' dir='ltr'><strong>corporis</strong></span> <span class='ocrx_word' id='word_1_848' title='bbox 2624 5273 3092 5343; x_wconf 90' lang='lat' dir='ltr'><strong>compositionem</strong></span> <span class='ocrx_word' id='word_1_849' title='bbox 3120 5273 3456 5339; x_wconf 76' lang='lat' dir='ltr'><strong>1uto,anima</strong></span> <span class='ocrx_word' id='word_1_850' title='bbox 3479 5279 3675 5328; x_wconf 89' lang='lat' dir='ltr'><strong>autem</strong></span> 
     </span>
    </p>
   </div>
   <div class='ocr_carea' id='block_1_114' title="bbox 2070 5360 3672 5433">
    <p class='ocr_par' dir='ltr' id='par_1_114' title="bbox 2070 5360 3672 5433">
     <span class='ocr_line' id='line_1_114' title="bbox 2070 5360 3672 5433; baseline 0.002 -19"><span class='ocrx_word' id='word_1_851' title='bbox 2070 5360 2306 5414; x_wconf 89' lang='lat' dir='ltr'><strong>rationis</strong></span> <span class='ocrx_word' id='word_1_852' title='bbox 2335 5361 2782 5431; x_wconf 67' lang='lat' dir='ltr'><strong>etintelligentiae</strong></span> <span class='ocrx_word' id='word_1_853' title='bbox 2809 5362 3080 5432; x_wconf 88' lang='lat' dir='ltr'><strong>participe</strong></span> <span class='ocrx_word' id='word_1_854' title='bbox 3091 5378 3192 5433; x_wconf 89' lang='lat' dir='ltr'><strong>per</strong></span> <span class='ocrx_word' id='word_1_855' title='bbox 3217 5377 3378 5416; x_wconf 88' lang='lat' dir='ltr'><strong>suam</strong></span> <span class='ocrx_word' id='word_1_856' title='bbox 3410 5362 3672 5418; x_wconf 70' lang='lat' dir='ltr'><strong>insuffla-</strong></span> 
     </span>
    </p>
   </div>
   <div class='ocr_carea' id='block_1_115' title="bbox 2068 5453 3668 5526">
    <p class='ocr_par' dir='ltr' id='par_1_115' title="bbox 2068 5453 3668 5526">
     <span class='ocr_line' id='line_1_115' title="bbox 2068 5453 3668 5526; baseline 0.003 -20"><span class='ocrx_word' id='word_1_857' title='bbox 2068 5453 2280 5508; x_wconf 89' lang='lat' dir='ltr'><strong>tionem</strong></span> <span class='ocrx_word' id='word_1_858' title='bbox 2309 5453 2419 5524; x_wconf 90' lang='lat' dir='ltr'><strong>ipsi</strong></span> <span class='ocrx_word' id='word_1_859' title='bbox 2446 5454 2680 5522; x_wconf 88' lang='lat' dir='ltr'><strong>tributa,</strong></span> <span class='ocrx_word' id='word_1_860' title='bbox 2697 5473 2819 5526; x_wconf 66' lang='lat' dir='ltr'><strong>qua;</strong></span> <span class='ocrx_word' id='word_1_861' title='bbox 2834 5455 3062 5526; x_wconf 91' lang='lat' dir='ltr'><strong>quidem</strong></span> <span class='ocrx_word' id='word_1_862' title='bbox 3091 5455 3161 5509; x_wconf 89' lang='lat' dir='ltr'><strong>ad</strong></span> <span class='ocrx_word' id='word_1_863' title='bbox 3174 5454 3273 5509; x_wconf 90' lang='lat' dir='ltr'><strong>Dei</strong></span> <span class='ocrx_word' id='word_1_864' title='bbox 3287 5455 3593 5526; x_wconf 87' lang='lat' dir='ltr'><strong>imaginem</strong></span> <span class='ocrx_word' id='word_1_865' title='bbox 3607 5462 3668 5511; x_wconf 89' lang='lat' dir='ltr'><strong>et</strong></span> 
     </span>
    </p>
   </div>
   <div class='ocr_carea' id='block_1_116' title="bbox 2069 5541 3668 5614">
    <p class='ocr_par' dir='ltr' id='par_1_116' title="bbox 2069 5541 3668 5614">
     <span class='ocr_line' id='line_1_116' title="bbox 2069 5541 3668 5614; baseline 0.003 -20"><span class='ocrx_word' id='word_1_866' title='bbox 2069 5541 2493 5596; x_wconf 88' lang='lat' dir='ltr'><strong>similitudinem</strong></span> <span class='ocrx_word' id='word_1_867' title='bbox 2522 5543 2720 5598; x_wconf 75' lang='lat' dir='ltr'><strong>effecta</strong></span> <span class='ocrx_word' id='word_1_868' title='bbox 2749 5559 2872 5598; x_wconf 91' lang='lat' dir='ltr'><strong>esse</strong></span> <span class='ocrx_word' id='word_1_869' title='bbox 2911 5543 3119 5614; x_wconf 87' lang='lat' dir='ltr'><strong>scripta</strong></span> <span class='ocrx_word' id='word_1_870' title='bbox 3149 5548 3235 5597; x_wconf 91' lang='lat' dir='ltr'><strong>est</strong></span> <span class='ocrx_word' id='word_1_871' title='bbox 3273 5544 3504 5612; x_wconf 79' lang='lat' dir='ltr'><strong>(Gen._I)</strong></span> <span class='ocrx_word' id='word_1_872' title='bbox 3545 5561 3558 5597; x_wconf 88' lang='lat'><strong>:</strong></span> <span class='ocrx_word' id='word_1_873' title='bbox 3593 5544 3668 5598; x_wconf 88' lang='lat' dir='ltr'><strong>ad</strong></span> 
     </span>
    </p>
   </div>
   <div class='ocr_carea' id='block_1_117' title="bbox 2068 5629 3666 5707">
    <p class='ocr_par' dir='ltr' id='par_1_117' title="bbox 2068 5629 3666 5707">
     <span class='ocr_line' id='line_1_117' title="bbox 2068 5629 3666 5707; baseline 0.002 -21"><span class='ocrx_word' id='word_1_874' title='bbox 2068 5629 2374 5701; x_wconf 82' lang='lat' dir='ltr'><strong>imaginem</strong></span> <span class='ocrx_word' id='word_1_875' title='bbox 2394 5631 2670 5700; x_wconf 88' lang='lat' dir='ltr'><strong>videlicet,</strong></span> <span class='ocrx_word' id='word_1_876' title='bbox 2702 5637 2934 5707; x_wconf 87' lang='lat' dir='ltr'><strong>propter</strong></span> <span class='ocrx_word' id='word_1_877' title='bbox 2952 5633 3075 5688; x_wconf 87' lang='lat' dir='ltr'><strong>vim</strong></span> <span class='ocrx_word' id='word_1_878' title='bbox 3103 5631 3454 5704; x_wconf 81' lang='lat' dir='ltr'><strong>intelligendi</strong></span> <span class='ocrx_word' id='word_1_879' title='bbox 3488 5638 3666 5706; x_wconf 86' lang='lat' dir='ltr'><strong>atque</strong></span> 
     </span>
    </p>
   </div>
  </div>
