3878 6408
147 433 254 492 465

563 441 731 496 VITA
769 419 1209 498 SANCTCRUM
1246 443 1589 499 BARLAAM
1628 444 1964 502 EREMITIE
2001 446 2090 502 ET
2126 445 2493 502 JOSAPHAT
2529 446 2754 504 INDIZE
2788 446 3020 505 REGIS.

3328 446 3434 507 466

148 561 726 636 arbitriilibertatem;
748 566 818 624 ad
843 568 1267 625 similitudinem
1287 575 1498 637 autem,
1526 576 1756 643 propter
1771 578 1818 635 A
1905 574 2016 628 Alii
2047 574 2197 630 enim
2226 592 2360 630 casu
2386 592 2451 629 ac
2477 574 2708 630 fortuito
2736 574 2928 628 omnia
2955 573 3108 640 ferri,
3133 573 3431 645 providen-

150 654 376 711 virtutis
405 656 601 727 ipsius,
627 659 808 729 quoad
826 661 947 731 ejus
976 660 1097 714 ﬁeri
1127 665 1328 730 potest,
1357 660 1747 717 imitationem.

153 744 313 798 Ilunc
345 763 516 816 porro
552 748 857 815 hominem,
902 748 1119 803 arbitrii
1158 748 1415 804 libertate
1441 756 1610 821 atque
1639 752 1748 806 im-

150 835 497 890 mortalitate
526 837 813 904 donatum,
848 854 1044 895 eorum
1072 856 1194 911 quae
1224 839 1279 893 in
1312 844 1465 895 terra
1502 846 1637 895 sunt
1664 859 1750 896 re-

146 936 275 990 gem
314 925 650 992 constituit;
686 931 855 998 atque
886 943 952 981 ex
988 927 1111 998 ipso
1156 927 1440 997 feminam,
1486 945 1609 1000 qua:
1641 929 1748 1001 ipsi

146 1010 350 1065 auxilio
381 1019 548 1081 esset,
581 1014 690 1087 ipsi
717 1015 957 1070 similem
988 1017 1186 1071 eﬂecit.

217 1100 563 1173 Consitoque
588 1104 648 1158 in
673 1104 826 1159 Eden
854 1105 924 1159 ad
960 1105 1247 1161 Orientem
1277 1108 1558 1177 paradiso,
1587 1108 1744 1164 volu-

150 1190 315 1259 ptatis
345 1192 533 1246 omnis
579 1198 749 1264 atque
793 1193 1186 1250 oblectamenti
1219 1196 1398 1267 pleno,
1434 1196 1741 1263 hominem,

148 1294 313 1348 quem
343 1280 662 1349 efﬂuxerat,
688 1283 746 1336 in
792 1283 914 1355 ipso
946 1284 1260 1351 collocavit;
1292 1285 1372 1339 sic
1401 1286 1648 1356 quidem,
1682 1292 1746 1342 ut

147 1366 330 1421 divina
351 1366 573 1423 bonitas
595 1370 784 1425 omnia
800 1371 954 1441 ligna
969 1389 1093 1442 qua:
1124 1373 1236 1426 illic
1266 1380 1426 1427 erant
1447 1374 1568 1428 sine
1589 1376 1744 1429 nullo

150 1454 549 1527 impedimento
591 1476 720 1513 eum
751 1461 1040 1532 percipere
1064 1461 1323 1531 juberet;
1355 1463 1522 1517 unius
1552 1470 1744 1518 autem

146 1542 418 1600 duntaxat
453 1548 842 1618 degustatione
879 1550 985 1621 ipsi
1019 1551 1381 1605 interdiceret
1412 1552 1577 1623 (quod
1618 1553 1745 1623 qui-

148 1634 271 1689 dem
298 1635 518 1705 lignum
548 1638 791 1693 scientim
830 1639 959 1693 boni
998 1645 1055 1693 et
1082 1641 1219 1694 mali
1246 1642 1588 1712 appellatum
1613 1648 1740 1711 est),

149 1723 232 1777 his
252 1724 438 1779 verbis
460 1731 623 1781 utens
646 1745 658 1779 :
687 1728 1032 1799 Quacunque
1071 1729 1161 1783 die
1190 1731 1543 1785 comederitis
1570 1749 1634 1785 ex
1655 1749 1739 1798 eo,

151 1819 322 1867 morte
349 1815 693 1870 moriemini.
726 1817 1020 1872 Enimvero
1052 1834 1197 1872 unus
1236 1835 1301 1872 ex
1333 1820 1612 1890 praadictis
1642 1837 1744 1875 an-

1832 662 2036 733 timque
2066 665 2318 735 expertia
2347 680 2469 718 esse
2500 669 2873 730 censuerunt;
2902 669 3176 734 tanquam
3223 663 3435 719 scilicet

1833 752 2018 806 nullus
2042 754 2316 825 Dominus
2345 753 2421 808 sit
2450 753 2545 824 qui
2572 769 2636 806 ea
2662 757 2823 822 regat
2850 769 2913 805 ac
2943 753 3287 807 moderetur.
3319 752 3431 807 Alii

1831 839 2009 894 fatum
2030 842 2380 908 invexerunt,
2397 842 2779 913 natalitiisque
2796 841 3072 895 sideribus
3083 840 3273 896 omnia
3285 858 3432 896 com-

1830 931 2125 985 miserunt.
2159 932 2269 986 Alii
2286 933 2496 987 multos
2517 933 2651 986 deos
2680 932 2876 996 malos,
2909 948 2975 985 ac
2995 932 3187 986 multis
3215 932 3432 986 vitiosis

1831 1020 2216 1075 affectionibus
2263 1021 2585 1076 laborantes
2646 1021 2960 1087 coluerunt,
3021 1037 3132 1091 quo
3175 1020 3432 1075 videlicet

1828 1125 2059 1164 suarum
2082 1110 2439 1165 aﬂ‘ectionum
2457 1116 2514 1164 et
2537 1110 2792 1180 gravium
2817 1109 3159 1178 ﬂagitiorum
3181 1109 3433 1165 defenso-

1826 1214 1917 1251 res
1947 1204 2005 1252 et
2032 1204 2300 1270 patronos
2320 1216 2416 1252 eos
2437 1198 2727 1252 haberent.
2757 1198 3009 1262 Quorum
3031 1198 3204 1252 etiam
3222 1198 3431 1253 formas

1827 1287 2049 1358 pictura
2078 1288 2471 1359 exprimentes,
2492 1288 2691 1342 surdas
2715 1293 2931 1341 statuas
2951 1304 3015 1341 ac
3036 1304 3205 1341 sensu
3237 1304 3431 1343 caren-

1825 1375 1907 1429 tia
1934 1376 2234 1431 simulacra
2264 1377 2321 1430 in
2352 1378 2529 1431 altum
2557 1381 2872 1438 erexerunt,
2909 1392 3086 1445 eaque
3116 1375 3174 1429 in
3205 1376 3431 1447 templis

1827 1463 2045 1518 inclusa
2064 1466 2359 1519 coluerunt
2388 1472 2445 1519 et
2463 1466 2788 1531 adorarunt,
2822 1464 3128 1518 servientes
3155 1465 3428 1519 nimirum

1828 1559 2097 1607 creaturae
2128 1553 2317 1624 potius
2336 1571 2505 1624 quam
2528 1553 2800 1608 Creatori.
2819 1552 3060 1617 Quidam
3092 1552 3241 1606 enim
3254 1553 3430 1608 solem

1828 1647 1886 1695 et
1916 1642 2107 1696 lunam
2127 1659 2190 1696 ac
2211 1643 2415 1707 sidera,
2438 1660 2561 1713 quae
2584 1644 2733 1696 Deus
2753 1642 2823 1696 ad
2846 1643 3027 1696 lucem
3052 1646 3277 1696 terreno
3297 1642 3429 1696 huic

1829 1731 2037 1785 mundo
2066 1732 2407 1785 aﬂerendam
2438 1732 2644 1802 posuit,
2679 1731 2970 1785 coluerunt
2996 1748 3007 1783 :
3033 1747 3157 1801 quae
3202 1730 3428 1802 quidem

1827 1819 2019 1872 anima
2064 1825 2118 1873 et
2166 1837 2334 1874 sensu
2380 1824 2592 1880 carent,
2639 1836 2705 1873 ac
2748 1818 3030 1874 Creatoris
3078 1818 3429 1889 providentia

147 1902 333 1971 gelicis
359 1904 557 1975 c0piis,
593 1906 690 1975 qui
717 1906 815 1960 uni
840 1906 1051 1976 agmini
1079 1914 1336 1977 prmerat,
1361 1925 1488 1962 cum
1519 1898 1807 1963 natura-3
1826 1908 2221 1962 illuminantur
2248 1914 2305 1962 et
2323 1913 2742 1973 conservantur,
2776 1924 2888 1963 non
2906 1912 3098 1962 autem
3120 1907 3427 1978 quidquam

149 1993 213 2047 lis
240 1993 356 2047 vitii
392 2011 466 2048 ne
507 1994 805 2049 minimum
841 1996 1069 2067 quidem
1097 1997 1392 2067 vestigium
1420 2016 1455 2052 a
1495 2004 1746 2054 creatore

148 2083 473 2154 accepisset,
524 2101 717 2138 verum
763 2084 895 2139 boni
939 2102 1108 2139 causa
1156 2093 1480 2157 procreatus
1524 2088 1742 2156 fuisset,

150 2171 318 2225 libera
343 2173 555 2227 mentis
584 2173 907 2228 inductione
927 2191 963 2228 a
991 2174 1135 2229 bono
1166 2176 1465 2231 in'malum
1495 2178 1739 2245 deﬂexit,

150 2267 309 2332 atque
328 2261 631 2317 insolentia
653 2262 854 2330 elatus,
879 2264 1145 2319 adversus
1164 2265 1465 2320 Dominum
1480 2283 1544 2320 ac
1564 2266 1743 2321 Deum

154 2349 415 2405 rebellare
442 2352 640 2405 voluit.
672 2354 752 2406 Ac
788 2359 1087 2424 propterea
1119 2370 1185 2408 ex
1216 2354 1413 2409 ordine
1439 2372 1540 2410 suo
1570 2373 1636 2410 ac
1663 2356 1745 2410 di-

149 2438 355 2507 gnitate
386 2440 655 2512 expulsus
684 2446 788 2507 est,
819 2447 989 2512 atque
1018 2458 1119 2513 pro
1147 2441 1316 2496 beata
1355 2442 1453 2497 illa
1478 2444 1658 2513 gloria
1689 2450 1747 2498 et

151 2527 388 2597 angelico
418 2529 670 2594 nomine,
691 2529 897 2583 diaboli
918 2546 983 2584 ac
1009 2531 1231 2585 Satanae
1260 2548 1465 2586 nomen
1486 2549 1747 2588 consecu-

150 2618 235 2669 tus
282 2621 382 2669 est.
423 2617 578 2671 Deus
620 2617 772 2672 enim
809 2618 1014 2689 ipsum,
1062 2625 1119 2673 et
1158 2620 1367 2674 caelesti
1394 2621 1576 2688 gloria
1598 2621 1748 2676 indi-

151 2720 331 2773 gnum,
357 2706 702 2777 praecipitem
731 2724 762 2760 e
792 2708 934 2761 cmlo
964 2708 1299 2763 exturbavit.
1333 2710 1473 2763 Cum
1492 2727 1556 2763 eo
1581 2727 1746 2781 porro

153 2791 308 2846 simul
328 2795 524 2849 avulsa
552 2802 610 2849 et
636 2797 815 2865 ejecta
834 2797 1134 2867 estingens
1164 2799 1493 2867 angelorum
1521 2800 1616 2869 qui
1638 2800 1746 2870 ipsi

152 2879 405 2937 suberant
433 2884 737 2939 multitudo
770 2902 782 2938 :
814 2885 909 2956 qui
938 2885 1164 2955 quidem
1194 2885 1398 2940 mentis
1421 2887 1744 2942 inductione

156 2970 277 3024 mali
304 2971 506 3040 effecti,
540 2990 606 3027 ac
634 2972 765 3028 boni
795 2974 915 3028 loco
944 2974 1211 3045 principis
1247 2975 1333 3029 sui
1376 2975 1747 3031 defectionem

154 3060 337 3125 secuti,
367 3061 688 3116 daemonum
718 3079 944 3130 nomen,
977 3069 1042 3119 ut
1069 3070 1403 3135 impostores
1422 3082 1486 3119 ac
1510 3065 1745 3120 circum-

156 3148 457 3219 scriptores,
494 3157 850 3222 acceperunt.

1828 2013 1929 2067 per
1957 2014 2016 2051 se
2045 1997 2249 2052 virium
2281 1996 2505 2052 habent.
2535 1997 2646 2052 Alii
2676 2002 2865 2051 autem
2912 1996 3102 2067 ignem
3133 2001 3192 2050 et
3219 2012 3426 2068 aquam

1827 2101 1893 2139 ac
1921 2086 2139 2156 reliqua
2162 2093 2325 2140 terrae
2355 2087 2652 2149 elementa,
2698 2085 2902 2157 quibus
2948 2101 3052 2139 nec
3092 2084 3284 2139 anima
3325 2101 3429 2139 nec

1827 2190 2025 2229 sensus
2046 2174 2211 2229 inest.
2244 2176 2439 2245 Neque
2460 2192 2555 2229 eos
2584 2174 2681 2245 qui
2700 2174 2890 2229 anima
2904 2178 2960 2228 et
2978 2173 3195 2228 ratione
3208 2172 3428 2245 praediti

1827 2268 1960 2317 sunt
1986 2264 2263 2334 ejusmodi
2292 2264 2458 2319 rebus
2486 2265 2701 2318 cultum
2740 2262 3007 2318 adhibere
3044 2262 3263 2334 puduit.
3315 2261 3427 2316 Alii

1826 2351 1978 2419 feris,
2012 2359 2070 2407 et
2097 2353 2410 2424 reptilibus,
2444 2359 2502 2407 et
2535 2352 2859 2424 pecudibus,
2896 2358 2953 2405 et
2966 2350 3428 2423 quadrupedibus

1828 2441 2208 2495 animantibus
2239 2442 2653 2496 venerationem
2673 2441 3028 2496 tribuerunt:
3055 2440 3188 2494 hinc
3214 2439 3429 2495 scilicet

1829 2547 1951 2584 sese
1984 2531 2216 2584 rationis
2245 2532 2424 2600 magis
2454 2538 2707 2603 expertes
2743 2530 3103 2585 ostendentes
3146 2545 3317 2600 quam
3359 2545 3429 2584 ea
3486 2548 3489 2551 ·

1829 2619 1953 2690 ipsa
1982 2636 2104 2690 qua:
2128 2620 2403 2674 colebant.
2433 2620 2541 2676 Alii
2572 2620 2821 2692 turpium
2845 2618 3219 2691 quorumdam
3248 2623 3307 2672 et
3333 2616 3428 2671 ab-

1822 2710 2102 2779 jectorum
2119 2709 2412 2763 hominum
2432 2711 2641 2764 formas
2656 2709 3046 2780 depinxerunt,
3072 2723 3279 2777 eosque
3292 2706 3429 2761 deos

1828 2798 2203 2867 appellarunt,
2228 2797 2432 2868 partim
2452 2798 2750 2863 masculos,
2772 2797 2981 2868 partim
3000 2796 3265 2850 feminas:
3288 2812 3429 2867 quos

1828 2886 1998 2940 etiam
2028 2886 2256 2957 ipsimet
2275 2886 2580 2953 adulteros,
2604 2891 2662 2941 et
2686 2886 3013 2952 homicidas,
3039 2891 3094 2939 et
3106 2884 3426 2952 iracundos,

1828 2980 1887 3027 et
1914 2975 2150 3040 invidos,
2172 2981 2235 3029 et
2254 2975 2513 3042 furiosos,
2546 2980 2604 3029 et
2632 2975 2957 3046 parricidas,
3013 2980 3071 3029 et
3090 2972 3423 3040 fratricidas,

1827 3068 1884 3117 et
1911 3063 2083 3131 fures,
2115 3069 2308 3132 πω
2333 3071 2390 3118 et
2403 3069 2672 3135 raptores,
2692 3070 2749 3119 et
2765 3064 3009 3130 claudos,
3035 3068 3092 3117 et
3118 3062 3347 3131 debiles,
3371 3068 3431 3117 et

1825 3154 2118 3219 veneﬁcos.
2156 3157 2225 3218 et
2240 3153 2467 3207 insanos
2490 3170 2611 3207 esse
2626 3153 2998 3217 tradiderunt,
3030 3157 3202 3222 atque
3223 3151 3427 3205 horum

217 3236 473 3295 Diabolus
504 3240 696 3311 igitur,
730 3242 989 3313 abjurato
1020 3259 1249 3313 prorsus
1274 3242 1439 3309 bono,
1483 3244 1743 3315 malaque
1764 3252 1804 3314 α
1826 3242 2126 3296 nonnullos
2160 3248 2397 3296 mortem
2426 3242 2649 3309 obiisse,
2699 3242 3000 3295 nonnullos
3026 3239 3263 3294 fulmine
3294 3255 3425 3310 per-

159 3330 345 3381 natura
378 3335 689 3401 assumpta,
714 3331 980 3385 invidiam
1011 3332 1277 3387 adversus
1307 3332 1591 3387 hominem
1618 3351 1746 3388 con-

157 3415 289 3485 cepit
315 3415 463 3487 (Sap.
495 3421 582 3485 II),
618 3425 916 3491 propterea
939 3421 1086 3492 quod
1112 3421 1359 3492 seipsum
1392 3439 1423 3476 e
1444 3427 1601 3477 tanta
1619 3423 1743 3493 glo-

159 3502 237 3556 ria
260 3506 517 3574 ejectum,
548 3507 704 3563 illum
734 3514 925 3563 autem
955 3511 1023 3565 ad
1071 3515 1294 3565 tantum
1324 3511 1593 3566 honorem
1618 3512 1745 3566 sub-

157 3598 356 3649 vectum
407 3598 797 3668 perspiceret:
845 3615 1086 3669 eumque
1121 3617 1151 3653 e
1192 3599 1359 3654 beata
1400 3600 1497 3654 illa
1522 3602 1741 3655 vivendi

160 3682 358 3737 ratione
382 3684 625 3755 dejicere
642 3686 994 3743 moliebatur.
1014 3689 1206 3752 Quare
1226 3695 1544 3760 serpentem
1565 3690 1742 3761 impo-

156 3774 306 3825 stura:
336 3789 448 3829 suae
478 3775 764 3830 ofﬁcinam
796 3783 1010 3840 nactus,
1044 3795 1144 3848 per
1165 3794 1295 3832 eum
1325 3778 1590 3833 feminam
1612 3796 1742 3833 con-

156 3859 307 3913 venit.
354 3863 607 3935 Cumque
640 3880 765 3918 eam
803 3882 902 3936 spe
950 3866 1257 3920 divinitatis
1286 3867 1626 3933 adduxisset,
1677 3874 1741 3923 ut

156 3943 493 4006 interdictum
547 3954 765 4023 lignum
822 3955 1163 4025 degustaret,
1214 3972 1315 4026 per
1367 3974 1489 4011 eam
1546 3964 1742 4028 postea

159 4035 309 4091 etiam
331 4040 609 4096 Adamum
638 4044 789 4109 (nam
810 4044 914 4099 hoc
942 4044 1123 4115 primo
1153 4045 1365 4100 homini
1386 4063 1591 4099 nomen
1612 4046 1735 4111 fuit)

158 4119 211 4176 in
234 4124 477 4184 fraudem
509 4131 751 4202 impulit.
786 4133 960 4187 Porro
990 4140 1199 4199 autem,
1234 4140 1301 4189 ut
1327 4135 1542 4205 primus
1573 4135 1741 4189 homo

160 4220 335 4270 contra
351 4217 601 4275 divinum
617 4221 916 4292 imperium
930 4222 1287 4277 interdictam
1308 4224 1554 4294 plantam
1574 4224 1744 4294 degu-

162 4303 327 4371 stavit,
358 4322 391 4361 a
418 4325 640 4363 summo
661 4317 893 4381 parente
922 4317 1091 4383 atque
1112 4312 1417 4368 architecto
1446 4331 1476 4367 e
1506 4313 1744 4367 delicia-

167 4403 278 4445 rum
296 4397 548 4464 paradiso
577 4400 1000 4469 exterminatur,
1030 4406 1199 4473 atque
1219 4401 1397 4457 beata:
1426 4402 1573 4456 illius
1599 4408 1654 4456 et
1673 4401 1742 4457 ab

168 4478 315 4536 exitio
349 4484 614 4542 immunis
655 4488 780 4543 vita;
821 4490 941 4543 loco
990 4490 1046 4544 in
1080 4491 1224 4545 hanc
1261 4491 1446 4555 (heu!)
1481 4492 1745 4545 miseram

1827 3347 2018 3385 cussos
2053 3330 2248 3393 fuisse,
2270 3331 2569 3385 nonnullos
2601 3330 2921 3385 hominibus
2952 3328 3229 3395 serviisse,
3255 3334 3424 3401 atque

1828 3420 2044 3474 exsules
2071 3420 2371 3486 exstitisse,
2406 3420 2705 3474 nonnullos
2742 3419 2976 3473 vulnera
3005 3419 3309 3489 accepisse,
3358 3434 3426 3473 ac

1826 3509 2074 3563 lamenta
2101 3508 2361 3574 edidisse,
2382 3514 2552 3579 atque
2581 3508 2651 3562 ob
2679 3507 2940 3579 improba
2966 3507 3184 3562 etfoeda
3210 3506 3426 3579 ﬂagitia

1826 3598 1884 3652 in
1917 3598 2184 3651 animalia
2213 3615 2333 3651 sese
2356 3598 2704 3652 immutasse.
2739 3598 2860 3662 Quo
2883 3596 3053 3651 ﬂebat
3076 3602 3141 3651 ut
3165 3596 3425 3650 homines

1823 3687 1894 3741 ab
1913 3687 2053 3757 ipsis
2072 3687 2179 3740 diis
2198 3687 2548 3741 occasionem
2577 3692 2885 3750 sumentes,
2904 3685 3058 3740 omni
3078 3684 3425 3757 impuritatis

1821 3793 2031 3846 genere
2060 3792 2180 3829 sese
2208 3775 2674 3830 contaminarent.
2706 3777 2786 3829 Ac
2811 3781 2931 3829 tum
2972 3773 3255 3829 horrenda
3295 3773 3423 3843 qui-

1823 3865 1951 3919 dem
1983 3865 2160 3935 caligo
2186 3882 2365 3935 genus
2396 3870 2651 3919 nostrum
2680 3863 2936 3931 tenebat;
2968 3879 3150 3934 neque
3176 3868 3301 3916 erat
3326 3860 3422 3933 qui

1824 3954 2184 4025 intelligeret,
2218 3972 2321 4009 nec
2350 3954 2447 4025 qui
2474 3954 2653 4008 Deum
2672 3952 2988 4024 requireret
3008 3953 3179 4019 (Psal.
3212 3952 3347 4019 xm).

1898 4044 1977 4097 Ea
2008 4050 2196 4098 autem
2236 4049 2399 4098 aetate
2424 4042 2707 4097 Abraham
2727 4042 2879 4095 solus
2904 4042 3162 4095 inventus
3197 4046 3283 4093 est
3327 4038 3422 4112 qui

1825 4133 2027 4186 animae
2055 4150 2282 4187 sensum
2315 4134 2541 4186 ﬁrmum
2569 4149 2634 4187 ac
2661 4132 2939 4186 valentem
2969 4129 3220 4196 haberet,
3250 4134 3419 4201 atque

1827 4239 1895 4275 ex
1925 4239 2115 4275 rerum
2142 4222 2493 4277 conditarum
2527 4227 2825 4293 prOSpectu
2855 4220 3203 4274 conditorem
3246 4235 3422 4289 agno-

1826 4317 2024 4366 sceret.
2048 4312 2192 4366 Nam
2225 4328 2351 4365 cum
2380 4311 2600 4376 coelum,
2630 4328 2695 4364 ac
2710 4315 2942 4375 terram,
2971 4315 3028 4363 et
3052 4324 3227 4371 mare,
3249 4308 3423 4362 solem

1826 4399 1962 4454 item
1994 4406 2051 4455 et
2078 4402 2272 4455 lanam
2302 4418 2366 4455 ac
2396 4400 2613 4471 reliqua
2641 4399 3065 4463 considerasset,
3102 4396 3422 4468 hujusmodi

1828 4497 2090 4544 ornatum
2120 4490 2512 4545 concinnitatis
2533 4490 2760 4560 plenum
2784 4488 3094 4541 admiratus
3121 4491 3225 4543 est.
3259 4486 3426 4539 Cum-

168 4565 320 4670 :Iitam
346 4572 558 4641 incidit,
600 4594 665 4631 ac
703 4585 986 4649 postremo
1026 4586 1206 4634 morte
1234 4581 1527 4635 multatur.
1561 4582 1808 4670 AtqueD
1828 4595 1937 4649 que
1968 4579 2263 4644 mundum,
2296 4585 2434 4633 etea
2460 4595 2583 4649 quae
2613 4578 2669 4631 in
2699 4576 2819 4646 ipso
2849 4580 2999 4637 sunt,
3023 4572 3421 4670 conspexisset,

168 4651 282 4713 hinc
307 4661 444 4718 vires
468 4671 665 4721 nactus
694 4667 968 4733 diabolus,
1004 4674 1060 4722 et
1080 4668 1309 4723 victoria
1337 4670 1535 4734 elatus,
1579 4674 1743 4723 aucto

166 4739 429 4807 hominum
458 4772 684 4825 genere,
717 4773 881 4811 omne
910 4757 1287 4828 improbitatis
1313 4775 1492 4828 genus
1522 4759 1656 4829 ipsis
1685 4758 1744 4812 in

167 4833 393 4894 animum
419 4842 629 4913 injecit.
652 4846 731 4899 Ex
753 4863 863 4917 quo
882 4846 1090 4900 factum
1110 4847 1268 4902 estut
1288 4849 1437 4901 Deus
1458 4848 1742 4917 ingentem

167 4927 354 5006 peccati
374 4929 642 5003 impetum
662 4951 918 4989 coercere
934 4952 999 4989 ac
1020 4936 1327 5006 reprimere
1348 4937 1553 4995 volens,
1578 4942 1743 4990 terra:

166 5005 407 5071 diluvium
438 5020 735 5089 induxerit,
769 5030 938 5094 atque
963 5041 1187 5079 omnem
1203 5026 1452 5079 animam
1469 5026 1743 5078 viventem

166 5102 463 5193 exstinxerit
480 5111 629 5181 (Gen.
668 5112 780 5176 vn).
817 5114 958 5168 Cum
981 5120 1169 5168 autem
1184 5132 1363 5171 unum
1381 5114 1655 5168 duntaxat
1684 5114 1742 5168 in

175 5184 257 5241 illa
276 5198 429 5251 astate
449 5199 666 5268 justum
696 5201 876 5256 virum
905 5202 1225 5267 invenisset,
1257 5204 1405 5257 hunc
1426 5220 1552 5257 cum
1571 5220 1741 5257 uxore

174 5288 230 5327 ac
254 5277 427 5339 liberis
448 5288 503 5342 in
533 5306 665 5344 arca
692 5291 935 5362 quadam
960 5297 1264 5357 servatum,
1297 5293 1478 5346 solum
1510 5292 1567 5346 in
1592 5297 1743 5346 terra

175 5370 453 5429 constituit.
487 5378 859 5451 Posteaquam
888 5388 1077 5435 autem
1108 5399 1335 5436 rursum
1364 5382 1619 5436 homines
1646 5399 1746 5436 nu-

176 5465 309 5511 mero
352 5468 539 5535 augeri
580 5477 888 5541 coeperunt,
933 5471 1034 5525 Dei
1082 5471 1356 5526 oblivione
1395 5471 1541 5542 capti
1592 5476 1741 5537 sunt,

176 5545 321 5638 ιξξίιιιε
339 5552 404 5638 ad
427 5571 739 5623 graviorem
771 5560 1119 5631 impietatem
1144 5565 1543 5632 proruperunt,
1568 5566 1631 5615 ut
1650 5559 1745 5630 qui

177 5626 383 5721 diversis
405 5647 641 5712 peccatis
670 5649 730 5703 in
757 5626 1084 5705 servitutem
1109 5626 1169 5704 se
1208 5626 1544 5715 addixerint,
1577 5626 1745 5722 atq—ue

177 5726 225 5769 ιιι
244 5724 381 5781 varia
405 5744 653 5792 errorum
673 5754 883 5807 genera
913 5739 1301 5800 distraxerint.

1827 4684 1941 4721 non
1971 4684 2104 4721 casu
2132 4684 2197 4721 ac
2228 4668 2457 4721 fortuito
2483 4683 2549 4719 ea
2579 4664 2854 4719 exstitisse
2901 4669 3071 4733 atque
3108 4661 3423 4716 conservari

1827 4755 2181 4809 existimavit.
2212 4757 2328 4809 Nec
2351 4771 2575 4810 rursum
2591 4760 2755 4808 terrae
2780 4752 3091 4816 elementis,
3124 4755 3224 4805 aut
3248 4751 3425 4806 inani-

1826 4845 1934 4899 mis
1963 4844 2277 4897 simulacris
2308 4850 2540 4898 ornatus
2570 4841 2958 4913 hujuscemodi
2996 4858 3223 4895 causam
3249 4841 3424 4896 ascri-

1825 4934 1969 5006 psit;
2001 4934 2099 4987 sed
2126 4934 2303 4987 Deum
2337 4949 2528 4987 verum
2561 4949 2660 5003 per
2686 4932 2803 4986 haec
2832 4931 3077 5002 agnovit.
3097 4938 3267 5002 atque
3297 4930 3425 4986 uni-

1826 5024 1971 5077 versi
2003 5023 2319 5077 eﬂ‘ectorem
2351 5027 2408 5075 et
2449 5027 2899 5076 conservatorem
2948 5038 3069 5075 esse
3116 5019 3417 5077 intellexit.

1826 5114 1976 5167 Deus
2003 5118 2192 5167 autem
2217 5112 2265 5180 ej
2276 5129 2337 5165 us
2355 5111 2692 5183 probitatem
2713 5110 2886 5164 animi
2910 5116 3080 5182 atque
3101 5109 3422 5175 candorem,

1836 5207 2164 5272 rectumque
2178 5201 2454 5271 judicium
2480 5199 2865 5272 comprobans,
2890 5199 3137 5271 seipsum
3152 5196 3203 5252 ei
3220 5195 3428 5269 patefe-

1827 5291 1903 5345 cit
1963 5294 2093 5358 (non
2123 5289 2347 5361 quidem
2380 5295 2442 5343 ut
2470 5294 2676 5343 natura
2711 5293 2814 5354 est,
2868 5303 3050 5358 neque
3105 5285 3258 5340 enim
3302 5285 3427 5340 ﬂeri

1828 5385 2014 5452 potest
2043 5386 2105 5434 ut
2132 5384 2319 5433 creata
2350 5383 2554 5432 natura
2589 5378 2769 5432 Deum
2815 5380 3028 5443 cernat,
3080 5391 3275 5429 verum
3326 5390 3428 5446 per

1829 5468 2266 5540 dispensatorias
2280 5467 2550 5537 quasdam
2560 5466 2660 5521 Dei
2673 5464 2933 5530 visiones,
2951 5463 3426 5535 quemadmodum

1828 5559 1947 5631 ipse
1976 5559 2169 5625 novit),
2197 5557 2617 5630 plenioremque
2643 5554 2729 5609 sui
2762 5554 3134 5627 cognitionem
3165 5553 3223 5607 in
3254 5552 3429 5625 ipsius

1828 5649 2023 5701 animo
2044 5648 2314 5713 inserens,
2340 5645 2521 5717 gloria
2534 5661 2662 5700 eum
2684 5644 2886 5707 affecit,
2911 5642 3129 5714 sibique
3155 5641 3427 5697 famulum

1828 5736 2044 5795 ascivit.
2078 5736 2186 5807 Qui
2215 5736 2442 5811 quidem
2491 5752 2591 5809 per
2625 5732 3029 5789 successionem
3081 5731 3168 5785 his
3214 5731 3311 5802 qui
3358 5728 3429 5784 ab
