3878 6386
372 427 480 486 467

1401 426 1495 481 DE
1530 425 1719 481 VITIS
1757 425 2052 481 PATRUM
2089 425 2302 479 LIBER
2339 422 2626 478 PRIMUS.

3550 415 3658 473 468

378 554 502 626 ipso
531 539 937 625 promanarunt
963 553 1298 606 transmissa
1327 553 1555 625 pietate,
1594 571 1689 608 eos
1725 553 1841 608 veri
1867 553 1969 608 Dei
1989 553 2112 613 Ain
2135 569 2249 606 una
2277 567 2536 623 persona,
2571 555 2627 604 et
2654 547 2872 602 duabus
2901 547 3137 614 naturis,
3170 546 3450 618 perfectus
3478 546 3654 610 Deus,

381 643 698 714 cognitione
729 641 1010 695 instruxit.
1054 643 1300 714 Eamque
1335 644 1404 697 ob
1432 661 1657 698 causam
1705 643 1976 698 Dominus

381 748 572 786 semen
632 731 809 802 ipsius
863 731 922 784 in
977 731 1254 785 infinitam
1313 733 1726 787 multitudinem
1787 749 1976 786 excre-

381 836 533 874 scere
558 820 751 886 voluit,
784 821 1165 891 populumque
1190 820 1294 874 sibi
1311 823 1647 892 peculiarem
1677 822 1979 892 appellavit

382 911 532 976 (Gen.
565 922 674 970 xv;
713 911 740 964 I
774 911 880 963 Pet.
931 912 1028 977 Il);
1084 926 1289 980 eosque
1335 911 1608 982 Aigyptiae
1650 910 1853 981 gentis,
1913 927 1977 964 ac

379 997 606 1069 tyranni
623 997 934 1051 Pharaonis
951 998 1218 1052 servitute
1240 1016 1478 1069 pressos,
1495 999 1660 1054 editis
1683 999 1977 1053 horrendis

379 1092 548 1158 atque
579 1086 926 1140 admirandis
953 1086 1129 1157 signis
1157 1093 1214 1141 et
1246 1088 1516 1158 prodigiis
1543 1106 1645 1160 per
1664 1090 1894 1160 Moysen
1921 1095 1979 1142 et

379 1177 679 1241 Aaronem,
702 1175 850 1229 viros
879 1182 1100 1229 sanctos
1142 1193 1206 1230 ac
1251 1177 1557 1248 prophetiae
1594 1177 1740 1232 dono
1782 1179 1980 1250 pracdi-

379 1270 486 1330 tos,
528 1264 722 1318 eduxit
751 1266 945 1329 (Exodi
974 1275 1084 1334 XV).
1116 1267 1366 1328 Quorum
1411 1267 1580 1320 etiam
1611 1283 1779 1338 opera
1807 1268 1980 1338 .IEgy-

381 1353 543 1424 ptios,
575 1369 675 1423 pro
703 1369 767 1406 eo
797 1359 966 1423 atque
995 1353 1243 1424 ipsorum
1274 1355 1606 1426 improbitas
1636 1355 1976 1418 merebatur,

380 1441 718 1496 excruciavit
741 1460 754 1509 ;
779 1447 836 1495 et
865 1442 1148 1496 Israelitas
1177 1445 1272 1502 (sic
1301 1444 1450 1498 enim
1479 1445 1718 1516 populus
1737 1446 1850 1510 ille,
1876 1445 1974 1516 qui

381 1530 451 1584 ab
477 1530 796 1584 Abrahamo
825 1537 1012 1585 ortum
1041 1532 1218 1598 duxit,
1251 1533 1578 1600 vocabatur)
1617 1534 1776 1587 siccis
1821 1535 1973 1605 pedi-

381 1619 484 1674 bus
514 1637 614 1691 per
635 1619 888 1674 Rubrum
919 1637 1091 1686 mare,
1124 1621 1310 1675 scissis
1330 1621 1584 1676 videlicet
1611 1624 1974 1694 aquis,atque

382 1714 503 1762 tum
525 1726 558 1762 a
585 1709 780 1762 dextra
797 1716 917 1762 tum
936 1726 970 1763 a
988 1710 1217 1763 sinistra
1239 1712 1386 1764 muri
1407 1712 1586 1766 instar
1609 1713 1835 1776 effectis,
1865 1719 1976 1766 tra-

377 1797 531 1868 jecit.
568 1798 710 1851 Cum
738 1805 925 1851 autem
951 1799 1169 1852 Pharao
1201 1806 1258 1853 et
1284 1801 1528 1872 zEgyptii
1553 1818 1586 1855 a
1613 1807 1770 1871 tergo
1787 1819 1880 1856 eos
1893 1819 1975 1856 se-

2059 648 2116 695 et
2147 643 2312 695 homo
2341 641 2652 711 perfectus;
2683 638 2879 692 matris
2899 637 3280 707 virginitatem
3311 637 3483 690 etiam
3529 642 3662 707 post

2061 739 2285 801 partum
2315 729 2384 784 ab
2413 729 2566 782 omni
2591 727 2714 782 labe
2742 742 3095 782 conservans.
3119 727 3305 796 Atque
3320 725 3521 778 iisdem
3539 741 3660 778 om-

2059 818 2191 872 nino
2224 818 2426 888 quibus
2451 834 2571 882 nos,
2605 822 2834 886 excepto
2863 820 3110 886 peccato,
3155 812 3512 884 passionibus
3556 812 3661 866 ob-

2060 907 2256 961 noxius
2288 907 2516 960 allectus
2538 907 2681 968 (Heb.
2717 905 2813 977 Iv),
2847 904 3205 958 infirmitates
3233 907 3458 956 nostras
3472 917 3661 956 susce-

2058 997 2160 1068 pit,
2185 1013 2249 1049 ac
2279 995 2502 1049 morbos
2529 1000 2750 1048 nostros
2772 992 3014 1064 portavit
3035 994 3165 1056 (Isa.
3199 993 3336 1061 LIII).
3377 991 3663 1055 Quoniam

2060 1085 2210 1138 enim
2242 1101 2342 1155 per
2372 1089 2662 1154 peccatum
2713 1099 2866 1136 mors
2912 1081 2972 1136 in
3027 1081 3302 1135 mundum
3358 1079 3664 1134 introierat

2064 1175 2226 1240 (Rom.
2266 1188 2339 1238 γ),
2373 1189 2602 1225 necesse
2631 1177 2754 1225 erat
2781 1177 2847 1225 ut
2895 1170 2992 1241 qui
3027 1169 3430 1240 redemptionis
3469 1173 3661 1234 πυ

2062 1278 2294 1315 munere
2327 1262 2723 1332 perfuncturus
2761 1265 2900 1324 erat,
2944 1258 3014 1312 ab
3045 1258 3200 1312 omni
3227 1263 3454 1330 peccato
3485 1274 3664 1329 purus

2061 1357 2226 1413 esset,
2259 1350 2582 1421 peccatique
2610 1348 2778 1402 morti
2799 1347 3030 1401 minime
3051 1347 3341 1401 obnoxius.

2129 1439 2381 1509 Triginta
2412 1455 2578 1510 porro
2601 1438 2762 1492 annis
2783 1453 2912 1491 cum
2935 1435 3255 1491 hominibus
3284 1442 3560 1503 versatus,
3595 1437 3657 1491 in

2053 1528 2312 1584 Iordanis
2333 1528 2544 1582 undisa
2563 1529 2777 1581 Joanne
2796 1527 2912 1580 viro
2934 1531 3143 1590 sancto,
3164 1542 3228 1579 ac
3249 1526 3654 1596 prophetarum

2058 1619 2310 1671 omnium
2327 1617 2814 1688 praestantissimo,
2829 1614 3140 1685 baptizatus
3155 1621 3258 1671 est.
3281 1615 3468 1685 quue
3479 1614 3662 1686 bapti-

2055 1713 2181 1760 zato
2206 1724 2307 1759 vox
2335 1705 2610 1775 ejusmodi
2642 1705 2711 1758 de
2742 1705 2878 1758 caelo
2909 1720 2942 1756 a
2967 1705 3082 1757 Deo
3127 1703 3294 1757 Patre
3325 1704 3511 1757 delata
3538 1708 3656 1757 est:

2057 1795 2160 1848 Hic
2190 1802 2274 1848 est
2294 1795 2463 1848 Filius
2486 1811 2644 1848 meus
2665 1793 2919 1855 dilectus,
2963 1793 3021 1846 in
3047 1809 3158 1862 quo
3180 1792 3318 1845 mihi
3339 1791 3480 1846 bene
3508 1809 3661 1846 com-

384 1889 710 1954 querentur,
743 1901 976 1938 reversa:
995 1901 1152 1955 aqua:
1175 1903 1268 1940 eos
1284 1903 1512 1957 prorsus
1533 1887 1876 1941 deleverunt.
1897 1890 1974 1940 Ac
1997 1873 2039 1930 Β
2060 1884 2242 1955 placui
2273 1887 2445 1950 (Lucae
2475 1885 2556 1950 Ill)
2588 1902 2598 1936 ;
2635 1889 2805 1952 atque
2844 1881 3086 1952 Spiritus
3115 1886 3342 1934 sanctus
3387 1880 3661 1935 columbae

384 1977 598 2042 postea,
629 1989 756 2027 cum
787 1990 889 2043 per
919 1974 1165 2027 maxima
1193 1975 1464 2028 miracula
1492 1975 1820 2046 divinosque
1848 1994 1977 2047 pro-

383 2068 625 2132 spectus,
643 2062 1014 2132 quadraginta
1033 2079 1307 2116 annorum
1329 2063 1508 2134 spatio
1529 2066 1797 2135 populum
1817 2066 1873 2119 in
1888 2066 1981 2119 de-

384 2155 535 2204 serto
563 2150 885 2214 deduceret,
911 2168 975 2205 ac
1001 2152 1212 2205 cmlesti
1241 2169 1384 2222 pane
1413 2169 1541 2206 eum
1574 2154 1768 2219 aleret,
1801 2155 1981 2223 legem

387 2241 531 2310 (quae
555 2239 874 2294 futurorum
911 2245 1080 2310 typus
1100 2247 1268 2310 atque
1299 2241 1654 2296 adumbrati)
1678 2246 1814 2308 erat)
1847 2243 1982 2314 lapi-

385 2327 504 2382 deis
553 2327 762 2382 tabulis
817 2329 1084 2382 divinitus
1137 2329 1465 2401 inscriptam
1521 2331 1694 2397 dedit,
1745 2348 1980 2402 eamque

386 2417 565 2488 Moysi
595 2417 654 2470 in
685 2423 876 2471 monte
906 2417 1106 2472 tribuit
1135 2420 1330 2484 (Erodz’
1357 2423 1524 2487 χχχι).
1570 2421 1703 2484 Quae
1753 2421 1978 2492 quidem

387 2504 458 2559 ab
477 2505 736 2560 omnibus
759 2506 1074 2560 simulacris
1098 2508 1458 2578 etﬂagitiosis
1479 2509 1790 2564 actionibus
1811 2509 1984 2564 abdu-

387 2593 565 2658 cebat,
596 2595 890 2664 solumque
904 2611 1095 2650 verum
1123 2597 1301 2650 Deum
1327 2598 1577 2650 venerari
1605 2598 1856 2652 docebat.
1893 2600 1984 2654 Sic

390 2682 566 2752 igitur
592 2698 693 2752 per
726 2683 976 2752 ingentia
999 2683 1273 2738 miracula
1299 2685 1450 2755 ipsos
1479 2687 1535 2740 in
1565 2686 1766 2740 bonam
1791 2704 1985 2758 quam-

391 2771 522 2824 dam
553 2775 762 2824 terram
778 2771 1016 2836 induxit,
1032 2789 1201 2842 quam
1223 2773 1356 2827 olim
1370 2775 1698 2844 patriarchae
1715 2777 1984 2830 illiAbra-

391 2859 561 2913 hamo
591 2876 650 2913 se
671 2859 850 2930 ipsius
879 2860 1079 2914 semini
1105 2861 1372 2917 daturum
1402 2870 1706 2934 receperat.
1739 2867 1817 2919 Ac
1862 2867 1985 2920 lon-

390 2963 527 3018 gum
555 2954 703 3002 esset
721 2965 1160 3004 commemorare
1189 2956 1326 3021 quot
1372 2969 1652 3023 quamque
1689 2971 1895 3023 magna
1931 2961 1988 3009 et

395 3036 729 3091 admiranda
758 3043 815 3091 et
846 3038 1087 3093 illustria
1114 3046 1284 3110 atque
1313 3041 1518 3095 eximia
1545 3041 1832 3109 beneﬁcia,
1866 3061 1989 3114 quae

393 3141 694 3180 numerum
722 3144 943 3181 omnem
974 3129 1266 3195 excedunt,
1299 3129 1354 3183 in
1385 3147 1478 3185 eos
1506 3132 1824 3187 contulerit.
1859 3132 1991 3196 Qui-

2061 1973 2245 2044 specie
2267 1973 2324 2026 in
2347 1973 2532 2043 ipsum
2555 1971 2863 2024 descendit.
2884 1973 2964 2024 Ac
2983 1970 3244 2040 deinceps
3269 1986 3475 2038 magna
3493 1976 3551 2024 et
3565 1971 3663 2024 ad-

2063 2062 2321 2115 miranda
2346 2062 2508 2130 signa
2536 2061 2758 2114 efficere
2786 2059 2970 2130 coepit,
3000 2063 3252 2113 mortuos
3294 2059 3550 2113 videlicet
3589 2060 3660 2114 ad

2063 2151 2231 2204 vitam
2261 2167 2544 2215 revocans,
2577 2149 2738 2203 caecis
2767 2149 2946 2202 lucem
2975 2149 3234 2212 alferens,
3275 2147 3556 2202 daemones
3601 2149 3662 2202 in

2062 2239 2252 2309 fugam
2282 2245 2520 2303 vertens,
2554 2239 2752 2292 surdos
2781 2243 2837 2290 et
2876 2237 3104 2291 claudos
3147 2252 3368 2302 curans,
3408 2237 3662 2308 leprosos

2064 2345 2332 2400 purgans,
2345 2334 2521 2398 atque
2549 2327 2918 2381 inveteratam
2937 2332 3198 2380 naturam
3221 2331 3473 2380 nostram
3493 2326 3656 2380 undi-

2064 2436 2171 2490 que
2187 2435 2460 2472 renovans
2473 2463 2481 2474 .
2495 2417 2866 2488 operibusque
2885 2416 3166 2480 erudiens,
3189 2432 3255 2469 ac
3268 2416 3490 2470 virtutis
3511 2417 3660 2470 viam

2063 2509 2319 2571 edocens,
2347 2513 2518 2576 atque
2539 2523 2573 2560 a
2599 2506 2957 2576 corruptione
2978 2503 3328 2568 abstrahens,
3351 2511 3409 2558 et
3426 2504 3497 2558 ad
3520 2522 3664 2559 sem-

2064 2596 2343 2666 piternam
2381 2595 2554 2648 vitam
2581 2594 2689 2648 iter
2717 2599 3058 2647 monstrans.
3088 2593 3247 2647 Unde
3267 2593 3436 2646 etiam
3450 2593 3663 2648 duode-

2065 2684 2172 2737 cim
2204 2683 2503 2754 discipulos
2547 2683 2714 2753 elegit
2751 2683 2970 2753 (Matth.
3016 2682 3149 2744 XIX).
3194 2698 3333 2752 quos
3377 2683 3663 2753 apostolos

2067 2773 2394 2836 nominavit,
2412 2772 2657 2843 ipsisque
2677 2771 2964 2841 negotium
2984 2771 3140 2824 dedit
3155 2777 3221 2825 ut
3232 2772 3516 2825 caelestem
3535 2771 3662 2826 vitae

2067 2863 2342 2916 rationem
2371 2861 2760 2932 praedicarent,
2795 2876 2964 2930 quam
2979 2859 3114 2914 utin
3139 2866 3291 2913 terra
3317 2860 3658 2925 ostenderet,

2069 2968 2133 3005 ac
2162 2968 2264 3005 nos
2283 2951 2524 3004 humiles
2545 2956 2602 3003 et
2620 2958 2872 3003 terrenos
2901 2965 3000 3019 per
3025 2948 3468 3002 incarnationem
3499 2965 3664 3004 suam

2070 3041 2321 3094 cmlestes
2351 3040 2614 3103 efficeret,
2645 3044 2895 3092 venerat.

2139 3131 2215 3183 At
2241 3146 2370 3184 vero
2397 3127 2924 3198 admirandzeipsius
2953 3143 3017 3180 ac
3043 3126 3248 3180 Deitati
3276 3132 3665 3182 consentaneae

393 3213 498 3269 bus
526 3215 784 3271 omnibus
811 3217 868 3270 id
899 3217 1187 3287 agebatur,
1218 3225 1284 3272 ut
1309 3221 1379 3272 ab
1409 3221 1560 3274 omni
1591 3221 1803 3275 nefario
1833 3223 1986 3276 cultu
2007 3225 2050 3285 C
2071 3218 2196 3273 vitae
2215 3224 2385 3289 atque
2405 3217 2750 3272 inﬁnitorum
2767 3216 3163 3271 miraculorum
3179 3215 3385 3270 invidia
3396 3223 3455 3271 et
3473 3216 3665 3272 furore

395 3309 453 3360 et
477 3305 691 3376 ﬂagitio
710 3322 890 3376 genus
909 3307 1215 3362 humanum
1239 3307 1609 3376 abstraheret,
1626 3317 1794 3382 atque
1819 3311 1877 3365 in
1898 3327 1991 3364 ve-

396 3401 579 3448 terem
607 3400 822 3449 statum
853 3403 1155 3450 revocaret.
1189 3397 1378 3452 Nihilo
1408 3399 1588 3453 secius
1608 3406 1796 3454 tamen
1810 3401 1991 3455 adhuc

394 3488 602 3537 natura
628 3489 822 3538 nostra
847 3485 1054 3539 erroris
1084 3485 1329 3540 libertati
1351 3487 1644 3554 serviebat,
1669 3505 1733 3542 ac
1759 3506 1858 3560 per
1877 3489 1993 3543 dia-

395 3571 507 3626 boli
521 3573 877 3643 tyrannidem
909 3590 1061 3627 mors
1088 3574 1147 3627 in
1169 3575 1421 3629 homines
1434 3593 1668 3646 regnum
1682 3578 1987 3642 obtinebat,

396 3677 700 3732 omnesque
718 3661 904 3715 divina
919 3663 1195 3717 sententia
1210 3665 1610 3719 condemnatos
1629 3666 1686 3720 in
1711 3667 1989 3721 infernum

396 3751 834 3805 transmittebat.

468 3839 608 3894 Cum
638 3839 814 3910 igitur
830 3840 888 3894 in
910 3842 1185 3911 ejusmodi
1207 3844 1585 3898 calamitatem
1610 3861 1675 3899 ac
1704 3845 1990 3899 miseriam

395 3927 758 3994 venissemus,
795 3929 1028 3984 minime
1053 3948 1154 3985 nos
1185 3932 1438 4002 despexit
1466 3935 1514 3987 is
1543 3951 1576 3987 a
1601 3949 1711 4004 quo
1731 3935 1993 3988 eﬁictiat-

397 4032 506 4086 que
534 4016 593 4070 in
631 4023 814 4070 ortum
846 4019 1101 4088 producti
1130 4020 1453 4088 fueramus;
1500 4038 1682 4092 neque
1723 4039 1990 4076 manuum

396 4121 628 4158 suarum
659 4121 798 4175 opus
830 4105 1082 4160 funditus
1111 4109 1296 4179 perire
1325 4109 1470 4164 sivit.
1513 4111 1720 4164 Verum
1751 4110 1992 4179 benigna

397 4193 497 4247 Dei
524 4209 588 4246 ac
621 4194 806 4246 Patris
854 4196 1142 4250 voluntate
1185 4197 1508 4267 unigenitus
1557 4199 1752 4264 Filius,
1795 4205 1851 4253 et
1888 4201 1989 4254 Dei

399 4280 664 4347 Verbum,
697 4283 793 4353 qui
825 4290 911 4338 est
937 4283 996 4337 in
1015 4285 1142 4339 sinu
1170 4286 1386 4352 Patris;
1411 4287 1524 4351 ille,
1557 4288 1806 4358 inquam,
1840 4291 1990 4359 ejus-

397 4370 525 4423 dem
559 4387 687 4424 cum
713 4372 881 4426 Patre
902 4389 966 4426 ac
1010 4374 1222 4444 Spiritu
1267 4381 1460 4429 sancto
1502 4376 1846 4443 substantiae,
1895 4379 1988 4433 ille

395 4475 509 4513 {evo
550 4460 702 4514 omni
744 4461 1048 4532 antiquior,
1096 4463 1190 4518 ille
1228 4464 1486 4535 principii
1537 4483 1753 4537 expers,
1797 4467 1891 4538 qui
1929 4469 1987 4522 in

2071 3308 2334 3362 commoti
2367 3307 2684 3362 Judaaorum
2728 3306 3016 3377 pontifices
3047 3321 3111 3358 ac
3158 3304 3456 3376 principes,
3514 3307 3666 3378 apud

2073 3414 2212 3467 quos
2241 3397 2450 3450 scilicet
2479 3396 2951 3462 commorabatur,
2977 3404 3035 3452 et
3061 3398 3132 3452 ad
3180 3414 3419 3470 quorum
3447 3397 3665 3451 utilita-

2072 3493 2187 3539 tem
2209 3486 2541 3540 admiranda
2577 3486 2902 3555 hujusmodi
2932 3487 3094 3556 signa
3112 3492 3170 3540 et
3191 3487 3444 3558 prodigia
3470 3504 3668 3558 perpe-

2073 3574 2676 3639 trarat,beneﬁciorum
2687 3575 2938 3629 omnium
2959 3575 3470 3640 immemores,eum
3483 3582 3668 3630 morte

2074 3666 2406 3730 multarunt,
2424 3680 2536 3717 uno
2547 3663 2815 3717 nimirum
2837 3680 2901 3717 ex
2913 3665 3088 3734 ipsius
3103 3665 3390 3736 discipulis
3400 3665 3468 3719 ad
3479 3664 3665 3736 ipsum

2073 3753 2423 3824 prodendum
2451 3757 2695 3822 arrepto,
2728 3753 3304 3824 comprehensumque
3331 3755 3514 3825 ipsum
3532 3771 3669 3823 gen-

2072 3842 2222 3896 tibus
2250 3841 2604 3906 dediderunt,
2638 3841 2844 3911 ipsum,
2869 3841 3121 3912 inquam,
3154 3842 3249 3912 qui
3278 3842 3531 3897 omnium
3553 3843 3671 3896 vita

2073 3938 2213 3995 erat,
2246 3948 2309 3984 ac
2337 3937 2536 4001 sponte
2569 3930 2684 3983 haec
2705 3930 3060 4001 suscipiebat.
3093 3932 3210 3985 Hac
3237 3931 3387 3985 enim
3407 3931 3476 3985 de
3495 3947 3670 3986 causa

2073 4022 2246 4077 venit.
2271 4026 2333 4073 ut
2364 4025 2555 4072 nostra
2571 4035 2741 4072 causa
2768 4019 2958 4072 omnia
2969 4025 3373 4090 perpeteretur,
3390 4037 3500 4090 quo
3519 4020 3671 4074 vide-

2073 4109 2202 4162 licet
2220 4125 2322 4161 nos
2346 4124 2381 4160 a
2407 4107 2622 4161 vitiosis
2650 4107 3034 4161 affectionibus
3054 4108 3114 4162 in
3141 4108 3460 4162 libertatem
3491 4108 3672 4162 vindi-

2072 4202 2242 4250 caret.
2267 4198 2406 4250 Cum
2425 4203 2614 4250 autem
2639 4195 2817 4249 multa
2834 4196 2893 4249 in
2909 4212 3037 4250 eum
3051 4196 3447 4267 suppliciorum
3457 4213 3672 4267 genera

2073 4285 2469 4352 exercuissent,
2503 4301 2634 4338 eum
2663 4285 2735 4338 ad
2774 4289 3085 4338 extremum
3123 4301 3285 4340 cruce
3331 4286 3672 4340 condemna-

2072 4380 2224 4428 runt.
2245 4376 2427 4444 Atque
2451 4373 2640 4427 omnia
2660 4373 2717 4427 in
2742 4373 2944 4438 carnis,
2969 4389 3139 4444 quam
3168 4390 3233 4427 ex
3261 4374 3422 4428 nobis
3450 4391 3670 4428 assum-

2073 4469 2280 4533 pserat,
2315 4469 2519 4516 natura
2541 4461 2801 4532 pertulit:
2824 4461 3010 4516 divina
3032 4462 3256 4516 interim
3277 4462 3453 4532 ipsius
3464 4469 3671 4517 natura

394 4548 668 4620 principio
697 4555 836 4615 erat,
870 4556 928 4604 et
957 4551 1102 4622 apud
1134 4553 1314 4608 Deum
1359 4571 1424 4608 ac
1469 4555 1692 4609 Patrem
1737 4563 1877 4618 erat,
1933 4563 1990 4610 et
2010 4547 2145 4605 Dab
2172 4551 2324 4604 omni
2354 4550 2712 4621 perpessione
2727 4549 2903 4604 libera
2925 4556 3206 4605 manente.
3239 4552 3384 4605 Nam
3412 4568 3540 4606 cum
3569 4553 3672 4606 du-

394 4637 544 4692 Deus
563 4645 702 4703 erat,
735 4640 805 4692 ad
837 4657 1024 4694 servos
1053 4659 1185 4695 suos
1215 4643 1572 4713 indulgenter
1600 4662 1659 4699 se
1706 4646 1985 4712 demittit;

395 4731 454 4779 et
479 4726 707 4796 quidem
737 4727 837 4793 ita,
869 4733 933 4782 ut
955 4729 1068 4784 haec
1089 4731 1352 4786 demissio
1369 4750 1471 4787 nec
1493 4733 1672 4787 verbis
1692 4734 1984 4798 declarari,

395 4829 498 4867 nec
527 4822 714 4868 mente
742 4818 1138 4886 comprehendi
1161 4821 1354 4890 possit.
1387 4822 1532 4876 Nam
1557 4839 1685 4876 cum
1706 4824 1853 4878 Deus
1869 4841 1992 4894 per-

395 4901 572 4956 fectus
600 4910 764 4968 esset,
798 4906 1074 4974 perfectus
1113 4907 1279 4963 homo
1309 4927 1375 4964 ex
1426 4912 1638 4982 Spiritu
1685 4918 1878 4966 sancto
1935 4917 1992 4966 et

394 4998 594 5046 sancta
616 4993 796 5048 Maria
823 4995 1037 5066 virgine
1067 4997 1166 5051 Dei
1195 5000 1466 5068 genitrice
1496 5001 1756 5064 efficitur,
1782 5018 1894 5055 non
1923 5018 1988 5054 ex

391 5081 496 5134 viri
520 5083 733 5136 semine
761 5090 861 5138 aut
881 5085 1166 5140 voluntate
1195 5094 1294 5142 aut
1319 5090 1615 5144 concubitu
1635 5093 1816 5152 (Joan.
1849 5099 1908 5156 Ι),
1930 5091 1988 5144 ἱη

392 5169 533 5225 labis
562 5172 745 5226 omnis
771 5180 998 5244 experte
1023 5176 1271 5246 Virginis
1282 5184 1444 5232 utero
1460 5184 1784 5249 conceptus,
1804 5179 1900 5232 sed
1924 5197 1990 5234 ex

392 5259 604 5330 Spiritu
644 5269 856 5330 sancto,
885 5265 1358 5333 quemadmodum
1387 5272 1518 5320 ante
1569 5267 1986 5337 conceptionem

390 5349 852 5420 archangelorum
882 5368 1028 5406 unus
1056 5353 1258 5408 missus
1288 5359 1391 5418 est,
1409 5355 1504 5424 qui
1535 5371 1733 5408 novam
1761 5355 1914 5410 illam
1934 5362 1991 5411 et

391 5437 776 5492 admirandam
829 5442 1245 5512 conceptionem
1279 5442 1497 5511 Virgini
1540 5443 1847 5497 nuntiaret.
1891 5446 1987 5500 Et-

390 5525 540 5578 enim
561 5527 660 5580 Dei
691 5528 862 5582 Filius
879 5547 944 5582 ex
957 5529 1168 5600 Spiritu
1199 5537 1390 5584 sancto
1422 5531 1541 5584 sine
1572 5533 1986 5588 semineconce-

391 5618 520 5684 ptus
551 5620 670 5668 est:
705 5624 1104 5688 compactaque
1132 5618 1234 5672 sibi
1260 5620 1315 5673 in
1349 5620 1598 5687 Virginis
1622 5628 1782 5674 utero
1817 5639 1984 5677 carne

389 5702 640 5758 animata
659 5705 851 5759 anima
878 5707 1114 5760 rationis
1143 5724 1207 5761 ac
1236 5711 1443 5764 mentis
1455 5712 1743 5783 participe,
1780 5713 1985 5786 prodiit

2073 4641 2202 4712 plici
2233 4646 2436 4693 natura
2465 4639 2730 4710 praeditus
2756 4645 2922 4704 esset,
2955 4639 3058 4693 hoc
3106 4645 3191 4693 est
3240 4639 3446 4703 divina,
3499 4647 3558 4694 et
3603 4657 3672 4696 ea

2073 4745 2239 4799 quam
2271 4745 2305 4782 a
2325 4728 2486 4782 nobis
2515 4733 2914 4799 assumpserat,
2946 4728 3195 4782 humana
3217 4729 3442 4798 quidem
3464 4736 3672 4784 natura

2073 4835 2335 4888 perpessa
2366 4823 2470 4882 est,
2499 4817 2762 4870 divinitas
2790 4823 2980 4870 autem
3009 4817 3368 4888 perpessione
3403 4817 3670 4873 immunis

2072 4913 2129 4961 et
2158 4907 2498 4960 immortalis
2527 4914 2667 4960 erat.
2702 4905 2864 4960 Cruci
2895 4905 3068 4976 igitur
3094 4905 3152 4960 in
3181 4922 3349 4961 carne
3375 4906 3673 4963 affixusest

2071 4995 2338 5050 innocens
2356 4995 2627 5050 Dominus
2654 5000 2846 5048 noster
2871 4995 2900 5049 J
2906 5012 3034 5049 esus
3049 4995 3327 5050 Christus.
3366 4996 3668 5052 Peccatum

2071 5091 2222 5143 enim
2241 5107 2354 5144 non
2381 5089 2530 5154 fecit,
2564 5105 2667 5143 nec
2696 5089 2954 5143 inventus
2983 5093 3070 5142 est
3104 5088 3267 5142 dolus
3290 5088 3350 5142 in
3401 5106 3498 5143 ore
3545 5093 3667 5161 ejus

2072 5181 2200 5245 (Isa.
2226 5193 2356 5246 LIII;
2383 5181 2534 5234 Rom.
2564 5181 2618 5246 γ)
2649 5195 2661 5244 ;
2689 5177 3034 5248 proindeque
3055 5177 3222 5232 morti
3254 5177 3527 5233 obnoxius
3555 5196 3664 5234 non

2071 5274 2211 5322 erat.
2233 5267 2718 5338 Quandoquidem,
2742 5272 2806 5320 ut
2820 5267 2939 5336 jam
2953 5267 3085 5332 dixi,
3102 5283 3254 5320 mors
3264 5283 3365 5338 per
3377 5274 3666 5338 peccatum

2070 5355 2127 5409 in
2143 5357 2412 5410 mundum
2436 5355 2706 5409 introivit.
2724 5355 2934 5408 Verum
2951 5360 3140 5408 nostra
3153 5370 3322 5409 causa
3338 5371 3509 5410 carne
3525 5374 3669 5412 mor-

2069 5451 2181 5499 tem
2211 5445 2464 5515 oppetiit,
2491 5451 2555 5498 ut
2584 5461 2687 5497 nos
2717 5461 2752 5496 a
2781 5443 2978 5497 mortis
3009 5443 3308 5514 tyrannide
3334 5445 3662 5500 redimeret.

2069 5534 2368 5588 Descendit
2395 5533 2464 5586 ad
2500 5533 2724 5597 inferos,
2757 5532 2937 5602 iisque
2977 5532 3254 5596 contritis,
3301 5549 3396 5587 eas
3427 5551 3552 5605 quae
3597 5535 3668 5589 ab

2066 5624 2198 5677 orbe
2220 5622 2444 5676 condito
2463 5622 2573 5675 illic
2599 5621 2823 5674 inclusae
2838 5621 3192 5686 tenebantur,
3217 5621 3435 5676 animas
3461 5623 3667 5678 libera-

2063 5713 2160 5766 vit.
2194 5713 2256 5766 ln
2287 5712 2542 5784 sepulcro
2571 5711 2846 5775 conditus,
2875 5711 3044 5764 tertia
3066 5711 3156 5764 die
3179 5713 3505 5780 resurrexit,
3537 5730 3663 5772 cum
