3878 6388
138 374 232 430 469

530 373 700 429 VITA
737 371 1177 430 SANCTORUM
1214 346 1560 430 BARLAAM
1598 372 1935 430 EREMITAE
1973 374 2063 429 ET
2097 374 2464 430 JOSAPHAT
2502 376 2726 432 INDIIE
2764 378 2998 435 REGIS.

3304 377 3410 436 470

139 499 334 555 scilicet
362 502 603 553 mortem
631 502 970 568 superasset,
998 499 1398 571 victoriamque
1426 499 1587 554 nobis
1617 500 1781 561 ad-A
1805 505 1940 556 sunt
1977 500 2096 555 sine
2124 501 2242 555 ulla
2270 500 2619 556 dubitatione
2649 502 2835 569 credo,
2856 520 3102 575 eumque
3125 521 3295 577 quem
3309 521 3406 559 an-

138 606 315 645 versus
344 604 471 643 eam
506 588 788 653 donasset,
822 592 990 659 atque
1015 588 1455 643 immortalitatis
1486 590 1720 660 largitor

138 678 608 734 immortalitatem
637 676 792 732 carni
820 677 1189 741 conciliasset,
1232 678 1518 750 discipulis
1565 679 1719 733 visus

138 775 231 836 est,
264 767 510 839 ipsisque
532 783 727 838 pacem
751 767 1060 838 impertivit
1079 766 1254 841 (Joan.
1279 784 1353 822 xx
1378 787 1388 835 ;
1412 768 1530 824 Act.
1564 771 1623 836 ι),
1656 784 1720 822 ac

137 875 229 930 per
259 874 350 911 eos
379 856 638 911 universo
668 856 992 910 mortalium
1020 857 1232 928 generi.

202 947 333 1000 Post
366 945 741 1017 quadraginta
770 950 963 1000 autem
991 946 1111 1000 dies
1140 946 1196 1000 in
1229 947 1395 1001 caelos
1449 947 1721 1017 ascendit,

138 1042 293 1106 atque
320 1034 375 1088 in
405 1034 590 1089 Patris
618 1034 815 1088 dextra
852 1035 1028 1101 sedet,
1077 1052 1416 1107 rursumque
1455 1041 1722 1090 venturus

138 1130 215 1179 est
244 1124 493 1195 judicare
516 1123 667 1178 vivos
695 1129 753 1178 et
770 1129 1042 1189 mortuos,
1067 1141 1131 1178 ac
1154 1126 1389 1179 reddere
1419 1126 1723 1197 unicuique

133 1216 279 1285 juxta
306 1230 477 1285 opera
500 1229 604 1267 sua
634 1215 798 1281 (Psal.
836 1214 975 1280 LXI).
1028 1215 1162 1268 Post
1188 1215 1491 1284 gloriosam
1532 1221 1722 1269 autem

138 1320 283 1357 suam
302 1303 359 1356 in
390 1303 559 1356 caelos
580 1302 982 1361 ascensionem.
1002 1304 1420 1357 sanctissimum
1450 1305 1723 1375 Spiritum

140 1392 200 1446 ad
229 1396 449 1446 sanctos
477 1407 608 1445 suos
638 1391 939 1463 discipulos
959 1392 1017 1445 in
1037 1392 1186 1462 ignis
1216 1392 1399 1464 specie
1418 1394 1570 1447 misit
1597 1412 1609 1461 ;
1632 1411 1725 1448 cu-

134 1484 217 1552 jus
229 1480 495 1534 instinctu
506 1480 821 1551 peregrinis
832 1479 1038 1550 linguis
1048 1481 1201 1553 loqui
1213 1488 1502 1552 coeperunt
1513 1499 1724 1553 ,quem—

1802 590 2030 644 nuntias
2050 590 2231 644 Deum
2258 590 2439 661 gloria
2459 591 2661 645 afﬁcio.
2686 592 2803 646 Hoc
2827 609 3003 647 unum
3025 599 3175 665 peto,
3201 600 3263 649 ut
3285 595 3406 649 sine

1802 679 1917 733 ullo
1947 696 2135 733 errore
2165 686 2368 734 cuncta
2389 680 2527 733 mihi
2558 680 2827 747 declares,
2862 682 3107 754 quidque
3147 683 3286 737 mihi
3324 684 3409 737 fa-

1803 770 2060 824 ciendum
2092 771 2163 825 sit
2194 777 2382 826 exacte
2422 771 2641 825 doceas.
2689 773 2874 843 Atque
2919 774 3090 827 etiam
3139 774 3410 845 quidnam

1807 858 2118 930 baptismus
2139 861 2212 914 sit
2241 877 2409 931 quem
2430 860 2500 914 ab
2514 861 2581 915 iis
2607 861 2702 931 qui
2720 861 2830 915 ﬁde
2843 863 3064 933 praediti
3084 868 3217 917 sunt
3235 863 3411 937 accipi

1805 948 1905 1014 ais,
1937 950 2197 1020 deinceps
2225 950 2311 1003 fac
2340 950 2670 1020 intelligam.

1876 1038 1977 1091 Ille
2009 1043 2200 1093 autem
2220 1039 2291 1092 ad
2312 1056 2441 1093 eum
2462 1040 2779 1110 respondit:
2814 1040 3030 1095 Sancta;
3060 1040 3231 1113 hujus
3252 1045 3310 1095 et
3328 1042 3411 1096 in-

1805 1126 2199 1180 contaminatze
2230 1127 2676 1181 Christianorum
2701 1128 2830 1182 ﬁdei
2859 1130 3012 1183 velut
3028 1129 3185 1184 radix
3201 1147 3267 1185 ac
3287 1146 3410 1185 cer-

1804 1220 1924 1269 tum
1946 1214 2378 1269 fundamentum
2394 1215 2567 1269 divini
2588 1215 2852 1287 baptismi
2871 1218 3057 1287 gratia
3077 1224 3180 1285 est,
3204 1224 3268 1273 ut
3288 1234 3411 1289 quae

1806 1305 1996 1358 omnia
2026 1322 2060 1358 a
2089 1304 2383 1358 nativitate
2417 1310 2704 1358 contracta
2733 1311 2961 1376 peccata
2988 1307 3191 1378 expiet,
3242 1312 3412 1378 atque

1809 1393 2321 1464 eainquinamenta
2342 1410 2468 1463 quae
2490 1410 2555 1447 ex
2580 1394 2715 1447 vitio
2747 1396 2991 1449 conflata
3017 1400 3149 1449 sunt
3178 1412 3411 1467 prorsus

1808 1488 2095 1553 expurget.
2116 1482 2209 1537 Sic
2228 1482 2377 1535 enim
2403 1482 2658 1536 Salvator
2685 1483 2990 1550 mandavit,
3011 1489 3077 1537 ut
3090 1501 3192 1555 per
3204 1500 3411 1557 aquam

138 1568 423 1622 admodum
462 1568 582 1639 ipse
612 1567 783 1622 dabat
810 1569 996 1639 eloqui
1042 1569 1170 1623 illis.
1216 1570 1359 1623 Hinc
1402 1571 1577 1640 igitur
1625 1588 1726 1643 per
1806 1586 1871 1624 ac
1890 1571 2161 1642 Spiritum
2184 1588 2602 1640 regeneremur,
2626 1576 2797 1642 atque
2820 1572 2891 1626 ad
2908 1578 3155 1627 veterem
3174 1573 3414 1644 dignita-

138 1650 298 1727 ipsius
323 1657 637 1727 gratiamin
667 1674 865 1711 omnes
895 1664 1092 1727 gentes
1113 1659 1352 1730 dispersi
1373 1666 1523 1723 sunt,
1550 1665 1719 1731 atque
1801 1664 1915 1713 tem
1942 1660 2265 1713 redeamus:
2292 1677 2394 1731 per
2414 1660 2723 1714 orationem
2747 1660 3006 1715 videlicet
3020 1678 3086 1715 ac
3104 1662 3410 1716 salutarem

139 1746 486 1800 orthodoxam
518 1746 685 1801 ﬁdem
716 1747 1175 1818 praedicaverunt,
1228 1747 1575 1819 baptizantes
1625 1767 1719 1803 eos
1800 1746 2230 1814 invocationem,
2261 1749 2332 1802 ad
2362 1766 2567 1819 aquam
2606 1749 2905 1803 accedente
2939 1749 3153 1821 Spiritu
3195 1756 3408 1805 sancto.

139 1834 191 1888 in
213 1834 431 1889 nomine
460 1836 646 1889 Patris
674 1842 731 1889 et
760 1836 885 1889 Filii
916 1841 972 1890 et
1002 1837 1243 1907 Spiritus
1273 1839 1470 1905 sancti,
1514 1846 1571 1893 et
1618 1820 1780 1893 do-B
1803 1838 2162 1907 Baptizamur
2180 1838 2355 1907 igitur
2368 1837 2536 1908 juxta
2557 1837 2861 1892 Salvatoris
2882 1820 3202 1894 sermonem
3230 1839 3290 1892 in
3315 1855 3413 1893 no-

140 1930 309 1977 centes
344 1941 567 1978 servare
611 1926 802 1979 omnia
846 1927 1149 1981 Salvatoris
1188 1933 1466 1998 praecepta
1507 1930 1715 1996 (Matth.
1803 1926 1952 1979 mine
1969 1926 2152 1979 Patris
2171 1932 2228 1980 et
2247 1926 2373 1980 Filii
2391 1932 2447 1979 et
2464 1925 2705 1998 Spiritus
2735 1927 2913 1981 sancti
2946 1928 3162 1992 (Matth.
3185 1934 3407 1994 XXVIII).

140 2010 328 2084 xxviii).
352 2013 435 2066 Ad
466 2015 617 2068 hunc
647 2014 823 2085 igitur
851 2016 1081 2070 modum
1115 2022 1312 2086 gentes
1361 2034 1395 2070 a
1437 2024 1590 2071 recta
1636 2018 1728 2071 via

142 2101 447 2157 aberrantes
462 2103 838 2170 illustrarunt,
863 2120 927 2158 ac
946 2106 1421 2176 supersititiosum
1446 2106 1725 2160 idolorum

143 2206 371 2245 errorem
384 2192 453 2246 de
464 2192 653 2247 medio
663 2194 1033 2249 sustulerunt.
1048 2194 1313 2258 Quamvis
1323 2201 1513 2249 autem
1526 2196 1721 2261 hostis,

143 2279 339 2334 cladem
358 2298 522 2336 suam
542 2282 928 2352 indignissime
948 2284 1150 2348 ferens,
1188 2301 1337 2338 nunc
1367 2301 1589 2356 quoque
1614 2285 1727 2339 bel-

144 2368 248 2423 lum
269 2370 530 2425 adversus
551 2372 673 2442 pios
696 2372 916 2439 excitet,
939 2372 1129 2427 stultis
1154 2372 1410 2427 videlicet
1428 2389 1492 2427 ac
1508 2374 1726 2427 stolidis

144 2459 471 2528 persuadens
491 2466 560 2514 ut
578 2461 856 2515 idolorum
866 2461 1079 2515 cultum
1101 2462 1283 2516 adhuc
1303 2463 1603 2529 retineant,
1624 2463 1727 2516 im-

144 2546 323 2603 becan
349 2555 540 2603 tamen
591 2550 768 2620 ipsius
806 2551 886 2605 vis
937 2552 1135 2606 eﬁ‘ecta
1165 2558 1269 2616 est,
1326 2558 1495 2622 atque
1550 2551 1725 2623 ipsius

141 2635 347 2693 framea:
378 2655 480 2709 per
510 2637 719 2693 Christi
742 2641 1049 2710 potentiam
1087 2641 1145 2694 in
1171 2641 1339 2694 ﬁnem
1378 2641 1719 2696 defecerunt.

146 2725 306 2780 Ettibi
319 2728 623 2782 Dominum
635 2745 821 2783 meum
840 2746 904 2783 ac
922 2730 1099 2785 Deum
1129 2736 1186 2784 et
1209 2731 1407 2784 salutis
1435 2737 1720 2785 auctorem

143 2817 317 2885 paucis
342 2817 527 2871 verbis
552 2818 857 2885 declaravi;
888 2819 1109 2889 plenius
1138 2825 1327 2873 autem
1358 2836 1486 2874 eum
1515 2837 1721 2891 cogno-

144 2921 267 2968 sces,
306 2905 351 2959 si
388 2906 567 2978 ipsius
617 2908 859 2976 gratiam
908 2908 966 2960 in
1021 2909 1211 2962 anima
1262 2915 1360 2963 tua
1418 2910 1716 2980 acceperis,

145 2992 422 3066 divinoque
449 2995 722 3051 beneﬁcio
750 2996 853 3050 tibi
882 2997 1185 3066 contigerit
1208 3003 1273 3051 ut
1307 2998 1484 3069 ipsius
1530 3016 1722 3053 servus

146 3082 250 3136 ﬁas.

1807 2017 1990 2085 Atque
2019 2016 2097 2069 ita
2121 2015 2362 2085 Spiritus
2381 2016 2568 2084 gratia
2594 2014 2653 2070 in
2685 2017 2812 2086 ejus
2842 2016 2937 2087 qui
2957 2014 3275 2087 baptizatur
3293 2015 3413 2070 ani-

1809 2105 2268 2170 maimmoratur,
2298 2121 2421 2158 eam
2440 2104 2745 2170 illustrans,
2780 2121 2845 2159 ac
2872 2104 3119 2159 divinam
3146 2106 3409 2170 reddens,

1808 2198 1979 2265 atque
2008 2194 2313 2264 imaginem
2329 2193 2481 2247 illam
2495 2210 2558 2247 ac
2571 2193 2999 2248 similitudinem
3020 2194 3141 2260 Dei,
3158 2195 3228 2248 ad
3240 2211 3408 2266 quam

1808 2283 2033 2336 condita
2061 2290 2163 2348 est,
2196 2282 2302 2353 ipsi
2332 2282 2671 2336 instaurans.
2705 2284 2784 2336 Ac
2812 2282 3093 2353 deinceps,
3126 2272 3408 2338 veteribus

1808 2371 2067 2425 omnibus
2096 2371 2213 2425 vitii
2244 2371 2506 2442 operibus
2534 2370 2784 2442 abjectis,
2810 2388 2967 2425 novae
2995 2371 3122 2426 vitae
3148 2388 3277 2425 cum
3290 2373 3407 2426 Deo

1807 2466 2031 2531 pactum
2060 2461 2268 2515 inimus
2300 2462 2481 2525 (Nam,
2516 2467 2657 2513 orat.
2690 2462 2754 2513 de
2778 2465 2951 2514 sanet.
2985 2462 3295 2529 Baptism.),
3344 2476 3410 2515 ac

1807 2550 2093 2619 puriorem
2122 2549 2339 2603 vivendi
2370 2549 2648 2603 rationem
2675 2549 3033 2620 auspicamur
3058 2568 3069 2603 :
3104 2566 3215 2620 quo
3244 2549 3410 2603 nimi-

1806 2654 1929 2692 rum
1962 2639 2133 2692 etiam
2162 2638 2481 2692 coheredes
2512 2654 2707 2691 eorum
2738 2638 3053 2691 efﬁciamur
3078 2637 3175 2708 qui
3201 2638 3272 2691 ad
3300 2638 3409 2691 im-

1807 2728 2210 2781 mortalitatem
2264 2727 2581 2805 regenerati
2648 2732 2781 2781 sunt
2803 2766 2817 2790 ,
2880 2743 2946 2781 ac
3005 2727 3410 2798 sempiternam

1805 2816 2044 2871 salutem
2083 2816 2368 2871 consecuti
2413 2822 2563 2870 sunt.
2617 2816 2774 2870 Citra
2815 2815 3159 2887 baptismum
3217 2821 3409 2870 autem

1805 2906 1926 2960 ﬁeri
1970 2922 2082 2959 non
2122 2911 2308 2976 potest
2337 2911 2402 2959 ut
2439 2905 2737 2976 quisquam
2775 2904 2981 2959 bonam
3027 2922 3187 2977 spem
3217 2921 3407 2960 conse-

1804 3000 2027 3066 quatur,
2061 2995 2374 3066 quamlibet
2403 2995 2576 3048 etiam
2614 2994 2735 3065 pios
2776 3010 2972 3048 omnes
3010 2994 3220 3065 pietate
3258 3000 3414 3048 ante-

1802 3084 2076 3137 celluerit.
2117 3084 2207 3137 Sic
2231 3084 2384 3137 enim
2429 3084 2579 3137 Deus
2622 3083 2893 3149 Verbum,
2947 3083 3063 3155 qui,
3105 3088 3170 3137 ut
3212 3083 3409 3155 generi

208 3172 326 3227 CAP.
357 3174 508 3230 VIII.
546 3205 617 3219 —
639 3175 771 3230 Haec
802 3174 971 3229 verba
999 3181 1062 3230 ut
1102 3175 1252 3247 regis
1290 3176 1438 3231 ﬁlius
1481 3176 1713 3243 audivit,
1740 3180 1781 3236 Ο
1804 3178 1996 3227 nostro
2010 3173 2250 3227 salutem
2271 3172 2514 3239 aﬁ‘erret,
2534 3172 2947 3226 humanitatem
2967 3171 3231 3243 suscepit,
3246 3171 3406 3226 dixit:

144 3259 301 3331 ipsius
327 3264 551 3318 animus
579 3264 789 3319 lumine
815 3266 1145 3337 perstrictus
1174 3272 1277 3330 est,
1310 3282 1375 3319 ac
1405 3266 1725 3337 praalzetitia

144 3365 169 3401 e
217 3351 345 3406 solio
387 3370 489 3408 suo
538 3370 860 3425 exsurgens,
908 3355 1280 3426 Barlaamque
1327 3356 1719 3426 complectens,

141 3438 295 3494 dixit:
328 3442 606 3509 Fortasse,
630 3443 739 3497 nisi
763 3460 852 3497 me
884 3445 1209 3514 conjectura
1235 3443 1398 3511 fallit,
1446 3444 1529 3497 vir
1575 3462 1719 3515 prae-

142 3530 479 3597 stantissime,
510 3531 601 3585 hic
629 3537 715 3586 est
728 3531 1134 3586 inaestimabilis
1152 3533 1245 3586 ille
1263 3533 1402 3603 lapis
1421 3549 1586 3603 quem
1607 3549 1720 3586 non

141 3615 230 3671 abs
258 3635 315 3672 re
343 3621 622 3674 occultum
642 3626 819 3687 tenes,
836 3637 940 3674 nec
960 3620 1188 3675 cuilibet
1203 3622 1516 3692 promiscue
1539 3629 1721 3675 osten-

141 3705 232 3773 dis,
260 3725 446 3763 verum
470 3710 541 3764 iis
556 3710 782 3764 demum
806 3710 902 3781 qui
922 3710 1075 3764 sanis
1096 3728 1160 3764 ac
1178 3711 1354 3763 ﬁrmis
1378 3710 1550 3764 animi
1589 3727 1718 3764 sen-

141 3794 277 3850 sibus
304 3799 519 3869 prazditi
546 3805 696 3854 sunt.
722 3800 859 3854 Ecce
900 3800 1051 3853 enim
1071 3806 1136 3854 ut
1153 3801 1271 3854 haec
1292 3799 1459 3854 verba
1487 3799 1718 3854 auribus

141 3887 326 3957 excepi,
349 3889 681 3943 suavissima
699 3890 792 3944 lux
816 3895 1012 3961 pectus
1036 3906 1225 3944 meum
1252 3888 1443 3953 subiit,
1463 3896 1520 3942 et
1549 3906 1718 3959 grave

141 3972 260 4028 illud
282 3977 533 4032 maeroris
546 3978 819 4045 velamen,
847 3979 994 4049 quod
1010 3980 1131 4048 jam
1153 3978 1368 4049 pridem
1386 3978 1574 4032 animo
1591 3994 1716 4032 meo

143 4063 366 4136 undique
395 4066 773 4129 incumbebat,
797 4068 988 4122 statim
1015 4067 1296 4122 sublatum
1327 4073 1429 4121 est.
1466 4067 1523 4122 Si
1544 4067 1720 4138 igitur

143 4158 274 4207 recte
292 4156 541 4227 conjicio,
574 4156 678 4222 fac,
712 4174 920 4228 quaeso,
953 4157 1146 4211 sciam.
1177 4157 1275 4212 Sin
1296 4162 1486 4211 autem
1506 4156 1716 4227 aliquid

144 4238 220 4294 his
238 4259 351 4313 quae
368 4244 465 4300 abs
488 4252 545 4300 te
562 4252 1002 4301 commemorata
1021 4246 1522 4317 suntpraestantius
1542 4246 1711 4311 nosti,

143 4345 203 4382 ne
228 4335 495 4389 cuncteris
524 4334 583 4388 id
604 4334 742 4389 mihi
766 4352 961 4389 rursus
990 4336 1228 4406 aperire.

204 4418 433 4477 Rursum
459 4424 636 4495 igitur
663 4424 951 4495 respondit
978 4424 1268 4478 Barlaam:
1304 4424 1387 4478 Ita
1433 4440 1587 4489 sane,
1638 4422 1714 4477 mi

1805 3263 1985 3315 Amen
2004 3260 2127 3314 dico
2148 3259 2321 3327 vobis,
2346 3259 2459 3313 nisi
2483 3260 2608 3330 quis
2618 3264 2985 3331 regeneratus
3005 3259 3176 3314 fuerit
3186 3276 3252 3313 ex
3261 3274 3410 3330 aqua

1806 3355 1863 3404 et
1889 3350 2100 3421 Spiritu
2128 3355 2339 3409 sancto.
2376 3365 2489 3403 non
2519 3348 2755 3402 intrabit
2789 3350 2848 3402 in
2875 3365 3112 3425 regnum
3139 3348 3409 3402 caelorum

1808 3441 1986 3504 (Joan.
2007 3443 2112 3509 In).
2139 3438 2515 3503 Quamobrem
2527 3443 2658 3492 ante
2675 3438 2932 3491 omniate
2953 3453 3109 3508 rogo,
3133 3443 3198 3492 ut
3215 3438 3406 3493 animo

1804 3528 1972 3582 ﬁdem
2003 3528 2263 3600 accipias,
2283 3544 2347 3581 ac
2365 3528 2558 3581 statim
2578 3526 2974 3581 ardentissimo
2992 3527 3239 3598 quodam
3260 3526 3403 3581 desi-

1803 3618 1959 3671 derio
1989 3618 2056 3670 ad
2076 3617 2420 3688 baptismum
2442 3616 2691 3677 accedas,
2706 3633 2808 3669 nec
2832 3616 3005 3670 ullam
3031 3616 3260 3670 omnino
3282 3632 3405 3670 mo-

1802 3722 1922 3759 ram
1952 3705 2240 3760 adhibeas.
2268 3705 2589 3759 Periculosa
2608 3705 2887 3775 siquidem
2917 3710 3004 3758 est
3030 3705 3245 3771 dilatio,
3279 3721 3408 3775 pro-

1800 3801 1994 3866 pterea
2017 3796 2167 3865 quod
2188 3795 2535 3866 praestitutus
2550 3796 2719 3849 morti
2742 3796 3117 3850 diesincertus
3130 3799 3234 3849 est.
3250 3794 3407 3847 Josa-

1800 3884 1937 3955 phat
1966 3890 2154 3937 autem
2184 3884 2255 3938 ad
2285 3884 2467 3955 ipsum
2501 3884 2675 3937 dixit:
2719 3885 2787 3939 Et
2817 3901 3073 3955 quaenam
3122 3882 3271 3937 bona
3308 3882 3407 3936 illa

1800 3991 1927 4045 spes
1956 3980 2059 4039 est,
2087 3975 2247 4044 cujus
2276 3974 2398 4027 ﬁeri
2419 3991 2583 4045 posse
2613 3975 2831 4044 negasti
2861 3980 2926 4029 ut
2946 3974 3245 4045 quisquam
3267 3972 3409 4026 citra

1802 4062 2137 4134 baptismum
2170 4080 2394 4134 compos
2422 4063 2565 4117 ﬁat?
2604 4063 2883 4127 Quidnam
2913 4063 3083 4118 etiam
3112 4062 3251 4116 illud
3298 4067 3404 4127 est,

1802 4153 1949 4223 quod
1978 4153 2247 4206 cmlorum
2274 4169 2513 4222 regnum
2541 4153 3130 4224 appellas7Undenam
3152 4152 3288 4206 item
3299 4152 3403 4206 Dei

1800 4242 2153 4296 humanitate
2182 4241 2363 4295 induti
2396 4241 2563 4296 verba
2590 4242 2896 4296 audivisti?
2921 4242 3163 4307 Quinam
3208 4257 3404 4297 rursus

1798 4340 1883 4385 est
1907 4332 2153 4386 incertus
2183 4331 2352 4385 morti
2383 4331 2736 4402 praestitutus
2764 4331 2903 4395 dies,
2937 4331 3006 4385 de
3052 4347 3162 4402 quo
3204 4330 3405 4401 ingens

1798 4420 2112 4475 sollicitudo
2142 4427 2337 4492 pectus
2367 4437 2553 4474 meum
2585 4420 2837 4484 subiens,
2864 4419 3199 4473 maeroribus
3219 4436 3285 4473 ac
3299 4420 3402 4472 do-

143 4504 343 4564 domine
372 4529 436 4566 ac
456 4530 575 4582 rex,
596 4514 701 4568 hoc
736 4520 821 4567 est
846 4514 986 4568 illud
1032 4530 1301 4583 magnum
1359 4513 1711 4583 mysterium,
1733 4498 2008 4566 Dloribus
2033 4528 2230 4565 carnes
2265 4528 2422 4565 meas
2452 4512 2693 4578 conﬁcit,
2724 4518 2895 4583 atque
2925 4512 3065 4566 adeo
3096 4512 3280 4583 ipsum
3307 4528 3398 4566 os-

144 4598 271 4665 quod
297 4599 679 4657 absconditum
701 4608 889 4669 358
905 4608 991 4657 est
1012 4619 1047 4656 a
1073 4603 1291 4656 smculis
1311 4608 1368 4656 et
1392 4602 1713 4672 generatio-

144 4684 304 4754 nibus,
317 4689 372 4743 in
383 4692 645 4746 extremis
656 4697 846 4746 autem
855 4691 1204 4762 temporibus
1217 4693 1506 4745 hominum
1520 4691 1714 4761 generi

143 4778 455 4842 patefactum
475 4782 689 4848 (Coloss.
713 4789 775 4848 ι).
805 4782 977 4851 Cujus
994 4781 1429 4835 declarationem
1452 4780 1584 4834 olim
1615 4797 1717 4850 per

146 4861 363 4933 Spiritus
380 4869 550 4924 divini
578 4870 821 4940 gratiam
849 4870 1013 4924 multi
1040 4871 1327 4941 prophetae
1356 4886 1419 4923 ac
1442 4869 1582 4940 justi
1608 4869 1713 4922 viri

146 4954 517 5026 praedixerunt,
552 4959 919 5014 multifariam
962 4959 1266 5030 multisque
1313 4958 1494 5012 modis
1532 4957 1713 5011 edocti

144 5040 309 5109 (Hebr.
338 5051 434 5116 x1),
478 5059 647 5119 atque
676 5049 791 5103 alta
825 5065 956 5103 voce
985 5048 1405 5103 annuntiantes.
1458 5048 1712 5117 Cumque

147 5129 360 5188 salutem
386 5137 612 5191 omnino
640 5138 886 5192 futuram
917 5137 1320 5209 prospicerent,
1355 5137 1714 5207 ejusquecer-

146 5222 320 5276 nenda:
347 5226 648 5297 cupiditate
674 5233 1022 5293 tenerentur,
1052 5243 1166 5281 non
1192 5233 1384 5280 tamen
1410 5241 1534 5279 eam
1582 5241 1711 5296 per-

147 5321 457 5382 spexerunt;
510 5333 707 5370 verum
758 5317 960 5371 ultima
1002 5317 1121 5370 haec
1170 5317 1461 5386 generatio
1524 5315 1712 5369 divino

148 5391 387 5456 beneﬁcio
427 5405 623 5459 salutis
666 5412 954 5460 auctorem
1018 5406 1281 5476 suscepit.
1338 5404 1712 5469 Quamobrem

147 5485 226 5642 {iuni
275 5492 586 5560 crediderit,
636 5500 693 5548 et
736 5494 1049 5567 baptizatus
1103 5496 1294 5562 fuerit,
1360 5496 1546 5549 salvus
1607 5494 1716 5547 erit

209 5590 311 5630 arc.
341 5581 462 5642 XVI).

165 5573 311 5630 Marc.
341 5581 439 5651 xw)
451 5622 462 5634 .

208 5661 343 5719 Dixit
360 5675 547 5724 autem
561 5671 833 5742 Josaphat
856 5691 867 5725 :
894 5672 1098 5727 Omnia
1126 5688 1191 5725 ea
1219 5688 1344 5742 qua:
1374 5670 1473 5725 abs
1493 5677 1549 5724 te
1566 5670 1716 5725 dicta

1796 4601 1945 4655 sium
1974 4600 2145 4654 robur
2168 4601 2620 4672 exest’IDenique
2636 4606 2825 4655 utrum
2842 4600 3147 4655 morientes
3166 4600 3225 4653 in
3249 4600 3399 4654 nihi-

1795 4689 1912 4743 lum
1941 4688 2262 4753 dilabimur,
2297 4705 2369 4741 an
2402 4695 2598 4742 contra
2625 4695 2753 4760 post
2789 4694 3122 4759 praesentem
3153 4689 3400 4760 peregri-

1797 4778 2081 4832 nationem
2110 4778 2222 4831 alia
2248 4778 2362 4831 vita
2390 4784 2676 4849 superest:
2700 4778 2817 4831 haec
2838 4783 2892 4831 et
2920 4777 3008 4831 his
3026 4784 3403 4833 consentanea

1797 4883 1860 4921 ex
1889 4874 1946 4922 te
1974 4866 2115 4920 scire
2146 4866 2397 4920 avebam.

1868 4956 2126 5011 Barlaam
2154 4955 2479 5026 hujusmodi
2508 4971 2841 5026 responsum
2871 4955 2958 5010 his
2993 4954 3178 5010 verbis
3206 4954 3363 5009 dedit
3388 4972 3399 5008 :

1797 5046 1954 5100 Bona
1989 5062 2055 5099 ea
2084 5061 2226 5116 spes,
2262 5045 2331 5098 de
2352 5061 2464 5115 qua
2501 5045 2720 5098 locutus
2760 5061 2905 5110 sum,
2958 5044 3118 5115 regni
3156 5044 3400 5098 cmlestis

1796 5140 1901 5188 est.
1928 5135 2205 5189 Eaautem
2227 5141 2309 5188 est
2332 5134 2629 5204 ejusmodi,
2646 5139 2710 5188 ut
2730 5134 2888 5188 nulla
2899 5134 3129 5188 omnino
3151 5133 3403 5187 humana

1795 5225 1990 5295 lingua
2017 5224 2281 5295 explicari
2321 5222 2514 5294 possit.
2558 5222 2654 5277 Ait
2696 5223 2846 5276 enim
2893 5224 3217 5294 Scriptura:
3263 5221 3397 5285 Quae

1795 5314 1987 5367 oculus
2016 5330 2129 5367 non
2152 5313 2306 5377 vidit,
2326 5319 2383 5366 et
2401 5311 2553 5366 auris
2586 5328 2698 5365 non
2742 5311 2973 5377 audivit,
3006 5315 3062 5365 et
3089 5312 3147 5364 in
3174 5326 3269 5364 cor
3293 5310 3397 5364 ho-

1796 5403 1961 5457 minis
1982 5419 2093 5456 non
2106 5403 2495 5467 ascenderunt,
2516 5400 2854 5471 praeparavit
2874 5400 3023 5454 Deus
3035 5398 3399 5469 diligentibus

1797 5511 1855 5547 se
1889 5495 2016 5561 (Isa.
2045 5506 2205 5557 LXIV;
2250 5495 2279 5546 Ι
2308 5495 2429 5546 Uor.
2479 5496 2555 5558 ιι).
2610 5490 2751 5543 Cum
2792 5493 2979 5542 autem
3029 5487 3248 5559 abjecta
3295 5488 3401 5541 hac

1796 5597 1985 5636 crassa
2011 5597 2198 5645 carne,
2249 5578 2656 5633 beatitudinem
2703 5578 2857 5631 illam
2896 5577 3085 5631 divino
3125 5576 3397 5631 beneﬁcio

1796 5670 2081 5724 consecuti
2111 5670 2400 5731 fuerimus,
2432 5676 2556 5722 tum
2597 5668 2709 5733 ille,
2756 5668 2917 5737 cujus
2953 5667 3222 5723 beneﬁcio
3272 5684 3404 5739 spes
