3878 6424
436 353 538 411 471

1456 347 1550 404 DE
1584 345 1775 403 vms
1813 346 2110 404 PATRUM
2146 349 2361 406 LIBER
2395 322 2688 404 panius".

3607 336 3714 393 472

440 482 635 534 nostra
664 492 766 532 nos
794 474 1025 530 minime
1045 473 1323 540 fefellerit,
1339 489 1442 527 nos
1458 472 1698 539 docebit,
1722 472 2103 544 efficietqueA
2124 475 2294 544 (Luca;
2324 477 2461 543 xxx).
2496 470 2717 528 Etenim
2745 483 2874 522 cum
2917 465 3068 520 Deus
3098 463 3386 518 hominem
3430 461 3504 518 ab
3551 461 3711 517 initio

439 573 504 624 ut
528 567 803 622 bonorum
817 565 1042 618 illorum
1061 561 1320 633 gloriam,
1343 579 1567 617 omnem
1590 561 1793 616 mentis
1808 567 2034 634 captum

441 659 820 728 superantem,
845 653 1024 708 lucem
1053 653 1209 706 illam
1238 669 1363 723 quae
1393 653 1549 707 nulla
1575 651 1828 708 oratione
1847 653 2032 723 expri-

440 745 517 799 mi
535 749 742 816 potest,
759 743 931 797 vitam
941 742 1097 796 illam
1117 758 1240 812 quae
1257 747 1436 796 morte
1448 759 1559 795 non
1577 741 2026 812 interrumpitur,

438 851 504 888 ac
531 833 774 904 denique
802 832 959 886 illam
987 848 1116 885 cum
1144 831 1359 902 angelis
1403 831 1526 884 vitae
1568 830 2030 885 consuetudinem

438 937 857 993 cognoscamus.
889 921 1033 974 Nam
1055 919 1102 973 si
1113 920 1218 974 hoc
1237 919 1506 974 divinitus
1525 935 1951 990 consequamur,
1970 923 2037 974 ut

438 1027 565 1065 cum
585 1011 721 1076 Deo,
746 1014 1018 1080 quantum
1029 1009 1290 1062 humanm
1311 1013 1526 1062 naturae
1547 1007 1630 1062 fas
1652 1014 1757 1073 est,
1798 1025 2034 1063 consue-

439 1099 695 1154 tudinem
718 1097 1047 1164 habeamus,
1082 1097 1272 1151 omnia
1295 1113 1362 1151 ea
1373 1113 1495 1167 qua}
1508 1113 1658 1151 nunc
1674 1096 2038 1168 nobisignota

440 1194 574 1244 sunt
600 1187 671 1242 ab
700 1204 766 1241 eo
787 1187 1046 1241 sciemus.
1079 1187 1197 1240 Hoc
1227 1186 1398 1252 enim,
1433 1185 1736 1257 Scripturis
1772 1185 2038 1240 divinitus

439 1277 728 1348 inspiratis
756 1276 1004 1342 edoctus,
1053 1275 1305 1328 omnium
1349 1278 1590 1328 maxime
1635 1274 1902 1328 caelorum
1943 1291 2033 1329 re-

440 1381 618 1436 gnum
647 1381 769 1418 esse
793 1365 952 1430 duco,
1005 1380 1205 1435 nempe
1247 1363 1318 1416 ad
1363 1369 1586 1429 sanctae,
1637 1368 1695 1416 et
1737 1379 1862 1434 quin
1910 1363 2034 1418 vita:

441 1453 666 1509 initium
693 1453 866 1520 dedit,
893 1452 1187 1508 Trinitatis
1205 1452 1734 1523 contemplationem
1753 1452 2033 1518 accedere,

445 1547 614 1614 atque
645 1541 1068 1613 incomparabili
1089 1542 1262 1612 ipsius
1282 1541 1494 1595 lumine
1531 1541 1725 1612 purius
1744 1541 2035 1607 illustrari,

443 1648 510 1686 ac
537 1631 782 1685 revelata
809 1630 948 1684 facie
968 1632 1046 1697 (II
1062 1630 1182 1685 Cor.
1215 1632 1301 1697 In)
1331 1629 1508 1700 ipsius
1534 1629 1774 1700 gloriam
1811 1646 2036 1684 omnem

440 1719 740 1774 verborum
765 1714 1088 1773 facultatem
1102 1725 1461 1789 superantem
1473 1718 1746 1772 contueri.
1769 1719 1885 1774 Nec
1908 1735 2037 1772 vero

2118 563 2424 619 efﬂuxisset
2448 556 2942 632 (quemadmodum
2981 553 3153 609 etiam
3175 555 3299 624 jam
3324 552 3429 608 tibi
3457 552 3708 624 exposui)

2114 651 2422 708 insufﬂavit
2449 651 2508 705 in
2549 665 2678 703 eum
2711 644 3051 717 spiraculum
3081 642 3206 698 vitae
3248 643 3404 714 (Gen.
3451 645 3538 711 II),
3591 658 3712 713 quae

2115 742 2342 815 quidem
2373 739 2565 795 anima
2591 735 2825 791 rationis
2844 737 3014 804 atque
3024 730 3408 802 intelligentiae
3430 729 3714 803 particeps

2114 829 2448 901 appellatur.
2481 823 2757 890 Quoniam
2785 826 2976 876 autem
3005 824 3186 874 morte
3213 817 3468 874 damnati
3493 833 3710 884 sumus,

2116 917 2376 973 omnibus
2411 915 2571 970 nobis
2599 911 2743 966 mori
2771 925 2997 965 necesse
3024 913 3146 976 est;
3170 924 3272 962 nec
3295 907 3418 962 ﬁeri
3444 911 3637 978 potest
3650 910 3716 960 ut

2116 1007 2208 1062 hic
2235 1006 2376 1062 calix
2396 1004 2681 1060 hominem
2706 1001 2886 1055 ullum
2904 1002 3218 1072 praetereat.
3241 995 3395 1051 Nihil
3420 999 3717 1050 autemest

2118 1096 2272 1152 aliud
2293 1111 2445 1149 mors
2475 1109 2642 1164 quam
2683 1089 2858 1145 animi
2904 1105 2937 1143 a
2979 1102 3211 1158 corpore
3258 1085 3586 1156 disjunctio.
3637 1084 3718 1139 Ac

2119 1185 2346 1255 quidem
2402 1181 2541 1236 illud
2587 1196 2806 1251 corpus,
2855 1177 3004 1250 quod
3047 1193 3078 1230 e
3118 1179 3273 1230 terra
3317 1173 3567 1228 efﬁctum
3608 1179 3713 1238 est,

2117 1279 2486 1346 posteaquam
2505 1269 2576 1324 ab
2596 1269 2783 1324 animo
2798 1267 3116 1337 sejunctum
3159 1269 3262 1330 est,
3291 1263 3352 1318 in
3373 1268 3610 1330 terram,
3651 1279 3719 1316 ex

2120 1379 2232 1433 qua
2258 1366 2546 1432 sumptum
2575 1359 2777 1424 fuerat,
2802 1355 3120 1419 revertitur,
3153 1369 3218 1407 ac
3247 1357 3575 1423 corruptum
3605 1350 3719 1404 dis-

2120 1451 2355 1506 solvitur
2385 1450 2530 1517 (Gcn.
2566 1463 2660 1514 III;
2694 1447 2859 1501 Eccli.
2894 1447 3000 1512 ιιι).
3031 1442 3234 1498 Anima
3268 1445 3458 1495 autem
3485 1439 3721 1494 immor-

2118 1540 2250 1596 talis
2278 1555 2406 1593 cum
2437 1538 2528 1604 sit,
2556 1553 2620 1590 eo
2649 1533 3022 1607 proﬁciscitur
3041 1548 3150 1603 quo
3171 1545 3425 1585 summus
3457 1528 3550 1582 ille
3581 1528 3722 1582 effe-

2118 1635 2238 1684 ctor
2265 1629 2525 1700 imperat,
2542 1625 2646 1690 vel,
2672 1630 2737 1678 ut
2755 1622 2962 1678 rectius
2990 1621 3206 1692 loquar,
3240 1615 3723 1690 quemadmodum

2119 1719 2240 1791 ipsa
2269 1717 2394 1783 sibi,
2419 1732 2547 1769 cum
2563 1714 2746 1768 adhuc
2772 1711 2832 1766 in
2864 1727 3030 1766 carne
3058 1713 3392 1774 versaretur,
3407 1705 3722 1778 hospitium

443 1809 766 1864 mirandum
796 1813 898 1873 est,
931 1807 1169 1878 gloriam
1197 1807 1352 1860 illam
1397 1823 1466 1861 ac
1512 1807 1694 1861 lucem
1733 1812 1790 1861 et
1834 1807 2470 1890 arcanaBprasparavit.
2503 1804 2579 1859 Ut
2607 1803 2758 1858 enim
2789 1801 3025 1873 quisque
3053 1799 3176 1854 vitae
3206 1813 3440 1852 munere
3467 1795 3559 1850 hic
3587 1794 3722 1850 fun-

442 1898 590 1953 bona
617 1897 787 1952 nullis
815 1895 996 1950 verbis
1021 1896 1295 1950 declarari
1315 1913 1476 1967 posse
1501 1915 1514 1963 ;
1543 1913 1728 1968 neque
1753 1897 1904 1951 enim
1924 1913 2042 1952 am-

441 1987 535 2058 pla
562 1991 619 2040 et
643 1985 848 2040 eximia
872 1991 1078 2051 essent,
1111 1984 1158 2038 si
1189 2001 1291 2038 nos
1319 1984 1530 2038 terreni
1551 1991 1610 2038 et
1644 1986 1928 2049 mortales,
1975 2001 2039 2039 ac

437 2091 668 2147 gravem
698 2075 842 2128 hanc
861 2078 920 2128 et
948 2071 1333 2127 all'ectionibus
1363 2073 1661 2128 obnoxiam
1693 2090 1917 2128 carnem
1937 2091 2038 2144 ge-

439 2169 675 2229 stantes,
707 2179 774 2218 ea
810 2167 933 2217 tum
981 2162 1302 2232 cognitione
1345 2161 1648 2234 percipere,
1695 2167 1818 2216 tum
1857 2162 2038 2217 verbis

441 2253 756 2324 exprimere
781 2268 1091 2324 possemus.
1127 2251 1260 2315 Quae
1299 2267 1425 2306 cum
1459 2251 1745 2323 explorata
1771 2251 1874 2306 tibi
1903 2251 2036 2318 sint,

441 2358 510 2397 ea
538 2342 648 2396 fide
668 2341 788 2396 sola
814 2340 956 2396 citra
986 2341 1160 2396 ullam
1182 2339 1590 2394 dubitationem
1629 2341 1836 2412 accipe,
1869 2347 2039 2412 atque

442 2429 513 2484 ab
541 2429 695 2484 omni
725 2429 949 2484 ﬁctione
987 2427 1267 2496 abhorre;
1309 2429 1558 2500 illudque
1603 2431 1784 2496 stude,
1838 2435 1902 2484 ut
1939 2447 2042 2502 per

438 2518 588 2574 bona
631 2535 803 2590 Opera
856 2519 1236 2573 immortalem
1285 2517 1440 2572 illam
1487 2517 1726 2589 gloriam
1776 2518 2035 2590 arripias.

443 2608 566 2672 Qua
617 2624 742 2662 cum
799 2605 905 2660 tibi
969 2607 1139 2678 potiri
1203 2606 1502 2678 contigerit
1564 2607 1862 2678 perfectius
1925 2608 2041 2664 haec

443 2712 764 2767 cognosces.

516 2789 710 2852 πει)
736 2783 898 2848 Quod
936 2787 1126 2838 autem
1175 2799 1240 2838 ex
1270 2800 1362 2838 me
1409 2783 1731 2855 quaesivisti,
1775 2802 2043 2856 quonam-

443 2873 614 2930 modo
666 2891 770 2928 nos
816 2873 1093 2928 incarnati
1139 2873 1241 2928 Dei
1295 2873 1464 2929 verba
1513 2873 1876 2942 audierimus,
1938 2875 2043 2930 hoc

443 2963 669 3030 habeto,
702 2979 804 3017 nos
831 2979 935 3034 per
961 2967 1315 3018 sacrosancta
1351 2963 1651 3033 Evangelia
1692 2980 1759 3018 ea
1805 2981 1926 3035 quae
1969 2965 2039 3019 ad

443 3051 852 3120 theandricam,
885 3052 990 3106 hoc
1021 3057 1106 3106 est
1132 3052 1233 3106 Dei
1280 3069 1409 3106 cum
1455 3053 1681 3107 homine
1735 3054 2034 3124 conjuncti,

2120 1902 2242 1952 ctus
2267 1895 2456 1960 fuerit,
2488 1893 2601 1947 illic
2628 1897 2954 1963 recepturus
2985 1894 3090 1942 est.

2189 1985 2444 2056 Denique
2502 1980 2765 2036 confectis
2809 1979 2992 2050 longis
3037 1983 3354 2048 temporum
3399 1973 3720 2040 curriculis,

2119 2075 2270 2131 Deus
2297 2078 2488 2128 noster
2514 2087 2642 2126 cum
2672 2067 2973 2124 metuenda
3003 2072 3060 2121 et
3084 2065 3357 2120 sermonis
3392 2062 3720 2118 facultatem

2120 2169 2421 2236 superante
2443 2161 2627 2232 gloria
2652 2160 2721 2215 ad
2746 2158 3020 2230 judicium
3039 2157 3110 2211 de
3139 2155 3272 2210 orbe
3299 2153 3596 2208 ferendum
3627 2169 3720 2206 ve-

2120 2253 2258 2309 niet.
2305 2253 2479 2323 Cujus
2521 2255 2678 2306 metu
2708 2249 2975 2304 caelorum
3018 2246 3251 2300 virtutes
3289 2241 3721 2298 commovebun-

2120 2347 2234 2408 tur,
2267 2346 2436 2412 atque
2465 2339 2647 2394 omnis
2675 2339 3004 2408 angelorum
3033 2335 3306 2390 exercitus
3332 2338 3582 2388 tremore
3603 2348 3722 2384 cor-

2122 2437 2314 2504 reptus
2337 2446 2526 2485 coram
2563 2429 2684 2501 ipso
2713 2427 2921 2482 astabit
2945 2432 2956 2491 ί
2966 2428 3090 2481 Luc.
3121 2428 3236 2493 XXI)
3261 2428 3414 2478 :tum
3437 2420 3717 2487 videlicet,

2121 2538 2248 2576 cum
2276 2521 2335 2575 in
2355 2517 2677 2588 archangeli
2699 2533 2830 2572 voce
2867 2532 2932 2570 ac
2979 2513 3170 2570 divina
3211 2509 3348 2568 tuba
3395 2509 3608 2565 mortui
3649 2508 3720 2564 ad

2121 2611 2293 2666 vitam
2314 2607 2594 2673 redibunt,
2626 2623 2690 2660 ac
2711 2604 3006 2660 tremendo
3023 2602 3199 2675 ipsius
3220 2602 3422 2656 throno
3444 2599 3721 2654 sistentur

2125 2702 2179 2768 (Ι
2199 2701 2374 2753 Thess.
2408 2697 2504 2768 1v).
2538 2697 2638 2751 Est
2665 2701 2854 2752 autem
2891 2691 3246 2756 resurrectio,
3278 2690 3482 2745 animae
3519 2705 3720 2744 rursus

2125 2805 2254 2844 cum
2279 2803 2510 2859 corpore
2523 2784 2864 2857 conjunctio.
2889 2781 3271 2848 Quocircahoc
3285 2779 3470 2852 ipsum
3492 2795 3716 2850 corpus,

2125 2878 2273 2950 quod
2300 2876 2496 2932 interit
2513 2892 2578 2930 ac
2598 2873 2938 2938 dissolvitur,
2962 2872 3043 2926 ita
3065 2874 3340 2940 resurget,
3371 2874 3439 2923 ut
3456 2867 3719 2938 deinceps

2121 2966 2351 3022 interire
2380 2969 2624 3037 nequeat
2647 2964 2708 3036 (Ι
2726 2964 2846 3019 Gor.
2877 2966 2990 3031 xv).
3013 2961 3129 3016 Nec
3145 2975 3275 3014 vero
3294 2959 3426 3012 huic
3445 2957 3528 3012 rei
3549 2957 3721 3011 ﬁdem

2119 3057 2236 3111 ullo
2265 3055 2432 3110 modo
2457 3054 2730 3124 abrogare
2753 3053 2812 3106 in
2839 3056 3086 3106 mentem
3113 3049 3216 3104 tibi
3267 3048 3470 3102 veniat.
3521 3047 3720 3116 Neque

445 3141 922 3214 dispensationem
938 3141 1240 3212 pertinent,
1263 3141 1703 3196 didicisse.Nam
1722 3141 2036 3198 itasanctus
2057 3149 2102 3210 α
2121 3146 2270 3201 enim
2300 3145 2352 3200 ei
2382 3144 2478 3217 qui
2507 3145 2694 3215 ipsum
2724 3141 2968 3214 primum
2999 3157 3028 3194 e
3057 3145 3211 3194 terra
3249 3137 3441 3203 efﬁxit,
3487 3141 3717 3208 postea-

441 3231 538 3286 ille
563 3230 707 3285 liber
735 3231 1069 3302 appellatur,
1101 3236 1166 3284 ut
1196 3230 1292 3301 qui
1322 3231 1803 3286 immortalitatem
1835 3238 1892 3285 et
1922 3239 2038 3286 sta-

439 3325 562 3376 tum
592 3337 628 3374 a
653 3320 1011 3392 corruptione
1035 3319 1300 3387 alienum,
1333 3325 1390 3374 et
1417 3321 1818 3392 sempiternam
1841 3321 2036 3388 vitam,

441 3413 499 3463 et
532 3414 889 3480 peccatorum
918 3409 1324 3475 remissionem,
1365 3415 1422 3463 et
1463 3411 1731 3465 caalorum
1777 3427 2035 3480 regnum,

441 3496 602 3551 nobis
641 3498 738 3568 qui
767 3497 1036 3551 mortales
1058 3496 1426 3568 interituique
1464 3497 1688 3552 obnoxii
1718 3515 1782 3552 ac
1827 3499 2040 3554 terreni

441 3602 654 3651 sumus,
688 3586 868 3640 fauste
897 3587 1213 3640 annuntiet.
1246 3587 1424 3650 Quem
1452 3586 1677 3657 quidem
1699 3587 2042 3658 scripserunt

441 3674 538 3746 qui
564 3679 907 3746 spectatores
938 3691 1004 3728 ac
1024 3675 1268 3729 ministri
1289 3674 1457 3729 Verbi
1472 3675 1720 3730 fuerunt.
1744 3676 1824 3730 De
1839 3677 2039 3749 quibus

439 3763 698 3836 superius
726 3763 858 3831 dixi,
893 3763 1041 3835 quod
1073 3764 1327 3818 Salvator
1355 3769 1546 3818 noster
1587 3765 1842 3820 Christus
1871 3765 2038 3820 disci-

439 3853 601 3924 pulos
631 3858 689 3907 et
711 3853 992 3924 apostolos
1022 3853 1274 3924 elegerit.
1307 3853 1416 3918 Qui
1446 3853 1672 3924 quidem
1709 3854 1868 3908 nobis
1913 3860 2042 3926 post

373 4005 385 4016 ο
407 3937 416 3946 ’
435 3935 740 4011 gloriosam
763 3941 864 3996 Dei
885 3941 944 3996 in
982 3941 1150 3996 caelos
1178 3942 1582 4008 ascensionem,
1613 3942 1789 4013 ipsius
1803 3943 1863 3998 in
1881 3949 2036 3998 terra

437 4030 566 4084 vitm
596 4029 893 4098 rationem;
927 4035 984 4084 et
1011 4030 1322 4084 doctrinam
1346 4047 1410 4084 ac
1439 4031 1727 4096 miracula,
1763 4037 2038 4102 quantum

438 4117 509 4172 ab
537 4117 859 4172 hominibus
899 4119 1152 4188 praestari
1193 4125 1434 4190 poterat,
1477 4119 1795 4174 litterarum
1836 4137 2038 4176 monu-

439 4206 645 4260 mentis
668 4207 1030 4260 mandarunt.
1067 4207 1158 4261 Sic
1186 4208 1394 4262 etenim
1419 4208 1475 4261 in
1507 4213 1757 4262 extrema
1793 4208 1921 4262 libri
1949 4210 2037 4264 sui

439 4300 600 4367 parte
629 4286 985 4350 eximius'ille
1014 4295 1164 4349 inter
1182 4295 1396 4350 divinos
1439 4297 1808 4367 evangelistas
1857 4298 2030 4354 dixit:

439 4384 586 4440 Sunt
614 4389 671 4438 et
695 4385 809 4438 alia
835 4385 1034 4450 multa,
1060 4401 1181 4456 quae
1209 4384 1340 4440 fecit
1365 4386 1394 4440 J
1399 4401 1548 4454 esus,
1572 4386 1756 4457 quaesi
1785 4387 2035 4442 scriban-

2123 3251 2294 3306 quam
2323 3233 2382 3288 in
2411 3237 2623 3288 terram
2653 3249 2718 3286 ex
2740 3248 2852 3304 qua
2879 3234 3170 3301 sumptum
3207 3232 3294 3282 est
3324 3226 3510 3292 rediit,
3555 3227 3722 3296 juxta

2123 3323 2406 3380 Creatoris
2417 3321 2754 3377 sententiam
2766 3337 2960 3376 rursus
2981 3319 3051 3374 ad
3066 3318 3240 3373 vitam
3261 3315 3724 3386 excitareimpos-

2123 3412 2284 3467 sibile
2316 3417 2418 3467 est.
2438 3412 2582 3466 Nam
2600 3409 2647 3463 si
2667 3409 2814 3480 quod
2826 3409 2942 3463 Rex
2957 3408 3108 3462 Deus
3129 3422 3194 3460 ex
3227 3404 3404 3459 nihilo
3426 3404 3484 3458 in
3527 3410 3720 3458 ortum

2121 3501 2463 3573 produxerit,
2498 3505 2684 3553 tecum
2705 3501 2950 3568 reputes,
2982 3495 3131 3550 istud
3157 3495 3294 3550 satis
3313 3509 3518 3563 magno
3545 3509 3720 3564 argu-

2122 3595 2314 3644 mento
2333 3589 2432 3643 tibi
2452 3588 2707 3643 futurum
2738 3591 2842 3640 est.
2877 3584 3098 3640 Etenim
3136 3589 3361 3656 sumpta
3386 3588 3558 3648 terra,
3593 3599 3720 3653 qua:

2121 3679 2277 3751 prius
2303 3695 2415 3733 non
2436 3683 2576 3744 erat,
2609 3674 3222 3746 hominemprocreavit
3253 3673 3400 3744 (Gen.
3451 3672 3535 3741 ιι).
3563 3671 3720 3736 Quo-

2121 3785 2255 3824 nam
2283 3762 2459 3839 igitur
2477 3767 2642 3822 modo
2670 3783 2701 3820 e
2727 3771 2882 3822 terra
2900 3765 3068 3819 homo
3094 3764 3276 3818 factus
3305 3761 3428 3817 est?
3458 3761 3721 3826 Quonam

2122 3858 2288 3912 modo
2316 3857 2438 3928 ipsa
2465 3873 2530 3910 ex
2578 3855 2754 3910 nihilo
2800 3855 3072 3926 producta
3111 3853 3242 3908 est?
3281 3852 3536 3918 Quonam
3577 3851 3718 3905 item

2115 3946 2480 4000 fundamento
2510 3944 3015 4008 nititur?Quonam
3031 3942 3273 4014 denique
3293 3940 3460 3996 modo
3497 3956 3566 3994 ex
3592 3939 3720 4010 ipsa
3785 3995 3791 4000 ,

2118 4035 2343 4090 infinita
2371 4040 2493 4088 tum
2521 4033 2837 4092 brutorum.
2860 4038 2982 4087 tum
3003 4029 3716 4100 seminum,tumstirpium

2118 4141 2329 4195 genera
2357 4123 2631 4196 producta
2650 4122 2826 4177 sunt?
2854 4121 3176 4187 Quinetiam
3198 4121 3258 4175 in
3276 4124 3469 4175 nostro
3489 4135 3716 4190 quoque

2117 4218 2245 4268 ortu
2270 4212 2435 4267 velim
2453 4213 2559 4267 hoc
2580 4212 2915 4267 consideres.
2933 4213 3022 4266 An
3043 4227 3153 4265 non
3175 4209 3324 4266 enim
3347 4209 3716 4282 perexiguum

2115 4319 2306 4358 semen
2337 4303 2395 4356 in
2422 4307 2654 4368 terram,
2693 4301 2798 4356 hoc
2842 4307 2927 4355 est
2973 4301 3031 4354 in
3076 4300 3296 4355 vulvam
3333 4299 3519 4370 ipsum
3566 4297 3715 4352 exci-

2115 4393 2365 4464 pientem
2401 4391 2722 4447 emittitur?
2742 4391 2902 4446 Unde
2929 4389 3105 4460 igitur
3121 4389 3241 4444 haec
3259 4393 3422 4444 tanta
3451 4387 3716 4443 animalis

435 4479 534 4528 tur
561 4490 662 4544 per
691 4473 932 4544 singula,
959 4490 1061 4527 nec
1075 4473 1260 4546 ipsum
1271 4473 1516 4530 arbitror
1535 4477 1809 4532 mundum
1830 4493 1925 4532 eos
1938 4478 2034 4550 qui
2052 4467 2099 4525 Π
2117 4480 2372 4536 effectio?

437 4563 716 4618 scribendi
744 4568 879 4617 sunt
905 4579 1104 4635 capere
1131 4581 1293 4634 posse
1323 4564 1495 4619 libros
1526 4567 1704 4633 (Joan.
1739 4570 1878 4634 XXI).

507 4653 574 4707 In
599 4653 706 4707 hoc
723 4652 896 4724 igitur
909 4653 1097 4706 divino
1124 4653 1444 4724 Evangelio,
1465 4659 1589 4710 tum
1610 4655 2030 4726 incarnationis,

437 4748 560 4797 tum
587 4741 998 4808 declarationis,
1045 4747 1168 4796 tum
1205 4743 1622 4810 miraculorum,
1665 4750 1788 4800 tum
1825 4764 2032 4818 praece-

437 4837 664 4903 ptorum
691 4831 868 4902 ipsius
895 4831 1148 4898 historia,
1188 4832 1291 4886 Dei
1329 4832 1530 4904 spiritu
1579 4840 1808 4890 exarata
1854 4837 2034 4890 conti-

437 4924 625 4974 netur.
652 4920 732 4974 Ac
767 4919 969 4973 deinde
999 4921 1256 4992 supplicii
1287 4923 1437 4977 illius
1462 4921 1532 4978 ab
1571 4925 1723 4979 omni
1775 4924 1903 4979 labe
1941 4941 2033 4980 re-

438 5007 598 5076 moti,
631 5008 779 5080 quod
801 5007 1071 5062 Dominus
1092 5017 1283 5065 nostra
1310 5029 1480 5067 causa
1498 5013 1690 5081 subiit,
1719 5019 2035 5086 sanctaque

436 5098 625 5154 triduo
652 5102 781 5170 post
811 5099 1258 5164 resurrectionis,
1299 5107 1468 5172 atque
1514 5102 1573 5157 in
1622 5103 1791 5158 caelos
1839 5119 2033 5158 ascen-

435 5187 628 5253 sionis,
661 5203 728 5240 ac
751 5186 991 5258 denique
1030 5188 1262 5244 illustris
1291 5207 1357 5244 ac
1383 5191 1672 5246 metuendi
1721 5191 1896 5262 ipsius
1943 5209 2033 5247 se-

435 5277 605 5331 cundi
633 5277 904 5332 adventus
934 5277 1145 5333 mentio
1175 5278 1431 5334 habetur.
1475 5281 1721 5337 Rursum
1753 5280 1903 5335 enim
1931 5282 2032 5336 Dei

436 5364 610 5419 Filius
634 5381 762 5420 cum
789 5365 988 5435 gloria,
1021 5366 1174 5421 omni
1201 5385 1460 5423 sermone
1479 5369 1854 5439 praestantiori
1865 5374 2033 5440 atque

437 5453 652 5522 ingenti
681 5455 920 5510 caelestis
948 5456 1160 5517 militiae
1191 5456 1552 5511 multitudine
1583 5457 1642 5511 in
1668 5462 1880 5512 terram
1908 5475 2037 5513 ven-

437 5546 600 5596 turus
629 5548 733 5610 est,
766 5549 832 5598 ut
857 5544 927 5598 de
956 5546 1280 5600 mortalium
1315 5561 1524 5616 genere
1569 5546 1904 5602 sententiam
1953 5548 2034 5602 fe-

437 5634 546 5697 rat,
579 5635 748 5705 atque
793 5633 1096 5706 unicuique
1132 5652 1235 5707 pro
1277 5652 1342 5690 eo
1391 5651 1455 5691 ac
1509 5637 1704 5708 gessit,
1763 5638 2034 5710 rependat

2187 4568 2564 4635 Quamobrem
2615 4569 2664 4622 ei
2710 4569 2808 4640 qui
2864 4567 3052 4622 omnia
3098 4583 3166 4621 ex
3216 4565 3391 4620 nihilo
3428 4565 3712 4636 produxit,

2115 4664 2285 4730 atque
2313 4659 2621 4713 etiamnum
2651 4657 2927 4730 producit,
2969 4654 3202 4710 minime
3245 4654 3593 4726 impossibile
3631 4659 3716 4710 est

2115 4764 2386 4819 corporea
2405 4764 2473 4802 ea
2491 4763 2614 4818 quae
2635 4751 2814 4802 morte
2830 4745 3075 4800 extincta
3089 4748 3258 4814 atque
3287 4748 3552 4814 corrupta
3561 4749 3710 4810 sunt,

2116 4853 2148 4890 e
2176 4843 2330 4891 terra
2357 4837 2429 4891 ad
2458 4835 2630 4891 vitam
2659 4851 2937 4901 revocare,
2969 4838 3035 4888 ut
3064 4837 3448 4904 unusquisque
3476 4849 3713 4887 consen-

2117 4931 2343 4980 taneam
2373 4924 2635 4996 operibus
2666 4924 2782 4979 suis
2804 4923 3119 4978 mercedem
3145 4922 3380 4994 recipiat
3411 4923 3492 4990 (II
3518 4921 3709 4989 Conv;

2117 5018 2321 5070 Psalm.
2355 5017 2485 5083 LXI).
2519 5013 2750 5084 Laboris
2781 5012 2933 5067 enim
2962 5017 3067 5078 est,
3100 5011 3286 5082 inquit
3312 5011 3424 5076 ille,
3468 5027 3713 5082 praesens

2115 5109 2338 5174 tempus
2363 5121 2376 5170 ;
2398 5103 2653 5158 futurum
2673 5109 2881 5168 autem,
2906 5101 3200 5156 mercedis.
3224 5099 3714 5171 Alioqui,ubinam

2115 5192 2215 5246 Dei
2235 5193 2458 5263 justitia
2485 5193 2612 5259 erit,
2628 5191 2736 5246 nisi
2756 5191 2832 5246 sit
2843 5189 3216 5244 resurrectio?
3241 5189 3532 5260 Siquidem
3551 5190 3716 5244 multi

2115 5280 2274 5352 probi
2302 5280 2425 5348 viri,
2461 5297 2591 5336 cum
2627 5281 2687 5336 in
2724 5281 2831 5336 hac
2866 5279 2980 5333 vita
3021 5279 3228 5333 multas
3265 5277 3617 5332 calamitates
3654 5294 3716 5333 ac

2117 5369 2297 5423 multa
2324 5370 2598 5442 supplicia
2623 5369 2903 5434 tulissent,
2933 5384 3035 5440 per
3053 5367 3163 5420 vim
3191 5366 3420 5420 tandem
3449 5366 3518 5422 de
3533 5367 3716 5422 medio

2117 5457 2324 5512 sublati
2353 5464 2506 5514 sunt.
2535 5457 2804 5514 Nonnulli
2820 5465 3014 5512 contra
3029 5455 3188 5527 impii
3209 5472 3274 5510 ac
3308 5455 3716 5510 facinorosiho-

2115 5547 2316 5613 mines,
2356 5548 2417 5602 in
2458 5547 2673 5602 deliciis
2703 5563 2767 5600 ac
2806 5546 3090 5618 prosperis
3137 5561 3332 5600 rerum
3368 5543 3713 5599 successibus

2114 5642 2449 5715 praesentem
2467 5638 2642 5693 vitam
2669 5641 3166 5708 consumpserunt:
3199 5640 3258 5689 at
3298 5635 3468 5700 Deus,
3508 5639 3575 5688 ut
3620 5635 3712 5704 qui
