3878 6388
128 360 226 420 473

524 363 697 420 VITA
733 365 1176 426 SANCTORUM
1211 369 1552 428 BARLAAM
1594 367 1932 429 EREMITE
1968 366 2058 424 ET
2093 365 2459 423 JOSAPHAT
2495 361 2722 421 INDIE
2758 360 2991 418 REGIS.

3280 362 3386 415 474

131 487 284 543 simul
312 493 370 543 et
388 486 637 544 bonitate
657 494 714 544 et
735 491 959 561 justitia
986 496 1231 563 praestet,
1281 492 1705 547 resurrectionis
1718 494 1766 552 Α
1786 490 2043 546 acerbius
2065 489 2367 562 excogitari
2396 488 2599 562 potest)
2625 487 2696 543 ad
2712 485 3115 560 sempiternam
3152 500 3377 560 poenam

128 594 189 631 ac
211 577 624 633 referendarum
652 579 935 635 rationum
956 582 1106 636 diem
1134 582 1446 649 constituit,
1470 587 1550 649 ut,
1578 599 1707 637 cum

130 683 348 739 quaeque
404 668 593 722 anima
637 685 839 740 corpus
896 688 1059 727 suum
1089 672 1383 742 receperit,
1414 671 1703 743 improbus

131 756 339 827 quidem
370 762 428 811 et
478 759 804 821 sceleratus.
848 760 940 831 qui
986 760 1075 815 hic
1104 761 1295 815 omnia
1339 762 1584 816 secunda
1633 778 1698 816 ac

130 845 247 899 laeta
268 844 544 915 habuerit,
606 847 720 902 illic
770 849 1041 904 scelerum
1089 866 1283 921 poenas
1311 850 1468 925 luat;
1500 848 1707 922 probus

127 938 309 987 contra
347 951 543 990 eorum
587 953 709 1007 quae
756 937 948 1009 inique
977 938 1231 1009 gesserit,
1262 940 1442 1011 poenis
1490 940 1548 994 in
1605 940 1709 996 hac

128 1022 233 1076 vita
257 1024 575 1094 persolutis,
625 1026 743 1080 illic
770 1026 1047 1082 bonorum
1076 1029 1462 1083 hereditatem
1512 1046 1706 1084 conse-

127 1116 335 1181 quatur.
368 1113 617 1169 Audient
643 1115 815 1182 enim,
844 1116 1029 1188 inquit
1055 1117 1350 1185 Dominus,
1380 1118 1475 1189 qui
1504 1118 1561 1172 in
1593 1135 1709 1172 mo-

127 1201 400 1256 numentis
443 1209 637 1269 πω
665 1210 815 1271 sunt,
842 1222 1032 1260 vocem
1052 1206 1180 1260 Filii
1202 1206 1322 1261 Dei.
1354 1207 1424 1261 Et
1456 1206 1703 1274 exibunt,

1790 581 2092 653 ablegabit.

1840 673 1877 727 C
1887 671 2055 727 ΑΡ.ΙΧ
2084 670 2420 741 -—Josaphat
2430 672 2617 723 autem
2629 666 2717 722 his
2729 667 2797 721 ad
2810 684 2878 721 eu
2886 664 3121 720 mverbis
3132 669 3355 720 ususest
3370 681 3382 718 :

1790 760 2026 830 Magnas
2051 759 2321 831 quasdam
2334 763 2391 812 et
2404 757 2764 811 admirandas
2776 770 3206 825 res,magnoque
3228 758 3385 808 metu

1792 867 1856 904 ac
1876 854 2119 904 tremore
2143 848 2344 919 dignas
2365 846 2524 913 mihi,
2554 863 2586 901 o
2626 846 2812 911 homo,
2844 861 3059 910 narras,
3078 843 3125 898 si
3156 842 3385 914 quidem

1789 940 1908 994 haec
1931 939 2012 993 ita
2041 954 2100 992 se
2128 936 2355 1001 habent,
2390 940 2559 1006 atque
2612 940 2909 1006 postquam
2939 932 3065 987 fatis
3094 946 3383 985 concesse-

1791 1028 1989 1094 rimus,
2018 1026 2149 1081 etin
2169 1026 2411 1079 cinerem
2434 1041 2498 1078 ac
2513 1024 2799 1095 pulverem
2818 1021 3075 1076 dissoluti
3088 1020 3381 1082 fuerimus,

1791 1116 2123 1172 resurrectio
2137 1120 2193 1169 et
2212 1114 2562 1185 regeneratio
2574 1113 2764 1167 futura
2780 1117 3188 1181 est,rerumque
3201 1109 3260 1162 in
3272 1108 3387 1161 vita

1786 1213 2076 1278 gestarum
2107 1220 2340 1259 examen
2360 1220 2425 1258 ac
2443 1219 2674 1257 merces.
2689 1202 2899 1255 Verum
2920 1216 3029 1271 quo
3053 1202 3386 1269 argumento

129 1289 215 1360 qui
238 1288 383 1346 bona
398 1290 652 1348 fecerunt
668 1293 727 1347 in
757 1294 1222 1349 resurrectionem
1236 1296 1360 1351 vitae
1383 1296 1707 1367 ;quiautem
1788 1297 1906 1351 haec
1936 1294 2176 1366 probas?
2222 1299 2279 1348 et
2302 1308 2546 1363 quonam
2572 1291 2622 1344 ei
2654 1290 2735 1345 rei
2766 1306 2887 1360 quae
2930 1288 3179 1343 nondum
3209 1285 3384 1340 oculis

127 1380 267 1434 mala
293 1388 547 1451 egerunt,
577 1383 636 1436 in
669 1384 1140 1439 resurrectionem
1165 1384 1363 1455 judicii
1410 1387 1587 1453 (Joan.
1630 1384 1705 1457 v).
1789 1390 2082 1458 perspecta
2103 1389 2188 1438 est
2225 1382 2430 1437 audita:
2487 1387 2656 1452 atque
2685 1379 2983 1434 intellectae
3032 1393 3208 1446 usque
3243 1375 3382 1428 adeo

127 1468 238 1532 Quo
293 1470 503 1525 scilicet
535 1477 786 1544 tempore
817 1473 975 1528 sedes
1006 1490 1228 1545 quoque
1264 1474 1704 1544 collocabantur,
1789 1476 2011 1530 ﬁrmam
2032 1479 2088 1528 et
2107 1471 2482 1529 indubitatam
2511 1470 2679 1524 ﬁdem
2694 1467 3027 1523 adhibuistis
3045 1466 3069 1518 Ἰ
3089 1466 3234 1519 Nam
3260 1480 3383 1534 qua“:

126 1564 281 1629 atque
334 1559 615 1630 Antiquus
653 1561 872 1615 dierum
903 1564 1068 1630 (Dan.
1105 1560 1224 1631 v11),
1259 1579 1562 1633 rerumque
1592 1579 1709 1618 om-
1783 1566 1904 1636 jam
1930 1569 2091 1635 gesta
2114 1580 2180 1617 ac
2207 1580 2267 1617 re
2298 1562 2420 1633 ipsa
2449 1560 2732 1614 declarata
2754 1562 2905 1622 sunt,
2922 1554 3143 1610 etiamsi
3164 1553 3271 1625 ipsi
3286 1552 3386 1606 mi-

127 1645 271 1699 nium
289 1663 493 1718 parens
517 1654 574 1702 et
600 1649 936 1704 architectus
964 1649 1302 1721 prazsidebit.
1330 1651 1409 1704 Ac
1432 1650 1559 1705 libri
1581 1668 1709 1723 ape-
1788 1655 1942 1710 nime
1970 1652 2241 1718 videritiS,
2265 1656 2325 1705 at
2350 1650 2420 1705 ab
2446 1650 2517 1703 iis
2547 1648 2643 1720 qui
2671 1664 2738 1702 ea
2763 1647 3041 1711 viderunt,
3083 1661 3146 1697 ac
3173 1658 3386 1696 memo-

132 1734 353 1801 rientur,
384 1736 443 1791 in
474 1738 675 1808 quibus
703 1739 957 1793 omnium
986 1744 1245 1793 nostrum
1298 1740 1566 1803 actiones,
1598 1756 1710 1794 ser-
1789 1744 1887 1799 riae
1919 1743 2307 1815 prodiderunt,
2328 1738 2901 1802 audivistis.Quonam
2925 1740 3115 1789 autem
3137 1731 3383 1786 modode

130 1839 327 1890 mones,
383 1828 750 1897 cogitationes
790 1828 1070 1900 inscriptae
1115 1829 1491 1884 continentur.
1522 1831 1706 1901 Atque
1727 1819 1773 1878 Β
1793 1832 1960 1889 rebus
1984 1831 2189 1886 futuris
2218 1837 2333 1885 tam
2358 1845 2563 1901 magna
2579 1833 2637 1882 et
2651 1824 2985 1902 praetumida
2997 1821 3384 1898 praedicantes,

128 1912 309 1982 igneus
338 1914 542 1970 ﬂuvius
560 1916 755 1988 rapido
776 1934 941 1972 cursu
971 1918 1240 1983 volvetur,
1262 1924 1573 1990 cunctaque
1586 1936 1708 1991 quae

128 2000 179 2054 in
205 2001 454 2059 abstruso
508 2005 859 2073 delitescunt,
914 2008 1203 2078 patefient.
1231 2009 1357 2062 Non
1386 2008 1500 2062 illic
1523 2014 1710 2079 patro-

128 2106 241 2157 nus,
270 2100 369 2147 aut
394 2092 695 2151 verborum
719 2096 1076 2163 lenocinium,
1102 2102 1200 2151 aut
1230 2096 1371 2151 falsa
1406 2098 1707 2165 excusatio,

127 2185 218 2234 aut
244 2198 409 2253 apum
439 2184 713 2254 potentia,
747 2190 848 2239 aut
874 2186 1215 2256 dignitatum
1243 2187 1438 2252 fastus,
1468 2193 1568 2242 aut
1596 2203 1712 2242 am-

128 2270 377 2341 plissimae
402 2289 704 2328 munerum
718 2274 1046 2345 largitiones
1067 2281 1283 2330 rectum
1289 2276 1565 2346 judicium
1584 2294 1712 2347 sup-

132 2361 357 2432 primere
384 2364 679 2433 poterunt:
731 2380 923 2418 verum
944 2365 1299 2437 incorruptus
1330 2365 1423 2421 ille
1453 2383 1517 2421 ac
1545 2382 1712 2421 verus

130 2449 289 2519 judex
314 2451 381 2505 ad
405 2451 644 2521 justitiae
672 2452 897 2507 laudem
910 2454 1102 2508 omnia
1128 2455 1454 2526 perpendet,
1485 2456 1590 2510 hoc
1606 2460 1708 2522 est,

137 2544 190 2592 et
206 2539 498 2607 actionem,
524 2546 582 2595 et
608 2558 944 2608 sermonem,
977 2548 1035 2597 et
1049 2542 1464 2615 cogitationem.
1488 2546 1569 2598 Ac
1588 2561 1714 2616 pro-

136 2627 437 2683 ﬁciscentur
467 2630 566 2701 qui
603 2630 902 2686 virtutibus
930 2648 1160 2703 operam
1181 2633 1459 2688 dederunt
1477 2634 1547 2687 ad
1569 2650 1712 2687 sem-

133 2717 393 2788 piternam
446 2720 640 2787 vitam,
681 2726 738 2775 et
785 2722 965 2776 lucem
1015 2738 1239 2776 omnem
1284 2723 1553 2778 orationis
1600 2723 1710 2777 vim

130 2807 496 2873 excedentem,
549 2815 613 2864 ut
676 2826 803 2865 cum
849 2810 1066 2881 angelis
1132 2811 1499 2879 oblectentur,
1542 2818 1710 2884 atque

134 2884 334 2953 arcanis
370 2897 533 2953 bonis
572 2899 853 2966 fruantur,
904 2905 1221 2972 sanctasque
1263 2901 1527 2956 Trinitati
1572 2918 1710 2973 pure

134 2989 329 3054 astent;
351 2988 447 3059 qui
467 2993 660 3043 autem
670 2988 929 3061 turpibus
944 2990 1174 3060 ﬂagiti1s
1196 3007 1317 3045 sese
1339 2991 1707 3058 devinxerint,

137 3080 290 3145 atque
319 3093 515 3133 omnes
543 3078 701 3149 impii
734 3084 791 3133 et
818 3085 1139 3151 peccatores
1186 3080 1256 3134 ad
1306 3080 1713 3151 sempiternum

1790 1929 2002 1978 certam
2030 1922 2099 1978 de
2126 1922 2196 1977 iis
2218 1921 2386 1977 fidem
2413 1920 2561 1975 nacti
2590 1918 2744 1974 estis.

1861 2012 2172 2084 Respondit
2196 2011 2486 2066 Barlaam:
2512 2010 2592 2064 Ex
2619 2008 2689 2062 iis
2717 2024 2840 2080 quae
2863 2007 2983 2078 jam
3004 2005 3380 2075 contigerunt,

1792 2102 1861 2156 de
1884 2102 2087 2157 futuris
2116 2101 2289 2155 etiam
2317 2105 2527 2154 certam
2565 2098 2733 2153 ﬁdem
2751 2102 2950 2152 nactus
2960 2112 3106 2150 sum.
3128 2096 3275 2148 Nam
3291 2091 3385 2165 qui

1792 2191 1909 2246 haec
1939 2190 2331 2262 praedicarunt,
2351 2205 2455 2243 nec
2483 2188 2601 2242 ulla
2635 2187 2694 2241 in
2722 2203 2782 2240 re
2812 2202 2846 2240 a
2873 2202 3002 2240 vero
3028 2183 3383 2247 aberrarunt,

1792 2297 1986 2335 verum
2015 2296 2115 2351 per
2138 2280 2302 2349 signa
2314 2283 2371 2332 et
2400 2276 2673 2349 prodigia,
2700 2275 2993 2346 variasque
3015 2274 3248 2328 virtutes
3269 2287 3382 2326 ser-

1793 2368 2052 2424 monibus
2080 2368 2196 2423 suis
2225 2367 2398 2422 robur
2427 2366 2813 2431 conciliarunt,
2832 2364 3001 2419 iidem
3016 2362 3185 2418 etiam
3208 2362 3277 2416 de
3306 2361 3389 2416 fu-

1793 2459 1937 2513 turis
1964 2476 2067 2514 nos
2096 2458 2531 2512 admonuerunt.
2564 2453 3051 2519 Quemadmodum
3091 2452 3265 2522 igitur
3290 2450 3383 2505 hic

1794 2548 1938 2602 nihil
1964 2552 2367 2620 praeposterum
2392 2563 2457 2600 ac
2481 2544 3015 2608 ﬁctumdocucrunt,
3048 2557 3242 2595 verum
3265 2557 3390 2594 om-

1794 2638 1891 2692 nia
1919 2654 1986 2692 ea
2014 2654 2137 2709 qum
2168 2636 2238 2690 ab
2260 2636 2396 2707 ipsis
2424 2635 2575 2689 dicta
2597 2640 2654 2689 et
2680 2633 2826 2689 facta
2864 2637 3013 2697 sunt,
3038 2632 3154 2685 sole
3178 2629 3385 2684 clarius

1795 2727 2143 2791 eﬂ‘ulserunt,
2171 2726 2367 2780 eodem
2422 2740 2643 2795 quoque
2683 2722 2849 2776 modo
2894 2721 3008 2775 illic
3040 2737 3167 2774 vere
3196 2718 3387 2773 omnia

1792 2816 2167 2872 tradiderunt.
2183 2816 2318 2879 Qua:
2334 2814 2558 2885 quidem
2574 2813 2745 2867 etiam
2762 2812 2881 2882 ipse
2894 2810 3168 2865 Dominus
3196 2813 3389 2863 noster

1792 2922 1858 2961 ac
1885 2906 2055 2961 herus
2084 2906 2246 2960 Jesus
2276 2904 2554 2969 Christus,
2600 2907 2723 2956 tum
2750 2917 3028 2967 sermone,
3060 2905 3183 2953 tum
3222 2915 3390 2970 opere

1794 2995 2162 3051 conﬁrmavit.
2204 2996 2385 3049 Amen
2417 2993 2588 3059 enim,
2629 2991 2832 3062 inquit,
2882 2990 3004 3044 dico
3042 2988 3217 3055 vobis,
3260 2988 3393 3059 quia

1796 3085 1951 3139 venit
1974 3085 2133 3152 hora,
2162 3083 2387 3155 quando
2420 3080 2878 3136 mortuiaudient
2906 3095 3095 3133 vocem
3126 3077 3236 3132 Flii
3267 3076 3388 3144 Dei,

136 3164 450 3234 cruciatum,
485 3166 583 3238 qui
626 3168 851 3239 quidem
889 3169 1146 3239 gehenna
1195 3168 1418 3236 dicitur,
1469 3174 1522 3224 et
1570 3173 1775 3237 exte-C
1797 3179 1854 3230 et
1885 3174 1980 3245 qui
2004 3173 2307 3239 audierint,
2330 3172 2517 3225 vivent
2538 3174 2717 3239 (Joan.
2742 3171 2860 3237 x11).
2893 3169 2973 3222 Ac
2999 3183 3222 3221 rursum
3249 3186 3264 3220 :
3288 3166 3392 3220 Ve-

136 3251 296 3308 riores
315 3256 582 3323 tenebrae,
616 3262 672 3311 et
695 3257 971 3312 insomnis
1002 3257 1223 3325 vermis,
1258 3262 1315 3312 et
1343 3258 1553 3313 stridor
1581 3259 1715 3314 den-

131 3340 279 3411 tium,
306 3345 531 3417 aliaque
552 3346 849 3401 innumera
865 3353 1165 3403 tormenta.

195 3477 437 3541 Quorum
466 3480 718 3535 omnium
738 3481 956 3535 nullum
985 3498 1142 3553 aeque
1170 3498 1339 3552 grave
1364 3487 1420 3536 et
1447 3482 1710 3537 acerbum

133 3572 226 3631 est,
260 3573 425 3639 atque
453 3587 490 3623 a
519 3570 634 3623 Deo
664 3570 995 3635 abalienari,
1035 3577 1092 3624 et
1121 3587 1156 3625 a
1182 3571 1505 3625 dulcissima
1532 3572 1709 3643 ipsius

135 3652 258 3709 facie
294 3656 477 3728 abjici,
524 3659 814 3730 gloriaque
845 3660 943 3714 illa
964 3676 1087 3731 quae
1126 3660 1296 3714 nullis
1315 3660 1496 3714 verbis
1511 3661 1711 3732 exponi

136 3749 305 3812 potest
332 3746 539 3813 orbari,
567 3754 736 3819 atque
763 3749 1112 3819 inspectante
1142 3750 1402 3804 universo
1432 3749 1565 3803 orbe
1595 3756 1711 3804 tra-

139 3831 270 3900 duci,
295 3840 351 3890 et
376 3836 686 3906 ignominia
716 3854 839 3908 qua:
858 3853 1146 3908 nunquam
1177 3839 1347 3892 finem
1364 3838 1628 3893 habitura
1642 3840 1715 3894 sit

138 3924 324 3977 notari.
383 3925 758 3997 Posteaquam
799 3926 949 3980 enim
992 3926 1274 3981 horrenda
1307 3927 1406 3981 illa
1436 3929 1715 3983 sententia

138 4010 276 4065 edita
301 4014 488 4079 fuerit,
513 4016 704 4069 omnia
731 4016 992 4087 deinceps
1035 4016 1432 4077 immutabilia.
1488 4023 1545 4071 et
1591 4033 1719 4071 con-

137 4101 388 4156 versionis
429 4103 612 4157 omnis
637 4104 887 4175 expertia
926 4104 1238 4159 manebunt
1271 4123 1282 4158 :
1316 4106 1395 4159 sic
1436 4105 1712 4172 videlicet,

138 4193 304 4244 utnec
329 4192 441 4246 vita
467 4193 597 4246 laeta
633 4193 805 4262 justis
835 4194 1005 4247 ﬁnem
1052 4193 1333 4260 habitura,
1364 4211 1467 4248 nec
1486 4195 1716 4249 afflictio

139 4282 189 4329 et
212 4294 370 4349 paena
396 4282 780 4353 peccatoribus
808 4284 1116 4337 terminum
1146 4288 1446 4355 acceptura
1474 4284 1567 4338 sit.
1599 4284 1715 4339 Ne-

139 4381 234 4435 que
261 4370 406 4424 enim
427 4370 722 4425 sublimior
741 4378 869 4443 post
898 4389 1028 4427 eum
1068 4373 1212 4427 alter
1243 4373 1415 4444 judex
1454 4379 1558 4439 est,
1610 4391 1713 4429 nec

137 4470 226 4523 per
240 4460 527 4529 sequentia
547 4476 719 4531 Opera
746 4463 1027 4532 purgatio,
1047 4478 1150 4516 nec
1165 4463 1512 4533 praestitutus
1528 4480 1716 4518 emen-

139 4541 361 4602 dationis
403 4550 700 4615 terminus,
724 4567 827 4604 nec
853 4551 965 4605 alia
993 4551 1110 4605 ulla
1138 4552 1208 4605 iis
1249 4552 1344 4623 qui
1372 4552 1431 4606 in
1461 4553 1714 4607 cruciatu

141 4634 491 4692 versabuntur
514 4654 607 4693 ars
636 4644 691 4693 et
740 4639 904 4705 ratio,
956 4640 1162 4711 quippe
1193 4658 1321 4695 cum
1376 4641 1711 4713 supplicium

139 4734 238 4776 una
257 4741 378 4780 cum
404 4727 543 4799 ipsis
560 4728 619 4783 in
641 4728 1050 4801 sempiternum
1081 4730 1265 4784 duret.

199 4857 323 4921 Quae
351 4877 479 4915 cum
507 4860 590 4916 ita
611 4863 743 4928 sint,
776 4864 972 4934 quales
997 4864 1227 4918 tandem
1256 4881 1359 4919 nos
1398 4864 1458 4919 in
1507 4865 1713 4920 sanctis

136 4950 629 5005 conversationibus
653 4968 718 5005 ac
753 4952 862 5023 piis
891 4952 1204 5008 actionibus
1240 4971 1361 5008 esse
1386 4959 1625 5025 oportet,
1651 4960 1716 5009 ut

138 5031 274 5104 digni
302 5038 610 5094 habeamur
636 5047 903 5096 venturas
945 5042 1129 5096 minas
1175 5043 1440 5113 eﬂ‘ugere,
1473 5048 1642 5114 atque
1682 5059 1715 5098 a

136 5120 331 5181 dextris
359 5127 484 5182 Filii
520 5128 622 5183 Dei
643 5134 795 5183 stare
827 5132 905 5197 (II
916 5133 1026 5185 Pet.
1060 5132 1189 5197 111)?
1218 5132 1363 5185 Nam
1392 5132 1509 5187 haec
1537 5133 1718 5202 justo-

140 5226 252 5267 rum
279 5217 443 5271 statio
465 5224 567 5285 est,
593 5219 1065 5289 quemadmodum
1083 5226 1281 5275 contra
1302 5219 1621 5275 miserrima
1643 5222 1716 5276 ad

140 5299 404 5359 sinistram
429 5323 557 5378 pars
596 5308 980 5379 peccatoribus
1005 5310 1292 5380 assignata
1320 5316 1425 5364 est.
1461 5311 1596 5364 Post
1619 5328 1718 5366 au-

139 5391 238 5444 tem
267 5392 535 5451 Dominus
560 5397 746 5467 justos
778 5397 963 5452 Patris
1020 5397 1106 5453 sui
1163 5398 1487 5454 benedictos
1514 5417 1715 5454 vocans

142 5476 333 5542 (Matth.
363 5490 546 5554 xxxv),
560 5485 617 5539 in
631 5492 965 5558 perpetuum
980 5504 1215 5558 regnum
1232 5488 1567 5556 introducet;
1585 5506 1715 5560 pec-

142 5572 335 5626 catores
380 5579 570 5629 autem
615 5592 741 5630 cum
788 5575 876 5631 ira
902 5581 959 5631 et
1002 5577 1381 5632 exsecratione
1411 5594 1445 5632 a
1472 5578 1630 5633 suavi
1656 5584 1714 5634 et

141 5656 423 5731 tranquilla
448 5662 586 5719 facie
613 5681 717 5720 sua
740 5665 988 5737 abjectos
1031 5665 1168 5737 (quo
1218 5665 1359 5721 nihil
1384 5666 1613 5737 gravius
1658 5674 1715 5722 et

1797 3265 1884 3320 nit
1903 3264 2062 3329 hora,
2095 3263 2153 3316 in
2185 3279 2298 3332 qua
2319 3277 2512 3315 omnes
2525 3259 2620 3330 qui
2650 3259 2709 3313 in
2730 3256 3108 3312 monumentis
3137 3259 3268 3309 sunt
3296 3271 3396 3309 au-

1797 3354 1954 3409 dient
1972 3368 2163 3406 vocem
2180 3351 2303 3405 Filii
2319 3350 2517 3404 Dei.Et
2538 3348 2843 3420 procedent
2856 3346 2949 3417 qui
2972 3344 3117 3399 bona
3136 3344 3392 3399 fecerunt

1793 3443 1853 3498 in
1891 3441 2359 3497 resurrectionem
2386 3440 2539 3506 vitae;
2572 3437 2668 3509 qui
2704 3453 2836 3491 vero
2866 3436 3014 3490 mala
3035 3438 3291 3504 egerunt,
3325 3434 3385 3488 in

1793 3531 2261 3586 resurrectionem
2288 3529 2488 3600 judicii
2533 3530 2711 3597 (Luca:
2742 3530 2851 3594 xx).
2888 3527 2966 3579 Ac
2998 3541 3223 3578 rursum
3253 3524 3336 3577 ait
3367 3542 3378 3577 :

1793 3623 1874 3677 De
1911 3626 2263 3675 mortuorum
2316 3622 2506 3673 autem
2554 3616 2962 3671 resurrectione
3008 3630 3120 3668 non
3174 3613 3388 3683 legistis

1795 3710 1945 3783 quod
1973 3710 2186 3764 dictum
2243 3713 2329 3762 est
2368 3695 2524 3760 vobis
2569 3722 2602 3759 a
2646 3706 2781 3771 Deo,
2816 3704 3034 3758 dicente
3069 3722 3081 3756 :
3120 3702 3234 3771 Ego
3264 3718 3388 3756 sum

1795 3800 1946 3854 Deus
1976 3797 2284 3863 Abraham,
2318 3796 2466 3850 Deus
2497 3795 2672 3859 Isaac,
2705 3799 2763 3847 et
2790 3794 2940 3847 Deus
2971 3790 3140 3847 Iacob
3169 3791 3194 3845 ?
3240 3792 3390 3846 Deus

1794 3904 1964 3959 porro
1994 3891 2344 3941 mortuorum
2365 3885 2515 3939 Deus
2534 3899 2647 3938 non
2678 3888 2781 3948 est,
2811 3882 2907 3936 sed
2944 3881 3268 3936 viventium.
3318 3880 3395 3934 Ut

1800 3977 1950 4032 enim
1976 3976 2317 4047 colliguntur
2335 3973 2565 4039 zizania,
2607 3978 2665 4026 et
2692 3970 3118 4029 comburuntur,
3165 3970 3246 4024 sic
3284 3969 3395 4024 erit

1800 4068 1858 4121 in
1888 4065 2370 4121 consummatione
2391 4063 2576 4118 saeculi
2596 4063 2763 4132 hujus
2790 4062 3000 4117 (Matth.
3022 4060 3395 4125 xxnx).Mittet

1798 4156 1973 4210 Filius
2000 4156 2104 4211 Dei
2124 4155 2353 4226 angelos
2381 4171 2531 4217 suos,
2587 4158 2645 4206 et
2690 4151 2956 4221 colligent
2982 4150 3049 4204 de
3076 4166 3249 4218 regno
3271 4150 3394 4219 ejus

1796 4244 1985 4300 omnia
2026 4245 2306 4310 scandala,
2341 4249 2399 4298 et
2425 4260 2520 4297 eos
2551 4242 2646 4313 qui
2678 4241 2889 4295 faciunt
2916 4238 3291 4311 iniquitatem.
3328 4238 3397 4296 Et

1800 4335 2029 4389 mittent
2055 4352 2149 4389 eos
2177 4334 2237 4389 in
2286 4333 2569 4387 caminum
2598 4331 2747 4401 ignis
2772 4349 2783 4385 :
2839 4330 2952 4385 illic
2980 4329 3090 4384 erit
3143 4329 3309 4383 ﬂetus
3338 4331 3396 4383 et

1734 4419 1783 4478 D
1801 4423 2009 4477 stridor
2039 4423 2315 4477 dentium.
2359 4422 2516 4477 Tunc
2541 4420 2682 4492 justi
2724 4418 3018 4489 fulgebunt
3043 4417 3186 4473 sicut
3222 4416 3307 4473 sol
3334 4416 3393 4474 in

1797 4529 1971 4583 regno
2000 4512 2186 4566 Patris
2215 4528 2431 4566 eorum.

1867 4600 2205 4663 Haecdicens
2234 4600 2453 4654 addidit
2483 4618 2495 4652 :
2536 4599 2644 4664 Qui
2674 4598 2845 4653 habet
2894 4615 3058 4652 aures
3094 4594 3379 4665 audiendi,

1798 4689 1993 4744 audiat
2012 4691 2157 4755 (Luc.
2191 4691 2276 4759 11).
2300 4689 2402 4744 His
2431 4688 2607 4758 igitur
2634 4688 2999 4759 pluribusque
3036 4688 3161 4741 aliis
3201 4692 3380 4754 θυι

1798 4777 1980 4833 verbis
1990 4778 2263 4832 Dominus
2274 4793 2572 4848 corporum
2584 4778 3054 4833 resurrectionem
3065 4764 3389 4832 declaravit.

1795 4868 2003 4939 Reipsa
2032 4872 2221 4922 autem
2251 4866 2604 4921 sermonibus
2631 4866 2746 4921 suis
2777 4867 2944 4922 ﬁdem
2973 4868 3231 4934 astruxit,
3264 4884 3392 4922 cum

1796 4964 2048 5013 mortuos
2077 4957 2150 5010 ad
2173 4955 2344 5010 vitam
2375 4955 2670 5021 revocavit,
2704 4972 2768 5010 ac
2806 4955 2910 5011 sub
2956 4957 3240 5013 terrestris
3267 4958 3392 5014 vita:

1797 5063 1911 5101 suae
1940 5043 2335 5115 catastrophen
2350 5044 2620 5098 Lazarum
2639 5044 2937 5115 quemdam
2948 5046 3189 5099 amicum
3202 5062 3390 5111 suum,

1798 5136 1894 5207 qui
1918 5136 2037 5205 jam
2067 5133 2367 5205 quatriduo
2399 5137 2655 5187 mortuus
2685 5139 2825 5198 erat,
2858 5150 2923 5187 ac
2949 5133 3196 5198 foetebat,
3220 5150 3393 5187 emo-

1797 5228 2069 5280 numento
2096 5222 2328 5283 vocavit,
2346 5238 2588 5291 eumque
2610 5221 2705 5292 qui
2725 5221 2972 5275 animam
2992 5224 3298 5289 efﬂaverat,
3315 5223 3394 5276 vi-

1799 5331 1929 5368 vum
1954 5312 2206 5367 exhibuit
2237 5314 2415 5379 (Joan.
2437 5311 2697 5375 x1).Quin
2728 5311 2848 5381 ipse
2869 5326 3090 5382 quoque
3117 5311 3395 5367 Dominus

1797 5402 2121 5474 perfectam,
2149 5418 2253 5455 nec
2275 5402 2395 5471 jam
2413 5398 2899 5470 mortisubjectam
2922 5399 3390 5455 resurrectionem

1799 5492 2122 5563 auspicatus
2149 5496 2258 5544 est:
2276 5490 2483 5561 quippe
2505 5488 2793 5560 quimorte
2813 5488 2870 5542 in
2891 5488 3389 5559 carnedegustata,

1794 5581 1982 5635 triduo
2007 5585 2135 5652 post
2155 5580 2225 5634 ad
2255 5579 2425 5634 vitam
2457 5579 2641 5644 rediit,
2668 5595 2732 5634 ac
2748 5584 3097 5632 mortuorum
3109 5578 3391 5651 primoge-

1797 5669 1949 5724 nitus
1978 5670 2207 5725 effectus
2233 5674 2319 5723 est
2358 5669 2406 5739 (I
2423 5669 2546 5726 Cor.
2572 5671 2710 5738 xw).
2754 5667 3087 5740 Quanquam
3114 5668 3267 5725 enim
3295 5670 3393 5726 alii
