  <div class='ocr_page' id='page_1' title='image "/cluster/home/n/w/nwhite01/storage/ocr_20150623/73/umn.31951002477366m/243.png"; bbox 0 0 3878 6388; ppageno 0'>
   <div class='ocr_carea' id='block_1_1' title="bbox 442 388 551 446">
    <p class='ocr_par' dir='ltr' id='par_1_1' title="bbox 442 388 551 446">
     <span class='ocr_line' id='line_1_1' title="bbox 442 388 551 446; baseline 0.009 -1"><span class='ocrx_word' id='word_1_1' title='bbox 442 388 551 446; x_wconf 70' lang='grc'><strong>475</strong></span> 
     </span>
    </p>
   </div>
   <div class='ocr_carea' id='block_1_2' title="bbox 1457 348 2682 438">
    <p class='ocr_par' dir='ltr' id='par_1_2' title="bbox 1457 348 2682 438">
     <span class='ocr_line' id='line_1_2' title="bbox 1457 348 2682 438; baseline 0 0"><span class='ocrx_word' id='word_1_2' title='bbox 1457 383 1550 438; x_wconf 88' lang='lat' dir='ltr'><strong>DE</strong></span> <span class='ocrx_word' id='word_1_3' title='bbox 1585 382 1774 437; x_wconf 87' lang='lat' dir='ltr'><strong>vrr1s</strong></span> <span class='ocrx_word' id='word_1_4' title='bbox 1813 381 2107 436; x_wconf 75' lang='lat' dir='ltr'><strong>PATRUM</strong></span> <span class='ocrx_word' id='word_1_5' title='bbox 2145 348 2357 438; x_wconf 76' lang='lat' dir='ltr'><strong>LiBER</strong></span> <span class='ocrx_word' id='word_1_6' title='bbox 2393 381 2682 438; x_wconf 82' lang='lat' dir='ltr'><strong>PRIMUS.</strong></span> 
     </span>
    </p>
   </div>
   <div class='ocr_carea' id='block_1_3' title="bbox 3613 385 3717 443">
    <p class='ocr_par' dir='ltr' id='par_1_3' title="bbox 3613 385 3717 443">
     <span class='ocr_line' id='line_1_3' title="bbox 3613 385 3717 443; baseline -0.01 0"><span class='ocrx_word' id='word_1_7' title='bbox 3613 385 3717 443; x_wconf 69' lang='grc'><strong>476</strong></span> 
     </span>
    </p>
   </div>
   <div class='ocr_carea' id='block_1_4' title="bbox 445 499 3715 586">
    <p class='ocr_par' dir='ltr' id='par_1_4' title="bbox 445 499 3715 586">
     <span class='ocr_line' id='line_1_4' title="bbox 445 499 3715 586; baseline -0 -19"><span class='ocrx_word' id='word_1_8' title='bbox 445 529 668 586; x_wconf 91' lang='lat' dir='ltr'><strong>quoque</strong></span> <span class='ocrx_word' id='word_1_9' title='bbox 697 529 731 566; x_wconf 89' lang='lat' dir='ltr'><strong>a</strong></span> <span class='ocrx_word' id='word_1_10' title='bbox 750 517 928 566; x_wconf 85' lang='lat' dir='ltr'><strong>morte</strong></span> <span class='ocrx_word' id='word_1_11' title='bbox 948 509 1017 563; x_wconf 90' lang='lat' dir='ltr'><strong>ad</strong></span> <span class='ocrx_word' id='word_1_12' title='bbox 1037 509 1208 562; x_wconf 86' lang='lat' dir='ltr'><strong>vitam</strong></span> <span class='ocrx_word' id='word_1_13' title='bbox 1229 509 1454 564; x_wconf 86' lang='lat' dir='ltr'><strong>excitati</strong></span> <span class='ocrx_word' id='word_1_14' title='bbox 1467 515 1618 575; x_wconf 92' lang='lat' dir='ltr'><strong>sunt,</strong></span> <span class='ocrx_word' id='word_1_15' title='bbox 1651 514 1830 562; x_wconf 88' lang='lat' dir='ltr'><strong>morte</strong></span> <span class='ocrx_word' id='word_1_16' title='bbox 1849 499 2037 562; x_wconf 82' lang='lat' dir='ltr'><strong>tamen</strong></span> <span class='ocrx_word' id='word_1_17' title='bbox 2057 507 2386 568; x_wconf 83' lang='lat' dir='ltr'><strong>Avisitastis</strong></span> <span class='ocrx_word' id='word_1_18' title='bbox 2413 525 2502 562; x_wconf 86' lang='lat' dir='ltr'><strong>me</strong></span> <span class='ocrx_word' id='word_1_19' title='bbox 2545 528 2557 576; x_wconf 94' lang='lat'><strong>;</strong></span> <span class='ocrx_word' id='word_1_20' title='bbox 2594 509 2652 562; x_wconf 90' lang='lat' dir='ltr'><strong>in</strong></span> <span class='ocrx_word' id='word_1_21' title='bbox 2679 525 2899 563; x_wconf 83' lang='lat' dir='ltr'><strong>carcere</strong></span> <span class='ocrx_word' id='word_1_22' title='bbox 2928 525 3101 578; x_wconf 90' lang='lat' dir='ltr'><strong>eram,</strong></span> <span class='ocrx_word' id='word_1_23' title='bbox 3151 518 3209 566; x_wconf 91' lang='lat' dir='ltr'><strong>et</strong></span> <span class='ocrx_word' id='word_1_24' title='bbox 3261 515 3492 568; x_wconf 83' lang='lat' dir='ltr'><strong>venistis</strong></span> <span class='ocrx_word' id='word_1_25' title='bbox 3523 513 3595 569; x_wconf 83' lang='lat' dir='ltr'><strong>ad</strong></span> <span class='ocrx_word' id='word_1_26' title='bbox 3625 529 3715 566; x_wconf 91' lang='lat' dir='ltr'><strong>me</strong></span> 
     </span>
    </p>
   </div>
   <div class='ocr_carea' id='block_1_5' title="bbox 445 597 2040 662">
    <p class='ocr_par' dir='ltr' id='par_1_5' title="bbox 445 597 2040 662">
     <span class='ocr_line' id='line_1_5' title="bbox 445 597 2040 662; baseline -0.004 -6"><span class='ocrx_word' id='word_1_27' title='bbox 445 618 640 656; x_wconf 82' lang='lat' dir='ltr'><strong>rursus</strong></span> <span class='ocrx_word' id='word_1_28' title='bbox 667 601 837 654; x_wconf 79' lang='lat' dir='ltr'><strong>functi</strong></span> <span class='ocrx_word' id='word_1_29' title='bbox 870 605 1018 662; x_wconf 91' lang='lat' dir='ltr'><strong>sunt,</strong></span> <span class='ocrx_word' id='word_1_30' title='bbox 1054 616 1155 652; x_wconf 88' lang='lat' dir='ltr'><strong>nec</strong></span> <span class='ocrx_word' id='word_1_31' title='bbox 1197 599 1399 652; x_wconf 88' lang='lat' dir='ltr'><strong>futura</strong></span> <span class='ocrx_word' id='word_1_32' title='bbox 1431 616 1574 652; x_wconf 85' lang='lat' dir='ltr'><strong>vera</strong></span> <span class='ocrx_word' id='word_1_33' title='bbox 1619 597 2040 651; x_wconf 82' lang='lat' dir='ltr'><strong>resurrectionis</strong></span> 
     </span>
    </p>
   </div>
   <div class='ocr_carea' id='block_1_6' title="bbox 445 687 2040 761">
    <p class='ocr_par' dir='ltr' id='par_1_6' title="bbox 445 687 2040 761">
     <span class='ocr_line' id='line_1_6' title="bbox 445 687 2040 761; baseline -0.003 -17"><span class='ocrx_word' id='word_1_34' title='bbox 445 690 748 761; x_wconf 82' lang='lat' dir='ltr'><strong>imaginem</strong></span> <span class='ocrx_word' id='word_1_35' title='bbox 779 689 1038 742; x_wconf 88' lang='lat' dir='ltr'><strong>exhibere</strong></span> <span class='ocrx_word' id='word_1_36' title='bbox 1059 694 1382 758; x_wconf 89' lang='lat' dir='ltr'><strong>potuerunt.</strong></span> <span class='ocrx_word' id='word_1_37' title='bbox 1406 688 1568 742; x_wconf 91' lang='lat' dir='ltr'><strong>Solus</strong></span> <span class='ocrx_word' id='word_1_38' title='bbox 1587 692 1775 740; x_wconf 88' lang='lat' dir='ltr'><strong>autem</strong></span> <span class='ocrx_word' id='word_1_39' title='bbox 1803 687 1922 756; x_wconf 90' lang='lat' dir='ltr'><strong>ipse</strong></span> <span class='ocrx_word' id='word_1_40' title='bbox 1950 703 2040 739; x_wconf 89' lang='lat' dir='ltr'><strong>re-</strong></span> 
     </span>
    </p>
   </div>
   <div class='ocr_carea' id='block_1_7' title="bbox 444 775 2040 846">
    <p class='ocr_par' dir='ltr' id='par_1_7' title="bbox 444 775 2040 846">
     <span class='ocr_line' id='line_1_7' title="bbox 444 775 2040 846; baseline -0.003 -13"><span class='ocrx_word' id='word_1_41' title='bbox 444 779 806 833; x_wconf 89' lang='lat' dir='ltr'><strong>surrectionis</strong></span> <span class='ocrx_word' id='word_1_42' title='bbox 820 778 971 831; x_wconf 91' lang='lat' dir='ltr'><strong>illius</strong></span> <span class='ocrx_word' id='word_1_43' title='bbox 987 783 1184 831; x_wconf 83' lang='lat' dir='ltr'>auctor</span> <span class='ocrx_word' id='word_1_44' title='bbox 1203 793 1266 829; x_wconf 90' lang='lat' dir='ltr'><strong>ac</strong></span> <span class='ocrx_word' id='word_1_45' title='bbox 1298 777 1558 846; x_wconf 87' lang='lat' dir='ltr'><strong>princeps</strong></span> <span class='ocrx_word' id='word_1_46' title='bbox 1584 775 1813 838; x_wconf 79' lang='lat' dir='ltr'><strong>exstitit,</strong></span> <span class='ocrx_word' id='word_1_47' title='bbox 1846 781 1912 828; x_wconf 91' lang='lat' dir='ltr'><strong>ut</strong></span> <span class='ocrx_word' id='word_1_48' title='bbox 1944 775 2040 845; x_wconf 90' lang='lat' dir='ltr'><strong>qui</strong></span> 
     </span>
    </p>
   </div>
   <div class='ocr_carea' id='block_1_8' title="bbox 443 864 2040 922">
    <p class='ocr_par' dir='ltr' id='par_1_8' title="bbox 443 864 2040 922">
     <span class='ocr_line' id='line_1_8' title="bbox 443 864 2040 922; baseline -0.003 -2"><span class='ocrx_word' id='word_1_49' title='bbox 443 867 748 922; x_wconf 83' lang='lat' dir='ltr'><strong>immortali</strong></span> <span class='ocrx_word' id='word_1_50' title='bbox 779 867 1186 920; x_wconf 85' lang='lat' dir='ltr'><strong>resurrectione</strong></span> <span class='ocrx_word' id='word_1_51' title='bbox 1222 866 1292 918; x_wconf 85' lang='lat' dir='ltr'><strong>ad</strong></span> <span class='ocrx_word' id='word_1_52' title='bbox 1316 865 1489 918; x_wconf 87' lang='lat' dir='ltr'><strong>vitam</strong></span> <span class='ocrx_word' id='word_1_53' title='bbox 1519 864 1768 917; x_wconf 87' lang='lat' dir='ltr'><strong>redierit.</strong></span> <span class='ocrx_word' id='word_1_54' title='bbox 1807 865 1934 917; x_wconf 80' lang='lat' dir='ltr'><strong>Hac</strong></span> <span class='ocrx_word' id='word_1_55' title='bbox 1959 864 2040 917; x_wconf 90' lang='lat' dir='ltr'><strong>illi</strong></span> 
     </span>
    </p>
   </div>
   <div class='ocr_carea' id='block_1_9' title="bbox 445 951 2040 1027">
    <p class='ocr_par' dir='ltr' id='par_1_9' title="bbox 445 951 2040 1027">
     <span class='ocr_line' id='line_1_9' title="bbox 445 951 2040 1027; baseline -0.005 -15"><span class='ocrx_word' id='word_1_56' title='bbox 445 958 615 1012; x_wconf 89' lang='lat' dir='ltr'><strong>etiam</strong></span> <span class='ocrx_word' id='word_1_57' title='bbox 636 957 733 1027; x_wconf 92' lang='lat' dir='ltr'><strong>qui</strong></span> <span class='ocrx_word' id='word_1_58' title='bbox 754 956 824 1010; x_wconf 90' lang='lat' dir='ltr'><strong>ab</strong></span> <span class='ocrx_word' id='word_1_59' title='bbox 853 956 1014 1010; x_wconf 89' lang='lat' dir='ltr'><strong>initio</strong></span> <span class='ocrx_word' id='word_1_60' title='bbox 1037 959 1376 1026; x_wconf 82' lang='lat' dir='ltr'><strong>spectatores</strong></span> <span class='ocrx_word' id='word_1_61' title='bbox 1398 970 1463 1006; x_wconf 88' lang='lat' dir='ltr'><strong>ac</strong></span> <span class='ocrx_word' id='word_1_62' title='bbox 1493 952 1734 1006; x_wconf 86' lang='lat' dir='ltr'><strong>ministri</strong></span> <span class='ocrx_word' id='word_1_63' title='bbox 1752 951 1902 1005; x_wconf 84' lang='lat' dir='ltr'><strong>verbi</strong></span> <span class='ocrx_word' id='word_1_64' title='bbox 1918 952 2040 1005; x_wconf 87' lang='lat' dir='ltr'><strong>fue-</strong></span> 
     </span>
    </p>
   </div>
   <div class='ocr_carea' id='block_1_10' title="bbox 445 1040 2042 1117">
    <p class='ocr_par' dir='ltr' id='par_1_10' title="bbox 445 1040 2042 1117">
     <span class='ocr_line' id='line_1_10' title="bbox 445 1040 2042 1117; baseline -0.006 -16"><span class='ocrx_word' id='word_1_65' title='bbox 445 1053 596 1112; x_wconf 88' lang='lat' dir='ltr'><strong>runt,</strong></span> <span class='ocrx_word' id='word_1_66' title='bbox 614 1045 1006 1117; x_wconf 89' lang='lat' dir='ltr'><strong>pradicarunt.</strong></span> <span class='ocrx_word' id='word_1_67' title='bbox 1020 1045 1114 1098; x_wconf 84' lang='lat' dir='ltr'><strong>Ait</strong></span> <span class='ocrx_word' id='word_1_68' title='bbox 1124 1043 1273 1098; x_wconf 91' lang='lat' dir='ltr'><strong>enim</strong></span> <span class='ocrx_word' id='word_1_69' title='bbox 1287 1042 1484 1096; x_wconf 86' lang='lat' dir='ltr'><strong>beatus</strong></span> <span class='ocrx_word' id='word_1_70' title='bbox 1500 1041 1723 1098; x_wconf 75' lang='lat' dir='ltr'><strong>Paulus.</strong></span> <span class='ocrx_word' id='word_1_71' title='bbox 1742 1041 1831 1110; x_wconf 76' lang='lat' dir='ltr'><strong>qui</strong></span> <span class='ocrx_word' id='word_1_72' title='bbox 1852 1057 1960 1094; x_wconf 89' lang='lat' dir='ltr'><strong>non</strong></span> <span class='ocrx_word' id='word_1_73' title='bbox 1973 1040 2042 1093; x_wconf 90' lang='lat' dir='ltr'><strong>ab</strong></span> 
     </span>
    </p>
   </div>
   <div class='ocr_carea' id='block_1_11' title="bbox 444 1130 2039 1198">
    <p class='ocr_par' dir='ltr' id='par_1_11' title="bbox 444 1130 2039 1198">
     <span class='ocr_line' id='line_1_11' title="bbox 444 1130 2039 1198; baseline -0.004 -10"><span class='ocrx_word' id='word_1_74' title='bbox 444 1133 784 1198; x_wconf 89' lang='lat' dir='ltr'><strong>hominibus,</strong></span> <span class='ocrx_word' id='word_1_75' title='bbox 813 1133 911 1187; x_wconf 91' lang='lat' dir='ltr'><strong>sed</strong></span> <span class='ocrx_word' id='word_1_76' title='bbox 941 1150 971 1186; x_wconf 94' lang='lat' dir='ltr'><strong>e</strong></span> <span class='ocrx_word' id='word_1_77' title='bbox 995 1133 1138 1187; x_wconf 72' lang='lat' dir='ltr'><strong>calo</strong></span> <span class='ocrx_word' id='word_1_78' title='bbox 1172 1137 1393 1184; x_wconf 86' lang='lat' dir='ltr'><strong>vocatus</strong></span> <span class='ocrx_word' id='word_1_79' title='bbox 1420 1136 1506 1183; x_wconf 91' lang='lat' dir='ltr'><strong>est</strong></span> <span class='ocrx_word' id='word_1_80' title='bbox 1532 1131 1676 1196; x_wconf 85' lang='lat' dir='ltr'><strong>(Gal.</strong></span> <span class='ocrx_word' id='word_1_81' title='bbox 1708 1134 1749 1196; x_wconf 85' lang='lat'><strong>1)</strong></span> <span class='ocrx_word' id='word_1_82' title='bbox 1784 1149 1794 1182; x_wconf 94' lang='lat'><strong>:</strong></span> <span class='ocrx_word' id='word_1_83' title='bbox 1832 1130 2039 1182; x_wconf 79' lang='lat' dir='ltr'><strong>Notum</strong></span> 
     </span>
    </p>
   </div>
   <div class='ocr_carea' id='block_1_12' title="bbox 443 1218 2044 1290">
    <p class='ocr_par' dir='ltr' id='par_1_12' title="bbox 443 1218 2044 1290">
     <span class='ocr_line' id='line_1_12' title="bbox 443 1218 2044 1290; baseline -0.002 -14"><span class='ocrx_word' id='word_1_84' title='bbox 443 1222 598 1277; x_wconf 87' lang='lat' dir='ltr'><strong>vobis</strong></span> <span class='ocrx_word' id='word_1_85' title='bbox 622 1223 781 1287; x_wconf 84' lang='lat' dir='ltr'><strong>facio,</strong></span> <span class='ocrx_word' id='word_1_86' title='bbox 801 1222 1024 1287; x_wconf 84' lang='lat' dir='ltr'><strong>fratres,</strong></span> <span class='ocrx_word' id='word_1_87' title='bbox 1041 1221 1402 1290; x_wconf 89' lang='lat' dir='ltr'><strong>Evangelium</strong></span> <span class='ocrx_word' id='word_1_88' title='bbox 1420 1219 1566 1290; x_wconf 92' lang='lat' dir='ltr'><strong>quod</strong></span> <span class='ocrx_word' id='word_1_89' title='bbox 1595 1218 1922 1272; x_wconf 87' lang='lat' dir='ltr'><strong>annuntiavi</strong></span> <span class='ocrx_word' id='word_1_90' title='bbox 1952 1235 2044 1272; x_wconf 86' lang='lat' dir='ltr'><strong>vo-</strong></span> 
     </span>
    </p>
   </div>
   <div class='ocr_carea' id='block_1_13' title="bbox 447 1307 2042 1379">
    <p class='ocr_par' dir='ltr' id='par_1_13' title="bbox 447 1307 2042 1379">
     <span class='ocr_line' id='line_1_13' title="bbox 447 1307 2042 1379; baseline -0.003 -15"><span class='ocrx_word' id='word_1_91' title='bbox 447 1311 552 1365; x_wconf 87' lang='lat' dir='ltr'><strong>bis.</strong></span> <span class='ocrx_word' id='word_1_92' title='bbox 578 1311 804 1364; x_wconf 81' lang='lat' dir='ltr'><strong>Tradidi</strong></span> <span class='ocrx_word' id='word_1_93' title='bbox 820 1310 968 1364; x_wconf 90' lang='lat' dir='ltr'><strong>enim</strong></span> <span class='ocrx_word' id='word_1_94' title='bbox 981 1309 1133 1364; x_wconf 91' lang='lat' dir='ltr'><strong>vobis</strong></span> <span class='ocrx_word' id='word_1_95' title='bbox 1145 1309 1204 1362; x_wconf 90' lang='lat' dir='ltr'><strong>in</strong></span> <span class='ocrx_word' id='word_1_96' title='bbox 1217 1309 1412 1379; x_wconf 89' lang='lat' dir='ltr'><strong>primis</strong></span> <span class='ocrx_word' id='word_1_97' title='bbox 1427 1307 1572 1378; x_wconf 92' lang='lat' dir='ltr'><strong>quod</strong></span> <span class='ocrx_word' id='word_1_98' title='bbox 1586 1314 1642 1361; x_wconf 89' lang='lat' dir='ltr'><strong>et</strong></span> <span class='ocrx_word' id='word_1_99' title='bbox 1656 1307 1860 1378; x_wconf 87' lang='lat' dir='ltr'><strong>accepi,</strong></span> <span class='ocrx_word' id='word_1_100' title='bbox 1895 1307 2042 1378; x_wconf 91' lang='lat' dir='ltr'><strong>quod</strong></span> 
     </span>
    </p>
   </div>
   <div class='ocr_carea' id='block_1_14' title="bbox 449 1395 2040 1468">
    <p class='ocr_par' dir='ltr' id='par_1_14' title="bbox 449 1395 2040 1468">
     <span class='ocr_line' id='line_1_14' title="bbox 449 1395 2040 1468; baseline -0.003 -14"><span class='ocrx_word' id='word_1_101' title='bbox 449 1399 706 1454; x_wconf 89' lang='lat' dir='ltr'><strong>Christus</strong></span> <span class='ocrx_word' id='word_1_102' title='bbox 727 1404 984 1452; x_wconf 92' lang='lat' dir='ltr'><strong>mortuus</strong></span> <span class='ocrx_word' id='word_1_103' title='bbox 1013 1403 1098 1452; x_wconf 90' lang='lat' dir='ltr'><strong>est</strong></span> <span class='ocrx_word' id='word_1_104' title='bbox 1115 1414 1216 1468; x_wconf 91' lang='lat' dir='ltr'><strong>pro</strong></span> <span class='ocrx_word' id='word_1_105' title='bbox 1243 1397 1485 1468; x_wconf 87' lang='lat' dir='ltr'><strong>peccatis</strong></span> <span class='ocrx_word' id='word_1_106' title='bbox 1505 1395 1711 1449; x_wconf 89' lang='lat' dir='ltr'><strong>nostris</strong></span> <span class='ocrx_word' id='word_1_107' title='bbox 1734 1396 2040 1450; x_wconf 89' lang='lat' dir='ltr'><strong>secundum</strong></span> 
     </span>
    </p>
   </div>
   <div class='ocr_carea' id='block_1_15' title="bbox 449 1483 2038 1558">
    <p class='ocr_par' dir='ltr' id='par_1_15' title="bbox 449 1483 2038 1558">
     <span class='ocr_line' id='line_1_15' title="bbox 449 1483 2038 1558; baseline -0.004 -16"><span class='ocrx_word' id='word_1_108' title='bbox 449 1487 786 1558; x_wconf 89' lang='lat' dir='ltr'><strong>Scripturas,</strong></span> <span class='ocrx_word' id='word_1_109' title='bbox 821 1494 878 1541; x_wconf 92' lang='lat' dir='ltr'><strong>et</strong></span> <span class='ocrx_word' id='word_1_110' title='bbox 907 1487 1053 1558; x_wconf 92' lang='lat' dir='ltr'><strong>quod</strong></span> <span class='ocrx_word' id='word_1_111' title='bbox 1075 1485 1327 1557; x_wconf 88' lang='lat' dir='ltr'><strong>sepultus</strong></span> <span class='ocrx_word' id='word_1_112' title='bbox 1357 1490 1460 1550; x_wconf 89' lang='lat' dir='ltr'><strong>est,</strong></span> <span class='ocrx_word' id='word_1_113' title='bbox 1485 1489 1541 1537; x_wconf 90' lang='lat' dir='ltr'><strong>et</strong></span> <span class='ocrx_word' id='word_1_114' title='bbox 1557 1483 1704 1554; x_wconf 91' lang='lat' dir='ltr'><strong>quod</strong></span> <span class='ocrx_word' id='word_1_115' title='bbox 1716 1483 2038 1548; x_wconf 90' lang='lat' dir='ltr'><strong>resurrexit,</strong></span> 
     </span>
    </p>
   </div>
   <div class='ocr_carea' id='block_1_16' title="bbox 449 1571 2043 1646">
    <p class='ocr_par' dir='ltr' id='par_1_16' title="bbox 449 1571 2043 1646">
     <span class='ocr_line' id='line_1_16' title="bbox 449 1571 2043 1646; baseline -0.004 -16"><span class='ocrx_word' id='word_1_116' title='bbox 449 1577 755 1630; x_wconf 91' lang='lat' dir='ltr'><strong>secundum</strong></span> <span class='ocrx_word' id='word_1_117' title='bbox 787 1577 1104 1646; x_wconf 89' lang='lat' dir='ltr'><strong>Scripturas</strong></span> <span class='ocrx_word' id='word_1_118' title='bbox 1133 1577 1298 1643; x_wconf 85' lang='lat' dir='ltr'><strong>(Rom.</strong></span> <span class='ocrx_word' id='word_1_119' title='bbox 1342 1578 1438 1642; x_wconf 85' lang='lat' dir='ltr'><strong>Iv).</strong></span> <span class='ocrx_word' id='word_1_120' title='bbox 1468 1573 1526 1627; x_wconf 89' lang='lat' dir='ltr'><strong>Si</strong></span> <span class='ocrx_word' id='word_1_121' title='bbox 1563 1578 1751 1626; x_wconf 91' lang='lat' dir='ltr'><strong>autem</strong></span> <span class='ocrx_word' id='word_1_122' title='bbox 1784 1571 2043 1626; x_wconf 91' lang='lat' dir='ltr'><strong>Christus</strong></span> 
     </span>
    </p>
   </div>
   <div class='ocr_carea' id='block_1_17' title="bbox 448 1660 2043 1737">
    <p class='ocr_par' dir='ltr' id='par_1_17' title="bbox 448 1660 2043 1737">
     <span class='ocr_line' id='line_1_17' title="bbox 448 1660 2043 1737; baseline -0.004 -18"><span class='ocrx_word' id='word_1_123' title='bbox 448 1665 785 1737; x_wconf 86' lang='lat' dir='ltr'><strong>pradicatur</strong></span> <span class='ocrx_word' id='word_1_124' title='bbox 811 1665 958 1735; x_wconf 91' lang='lat' dir='ltr'><strong>quod</strong></span> <span class='ocrx_word' id='word_1_125' title='bbox 980 1664 1282 1718; x_wconf 88' lang='lat' dir='ltr'><strong>resurrexit</strong></span> <span class='ocrx_word' id='word_1_126' title='bbox 1303 1680 1337 1716; x_wconf 90' lang='lat' dir='ltr'><strong>a</strong></span> <span class='ocrx_word' id='word_1_127' title='bbox 1365 1661 1620 1725; x_wconf 89' lang='lat' dir='ltr'><strong>mortuis,</strong></span> <span class='ocrx_word' id='word_1_128' title='bbox 1655 1661 1932 1731; x_wconf 88' lang='lat' dir='ltr'><strong>quomodo</strong></span> <span class='ocrx_word' id='word_1_129' title='bbox 1961 1660 2043 1712; x_wconf 86' lang='lat' dir='ltr'><strong>di-</strong></span> 
     </span>
    </p>
   </div>
   <div class='ocr_carea' id='block_1_18' title="bbox 449 1749 2041 1825">
    <p class='ocr_par' dir='ltr' id='par_1_18' title="bbox 449 1749 2041 1825">
     <span class='ocr_line' id='line_1_18' title="bbox 449 1749 2041 1825; baseline -0.005 -16"><span class='ocrx_word' id='word_1_130' title='bbox 449 1761 586 1809; x_wconf 87' lang='lat' dir='ltr'><strong>cunt</strong></span> <span class='ocrx_word' id='word_1_131' title='bbox 614 1755 862 1825; x_wconf 87' lang='lat' dir='ltr'><strong>quidam,</strong></span> <span class='ocrx_word' id='word_1_132' title='bbox 900 1753 1047 1824; x_wconf 91' lang='lat' dir='ltr'><strong>quod</strong></span> <span class='ocrx_word' id='word_1_133' title='bbox 1079 1752 1413 1806; x_wconf 81' lang='lat' dir='ltr'><strong>resurrectio</strong></span> <span class='ocrx_word' id='word_1_134' title='bbox 1431 1758 1781 1804; x_wconf 89' lang='lat' dir='ltr'><strong>mortuorum</strong></span> <span class='ocrx_word' id='word_1_135' title='bbox 1801 1765 1912 1802; x_wconf 91' lang='lat' dir='ltr'><strong>non</strong></span> <span class='ocrx_word' id='word_1_136' title='bbox 1930 1749 2041 1802; x_wconf 81' lang='lat' dir='ltr'><strong>est?</strong></span> 
     </span>
    </p>
   </div>
   <div class='ocr_carea' id='block_1_19' title="bbox 2125 597 3707 674">
    <p class='ocr_par' dir='ltr' id='par_1_19' title="bbox 2125 597 3707 674">
     <span class='ocr_line' id='line_1_19' title="bbox 2125 597 3707 674; baseline 0.005 -26"><span class='ocrx_word' id='word_1_137' title='bbox 2125 599 2336 658; x_wconf 72' lang='lat' dir='ltr'><strong>(Malm.</strong></span> <span class='ocrx_word' id='word_1_138' title='bbox 2368 601 2518 665; x_wconf 84' lang='lat' dir='ltr'><strong>xxv).</strong></span> <span class='ocrx_word' id='word_1_139' title='bbox 2541 598 2656 651; x_wconf 89' lang='lat' dir='ltr'><strong>Cur</strong></span> <span class='ocrx_word' id='word_1_140' title='bbox 2686 597 2772 651; x_wconf 91' lang='lat' dir='ltr'><strong>his</strong></span> <span class='ocrx_word' id='word_1_141' title='bbox 2801 597 2980 652; x_wconf 87' lang='lat' dir='ltr'><strong>verbis</strong></span> <span class='ocrx_word' id='word_1_142' title='bbox 2999 601 3196 668; x_wconf 88' lang='lat' dir='ltr'><strong>utitur,</strong></span> <span class='ocrx_word' id='word_1_143' title='bbox 3227 602 3478 674; x_wconf 88' lang='lat' dir='ltr'><strong>nisiquia</strong></span> <span class='ocrx_word' id='word_1_144' title='bbox 3496 602 3707 657; x_wconf 78' lang='lat' dir='ltr'><strong>benefi-</strong></span> 
     </span>
    </p>
   </div>
   <div class='ocr_carea' id='block_1_20' title="bbox 2123 685 3706 756">
    <p class='ocr_par' dir='ltr' id='par_1_20' title="bbox 2123 685 3706 756">
     <span class='ocr_line' id='line_1_20' title="bbox 2123 685 3706 756; baseline 0.003 -18"><span class='ocrx_word' id='word_1_145' title='bbox 2123 686 2226 751; x_wconf 91' lang='lat' dir='ltr'><strong>cia,</strong></span> <span class='ocrx_word' id='word_1_146' title='bbox 2250 703 2371 756; x_wconf 86' lang='lat' dir='ltr'><strong>qua</strong></span> <span class='ocrx_word' id='word_1_147' title='bbox 2383 703 2416 738; x_wconf 89' lang='lat' dir='ltr'><strong>a</strong></span> <span class='ocrx_word' id='word_1_148' title='bbox 2429 685 2590 740; x_wconf 92' lang='lat' dir='ltr'><strong>nobis</strong></span> <span class='ocrx_word' id='word_1_149' title='bbox 2611 687 2666 740; x_wconf 91' lang='lat' dir='ltr'><strong>in</strong></span> <span class='ocrx_word' id='word_1_150' title='bbox 2683 694 2910 756; x_wconf 81' lang='lat' dir='ltr'><strong>egentes</strong></span> <span class='ocrx_word' id='word_1_151' title='bbox 2925 689 3309 756; x_wconf 87' lang='lat' dir='ltr'><strong>conferuntur,</strong></span> <span class='ocrx_word' id='word_1_152' title='bbox 3323 691 3429 745; x_wconf 91' lang='lat' dir='ltr'><strong>sibi</strong></span> <span class='ocrx_word' id='word_1_153' title='bbox 3445 691 3670 746; x_wconf 84' lang='lat' dir='ltr'><strong>asciscit</strong></span> <span class='ocrx_word' id='word_1_154' title='bbox 3680 689 3706 742; x_wconf 66' lang='lat'><strong>.9</strong></span> 
     </span>
    </p>
   </div>
   <div class='ocr_carea' id='block_1_21' title="bbox 2124 774 3717 848">
    <p class='ocr_par' dir='ltr' id='par_1_21' title="bbox 2124 774 3717 848">
     <span class='ocr_line' id='line_1_21' title="bbox 2124 774 3717 848; baseline 0.004 -21"><span class='ocrx_word' id='word_1_155' title='bbox 2124 775 2193 827; x_wconf 85' lang='lat' dir='ltr'><strong>Et</strong></span> <span class='ocrx_word' id='word_1_156' title='bbox 2221 774 2328 828; x_wconf 92' lang='lat' dir='ltr'><strong>alio</strong></span> <span class='ocrx_word' id='word_1_157' title='bbox 2357 775 2476 828; x_wconf 93' lang='lat' dir='ltr'><strong>loco</strong></span> <span class='ocrx_word' id='word_1_158' title='bbox 2506 775 2610 828; x_wconf 87' lang='lat' dir='ltr'><strong>ait:</strong></span> <span class='ocrx_word' id='word_1_159' title='bbox 2646 776 2841 830; x_wconf 91' lang='lat' dir='ltr'><strong>Omnis</strong></span> <span class='ocrx_word' id='word_1_160' title='bbox 2882 778 3198 848; x_wconf 89' lang='lat' dir='ltr'><strong>quicunque</strong></span> <span class='ocrx_word' id='word_1_161' title='bbox 3235 780 3596 834; x_wconf 82' lang='lat' dir='ltr'><strong>confitebitur</strong></span> <span class='ocrx_word' id='word_1_162' title='bbox 3628 795 3717 834; x_wconf 89' lang='lat' dir='ltr'><strong>me</strong></span> 
     </span>
    </p>
   </div>
   <div class='ocr_carea' id='block_1_22' title="bbox 2123 863 3718 937">
    <p class='ocr_par' dir='ltr' id='par_1_22' title="bbox 2123 863 3718 937">
     <span class='ocr_line' id='line_1_22' title="bbox 2123 863 3718 937; baseline 0.004 -21"><span class='ocrx_word' id='word_1_163' title='bbox 2123 879 2309 916; x_wconf 91' lang='lat' dir='ltr'><strong>coram</strong></span> <span class='ocrx_word' id='word_1_164' title='bbox 2332 863 2670 929; x_wconf 81' lang='lat' dir='ltr'><strong>hominibus,</strong></span> <span class='ocrx_word' id='word_1_165' title='bbox 2680 864 2989 919; x_wconf 84' lang='lat' dir='ltr'><strong>conﬁtebor</strong></span> <span class='ocrx_word' id='word_1_166' title='bbox 3003 872 3060 920; x_wconf 90' lang='lat' dir='ltr'><strong>et</strong></span> <span class='ocrx_word' id='word_1_167' title='bbox 3074 884 3177 937; x_wconf 85' lang='lat' dir='ltr'><strong>ego</strong></span> <span class='ocrx_word' id='word_1_168' title='bbox 3188 885 3317 922; x_wconf 93' lang='lat' dir='ltr'><strong>eum</strong></span> <span class='ocrx_word' id='word_1_169' title='bbox 3328 885 3517 922; x_wconf 89' lang='lat' dir='ltr'><strong>coram</strong></span> <span class='ocrx_word' id='word_1_170' title='bbox 3546 868 3718 922; x_wconf 88' lang='lat' dir='ltr'><strong>Patre</strong></span> 
     </span>
    </p>
   </div>
   <div class='ocr_carea' id='block_1_23' title="bbox 2123 952 3114 1022">
    <p class='ocr_par' dir='ltr' id='par_1_23' title="bbox 2123 952 3114 1022">
     <span class='ocr_line' id='line_1_23' title="bbox 2123 952 3114 1022; baseline 0.004 -18"><span class='ocrx_word' id='word_1_171' title='bbox 2123 968 2268 1014; x_wconf 89' lang='lat' dir='ltr'><strong>meo,</strong></span> <span class='ocrx_word' id='word_1_172' title='bbox 2300 952 2395 1022; x_wconf 94' lang='lat' dir='ltr'><strong>qui</strong></span> <span class='ocrx_word' id='word_1_173' title='bbox 2427 957 2511 1005; x_wconf 90' lang='lat' dir='ltr'><strong>est</strong></span> <span class='ocrx_word' id='word_1_174' title='bbox 2540 953 2597 1006; x_wconf 91' lang='lat' dir='ltr'><strong>in</strong></span> <span class='ocrx_word' id='word_1_175' title='bbox 2627 953 2778 1006; x_wconf 75' lang='lat' dir='ltr'><strong>calis</strong></span> <span class='ocrx_word' id='word_1_176' title='bbox 2806 956 2978 1019; x_wconf 68' lang='lat' dir='ltr'><strong>(Luca</strong></span> <span class='ocrx_word' id='word_1_177' title='bbox 3001 960 3114 1020; x_wconf 82' lang='lat' dir='ltr'><strong>xu).</strong></span> 
     </span>
    </p>
   </div>
   <div class='ocr_carea' id='block_1_24' title="bbox 2195 1041 3721 1114">
    <p class='ocr_par' dir='ltr' id='par_1_24' title="bbox 2195 1041 3721 1114">
     <span class='ocr_line' id='line_1_24' title="bbox 2195 1041 3721 1114; baseline 0.004 -21"><span class='ocrx_word' id='word_1_178' title='bbox 2195 1041 2276 1094; x_wconf 90' lang='lat' dir='ltr'><strong>En</strong></span> <span class='ocrx_word' id='word_1_179' title='bbox 2304 1057 2404 1111; x_wconf 90' lang='lat' dir='ltr'><strong>per</strong></span> <span class='ocrx_word' id='word_1_180' title='bbox 2430 1041 2547 1096; x_wconf 86' lang='lat' dir='ltr'><strong>hac</strong></span> <span class='ocrx_word' id='word_1_181' title='bbox 2575 1042 2784 1108; x_wconf 89' lang='lat' dir='ltr'><strong>omnia,</strong></span> <span class='ocrx_word' id='word_1_182' title='bbox 2831 1059 2895 1096; x_wconf 88' lang='lat' dir='ltr'><strong>ac</strong></span> <span class='ocrx_word' id='word_1_183' title='bbox 2937 1044 3100 1114; x_wconf 91' lang='lat' dir='ltr'><strong>plura</strong></span> <span class='ocrx_word' id='word_1_184' title='bbox 3125 1044 3252 1110; x_wconf 88' lang='lat' dir='ltr'><strong>alia,</strong></span> <span class='ocrx_word' id='word_1_185' title='bbox 3284 1046 3448 1099; x_wconf 82' lang='lat' dir='ltr'><strong>firma</strong></span> <span class='ocrx_word' id='word_1_186' title='bbox 3475 1051 3534 1098; x_wconf 92' lang='lat' dir='ltr'><strong>et</strong></span> <span class='ocrx_word' id='word_1_187' title='bbox 3563 1050 3721 1099; x_wconf 86' lang='lat' dir='ltr'><strong>certa</strong></span> 
     </span>
    </p>
   </div>
   <div class='ocr_carea' id='block_1_25' title="bbox 2123 1128 3720 1202">
    <p class='ocr_par' dir='ltr' id='par_1_25' title="bbox 2123 1128 3720 1202">
     <span class='ocr_line' id='line_1_25' title="bbox 2123 1128 3720 1202; baseline 0.004 -20"><span class='ocrx_word' id='word_1_188' title='bbox 2123 1146 2248 1183; x_wconf 91' lang='lat' dir='ltr'><strong>esse</strong></span> <span class='ocrx_word' id='word_1_189' title='bbox 2275 1128 2549 1184; x_wconf 89' lang='lat' dir='ltr'><strong>bonorum</strong></span> <span class='ocrx_word' id='word_1_190' title='bbox 2569 1146 2801 1201; x_wconf 91' lang='lat' dir='ltr'><strong>operum</strong></span> <span class='ocrx_word' id='word_1_191' title='bbox 2825 1133 3059 1202; x_wconf 79' lang='lat' dir='ltr'><strong>pramia</strong></span> <span class='ocrx_word' id='word_1_192' title='bbox 3077 1133 3394 1187; x_wconf 79' lang='lat' dir='ltr'><strong>declaravit.</strong></span> <span class='ocrx_word' id='word_1_193' title='bbox 3429 1134 3720 1198; x_wconf 85' lang='lat' dir='ltr'><strong>Quemad-</strong></span> 
     </span>
    </p>
   </div>
   <div class='ocr_carea' id='block_1_26' title="bbox 2125 1219 3720 1294">
    <p class='ocr_par' dir='ltr' id='par_1_26' title="bbox 2125 1219 3720 1294">
     <span class='ocr_line' id='line_1_26' title="bbox 2125 1219 3720 1294; baseline 0.004 -22"><span class='ocrx_word' id='word_1_194' title='bbox 2125 1219 2352 1273; x_wconf 91' lang='lat' dir='ltr'><strong>modum</strong></span> <span class='ocrx_word' id='word_1_195' title='bbox 2374 1220 2544 1274; x_wconf 89' lang='lat' dir='ltr'><strong>etiam</strong></span> <span class='ocrx_word' id='word_1_196' title='bbox 2575 1226 2771 1274; x_wconf 91' lang='lat' dir='ltr'><strong>contra</strong></span> <span class='ocrx_word' id='word_1_197' title='bbox 2791 1220 3171 1292; x_wconf 85' lang='lat' dir='ltr'><strong>iinprobarum</strong></span> <span class='ocrx_word' id='word_1_198' title='bbox 3210 1223 3494 1278; x_wconf 87' lang='lat' dir='ltr'><strong>actionum</strong></span> <span class='ocrx_word' id='word_1_199' title='bbox 3517 1240 3720 1294; x_wconf 71' lang='lat' dir='ltr'><strong>panes</strong></span> 
     </span>
    </p>
   </div>
   <div class='ocr_carea' id='block_1_27' title="bbox 2125 1299 3718 1381">
    <p class='ocr_par' dir='ltr' id='par_1_27' title="bbox 2125 1299 3718 1381">
     <span class='ocr_line' id='line_1_27' title="bbox 2125 1299 3718 1381; baseline 0.005 -23"><span class='ocrx_word' id='word_1_200' title='bbox 2125 1306 2236 1360; x_wconf 93' lang='lat' dir='ltr'><strong>illic</strong></span> <span class='ocrx_word' id='word_1_201' title='bbox 2264 1299 2580 1362; x_wconf 89' lang='lat' dir='ltr'><strong>reconditas</strong></span> <span class='ocrx_word' id='word_1_202' title='bbox 2603 1326 2724 1363; x_wconf 90' lang='lat' dir='ltr'><strong>esse</strong></span> <span class='ocrx_word' id='word_1_203' title='bbox 2749 1309 3114 1376; x_wconf 88' lang='lat' dir='ltr'><strong>denuntiavit,</strong></span> <span class='ocrx_word' id='word_1_204' title='bbox 3124 1327 3222 1381; x_wconf 89' lang='lat' dir='ltr'><strong>per</strong></span> <span class='ocrx_word' id='word_1_205' title='bbox 3241 1312 3604 1366; x_wconf 88' lang='lat' dir='ltr'><strong>admirandas</strong></span> <span class='ocrx_word' id='word_1_206' title='bbox 3616 1312 3718 1366; x_wconf 87' lang='lat' dir='ltr'><strong>sci-</strong></span> 
     </span>
    </p>
   </div>
   <div class='ocr_carea' id='block_1_28' title="bbox 2123 1395 3720 1472">
    <p class='ocr_par' dir='ltr' id='par_1_28' title="bbox 2123 1395 3720 1472">
     <span class='ocr_line' id='line_1_28' title="bbox 2123 1395 3720 1472; baseline 0.005 -24"><span class='ocrx_word' id='word_1_207' title='bbox 2123 1395 2254 1449; x_wconf 90' lang='lat' dir='ltr'><strong>licet</strong></span> <span class='ocrx_word' id='word_1_208' title='bbox 2294 1402 2350 1450; x_wconf 93' lang='lat' dir='ltr'><strong>et</strong></span> <span class='ocrx_word' id='word_1_209' title='bbox 2379 1397 2610 1451; x_wconf 86' lang='lat' dir='ltr'><strong>eximias</strong></span> <span class='ocrx_word' id='word_1_210' title='bbox 2657 1397 2950 1468; x_wconf 86' lang='lat' dir='ltr'><strong>parabolas</strong></span> <span class='ocrx_word' id='word_1_211' title='bbox 2980 1416 3118 1470; x_wconf 91' lang='lat' dir='ltr'><strong>quas</strong></span> <span class='ocrx_word' id='word_1_212' title='bbox 3146 1399 3238 1454; x_wconf 90' lang='lat' dir='ltr'><strong>ille</strong></span> <span class='ocrx_word' id='word_1_213' title='bbox 3267 1401 3556 1472; x_wconf 90' lang='lat' dir='ltr'><strong>sapientia</strong></span> <span class='ocrx_word' id='word_1_214' title='bbox 3594 1399 3720 1456; x_wconf 88' lang='lat' dir='ltr'><strong>fons</strong></span> 
     </span>
    </p>
   </div>
   <div class='ocr_carea' id='block_1_29' title="bbox 2124 1485 3720 1560">
    <p class='ocr_par' dir='ltr' id='par_1_29' title="bbox 2124 1485 3720 1560">
     <span class='ocr_line' id='line_1_29' title="bbox 2124 1485 3720 1560; baseline 0.004 -24"><span class='ocrx_word' id='word_1_215' title='bbox 2124 1500 2353 1554; x_wconf 90' lang='lat' dir='ltr'><strong>prorsus</strong></span> <span class='ocrx_word' id='word_1_216' title='bbox 2365 1485 2648 1556; x_wconf 88' lang='lat' dir='ltr'><strong>sapienter</strong></span> <span class='ocrx_word' id='word_1_217' title='bbox 2661 1487 2932 1557; x_wconf 89' lang='lat' dir='ltr'><strong>exposuit.</strong></span> <span class='ocrx_word' id='word_1_218' title='bbox 2942 1488 3160 1542; x_wconf 89' lang='lat' dir='ltr'><strong>Etenim</strong></span> <span class='ocrx_word' id='word_1_219' title='bbox 3173 1488 3400 1542; x_wconf 87' lang='lat' dir='ltr'><strong>divitem</strong></span> <span class='ocrx_word' id='word_1_220' title='bbox 3413 1488 3720 1560; x_wconf 86' lang='lat' dir='ltr'><strong>quemdam</strong></span> 
     </span>
    </p>
   </div>
   <div class='ocr_carea' id='block_1_30' title="bbox 2124 1573 3721 1648">
    <p class='ocr_par' dir='ltr' id='par_1_30' title="bbox 2124 1573 3721 1648">
     <span class='ocr_line' id='line_1_30' title="bbox 2124 1573 3721 1648; baseline 0.004 -22"><span class='ocrx_word' id='word_1_221' title='bbox 2124 1573 2337 1626; x_wconf 91' lang='lat' dir='ltr'><strong>inducit</strong></span> <span class='ocrx_word' id='word_1_222' title='bbox 2368 1575 2538 1642; x_wconf 62' lang='lat' dir='ltr'><strong>(Lura’</strong></span> <span class='ocrx_word' id='word_1_223' title='bbox 2587 1583 2720 1640; x_wconf 69' lang='lat' dir='ltr'><strong>XVI),</strong></span> <span class='ocrx_word' id='word_1_224' title='bbox 2767 1592 3017 1646; x_wconf 89' lang='lat' dir='ltr'><strong>purpura</strong></span> <span class='ocrx_word' id='word_1_225' title='bbox 3043 1581 3097 1629; x_wconf 91' lang='lat' dir='ltr'><strong>et</strong></span> <span class='ocrx_word' id='word_1_226' title='bbox 3128 1575 3290 1648; x_wconf 79' lang='lat' dir='ltr'><strong>bysso</strong></span> <span class='ocrx_word' id='word_1_227' title='bbox 3329 1577 3611 1644; x_wconf 90' lang='lat' dir='ltr'><strong>indutum,</strong></span> <span class='ocrx_word' id='word_1_228' title='bbox 3654 1594 3721 1632; x_wconf 88' lang='lat' dir='ltr'><strong>ac</strong></span> 
     </span>
    </p>
   </div>
   <div class='ocr_carea' id='block_1_31' title="bbox 2124 1661 3719 1737">
    <p class='ocr_par' dir='ltr' id='par_1_31' title="bbox 2124 1661 3719 1737">
     <span class='ocr_line' id='line_1_31' title="bbox 2124 1661 3719 1737; baseline 0.004 -23"><span class='ocrx_word' id='word_1_229' title='bbox 2124 1661 2371 1731; x_wconf 91' lang='lat' dir='ltr'><strong>quotidie</strong></span> <span class='ocrx_word' id='word_1_230' title='bbox 2388 1663 2674 1732; x_wconf 90' lang='lat' dir='ltr'><strong>splendide</strong></span> <span class='ocrx_word' id='word_1_231' title='bbox 2693 1664 3033 1735; x_wconf 88' lang='lat' dir='ltr'><strong>epulantem;</strong></span> <span class='ocrx_word' id='word_1_232' title='bbox 3063 1671 3319 1719; x_wconf 75' lang='lat' dir='ltr'><strong>tenacem</strong></span> <span class='ocrx_word' id='word_1_233' title='bbox 3335 1671 3525 1720; x_wconf 87' lang='lat' dir='ltr'><strong>autem</strong></span> <span class='ocrx_word' id='word_1_234' title='bbox 3546 1671 3719 1737; x_wconf 91' lang='lat' dir='ltr'><strong>atque</strong></span> 
     </span>
    </p>
   </div>
   <div class='ocr_carea' id='block_1_32' title="bbox 2123 1751 3720 1826">
    <p class='ocr_par' dir='ltr' id='par_1_32' title="bbox 2123 1751 3720 1826">
     <span class='ocr_line' id='line_1_32' title="bbox 2123 1751 3720 1826; baseline 0.004 -23"><span class='ocrx_word' id='word_1_235' title='bbox 2123 1765 2156 1802; x_wconf 91' lang='lat' dir='ltr'><strong>a</strong></span> <span class='ocrx_word' id='word_1_236' title='bbox 2187 1751 2567 1805; x_wconf 87' lang='lat' dir='ltr'><strong>misericordia</strong></span> <span class='ocrx_word' id='word_1_237' title='bbox 2613 1757 2910 1818; x_wconf 89' lang='lat' dir='ltr'><strong>remotum,</strong></span> <span class='ocrx_word' id='word_1_238' title='bbox 2940 1754 3078 1807; x_wconf 91' lang='lat' dir='ltr'><strong>adeo</strong></span> <span class='ocrx_word' id='word_1_239' title='bbox 3105 1760 3166 1808; x_wconf 86' lang='lat' dir='ltr'><strong>ut</strong></span> <span class='ocrx_word' id='word_1_240' title='bbox 3192 1771 3495 1826; x_wconf 86' lang='lat' dir='ltr'><strong>pauperem</strong></span> <span class='ocrx_word' id='word_1_241' title='bbox 3518 1772 3720 1826; x_wconf 85' lang='lat' dir='ltr'><strong>quem-</strong></span> 
     </span>
    </p>
   </div>
   <div class='ocr_carea' id='block_1_33' title="bbox 450 1827 3716 1912">
    <p class='ocr_par' dir='ltr' id='par_1_33' title="bbox 450 1827 3716 1912">
     <span class='ocr_line' id='line_1_33' title="bbox 450 1827 3716 1912; baseline 0 -15"><span class='ocrx_word' id='word_1_242' title='bbox 450 1845 594 1898; x_wconf 90' lang='lat' dir='ltr'><strong>Nam</strong></span> <span class='ocrx_word' id='word_1_243' title='bbox 616 1844 662 1896; x_wconf 89' lang='lat' dir='ltr'><strong>si</strong></span> <span class='ocrx_word' id='word_1_244' title='bbox 685 1843 892 1897; x_wconf 91' lang='lat' dir='ltr'><strong>mortui</strong></span> <span class='ocrx_word' id='word_1_245' title='bbox 915 1858 1027 1896; x_wconf 90' lang='lat' dir='ltr'><strong>non</strong></span> <span class='ocrx_word' id='word_1_246' title='bbox 1053 1847 1372 1911; x_wconf 81' lang='lat' dir='ltr'><strong>resurgunt,</strong></span> <span class='ocrx_word' id='word_1_247' title='bbox 1391 1857 1492 1893; x_wconf 89' lang='lat' dir='ltr'><strong>nec</strong></span> <span class='ocrx_word' id='word_1_248' title='bbox 1518 1839 1772 1893; x_wconf 88' lang='lat' dir='ltr'><strong>Christus</strong></span> <span class='ocrx_word' id='word_1_249' title='bbox 1811 1838 2038 1907; x_wconf 91' lang='lat' dir='ltr'><strong>quidem</strong></span> <span class='ocrx_word' id='word_1_250' title='bbox 2066 1827 2271 1904; x_wconf 84' lang='lat' dir='ltr'><strong>Bdam,</strong></span> <span class='ocrx_word' id='word_1_251' title='bbox 2300 1840 2572 1893; x_wconf 87' lang='lat' dir='ltr'><strong>Lazarum</strong></span> <span class='ocrx_word' id='word_1_252' title='bbox 2613 1841 2858 1906; x_wconf 89' lang='lat' dir='ltr'><strong>nomine,</strong></span> <span class='ocrx_word' id='word_1_253' title='bbox 2884 1841 2953 1894; x_wconf 89' lang='lat' dir='ltr'><strong>ad</strong></span> <span class='ocrx_word' id='word_1_254' title='bbox 2981 1842 3126 1896; x_wconf 89' lang='lat' dir='ltr'><strong>fores</strong></span> <span class='ocrx_word' id='word_1_255' title='bbox 3155 1859 3284 1896; x_wconf 89' lang='lat' dir='ltr'><strong>suas</strong></span> <span class='ocrx_word' id='word_1_256' title='bbox 3301 1845 3582 1912; x_wconf 85' lang='lat' dir='ltr'><strong>jacentem</strong></span> <span class='ocrx_word' id='word_1_257' title='bbox 3614 1844 3716 1898; x_wconf 89' lang='lat' dir='ltr'><strong>de-</strong></span> 
     </span>
    </p>
   </div>
   <div class='ocr_carea' id='block_1_34' title="bbox 447 1925 2040 1991">
    <p class='ocr_par' dir='ltr' id='par_1_34' title="bbox 447 1925 2040 1991">
     <span class='ocr_line' id='line_1_34' title="bbox 447 1925 2040 1991; baseline -0.004 -7"><span class='ocrx_word' id='word_1_258' title='bbox 447 1931 770 1985; x_wconf 90' lang='lat' dir='ltr'><strong>resurrexit.</strong></span> <span class='ocrx_word' id='word_1_259' title='bbox 805 1931 861 1984; x_wconf 91' lang='lat' dir='ltr'><strong>Si</strong></span> <span class='ocrx_word' id='word_1_260' title='bbox 891 1937 1080 1984; x_wconf 90' lang='lat' dir='ltr'><strong>autem</strong></span> <span class='ocrx_word' id='word_1_261' title='bbox 1099 1929 1354 1983; x_wconf 86' lang='lat' dir='ltr'><strong>Christus</strong></span> <span class='ocrx_word' id='word_1_262' title='bbox 1373 1945 1482 1980; x_wconf 92' lang='lat' dir='ltr'><strong>non</strong></span> <span class='ocrx_word' id='word_1_263' title='bbox 1505 1926 1828 1991; x_wconf 86' lang='lat' dir='ltr'><strong>resurrexit,</strong></span> <span class='ocrx_word' id='word_1_264' title='bbox 1857 1925 2040 1978; x_wconf 90' lang='lat' dir='ltr'><strong>inanis</strong></span> 
     </span>
    </p>
   </div>
   <div class='ocr_carea' id='block_1_35' title="bbox 447 2014 2039 2087">
    <p class='ocr_par' dir='ltr' id='par_1_35' title="bbox 447 2014 2039 2087">
     <span class='ocr_line' id='line_1_35' title="bbox 447 2014 2039 2087; baseline -0.004 -14"><span class='ocrx_word' id='word_1_265' title='bbox 447 2027 534 2073; x_wconf 89' lang='lat' dir='ltr'><strong>est</strong></span> <span class='ocrx_word' id='word_1_266' title='bbox 561 2021 698 2073; x_wconf 81' lang='lat' dir='ltr'><strong>fides</strong></span> <span class='ocrx_word' id='word_1_267' title='bbox 730 2020 1140 2074; x_wconf 87' lang='lat' dir='ltr'><strong>vestra.Adhuc</strong></span> <span class='ocrx_word' id='word_1_268' title='bbox 1170 2017 1302 2072; x_wconf 91' lang='lat' dir='ltr'><strong>estis</strong></span> <span class='ocrx_word' id='word_1_269' title='bbox 1315 2017 1374 2070; x_wconf 91' lang='lat' dir='ltr'><strong>in</strong></span> <span class='ocrx_word' id='word_1_270' title='bbox 1403 2016 1644 2087; x_wconf 85' lang='lat' dir='ltr'><strong>peccatis</strong></span> <span class='ocrx_word' id='word_1_271' title='bbox 1657 2015 1873 2068; x_wconf 90' lang='lat' dir='ltr'><strong>vestris.</strong></span> <span class='ocrx_word' id='word_1_272' title='bbox 1903 2015 1961 2068; x_wconf 92' lang='lat' dir='ltr'><strong>Si</strong></span> <span class='ocrx_word' id='word_1_273' title='bbox 1982 2014 2039 2067; x_wconf 92' lang='lat' dir='ltr'><strong>in</strong></span> 
     </span>
    </p>
   </div>
   <div class='ocr_carea' id='block_1_36' title="bbox 445 2103 2041 2178">
    <p class='ocr_par' dir='ltr' id='par_1_36' title="bbox 445 2103 2041 2178">
     <span class='ocr_line' id='line_1_36' title="bbox 445 2103 2041 2178; baseline -0.005 -15"><span class='ocrx_word' id='word_1_274' title='bbox 445 2109 549 2163; x_wconf 90' lang='lat' dir='ltr'><strong>hac</strong></span> <span class='ocrx_word' id='word_1_275' title='bbox 577 2116 800 2163; x_wconf 90' lang='lat' dir='ltr'><strong>tantum</strong></span> <span class='ocrx_word' id='word_1_276' title='bbox 819 2109 933 2162; x_wconf 89' lang='lat' dir='ltr'><strong>vita</strong></span> <span class='ocrx_word' id='word_1_277' title='bbox 960 2113 1252 2178; x_wconf 86' lang='lat' dir='ltr'><strong>sperantes</strong></span> <span class='ocrx_word' id='word_1_278' title='bbox 1271 2123 1466 2160; x_wconf 90' lang='lat' dir='ltr'><strong>sumus</strong></span> <span class='ocrx_word' id='word_1_279' title='bbox 1486 2106 1543 2158; x_wconf 91' lang='lat' dir='ltr'><strong>in</strong></span> <span class='ocrx_word' id='word_1_280' title='bbox 1564 2103 2041 2170; x_wconf 88' lang='lat' dir='ltr'><strong>Christo,misera—</strong></span> 
     </span>
    </p>
   </div>
   <div class='ocr_carea' id='block_1_37' title="bbox 446 2191 2042 2266">
    <p class='ocr_par' dir='ltr' id='par_1_37' title="bbox 446 2191 2042 2266">
     <span class='ocr_line' id='line_1_37' title="bbox 446 2191 2042 2266; baseline -0.005 -14"><span class='ocrx_word' id='word_1_281' title='bbox 446 2197 671 2252; x_wconf 92' lang='lat' dir='ltr'><strong>biliores</strong></span> <span class='ocrx_word' id='word_1_282' title='bbox 684 2215 880 2252; x_wconf 89' lang='lat' dir='ltr'><strong>sumus</strong></span> <span class='ocrx_word' id='word_1_283' title='bbox 893 2197 1152 2250; x_wconf 91' lang='lat' dir='ltr'><strong>omnibus</strong></span> <span class='ocrx_word' id='word_1_284' title='bbox 1163 2195 1673 2266; x_wconf 78' lang='lat' dir='ltr'><strong>hominibus.Nunc</strong></span> <span class='ocrx_word' id='word_1_285' title='bbox 1684 2198 1872 2246; x_wconf 88' lang='lat' dir='ltr'><strong>autem</strong></span> <span class='ocrx_word' id='word_1_286' title='bbox 1887 2191 2042 2245; x_wconf 89' lang='lat' dir='ltr'><strong>Chri-</strong></span> 
     </span>
    </p>
   </div>
   <div class='ocr_carea' id='block_1_38' title="bbox 446 2281 2043 2354">
    <p class='ocr_par' dir='ltr' id='par_1_38' title="bbox 446 2281 2043 2354">
     <span class='ocr_line' id='line_1_38' title="bbox 446 2281 2043 2354; baseline -0.006 -13"><span class='ocrx_word' id='word_1_287' title='bbox 446 2293 566 2341; x_wconf 91' lang='lat' dir='ltr'><strong>stus</strong></span> <span class='ocrx_word' id='word_1_288' title='bbox 578 2281 2043 2354; x_wconf 80' lang='lat' dir='ltr'><strong>resurrexitamortuis,primitiadormientium.Quo-</strong></span> 
     </span>
    </p>
   </div>
   <div class='ocr_carea' id='block_1_39' title="bbox 445 2370 2040 2446">
    <p class='ocr_par' dir='ltr' id='par_1_39' title="bbox 445 2370 2040 2446">
     <span class='ocr_line' id='line_1_39' title="bbox 445 2370 2040 2446; baseline -0.006 -16"><span class='ocrx_word' id='word_1_289' title='bbox 445 2375 598 2429; x_wconf 88' lang='lat' dir='ltr'><strong>niam</strong></span> <span class='ocrx_word' id='word_1_290' title='bbox 613 2375 839 2446; x_wconf 88' lang='lat' dir='ltr'><strong>quidem</strong></span> <span class='ocrx_word' id='word_1_291' title='bbox 853 2392 952 2445; x_wconf 91' lang='lat' dir='ltr'><strong>per</strong></span> <span class='ocrx_word' id='word_1_292' title='bbox 964 2373 1248 2427; x_wconf 89' lang='lat' dir='ltr'><strong>hominem</strong></span> <span class='ocrx_word' id='word_1_293' title='bbox 1265 2388 1540 2442; x_wconf 88' lang='lat' dir='ltr'><strong>mors,per</strong></span> <span class='ocrx_word' id='word_1_294' title='bbox 1550 2370 1835 2423; x_wconf 88' lang='lat' dir='ltr'><strong>hominem</strong></span> <span class='ocrx_word' id='word_1_295' title='bbox 1848 2375 2040 2423; x_wconf 90' lang='lat' dir='ltr'><strong>autem</strong></span> 
     </span>
    </p>
   </div>
   <div class='ocr_carea' id='block_1_40' title="bbox 446 2459 2043 2518">
    <p class='ocr_par' dir='ltr' id='par_1_40' title="bbox 446 2459 2043 2518">
     <span class='ocr_line' id='line_1_40' title="bbox 446 2459 2043 2518; baseline -0.005 0"><span class='ocrx_word' id='word_1_296' title='bbox 446 2464 779 2518; x_wconf 83' lang='lat' dir='ltr'><strong>resurrectio</strong></span> <span class='ocrx_word' id='word_1_297' title='bbox 835 2469 1206 2516; x_wconf 91' lang='lat' dir='ltr'><strong>mortuorum.</strong></span> <span class='ocrx_word' id='word_1_298' title='bbox 1258 2461 1334 2515; x_wconf 93' lang='lat' dir='ltr'><strong>Ut</strong></span> <span class='ocrx_word' id='word_1_299' title='bbox 1357 2461 1505 2514; x_wconf 91' lang='lat' dir='ltr'><strong>enim</strong></span> <span class='ocrx_word' id='word_1_300' title='bbox 1545 2459 1603 2512; x_wconf 91' lang='lat' dir='ltr'><strong>in</strong></span> <span class='ocrx_word' id='word_1_301' title='bbox 1641 2459 1820 2512; x_wconf 84' lang='lat' dir='ltr'><strong>Adam</strong></span> <span class='ocrx_word' id='word_1_302' title='bbox 1848 2474 2043 2511; x_wconf 88' lang='lat' dir='ltr'><strong>omnes</strong></span> 
     </span>
    </p>
   </div>
   <div class='ocr_carea' id='block_1_41' title="bbox 446 2547 2044 2618">
    <p class='ocr_par' dir='ltr' id='par_1_41' title="bbox 446 2547 2044 2618">
     <span class='ocr_line' id='line_1_41' title="bbox 446 2547 2044 2618; baseline -0.004 -12"><span class='ocrx_word' id='word_1_303' title='bbox 446 2553 784 2618; x_wconf 88' lang='lat' dir='ltr'><strong>moriuntur,</strong></span> <span class='ocrx_word' id='word_1_304' title='bbox 851 2551 931 2605; x_wconf 87' lang='lat' dir='ltr'><strong>ita</strong></span> <span class='ocrx_word' id='word_1_305' title='bbox 993 2551 1051 2604; x_wconf 90' lang='lat' dir='ltr'><strong>in</strong></span> <span class='ocrx_word' id='word_1_306' title='bbox 1109 2550 1331 2604; x_wconf 90' lang='lat' dir='ltr'><strong>Christo</strong></span> <span class='ocrx_word' id='word_1_307' title='bbox 1370 2565 1564 2602; x_wconf 90' lang='lat' dir='ltr'><strong>omnes</strong></span> <span class='ocrx_word' id='word_1_308' title='bbox 1618 2547 2044 2600; x_wconf 79' lang='lat' dir='ltr'><strong>vivificabuntur</strong></span> 
     </span>
    </p>
   </div>
   <div class='ocr_carea' id='block_1_42' title="bbox 445 2635 2040 2712">
    <p class='ocr_par' dir='ltr' id='par_1_42' title="bbox 445 2635 2040 2712">
     <span class='ocr_line' id='line_1_42' title="bbox 445 2635 2040 2712; baseline -0.004 -18"><span class='ocrx_word' id='word_1_309' title='bbox 445 2641 504 2712; x_wconf 92' lang='grc' dir='ltr'><strong>(Ι</strong></span> <span class='ocrx_word' id='word_1_310' title='bbox 529 2642 650 2696; x_wconf 78' lang='lat' dir='ltr'><strong>Cor.</strong></span> <span class='ocrx_word' id='word_1_311' title='bbox 676 2645 786 2708; x_wconf 89' lang='lat' dir='ltr'><strong>xv).</strong></span> <span class='ocrx_word' id='word_1_312' title='bbox 816 2641 883 2694; x_wconf 87' lang='lat' dir='ltr'><strong>Et</strong></span> <span class='ocrx_word' id='word_1_313' title='bbox 905 2639 1099 2710; x_wconf 87' lang='lat' dir='ltr'><strong>paucis</strong></span> <span class='ocrx_word' id='word_1_314' title='bbox 1123 2637 1432 2708; x_wconf 89' lang='lat' dir='ltr'><strong>interjectis</strong></span> <span class='ocrx_word' id='word_1_315' title='bbox 1457 2656 1468 2690; x_wconf 87' lang='lat'><strong>:</strong></span> <span class='ocrx_word' id='word_1_316' title='bbox 1505 2636 1922 2708; x_wconf 89' lang='lat' dir='ltr'><strong>Oportetenim,</strong></span> <span class='ocrx_word' id='word_1_317' title='bbox 1953 2635 2040 2689; x_wconf 88' lang='lat' dir='ltr'><strong>in-</strong></span> 
     </span>
    </p>
   </div>
   <div class='ocr_carea' id='block_1_43' title="bbox 449 2725 2042 2800">
    <p class='ocr_par' dir='ltr' id='par_1_43' title="bbox 449 2725 2042 2800">
     <span class='ocr_line' id='line_1_43' title="bbox 449 2725 2042 2800; baseline -0.003 -17"><span class='ocrx_word' id='word_1_318' title='bbox 449 2729 591 2800; x_wconf 89' lang='lat' dir='ltr'><strong>quit,</strong></span> <span class='ocrx_word' id='word_1_319' title='bbox 650 2728 1012 2800; x_wconf 89' lang='lat' dir='ltr'><strong>corruptibile</strong></span> <span class='ocrx_word' id='word_1_320' title='bbox 1057 2729 1161 2781; x_wconf 92' lang='lat' dir='ltr'><strong>hoc</strong></span> <span class='ocrx_word' id='word_1_321' title='bbox 1185 2728 1417 2780; x_wconf 89' lang='lat' dir='ltr'><strong>induere</strong></span> <span class='ocrx_word' id='word_1_322' title='bbox 1447 2725 1941 2796; x_wconf 87' lang='lat' dir='ltr'><strong>incorruptionem,</strong></span> <span class='ocrx_word' id='word_1_323' title='bbox 1986 2731 2042 2778; x_wconf 79' lang='lat' dir='ltr'><strong>et</strong></span> 
     </span>
    </p>
   </div>
   <div class='ocr_carea' id='block_1_44' title="bbox 449 2815 2038 2872">
    <p class='ocr_par' dir='ltr' id='par_1_44' title="bbox 449 2815 2038 2872">
     <span class='ocr_line' id='line_1_44' title="bbox 449 2815 2038 2872; baseline -0.003 -1"><span class='ocrx_word' id='word_1_324' title='bbox 449 2818 686 2872; x_wconf 83' lang='lat' dir='ltr'><strong>mortale</strong></span> <span class='ocrx_word' id='word_1_325' title='bbox 725 2818 829 2871; x_wconf 91' lang='lat' dir='ltr'><strong>hoc</strong></span> <span class='ocrx_word' id='word_1_326' title='bbox 878 2817 1110 2871; x_wconf 90' lang='lat' dir='ltr'><strong>induere</strong></span> <span class='ocrx_word' id='word_1_327' title='bbox 1140 2815 1644 2869; x_wconf 87' lang='lat' dir='ltr'><strong>immortalitatem.</strong></span> <span class='ocrx_word' id='word_1_328' title='bbox 1687 2815 1828 2868; x_wconf 90' lang='lat' dir='ltr'><strong>Cum</strong></span> <span class='ocrx_word' id='word_1_329' title='bbox 1849 2819 2038 2867; x_wconf 90' lang='lat' dir='ltr'><strong>autem</strong></span> 
     </span>
    </p>
   </div>
   <div class='ocr_carea' id='block_1_45' title="bbox 449 2904 2040 2968">
    <p class='ocr_par' dir='ltr' id='par_1_45' title="bbox 449 2904 2040 2968">
     <span class='ocr_line' id='line_1_45' title="bbox 449 2904 2040 2968; baseline -0.003 -8"><span class='ocrx_word' id='word_1_330' title='bbox 449 2907 688 2960; x_wconf 81' lang='lat' dir='ltr'><strong>mortale</strong></span> <span class='ocrx_word' id='word_1_331' title='bbox 707 2907 811 2960; x_wconf 92' lang='lat' dir='ltr'><strong>hoc</strong></span> <span class='ocrx_word' id='word_1_332' title='bbox 828 2905 1073 2960; x_wconf 90' lang='lat' dir='ltr'><strong>induerit</strong></span> <span class='ocrx_word' id='word_1_333' title='bbox 1091 2904 1735 2968; x_wconf 87' lang='lat' dir='ltr'><strong>immortalitatem,tunc</strong></span> <span class='ocrx_word' id='word_1_334' title='bbox 1748 2907 1844 2956; x_wconf 85' lang='lat' dir='ltr'><strong>tiet</strong></span> <span class='ocrx_word' id='word_1_335' title='bbox 1855 2919 2040 2956; x_wconf 91' lang='lat' dir='ltr'><strong>sermo</strong></span> 
     </span>
    </p>
   </div>
   <div class='ocr_carea' id='block_1_46' title="bbox 451 2991 2036 3067">
    <p class='ocr_par' dir='ltr' id='par_1_46' title="bbox 451 2991 2036 3067">
     <span class='ocr_line' id='line_1_46' title="bbox 451 2991 2036 3067; baseline -0.003 -18"><span class='ocrx_word' id='word_1_336' title='bbox 451 2995 546 3067; x_wconf 92' lang='lat' dir='ltr'><strong>qui</strong></span> <span class='ocrx_word' id='word_1_337' title='bbox 603 2997 844 3066; x_wconf 89' lang='lat' dir='ltr'><strong>scriptus</strong></span> <span class='ocrx_word' id='word_1_338' title='bbox 887 3001 991 3061; x_wconf 91' lang='lat' dir='ltr'><strong>est,</strong></span> <span class='ocrx_word' id='word_1_339' title='bbox 1048 2994 1326 3065; x_wconf 83' lang='lat' dir='ltr'><strong>Absorpta</strong></span> <span class='ocrx_word' id='word_1_340' title='bbox 1371 2999 1458 3047; x_wconf 92' lang='lat' dir='ltr'><strong>est</strong></span> <span class='ocrx_word' id='word_1_341' title='bbox 1499 3009 1650 3046; x_wconf 89' lang='lat' dir='ltr'><strong>mors</strong></span> <span class='ocrx_word' id='word_1_342' title='bbox 1693 2992 1750 3046; x_wconf 92' lang='lat' dir='ltr'><strong>in</strong></span> <span class='ocrx_word' id='word_1_343' title='bbox 1787 2991 2036 3045; x_wconf 88' lang='lat' dir='ltr'><strong>victoria.</strong></span> 
     </span>
    </p>
   </div>
   <div class='ocr_carea' id='block_1_47' title="bbox 449 3081 2040 3140">
    <p class='ocr_par' dir='ltr' id='par_1_47' title="bbox 449 3081 2040 3140">
     <span class='ocr_line' id='line_1_47' title="bbox 449 3081 2040 3140; baseline -0.003 -1"><span class='ocrx_word' id='word_1_344' title='bbox 449 3084 556 3140; x_wconf 91' lang='lat' dir='ltr'><strong>Ubi</strong></span> <span class='ocrx_word' id='word_1_345' title='bbox 588 3090 674 3138; x_wconf 90' lang='lat' dir='ltr'><strong>est</strong></span> <span class='ocrx_word' id='word_1_346' title='bbox 701 3101 854 3138; x_wconf 88' lang='lat' dir='ltr'><strong>mors</strong></span> <span class='ocrx_word' id='word_1_347' title='bbox 877 3084 1105 3138; x_wconf 90' lang='lat' dir='ltr'><strong>victoria</strong></span> <span class='ocrx_word' id='word_1_348' title='bbox 1131 3089 1230 3138; x_wconf 89' lang='lat' dir='ltr'><strong>tua</strong></span> <span class='ocrx_word' id='word_1_349' title='bbox 1259 3084 1283 3136; x_wconf 84' lang='lat'><strong>?</strong></span> <span class='ocrx_word' id='word_1_350' title='bbox 1320 3083 1426 3138; x_wconf 92' lang='lat' dir='ltr'><strong>Ubi</strong></span> <span class='ocrx_word' id='word_1_351' title='bbox 1455 3087 1540 3136; x_wconf 92' lang='lat' dir='ltr'><strong>est</strong></span> <span class='ocrx_word' id='word_1_352' title='bbox 1583 3099 1735 3136; x_wconf 89' lang='lat' dir='ltr'><strong>mors</strong></span> <span class='ocrx_word' id='word_1_353' title='bbox 1779 3081 2040 3135; x_wconf 91' lang='lat' dir='ltr'><strong>stimulus</strong></span> 
     </span>
    </p>
   </div>
   <div class='ocr_carea' id='block_1_48' title="bbox 451 3147 2098 3244">
    <p class='ocr_par' dir='ltr' id='par_1_48' title="bbox 451 3147 2098 3244">
     <span class='ocr_line' id='line_1_48' title="bbox 451 3147 2098 3244; baseline -0.002 -17"><span class='ocrx_word' id='word_1_354' title='bbox 451 3174 618 3229; x_wconf 81' lang='lat' dir='ltr'><strong>tuus?</strong></span> <span class='ocrx_word' id='word_1_355' title='bbox 638 3174 973 3229; x_wconf 90' lang='lat' dir='ltr'><strong>Destruetur</strong></span> <span class='ocrx_word' id='word_1_356' title='bbox 1001 3179 1191 3228; x_wconf 89' lang='lat' dir='ltr'><strong>autem</strong></span> <span class='ocrx_word' id='word_1_357' title='bbox 1217 3189 1449 3244; x_wconf 91' lang='lat' dir='ltr'><strong>prorsus</strong></span> <span class='ocrx_word' id='word_1_358' title='bbox 1475 3170 1826 3226; x_wconf 89' lang='lat' dir='ltr'><strong>acdelebitur</strong></span> <span class='ocrx_word' id='word_1_359' title='bbox 1842 3147 2098 3224; x_wconf 76' lang='lat' dir='ltr'><strong>mortisc</strong></span> 
     </span>
    </p>
   </div>
   <div class='ocr_carea' id='block_1_49' title="bbox 447 3263 2039 3334">
    <p class='ocr_par' dir='ltr' id='par_1_49' title="bbox 447 3263 2039 3334">
     <span class='ocr_line' id='line_1_49' title="bbox 447 3263 2039 3334; baseline -0.002 -17"><span class='ocrx_word' id='word_1_360' title='bbox 447 3263 718 3334; x_wconf 88' lang='lat' dir='ltr'><strong>potentia,</strong></span> <span class='ocrx_word' id='word_1_361' title='bbox 753 3270 816 3318; x_wconf 93' lang='lat' dir='ltr'><strong>ut</strong></span> <span class='ocrx_word' id='word_1_362' title='bbox 847 3281 970 3334; x_wconf 83' lang='lat' dir='ltr'><strong>qua</strong></span> <span class='ocrx_word' id='word_1_363' title='bbox 984 3265 1104 3334; x_wconf 87' lang='lat' dir='ltr'><strong>jam</strong></span> <span class='ocrx_word' id='word_1_364' title='bbox 1135 3264 1247 3316; x_wconf 89' lang='lat' dir='ltr'><strong>vim</strong></span> <span class='ocrx_word' id='word_1_365' title='bbox 1277 3279 1441 3317; x_wconf 90' lang='lat' dir='ltr'><strong>suam</strong></span> <span class='ocrx_word' id='word_1_366' title='bbox 1472 3278 1582 3316; x_wconf 91' lang='lat' dir='ltr'><strong>non</strong></span> <span class='ocrx_word' id='word_1_367' title='bbox 1607 3267 1816 3326; x_wconf 87' lang='lat' dir='ltr'><strong>exerat,</strong></span> <span class='ocrx_word' id='word_1_368' title='bbox 1845 3276 2039 3314; x_wconf 90' lang='lat' dir='ltr'><strong>verum</strong></span> 
     </span>
    </p>
   </div>
   <div class='ocr_carea' id='block_1_50' title="bbox 446 3349 2044 3424">
    <p class='ocr_par' dir='ltr' id='par_1_50' title="bbox 446 3349 2044 3424">
     <span class='ocr_line' id='line_1_50' title="bbox 446 3349 2044 3424; baseline -0.003 -17"><span class='ocrx_word' id='word_1_369' title='bbox 446 3353 707 3424; x_wconf 89' lang='lat' dir='ltr'><strong>deinceps</strong></span> <span class='ocrx_word' id='word_1_370' title='bbox 749 3353 1071 3407; x_wconf 91' lang='lat' dir='ltr'><strong>hominibus</strong></span> <span class='ocrx_word' id='word_1_371' title='bbox 1097 3352 1492 3406; x_wconf 85' lang='lat' dir='ltr'><strong>immortalitas</strong></span> <span class='ocrx_word' id='word_1_372' title='bbox 1513 3357 1681 3421; x_wconf 90' lang='lat' dir='ltr'><strong>atque</strong></span> <span class='ocrx_word' id='word_1_373' title='bbox 1711 3349 2044 3419; x_wconf 84' lang='lat' dir='ltr'><strong>incorrupti-</strong></span> 
     </span>
    </p>
   </div>
   <div class='ocr_carea' id='block_1_51' title="bbox 445 3439 2038 3513">
    <p class='ocr_par' dir='ltr' id='par_1_51' title="bbox 445 3439 2038 3513">
     <span class='ocr_line' id='line_1_51' title="bbox 445 3439 2038 3513; baseline -0.002 -19"><span class='ocrx_word' id='word_1_374' title='bbox 445 3441 576 3495; x_wconf 85' lang='lat' dir='ltr'><strong>litas</strong></span> <span class='ocrx_word' id='word_1_375' title='bbox 603 3443 942 3513; x_wconf 89' lang='lat' dir='ltr'><strong>sempiterna</strong></span> <span class='ocrx_word' id='word_1_376' title='bbox 963 3439 2038 3510; x_wconf 86' lang='lat' dir='ltr'><strong>concedatur.Eritigitur,erit,inquam,</strong></span> 
     </span>
    </p>
   </div>
   <div class='ocr_carea' id='block_1_52' title="bbox 448 3527 2042 3597">
    <p class='ocr_par' dir='ltr' id='par_1_52' title="bbox 448 3527 2042 3597">
     <span class='ocr_line' id='line_1_52' title="bbox 448 3527 2042 3597; baseline -0.003 -13"><span class='ocrx_word' id='word_1_377' title='bbox 448 3531 569 3584; x_wconf 87' lang='lat' dir='ltr'><strong>sine</strong></span> <span class='ocrx_word' id='word_1_378' title='bbox 595 3531 710 3584; x_wconf 88' lang='lat' dir='ltr'><strong>ulla</strong></span> <span class='ocrx_word' id='word_1_379' title='bbox 736 3530 1085 3584; x_wconf 88' lang='lat' dir='ltr'><strong>dubitatione</strong></span> <span class='ocrx_word' id='word_1_380' title='bbox 1115 3536 1464 3584; x_wconf 90' lang='lat' dir='ltr'><strong>mortuorum</strong></span> <span class='ocrx_word' id='word_1_381' title='bbox 1495 3527 1851 3592; x_wconf 89' lang='lat' dir='ltr'><strong>resurrectio,</strong></span> <span class='ocrx_word' id='word_1_382' title='bbox 1877 3527 2042 3597; x_wconf 91' lang='lat' dir='ltr'><strong>idque</strong></span> 
     </span>
    </p>
   </div>
   <div class='ocr_carea' id='block_1_53' title="bbox 451 3617 2040 3685">
    <p class='ocr_par' dir='ltr' id='par_1_53' title="bbox 451 3617 2040 3685">
     <span class='ocr_line' id='line_1_53' title="bbox 451 3617 2040 3685; baseline -0.001 -14"><span class='ocrx_word' id='word_1_383' title='bbox 451 3619 760 3673; x_wconf 86' lang='lat' dir='ltr'><strong>certissime</strong></span> <span class='ocrx_word' id='word_1_384' title='bbox 777 3620 1076 3672; x_wconf 90' lang='lat' dir='ltr'><strong>credimus.</strong></span> <span class='ocrx_word' id='word_1_385' title='bbox 1097 3618 1415 3683; x_wconf 77' lang='lat' dir='ltr'><strong>Quinetiam</strong></span> <span class='ocrx_word' id='word_1_386' title='bbox 1435 3635 1621 3672; x_wconf 89' lang='lat' dir='ltr'><strong>rerum</strong></span> <span class='ocrx_word' id='word_1_387' title='bbox 1643 3617 1699 3670; x_wconf 90' lang='lat' dir='ltr'><strong>in</strong></span> <span class='ocrx_word' id='word_1_388' title='bbox 1723 3617 1832 3670; x_wconf 81' lang='lat' dir='ltr'><strong>vita</strong></span> <span class='ocrx_word' id='word_1_389' title='bbox 1852 3623 2040 3685; x_wconf 88' lang='lat' dir='ltr'><strong>gesta—</strong></span> 
     </span>
    </p>
   </div>
   <div class='ocr_carea' id='block_1_54' title="bbox 448 3707 2040 3779">
    <p class='ocr_par' dir='ltr' id='par_1_54' title="bbox 448 3707 2040 3779">
     <span class='ocr_line' id='line_1_54' title="bbox 448 3707 2040 3779; baseline -0.003 -17"><span class='ocrx_word' id='word_1_390' title='bbox 448 3724 594 3766; x_wconf 91' lang='lat' dir='ltr'><strong>rum.</strong></span> <span class='ocrx_word' id='word_1_391' title='bbox 624 3725 856 3762; x_wconf 89' lang='lat' dir='ltr'><strong>examen</strong></span> <span class='ocrx_word' id='word_1_392' title='bbox 885 3725 950 3762; x_wconf 90' lang='lat' dir='ltr'><strong>ac</strong></span> <span class='ocrx_word' id='word_1_393' title='bbox 979 3708 1204 3779; x_wconf 83' lang='lat' dir='ltr'><strong>praemia</strong></span> <span class='ocrx_word' id='word_1_394' title='bbox 1227 3713 1284 3761; x_wconf 91' lang='lat' dir='ltr'><strong>et</strong></span> <span class='ocrx_word' id='word_1_395' title='bbox 1312 3725 1504 3778; x_wconf 72' lang='lat' dir='ltr'><strong>panas</strong></span> <span class='ocrx_word' id='word_1_396' title='bbox 1542 3707 1658 3760; x_wconf 89' lang='lat' dir='ltr'><strong>fore</strong></span> <span class='ocrx_word' id='word_1_397' title='bbox 1687 3713 2040 3777; x_wconf 90' lang='lat' dir='ltr'><strong>perspectum</strong></span> 
     </span>
    </p>
   </div>
   <div class='ocr_carea' id='block_1_55' title="bbox 447 3793 2040 3863">
    <p class='ocr_par' dir='ltr' id='par_1_55' title="bbox 447 3793 2040 3863">
     <span class='ocr_line' id='line_1_55' title="bbox 447 3793 2040 3863; baseline -0.003 -12"><span class='ocrx_word' id='word_1_398' title='bbox 447 3796 739 3863; x_wconf 88' lang='lat' dir='ltr'><strong>habemus,</strong></span> <span class='ocrx_word' id='word_1_399' title='bbox 760 3798 818 3852; x_wconf 89' lang='lat' dir='ltr'><strong>in</strong></span> <span class='ocrx_word' id='word_1_400' title='bbox 836 3798 1136 3852; x_wconf 90' lang='lat' dir='ltr'><strong>metuendo</strong></span> <span class='ocrx_word' id='word_1_401' title='bbox 1155 3797 1410 3850; x_wconf 88' lang='lat' dir='ltr'><strong>videlicet</strong></span> <span class='ocrx_word' id='word_1_402' title='bbox 1429 3796 1702 3850; x_wconf 89' lang='lat' dir='ltr'><strong>adventus</strong></span> <span class='ocrx_word' id='word_1_403' title='bbox 1723 3794 1930 3849; x_wconf 87' lang='lat' dir='ltr'><strong>Christi</strong></span> <span class='ocrx_word' id='word_1_404' title='bbox 1949 3793 2040 3847; x_wconf 92' lang='lat' dir='ltr'><strong>die</strong></span> 
     </span>
    </p>
   </div>
   <div class='ocr_carea' id='block_1_56' title="bbox 442 3885 2041 3958">
    <p class='ocr_par' dir='ltr' id='par_1_56' title="bbox 442 3885 2041 3958">
     <span class='ocr_line' id='line_1_56' title="bbox 442 3885 2041 3958; baseline -0.004 -17"><span class='ocrx_word' id='word_1_405' title='bbox 442 3886 504 3957; x_wconf 92' lang='grc' dir='ltr'><strong>(Ῑ</strong></span> <span class='ocrx_word' id='word_1_406' title='bbox 522 3889 615 3941; x_wconf 79' lang='lat' dir='ltr'><strong>Pet</strong></span> <span class='ocrx_word' id='word_1_407' title='bbox 656 3892 741 3956; x_wconf 91' lang='lat' dir='ltr'><strong>II),</strong></span> <span class='ocrx_word' id='word_1_408' title='bbox 774 3888 832 3940; x_wconf 92' lang='lat' dir='ltr'><strong>in</strong></span> <span class='ocrx_word' id='word_1_409' title='bbox 863 3904 972 3958; x_wconf 84' lang='lat' dir='ltr'><strong>quo</strong></span> <span class='ocrx_word' id='word_1_410' title='bbox 1002 3887 1126 3940; x_wconf 78' lang='lat' dir='ltr'><strong>cali</strong></span> <span class='ocrx_word' id='word_1_411' title='bbox 1175 3887 1303 3956; x_wconf 88' lang='lat' dir='ltr'><strong>igne</strong></span> <span class='ocrx_word' id='word_1_412' title='bbox 1350 3886 1637 3939; x_wconf 84' lang='lat' dir='ltr'><strong>solventur</strong></span> <span class='ocrx_word' id='word_1_413' title='bbox 1682 3890 1739 3938; x_wconf 91' lang='lat' dir='ltr'><strong>et</strong></span> <span class='ocrx_word' id='word_1_414' title='bbox 1763 3885 2041 3938; x_wconf 88' lang='lat' dir='ltr'><strong>elementa</strong></span> 
     </span>
    </p>
   </div>
   <div class='ocr_carea' id='block_1_57' title="bbox 445 3973 2036 4044">
    <p class='ocr_par' dir='ltr' id='par_1_57' title="bbox 445 3973 2036 4044">
     <span class='ocr_line' id='line_1_57' title="bbox 445 3973 2036 4044; baseline -0.002 -16"><span class='ocrx_word' id='word_1_415' title='bbox 445 3975 645 4029; x_wconf 89' lang='lat' dir='ltr'><strong>ardore</strong></span> <span class='ocrx_word' id='word_1_416' title='bbox 656 3975 1136 4041; x_wconf 85' lang='lat' dir='ltr'><strong>contabescent,ut</strong></span> <span class='ocrx_word' id='word_1_417' title='bbox 1144 3975 1389 4043; x_wconf 89' lang='lat' dir='ltr'><strong>theologi</strong></span> <span class='ocrx_word' id='word_1_418' title='bbox 1401 3974 1690 4044; x_wconf 89' lang='lat' dir='ltr'><strong>cujusdam</strong></span> <span class='ocrx_word' id='word_1_419' title='bbox 1705 3973 1884 4026; x_wconf 82' lang='lat' dir='ltr'><strong>verbis</strong></span> <span class='ocrx_word' id='word_1_420' title='bbox 1896 3979 2036 4026; x_wconf 90' lang='lat' dir='ltr'><strong>utar.</strong></span> 
     </span>
    </p>
   </div>
   <div class='ocr_carea' id='block_1_58' title="bbox 448 4062 2040 4132">
    <p class='ocr_par' dir='ltr' id='par_1_58' title="bbox 448 4062 2040 4132">
     <span class='ocr_line' id='line_1_58' title="bbox 448 4062 2040 4132; baseline -0.002 -15"><span class='ocrx_word' id='word_1_421' title='bbox 448 4064 634 4117; x_wconf 92' lang='lat' dir='ltr'><strong>Novos</strong></span> <span class='ocrx_word' id='word_1_422' title='bbox 669 4071 859 4118; x_wconf 90' lang='lat' dir='ltr'><strong>autem</strong></span> <span class='ocrx_word' id='word_1_423' title='bbox 877 4066 1064 4128; x_wconf 71' lang='lat' dir='ltr'><strong>calos,</strong></span> <span class='ocrx_word' id='word_1_424' title='bbox 1089 4081 1150 4118; x_wconf 92' lang='lat' dir='ltr'><strong>ac</strong></span> <span class='ocrx_word' id='word_1_425' title='bbox 1166 4080 1365 4117; x_wconf 89' lang='lat' dir='ltr'><strong>novam</strong></span> <span class='ocrx_word' id='word_1_426' title='bbox 1385 4070 1594 4116; x_wconf 89' lang='lat' dir='ltr'><strong>terram</strong></span> <span class='ocrx_word' id='word_1_427' title='bbox 1618 4062 1922 4116; x_wconf 91' lang='lat' dir='ltr'><strong>secundum</strong></span> <span class='ocrx_word' id='word_1_428' title='bbox 1953 4062 2040 4132; x_wconf 91' lang='lat' dir='ltr'><strong>ip-</strong></span> 
     </span>
    </p>
   </div>
   <div class='ocr_carea' id='block_1_59' title="bbox 448 4151 2042 4223">
    <p class='ocr_par' dir='ltr' id='par_1_59' title="bbox 448 4151 2042 4223">
     <span class='ocr_line' id='line_1_59' title="bbox 448 4151 2042 4223; baseline 0 -18"><span class='ocrx_word' id='word_1_429' title='bbox 448 4151 567 4205; x_wconf 90' lang='lat' dir='ltr'><strong>sius</strong></span> <span class='ocrx_word' id='word_1_430' title='bbox 584 4153 1012 4222; x_wconf 89' lang='lat' dir='ltr'><strong>promissionem</strong></span> <span class='ocrx_word' id='word_1_431' title='bbox 1031 4158 1438 4223; x_wconf 85' lang='lat' dir='ltr'><strong>exspectamus.</strong></span> <span class='ocrx_word' id='word_1_432' title='bbox 1469 4153 1611 4205; x_wconf 89' lang='lat' dir='ltr'><strong>Nam</strong></span> <span class='ocrx_word' id='word_1_433' title='bbox 1626 4151 1772 4222; x_wconf 93' lang='lat' dir='ltr'><strong>quod</strong></span> <span class='ocrx_word' id='word_1_434' title='bbox 1789 4151 1900 4204; x_wconf 93' lang='lat' dir='ltr'><strong>illic</strong></span> <span class='ocrx_word' id='word_1_435' title='bbox 1915 4167 2042 4221; x_wconf 70' lang='lat' dir='ltr'><strong>ope-</strong></span> 
     </span>
    </p>
   </div>
   <div class='ocr_carea' id='block_1_60' title="bbox 448 4239 2039 4312">
    <p class='ocr_par' dir='ltr' id='par_1_60' title="bbox 448 4239 2039 4312">
     <span class='ocr_line' id='line_1_60' title="bbox 448 4239 2039 4312; baseline 0 -19"><span class='ocrx_word' id='word_1_436' title='bbox 448 4255 574 4293; x_wconf 91' lang='lat' dir='ltr'><strong>rum</strong></span> <span class='ocrx_word' id='word_1_437' title='bbox 597 4241 829 4310; x_wconf 89' lang='lat' dir='ltr'><strong>pramia</strong></span> <span class='ocrx_word' id='word_1_438' title='bbox 843 4247 899 4295; x_wconf 93' lang='lat' dir='ltr'><strong>et</strong></span> <span class='ocrx_word' id='word_1_439' title='bbox 909 4258 1090 4312; x_wconf 74' lang='lat' dir='ltr'><strong>pana</strong></span> <span class='ocrx_word' id='word_1_440' title='bbox 1102 4242 1233 4306; x_wconf 88' lang='lat' dir='ltr'><strong>sint,</strong></span> <span class='ocrx_word' id='word_1_441' title='bbox 1254 4241 1508 4311; x_wconf 92' lang='lat' dir='ltr'><strong>nihilque</strong></span> <span class='ocrx_word' id='word_1_442' title='bbox 1523 4240 1750 4294; x_wconf 90' lang='lat' dir='ltr'><strong>omnino</strong></span> <span class='ocrx_word' id='word_1_443' title='bbox 1769 4239 2039 4294; x_wconf 90' lang='lat' dir='ltr'><strong>bonorum</strong></span> 
     </span>
    </p>
   </div>
   <div class='ocr_carea' id='block_1_61' title="bbox 449 4328 2043 4400">
    <p class='ocr_par' dir='ltr' id='par_1_61' title="bbox 449 4328 2043 4400">
     <span class='ocr_line' id='line_1_61' title="bbox 449 4328 2043 4400; baseline 0.001 -19"><span class='ocrx_word' id='word_1_444' title='bbox 449 4329 534 4381; x_wconf 76' lang='lat' dir='ltr'><strong>vel</strong></span> <span class='ocrx_word' id='word_1_445' title='bbox 564 4329 844 4382; x_wconf 90' lang='lat' dir='ltr'><strong>malorum</strong></span> <span class='ocrx_word' id='word_1_446' title='bbox 877 4329 1212 4400; x_wconf 86' lang='lat' dir='ltr'><strong>negligatur,</strong></span> <span class='ocrx_word' id='word_1_447' title='bbox 1238 4345 1430 4383; x_wconf 82' lang='lat' dir='ltr'><strong>verum</strong></span> <span class='ocrx_word' id='word_1_448' title='bbox 1447 4335 1505 4382; x_wconf 89' lang='lat' dir='ltr'><strong>et</strong></span> <span class='ocrx_word' id='word_1_449' title='bbox 1523 4328 1826 4393; x_wconf 87' lang='lat' dir='ltr'><strong>actionum,</strong></span> <span class='ocrx_word' id='word_1_450' title='bbox 1851 4334 1907 4382; x_wconf 92' lang='lat' dir='ltr'><strong>et</strong></span> <span class='ocrx_word' id='word_1_451' title='bbox 1926 4345 2043 4382; x_wconf 91' lang='lat' dir='ltr'><strong>ver-</strong></span> 
     </span>
    </p>
   </div>
   <div class='ocr_carea' id='block_1_62' title="bbox 449 4415 2041 4488">
    <p class='ocr_par' dir='ltr' id='par_1_62' title="bbox 449 4415 2041 4488">
     <span class='ocr_line' id='line_1_62' title="bbox 449 4415 2041 4488; baseline 0.001 -19"><span class='ocrx_word' id='word_1_452' title='bbox 449 4415 668 4482; x_wconf 87' lang='lat' dir='ltr'><strong>borum,</strong></span> <span class='ocrx_word' id='word_1_453' title='bbox 693 4423 750 4471; x_wconf 91' lang='lat' dir='ltr'><strong>et</strong></span> <span class='ocrx_word' id='word_1_454' title='bbox 771 4417 1179 4488; x_wconf 80' lang='lat' dir='ltr'><strong>cogitationum</strong></span> <span class='ocrx_word' id='word_1_455' title='bbox 1211 4434 1425 4472; x_wconf 89' lang='lat' dir='ltr'><strong>merces</strong></span> <span class='ocrx_word' id='word_1_456' title='bbox 1449 4417 1736 4471; x_wconf 89' lang='lat' dir='ltr'><strong>recondita</strong></span> <span class='ocrx_word' id='word_1_457' title='bbox 1748 4417 1838 4482; x_wconf 92' lang='lat' dir='ltr'><strong>sit,</strong></span> <span class='ocrx_word' id='word_1_458' title='bbox 1870 4435 1933 4471; x_wconf 88' lang='lat' dir='ltr'><strong>ex</strong></span> <span class='ocrx_word' id='word_1_459' title='bbox 1954 4418 2041 4471; x_wconf 87' lang='lat' dir='ltr'><strong>his</strong></span> 
     </span>
    </p>
   </div>
   <div class='ocr_carea' id='block_1_63' title="bbox 2123 1926 3718 2000">
    <p class='ocr_par' dir='ltr' id='par_1_63' title="bbox 2123 1926 3718 2000">
     <span class='ocr_line' id='line_1_63' title="bbox 2123 1926 3718 2000; baseline 0.005 -22"><span class='ocrx_word' id='word_1_460' title='bbox 2123 1926 2380 1996; x_wconf 86' lang='lat' dir='ltr'><strong>spiceret,</strong></span> <span class='ocrx_word' id='word_1_461' title='bbox 2414 1945 2478 1982; x_wconf 88' lang='lat' dir='ltr'><strong>ac</strong></span> <span class='ocrx_word' id='word_1_462' title='bbox 2495 1945 2565 1981; x_wconf 89' lang='lat' dir='ltr'><strong>ne</strong></span> <span class='ocrx_word' id='word_1_463' title='bbox 2587 1929 2736 2000; x_wconf 89' lang='lat' dir='ltr'><strong>ipsas</strong></span> <span class='ocrx_word' id='word_1_464' title='bbox 2756 1930 2980 2000; x_wconf 90' lang='lat' dir='ltr'><strong>quidem</strong></span> <span class='ocrx_word' id='word_1_465' title='bbox 2995 1947 3201 1985; x_wconf 88' lang='lat' dir='ltr'><strong>mensa</strong></span> <span class='ocrx_word' id='word_1_466' title='bbox 3220 1949 3335 1985; x_wconf 83' lang='lat' dir='ltr'><strong>sua</strong></span> <span class='ocrx_word' id='word_1_467' title='bbox 3357 1931 3530 1985; x_wconf 87' lang='lat' dir='ltr'><strong>micas</strong></span> <span class='ocrx_word' id='word_1_468' title='bbox 3551 1933 3718 1987; x_wconf 85' lang='lat' dir='ltr'><strong>eiim-</strong></span> 
     </span>
    </p>
   </div>
   <div class='ocr_carea' id='block_1_64' title="bbox 2123 2015 3711 2088">
    <p class='ocr_par' dir='ltr' id='par_1_64' title="bbox 2123 2015 3711 2088">
     <span class='ocr_line' id='line_1_64' title="bbox 2123 2015 3711 2088; baseline 0.006 -21"><span class='ocrx_word' id='word_1_469' title='bbox 2123 2015 2376 2085; x_wconf 90' lang='lat' dir='ltr'><strong>pertiret.</strong></span> <span class='ocrx_word' id='word_1_470' title='bbox 2414 2017 2662 2088; x_wconf 90' lang='lat' dir='ltr'><strong>Utroque</strong></span> <span class='ocrx_word' id='word_1_471' title='bbox 2718 2018 2894 2087; x_wconf 83' lang='lat' dir='ltr'><strong>igitur</strong></span> <span class='ocrx_word' id='word_1_472' title='bbox 2945 2024 3193 2073; x_wconf 89' lang='lat' dir='ltr'><strong>extremo</strong></span> <span class='ocrx_word' id='word_1_473' title='bbox 3225 2021 3346 2074; x_wconf 80' lang='lat' dir='ltr'><strong>vita</strong></span> <span class='ocrx_word' id='word_1_474' title='bbox 3377 2021 3466 2074; x_wconf 92' lang='lat' dir='ltr'><strong>die</strong></span> <span class='ocrx_word' id='word_1_475' title='bbox 3496 2021 3711 2087; x_wconf 91' lang='lat' dir='ltr'><strong>functo,</strong></span> 
     </span>
    </p>
   </div>
   <div class='ocr_carea' id='block_1_65' title="bbox 2123 2105 3715 2178">
    <p class='ocr_par' dir='ltr' id='par_1_65' title="bbox 2123 2105 3715 2178">
     <span class='ocr_line' id='line_1_65' title="bbox 2123 2105 3715 2178; baseline 0.006 -22"><span class='ocrx_word' id='word_1_476' title='bbox 2123 2121 2338 2174; x_wconf 88' lang='lat' dir='ltr'><strong>pauper</strong></span> <span class='ocrx_word' id='word_1_477' title='bbox 2357 2105 2686 2176; x_wconf 89' lang='lat' dir='ltr'><strong>quidemille</strong></span> <span class='ocrx_word' id='word_1_478' title='bbox 2707 2113 2876 2178; x_wconf 90' lang='lat' dir='ltr'><strong>atque</strong></span> <span class='ocrx_word' id='word_1_479' title='bbox 2892 2108 3176 2162; x_wconf 91' lang='lat' dir='ltr'><strong>ulcerosus</strong></span> <span class='ocrx_word' id='word_1_480' title='bbox 3205 2108 3261 2162; x_wconf 90' lang='lat' dir='ltr'><strong>in</strong></span> <span class='ocrx_word' id='word_1_481' title='bbox 3279 2108 3516 2164; x_wconf 87' lang='lat' dir='ltr'><strong>Abraha</strong></span> <span class='ocrx_word' id='word_1_482' title='bbox 3528 2111 3715 2166; x_wconf 91' lang='lat' dir='ltr'><strong>sinum</strong></span> 
     </span>
    </p>
   </div>
   <div class='ocr_carea' id='block_1_66' title="bbox 2123 2193 3714 2268">
    <p class='ocr_par' dir='ltr' id='par_1_66' title="bbox 2123 2193 3714 2268">
     <span class='ocr_line' id='line_1_66' title="bbox 2123 2193 3714 2268; baseline 0.004 -23"><span class='ocrx_word' id='word_1_483' title='bbox 2123 2193 2343 2246; x_wconf 88' lang='lat' dir='ltr'><strong>delatus</strong></span> <span class='ocrx_word' id='word_1_484' title='bbox 2373 2200 2458 2247; x_wconf 89' lang='lat' dir='ltr'><strong>est</strong></span> <span class='ocrx_word' id='word_1_485' title='bbox 2480 2196 2610 2265; x_wconf 93' lang='lat' dir='ltr'><strong>(quo</strong></span> <span class='ocrx_word' id='word_1_486' title='bbox 2638 2212 2837 2266; x_wconf 90' lang='lat' dir='ltr'><strong>nempe</strong></span> <span class='ocrx_word' id='word_1_487' title='bbox 2849 2195 3114 2250; x_wconf 87' lang='lat' dir='ltr'><strong>vocabulo</strong></span> <span class='ocrx_word' id='word_1_488' title='bbox 3135 2197 3435 2268; x_wconf 90' lang='lat' dir='ltr'><strong>proborum</strong></span> <span class='ocrx_word' id='word_1_489' title='bbox 3467 2198 3714 2252; x_wconf 90' lang='lat' dir='ltr'><strong>virorum</strong></span> 
     </span>
    </p>
   </div>
   <div class='ocr_carea' id='block_1_67' title="bbox 2123 2282 3716 2352">
    <p class='ocr_par' dir='ltr' id='par_1_67' title="bbox 2123 2282 3716 2352">
     <span class='ocr_line' id='line_1_67' title="bbox 2123 2282 3716 2352; baseline 0.004 -17"><span class='ocrx_word' id='word_1_490' title='bbox 2123 2282 2310 2335; x_wconf 78' lang='lat' dir='ltr'><strong>sedem</strong></span> <span class='ocrx_word' id='word_1_491' title='bbox 2333 2282 2673 2352; x_wconf 85' lang='lat' dir='ltr'><strong>declaravit),</strong></span> <span class='ocrx_word' id='word_1_492' title='bbox 2706 2284 2858 2337; x_wconf 87' lang='lat' dir='ltr'><strong>dives</strong></span> <span class='ocrx_word' id='word_1_493' title='bbox 2873 2290 3070 2338; x_wconf 89' lang='lat' dir='ltr'><strong>contra</strong></span> <span class='ocrx_word' id='word_1_494' title='bbox 3093 2285 3451 2340; x_wconf 90' lang='lat' dir='ltr'><strong>acerbissimo</strong></span> <span class='ocrx_word' id='word_1_495' title='bbox 3471 2287 3716 2341; x_wconf 81' lang='lat' dir='ltr'><strong>ﬂamma</strong></span> 
     </span>
    </p>
   </div>
   <div class='ocr_carea' id='block_1_68' title="bbox 2123 2371 3714 2446">
    <p class='ocr_par' dir='ltr' id='par_1_68' title="bbox 2123 2371 3714 2446">
     <span class='ocr_line' id='line_1_68' title="bbox 2123 2371 3714 2446; baseline 0.004 -23"><span class='ocrx_word' id='word_1_496' title='bbox 2123 2371 2396 2442; x_wconf 88' lang='lat' dir='ltr'><strong>supplicio</strong></span> <span class='ocrx_word' id='word_1_497' title='bbox 2442 2372 2500 2426; x_wconf 90' lang='lat' dir='ltr'><strong>in</strong></span> <span class='ocrx_word' id='word_1_498' title='bbox 2545 2371 2762 2427; x_wconf 83' lang='lat' dir='ltr'><strong>inferno</strong></span> <span class='ocrx_word' id='word_1_499' title='bbox 2793 2373 3046 2428; x_wconf 91' lang='lat' dir='ltr'><strong>addictus</strong></span> <span class='ocrx_word' id='word_1_500' title='bbox 3068 2381 3170 2428; x_wconf 91' lang='lat' dir='ltr'><strong>est.</strong></span> <span class='ocrx_word' id='word_1_501' title='bbox 3226 2375 3311 2428; x_wconf 89' lang='lat' dir='ltr'><strong>Ad</strong></span> <span class='ocrx_word' id='word_1_502' title='bbox 3342 2392 3510 2446; x_wconf 90' lang='lat' dir='ltr'><strong>quem</strong></span> <span class='ocrx_word' id='word_1_503' title='bbox 3542 2376 3714 2429; x_wconf 89' lang='lat' dir='ltr'><strong>etiam</strong></span> 
     </span>
    </p>
   </div>
   <div class='ocr_carea' id='block_1_69' title="bbox 2123 2459 3718 2534">
    <p class='ocr_par' dir='ltr' id='par_1_69' title="bbox 2123 2459 3718 2534">
     <span class='ocr_line' id='line_1_69' title="bbox 2123 2459 3718 2534; baseline 0.004 -22"><span class='ocrx_word' id='word_1_504' title='bbox 2123 2459 2408 2514; x_wconf 88' lang='lat' dir='ltr'><strong>Abraham</strong></span> <span class='ocrx_word' id='word_1_505' title='bbox 2427 2460 2516 2514; x_wconf 89' lang='lat' dir='ltr'><strong>his</strong></span> <span class='ocrx_word' id='word_1_506' title='bbox 2542 2460 2722 2514; x_wconf 89' lang='lat' dir='ltr'><strong>verbis</strong></span> <span class='ocrx_word' id='word_1_507' title='bbox 2742 2461 3006 2516; x_wconf 87' lang='lat' dir='ltr'><strong>utebatur</strong></span> <span class='ocrx_word' id='word_1_508' title='bbox 3029 2482 3040 2516; x_wconf 88' lang='lat'><strong>:</strong></span> <span class='ocrx_word' id='word_1_509' title='bbox 3067 2463 3345 2534; x_wconf 89' lang='lat' dir='ltr'><strong>Recepisti</strong></span> <span class='ocrx_word' id='word_1_510' title='bbox 3358 2463 3504 2518; x_wconf 88' lang='lat' dir='ltr'><strong>bona</strong></span> <span class='ocrx_word' id='word_1_511' title='bbox 3524 2463 3584 2518; x_wconf 86' lang='lat' dir='ltr'><strong>in</strong></span> <span class='ocrx_word' id='word_1_512' title='bbox 3603 2464 3718 2519; x_wconf 85' lang='lat' dir='ltr'><strong>vita</strong></span> 
     </span>
    </p>
   </div>
   <div class='ocr_carea' id='block_1_70' title="bbox 2123 2549 3720 2624">
    <p class='ocr_par' dir='ltr' id='par_1_70' title="bbox 2123 2549 3720 2624">
     <span class='ocr_line' id='line_1_70' title="bbox 2123 2549 3720 2624; baseline 0.004 -23"><span class='ocrx_word' id='word_1_513' title='bbox 2123 2553 2240 2613; x_wconf 88' lang='lat' dir='ltr'><strong>tua,</strong></span> <span class='ocrx_word' id='word_1_514' title='bbox 2274 2555 2330 2602; x_wconf 89' lang='lat' dir='ltr'><strong>et</strong></span> <span class='ocrx_word' id='word_1_515' title='bbox 2359 2549 2594 2604; x_wconf 86' lang='lat' dir='ltr'><strong>Lazarus</strong></span> <span class='ocrx_word' id='word_1_516' title='bbox 2607 2551 3044 2606; x_wconf 89' lang='lat' dir='ltr'><strong>similitermala.</strong></span> <span class='ocrx_word' id='word_1_517' title='bbox 3074 2553 3234 2606; x_wconf 90' lang='lat' dir='ltr'><strong>Nunc</strong></span> <span class='ocrx_word' id='word_1_518' title='bbox 3253 2552 3574 2624; x_wconf 89' lang='lat' dir='ltr'><strong>autemipse</strong></span> <span class='ocrx_word' id='word_1_519' title='bbox 3589 2569 3720 2608; x_wconf 90' lang='lat' dir='ltr'><strong>con-</strong></span> 
     </span>
    </p>
   </div>
   <div class='ocr_carea' id='block_1_71' title="bbox 2123 2637 2922 2700">
    <p class='ocr_par' dir='ltr' id='par_1_71' title="bbox 2123 2637 2922 2700">
     <span class='ocr_line' id='line_1_71' title="bbox 2123 2637 2922 2700; baseline 0.003 -10"><span class='ocrx_word' id='word_1_520' title='bbox 2123 2637 2357 2700; x_wconf 89' lang='lat' dir='ltr'><strong>solatur,</strong></span> <span class='ocrx_word' id='word_1_521' title='bbox 2388 2643 2450 2691; x_wconf 92' lang='lat' dir='ltr'><strong>tu</strong></span> <span class='ocrx_word' id='word_1_522' title='bbox 2483 2655 2608 2691; x_wconf 79' lang='lat' dir='ltr'><strong>vero</strong></span> <span class='ocrx_word' id='word_1_523' title='bbox 2637 2639 2922 2694; x_wconf 90' lang='lat' dir='ltr'><strong>cruciaris.</strong></span> 
     </span>
    </p>
   </div>
   <div class='ocr_carea' id='block_1_72' title="bbox 2171 2727 3724 2799">
    <p class='ocr_par' dir='ltr' id='par_1_72' title="bbox 2171 2727 3724 2799">
     <span class='ocr_line' id='line_1_72' title="bbox 2171 2727 3724 2799; baseline 0.005 -21"><span class='ocrx_word' id='word_1_524' title='bbox 2171 2730 2356 2791; x_wconf 54' lang='grc' dir='ltr'><strong>περ</strong></span> <span class='ocrx_word' id='word_1_525' title='bbox 2365 2727 2606 2780; x_wconf 86' lang='lat' dir='ltr'><strong>Rursum</strong></span> <span class='ocrx_word' id='word_1_526' title='bbox 2618 2728 2728 2781; x_wconf 90' lang='lat' dir='ltr'><strong>alio</strong></span> <span class='ocrx_word' id='word_1_527' title='bbox 2741 2729 2860 2782; x_wconf 92' lang='lat' dir='ltr'><strong>loco</strong></span> <span class='ocrx_word' id='word_1_528' title='bbox 2872 2729 3141 2783; x_wconf 70' lang='lat' dir='ltr'><strong>caelorum</strong></span> <span class='ocrx_word' id='word_1_529' title='bbox 3152 2745 3392 2799; x_wconf 85' lang='lat' dir='ltr'><strong>regnum</strong></span> <span class='ocrx_word' id='word_1_530' title='bbox 3405 2731 3621 2785; x_wconf 90' lang='lat' dir='ltr'><strong>homini</strong></span> <span class='ocrx_word' id='word_1_531' title='bbox 3635 2748 3724 2786; x_wconf 87' lang='lat' dir='ltr'><strong>re-</strong></span> 
     </span>
    </p>
   </div>
   <div class='ocr_carea' id='block_1_73' title="bbox 2119 2814 3717 2892">
    <p class='ocr_par' dir='ltr' id='par_1_73' title="bbox 2119 2814 3717 2892">
     <span class='ocr_line' id='line_1_73' title="bbox 2119 2814 3717 2892; baseline 0.005 -25"><span class='ocrx_word' id='word_1_532' title='bbox 2119 2814 2176 2884; x_wconf 88' lang='lat' dir='ltr'><strong>gi</strong></span> <span class='ocrx_word' id='word_1_533' title='bbox 2189 2814 2368 2868; x_wconf 90' lang='lat' dir='ltr'><strong>simile</strong></span> <span class='ocrx_word' id='word_1_534' title='bbox 2383 2832 2504 2870; x_wconf 91' lang='lat' dir='ltr'><strong>esse</strong></span> <span class='ocrx_word' id='word_1_535' title='bbox 2515 2817 2596 2870; x_wconf 88' lang='lat' dir='ltr'><strong>ait</strong></span> <span class='ocrx_word' id='word_1_536' title='bbox 2609 2817 2704 2887; x_wconf 92' lang='lat' dir='ltr'><strong>qui</strong></span> <span class='ocrx_word' id='word_1_537' title='bbox 2719 2817 2831 2870; x_wconf 80' lang='lat' dir='ltr'><strong>tilio</strong></span> <span class='ocrx_word' id='word_1_538' title='bbox 2849 2834 2949 2871; x_wconf 91' lang='lat' dir='ltr'><strong>suo</strong></span> <span class='ocrx_word' id='word_1_539' title='bbox 2961 2818 3520 2892; x_wconf 79' lang='lat' dir='ltr'><strong>nuptiasfecit(1|!atth</strong></span> <span class='ocrx_word' id='word_1_540' title='bbox 3528 2823 3717 2890; x_wconf 83' lang='lat' dir='ltr'><strong>.xxn).</strong></span> 
     </span>
    </p>
   </div>
   <div class='ocr_carea' id='block_1_74' title="bbox 2123 2903 3712 2976">
    <p class='ocr_par' dir='ltr' id='par_1_74' title="bbox 2123 2903 3712 2976">
     <span class='ocr_line' id='line_1_74' title="bbox 2123 2903 3712 2976; baseline 0.007 -20"><span class='ocrx_word' id='word_1_541' title='bbox 2123 2903 2230 2956; x_wconf 93' lang='lat' dir='ltr'><strong>Per</strong></span> <span class='ocrx_word' id='word_1_542' title='bbox 2243 2905 2466 2975; x_wconf 89' lang='lat' dir='ltr'><strong>nuptias</strong></span> <span class='ocrx_word' id='word_1_543' title='bbox 2483 2922 2650 2976; x_wconf 92' lang='lat' dir='ltr'><strong>porro</strong></span> <span class='ocrx_word' id='word_1_544' title='bbox 2680 2906 2870 2960; x_wconf 86' lang='lat' dir='ltr'><strong>futura</strong></span> <span class='ocrx_word' id='word_1_545' title='bbox 2885 2907 3079 2960; x_wconf 89' lang='lat' dir='ltr'><strong>latitia</strong></span> <span class='ocrx_word' id='word_1_546' title='bbox 3091 2913 3147 2960; x_wconf 88' lang='lat' dir='ltr'><strong>et</strong></span> <span class='ocrx_word' id='word_1_547' title='bbox 3163 2908 3386 2962; x_wconf 80' lang='lat' dir='ltr'><strong>claritas</strong></span> <span class='ocrx_word' id='word_1_548' title='bbox 3402 2908 3685 2964; x_wconf 87' lang='lat' dir='ltr'><strong>indicatur</strong></span> <span class='ocrx_word' id='word_1_549' title='bbox 3696 2954 3712 2968; x_wconf 90' lang='lat'><strong>.</strong></span> 
     </span>
    </p>
   </div>
   <div class='ocr_carea' id='block_1_75' title="bbox 2125 2992 3721 3054">
    <p class='ocr_par' dir='ltr' id='par_1_75' title="bbox 2125 2992 3721 3054">
     <span class='ocr_line' id='line_1_75' title="bbox 2125 2992 3721 3054; baseline 0.006 -9"><span class='ocrx_word' id='word_1_550' title='bbox 2125 2992 2343 3046; x_wconf 87' lang='lat' dir='ltr'><strong>Etenim</strong></span> <span class='ocrx_word' id='word_1_551' title='bbox 2367 2994 2436 3047; x_wconf 86' lang='lat' dir='ltr'><strong>ad</strong></span> <span class='ocrx_word' id='word_1_552' title='bbox 2453 2994 2696 3048; x_wconf 87' lang='lat' dir='ltr'><strong>humiles</strong></span> <span class='ocrx_word' id='word_1_553' title='bbox 2709 3012 2772 3050; x_wconf 89' lang='lat' dir='ltr'><strong>ac</strong></span> <span class='ocrx_word' id='word_1_554' title='bbox 2785 2997 3020 3050; x_wconf 90' lang='lat' dir='ltr'><strong>terrenis</strong></span> <span class='ocrx_word' id='word_1_555' title='bbox 3041 2997 3329 3051; x_wconf 72' lang='lat' dir='ltr'><strong>affectibus</strong></span> <span class='ocrx_word' id='word_1_556' title='bbox 3343 2997 3591 3053; x_wconf 88' lang='lat' dir='ltr'><strong>imbutos</strong></span> <span class='ocrx_word' id='word_1_557' title='bbox 3615 2999 3721 3054; x_wconf 77' lang='lat' dir='ltr'><strong>ho-</strong></span> 
     </span>
    </p>
   </div>
   <div class='ocr_carea' id='block_1_76' title="bbox 2125 3081 3721 3158">
    <p class='ocr_par' dir='ltr' id='par_1_76' title="bbox 2125 3081 3721 3158">
     <span class='ocr_line' id='line_1_76' title="bbox 2125 3081 3721 3158; baseline 0.005 -24"><span class='ocrx_word' id='word_1_558' title='bbox 2125 3081 2304 3136; x_wconf 89' lang='lat' dir='ltr'><strong>mines</strong></span> <span class='ocrx_word' id='word_1_559' title='bbox 2325 3082 2492 3137; x_wconf 91' lang='lat' dir='ltr'><strong>verba</strong></span> <span class='ocrx_word' id='word_1_560' title='bbox 2528 3083 2756 3150; x_wconf 86' lang='lat' dir='ltr'><strong>faciens,</strong></span> <span class='ocrx_word' id='word_1_561' title='bbox 2789 3084 2858 3139; x_wconf 90' lang='lat' dir='ltr'><strong>ab</strong></span> <span class='ocrx_word' id='word_1_562' title='bbox 2879 3085 2950 3139; x_wconf 89' lang='lat' dir='ltr'><strong>iis</strong></span> <span class='ocrx_word' id='word_1_563' title='bbox 2989 3085 3156 3140; x_wconf 91' lang='lat' dir='ltr'><strong>rebus</strong></span> <span class='ocrx_word' id='word_1_564' title='bbox 3182 3103 3306 3157; x_wconf 80' lang='lat' dir='ltr'><strong>qua</strong></span> <span class='ocrx_word' id='word_1_565' title='bbox 3334 3087 3470 3158; x_wconf 91' lang='lat' dir='ltr'><strong>ipsis</strong></span> <span class='ocrx_word' id='word_1_566' title='bbox 3492 3088 3721 3143; x_wconf 83' lang='lat' dir='ltr'><strong>usitata</strong></span> 
     </span>
    </p>
   </div>
   <div class='ocr_carea' id='block_1_77' title="bbox 2124 3170 3719 3248">
    <p class='ocr_par' dir='ltr' id='par_1_77' title="bbox 2124 3170 3719 3248">
     <span class='ocr_line' id='line_1_77' title="bbox 2124 3170 3719 3248; baseline 0.005 -25"><span class='ocrx_word' id='word_1_567' title='bbox 2124 3187 2190 3224; x_wconf 91' lang='lat' dir='ltr'><strong>ac</strong></span> <span class='ocrx_word' id='word_1_568' title='bbox 2218 3170 2522 3226; x_wconf 83' lang='lat' dir='ltr'><strong>familiares</strong></span> <span class='ocrx_word' id='word_1_569' title='bbox 2553 3179 2733 3238; x_wconf 90' lang='lat' dir='ltr'><strong>erant,</strong></span> <span class='ocrx_word' id='word_1_570' title='bbox 2787 3173 3084 3244; x_wconf 85' lang='lat' dir='ltr'><strong>parabolas</strong></span> <span class='ocrx_word' id='word_1_571' title='bbox 3120 3174 3359 3230; x_wconf 88' lang='lat' dir='ltr'><strong>ducebat</strong></span> <span class='ocrx_word' id='word_1_572' title='bbox 3383 3194 3394 3230; x_wconf 93' lang='lat'>:</span> <span class='ocrx_word' id='word_1_573' title='bbox 3423 3192 3537 3230; x_wconf 90' lang='lat' dir='ltr'><strong>non</strong></span> <span class='ocrx_word' id='word_1_574' title='bbox 3567 3177 3719 3248; x_wconf 90' lang='lat' dir='ltr'><strong>quod</strong></span> 
     </span>
    </p>
   </div>
   <div class='ocr_carea' id='block_1_78' title="bbox 2124 3260 3720 3330">
    <p class='ocr_par' dir='ltr' id='par_1_78' title="bbox 2124 3260 3720 3330">
     <span class='ocr_line' id='line_1_78' title="bbox 2124 3260 3720 3330; baseline 0.006 -18"><span class='ocrx_word' id='word_1_575' title='bbox 2124 3260 2348 3330; x_wconf 89' lang='lat' dir='ltr'><strong>nuptias</strong></span> <span class='ocrx_word' id='word_1_576' title='bbox 2379 3268 2435 3315; x_wconf 92' lang='lat' dir='ltr'><strong>et</strong></span> <span class='ocrx_word' id='word_1_577' title='bbox 2458 3279 2679 3316; x_wconf 89' lang='lat' dir='ltr'><strong>mensas</strong></span> <span class='ocrx_word' id='word_1_578' title='bbox 2706 3262 2764 3316; x_wconf 90' lang='lat' dir='ltr'><strong>in</strong></span> <span class='ocrx_word' id='word_1_579' title='bbox 2793 3280 2908 3317; x_wconf 87' lang='lat' dir='ltr'><strong>avo</strong></span> <span class='ocrx_word' id='word_1_580' title='bbox 2921 3263 3016 3317; x_wconf 94' lang='lat' dir='ltr'><strong>illo</strong></span> <span class='ocrx_word' id='word_1_581' title='bbox 3033 3281 3154 3318; x_wconf 89' lang='lat' dir='ltr'><strong>esse</strong></span> <span class='ocrx_word' id='word_1_582' title='bbox 3165 3265 3504 3330; x_wconf 90' lang='lat' dir='ltr'><strong>ostenderet,</strong></span> <span class='ocrx_word' id='word_1_583' title='bbox 3524 3266 3624 3320; x_wconf 88' lang='lat' dir='ltr'><strong>sed</strong></span> <span class='ocrx_word' id='word_1_584' title='bbox 3649 3267 3720 3321; x_wconf 87' lang='lat' dir='ltr'><strong>ad</strong></span> 
     </span>
    </p>
   </div>
   <div class='ocr_carea' id='block_1_79' title="bbox 2123 3351 3718 3420">
    <p class='ocr_par' dir='ltr' id='par_1_79' title="bbox 2123 3351 3718 3420">
     <span class='ocr_line' id='line_1_79' title="bbox 2123 3351 3718 3420; baseline 0.006 -18"><span class='ocrx_word' id='word_1_585' title='bbox 2123 3366 2319 3403; x_wconf 91' lang='lat' dir='ltr'><strong>eorum</strong></span> <span class='ocrx_word' id='word_1_586' title='bbox 2339 3351 2650 3405; x_wconf 88' lang='lat' dir='ltr'><strong>crassitiem</strong></span> <span class='ocrx_word' id='word_1_587' title='bbox 2679 3369 2802 3406; x_wconf 91' lang='lat' dir='ltr'><strong>sese</strong></span> <span class='ocrx_word' id='word_1_588' title='bbox 2831 3352 3152 3420; x_wconf 91' lang='lat' dir='ltr'><strong>demittens,</strong></span> <span class='ocrx_word' id='word_1_589' title='bbox 3177 3353 3266 3406; x_wconf 89' lang='lat' dir='ltr'><strong>his</strong></span> <span class='ocrx_word' id='word_1_590' title='bbox 3291 3354 3573 3409; x_wconf 90' lang='lat' dir='ltr'><strong>vocabulis</strong></span> <span class='ocrx_word' id='word_1_591' title='bbox 3589 3361 3718 3410; x_wconf 86' lang='lat' dir='ltr'><strong>ute-</strong></span> 
     </span>
    </p>
   </div>
   <div class='ocr_carea' id='block_1_80' title="bbox 2124 3437 3713 3515">
    <p class='ocr_par' dir='ltr' id='par_1_80' title="bbox 2124 3437 3713 3515">
     <span class='ocr_line' id='line_1_80' title="bbox 2124 3437 3713 3515; baseline 0.005 -24"><span class='ocrx_word' id='word_1_592' title='bbox 2124 3437 2307 3504; x_wconf 90' lang='lat' dir='ltr'><strong>batur,</strong></span> <span class='ocrx_word' id='word_1_593' title='bbox 2322 3445 2386 3493; x_wconf 88' lang='lat' dir='ltr'><strong>ut</strong></span> <span class='ocrx_word' id='word_1_594' title='bbox 2399 3440 2590 3494; x_wconf 83' lang='lat' dir='ltr'><strong>futura</strong></span> <span class='ocrx_word' id='word_1_595' title='bbox 2601 3441 2735 3511; x_wconf 88' lang='lat' dir='ltr'><strong>ipsis</strong></span> <span class='ocrx_word' id='word_1_596' title='bbox 2750 3442 3041 3512; x_wconf 90' lang='lat' dir='ltr'><strong>perspicua</strong></span> <span class='ocrx_word' id='word_1_597' title='bbox 3062 3442 3285 3496; x_wconf 91' lang='lat' dir='ltr'><strong>faceret.</strong></span> <span class='ocrx_word' id='word_1_598' title='bbox 3305 3443 3485 3498; x_wconf 92' lang='lat' dir='ltr'><strong>Omne</strong></span> <span class='ocrx_word' id='word_1_599' title='bbox 3500 3443 3713 3515; x_wconf 86' lang='lat' dir='ltr'><strong>itaque,</strong></span> 
     </span>
    </p>
   </div>
   <div class='ocr_carea' id='block_1_81' title="bbox 2127 3527 3723 3602">
    <p class='ocr_par' dir='ltr' id='par_1_81' title="bbox 2127 3527 3723 3602">
     <span class='ocr_line' id='line_1_81' title="bbox 2127 3527 3723 3602; baseline 0.004 -21"><span class='ocrx_word' id='word_1_600' title='bbox 2127 3527 2328 3598; x_wconf 88' lang='lat' dir='ltr'><strong>inquit,</strong></span> <span class='ocrx_word' id='word_1_601' title='bbox 2354 3546 2450 3582; x_wconf 92' lang='lat' dir='ltr'><strong>rex</strong></span> <span class='ocrx_word' id='word_1_602' title='bbox 2469 3529 2562 3583; x_wconf 90' lang='lat' dir='ltr'><strong>ille</strong></span> <span class='ocrx_word' id='word_1_603' title='bbox 2586 3529 2812 3583; x_wconf 87' lang='lat' dir='ltr'><strong>sublimi</strong></span> <span class='ocrx_word' id='word_1_604' title='bbox 2834 3531 3110 3601; x_wconf 85' lang='lat' dir='ltr'><strong>praconio</strong></span> <span class='ocrx_word' id='word_1_605' title='bbox 3123 3532 3194 3585; x_wconf 88' lang='lat' dir='ltr'><strong>ad</strong></span> <span class='ocrx_word' id='word_1_606' title='bbox 3217 3532 3442 3602; x_wconf 83' lang='lat' dir='ltr'><strong>nuptias</strong></span> <span class='ocrx_word' id='word_1_607' title='bbox 3462 3533 3723 3588; x_wconf 71' lang='lat' dir='ltr'><strong>invitavit</strong></span> 
     </span>
    </p>
   </div>
   <div class='ocr_carea' id='block_1_82' title="bbox 2125 3617 3714 3690">
    <p class='ocr_par' dir='ltr' id='par_1_82' title="bbox 2125 3617 3714 3690">
     <span class='ocr_line' id='line_1_82' title="bbox 2125 3617 3714 3690; baseline 0.004 -21"><span class='ocrx_word' id='word_1_608' title='bbox 2125 3623 2293 3686; x_wconf 85' lang='lat' dir='ltr'><strong>atque</strong></span> <span class='ocrx_word' id='word_1_609' title='bbox 2323 3623 2386 3670; x_wconf 90' lang='lat' dir='ltr'><strong>ut</strong></span> <span class='ocrx_word' id='word_1_610' title='bbox 2405 3617 2564 3672; x_wconf 90' lang='lat' dir='ltr'><strong>bonis</strong></span> <span class='ocrx_word' id='word_1_611' title='bbox 2601 3618 2710 3672; x_wconf 86' lang='lat' dir='ltr'><strong>illis</strong></span> <span class='ocrx_word' id='word_1_612' title='bbox 2731 3618 2800 3672; x_wconf 92' lang='lat' dir='ltr'><strong>ad</strong></span> <span class='ocrx_word' id='word_1_613' title='bbox 2833 3619 3150 3674; x_wconf 83' lang='lat' dir='ltr'><strong>satietatem</strong></span> <span class='ocrx_word' id='word_1_614' title='bbox 3173 3637 3350 3690; x_wconf 90' lang='lat' dir='ltr'><strong>usque</strong></span> <span class='ocrx_word' id='word_1_615' title='bbox 3371 3620 3714 3676; x_wconf 84' lang='lat' dir='ltr'><strong>fruerentur.</strong></span> 
     </span>
    </p>
   </div>
   <div class='ocr_carea' id='block_1_83' title="bbox 2194 3705 3718 3778">
    <p class='ocr_par' dir='ltr' id='par_1_83' title="bbox 2194 3705 3718 3778">
     <span class='ocr_line' id='line_1_83' title="bbox 2194 3705 3718 3778; baseline 0.003 -20"><span class='ocrx_word' id='word_1_616' title='bbox 2194 3706 2354 3759; x_wconf 89' lang='lat' dir='ltr'><strong>Multi</strong></span> <span class='ocrx_word' id='word_1_617' title='bbox 2385 3713 2576 3760; x_wconf 86' lang='lat' dir='ltr'><strong>autem</strong></span> <span class='ocrx_word' id='word_1_618' title='bbox 2615 3724 2810 3761; x_wconf 89' lang='lat' dir='ltr'><strong>eorum</strong></span> <span class='ocrx_word' id='word_1_619' title='bbox 2845 3708 2939 3778; x_wconf 91' lang='lat' dir='ltr'><strong>qui</strong></span> <span class='ocrx_word' id='word_1_620' title='bbox 2987 3708 3204 3762; x_wconf 89' lang='lat' dir='ltr'><strong>invitati</strong></span> <span class='ocrx_word' id='word_1_621' title='bbox 3227 3705 3470 3776; x_wconf 88' lang='lat' dir='ltr'><strong>fuerant,</strong></span> <span class='ocrx_word' id='word_1_622' title='bbox 3502 3709 3586 3763; x_wconf 91' lang='lat' dir='ltr'><strong>ire</strong></span> <span class='ocrx_word' id='word_1_623' title='bbox 3615 3727 3718 3764; x_wconf 90' lang='lat' dir='ltr'><strong>ne-</strong></span> 
     </span>
    </p>
   </div>
   <div class='ocr_carea' id='block_1_84' title="bbox 2124 3793 3718 3868">
    <p class='ocr_par' dir='ltr' id='par_1_84' title="bbox 2124 3793 3718 3868">
     <span class='ocr_line' id='line_1_84' title="bbox 2124 3793 3718 3868; baseline 0.004 -22"><span class='ocrx_word' id='word_1_624' title='bbox 2124 3793 2450 3862; x_wconf 86' lang='lat' dir='ltr'><strong>glexerunt:</strong></span> <span class='ocrx_word' id='word_1_625' title='bbox 2474 3811 2665 3848; x_wconf 91' lang='lat' dir='ltr'><strong>verum</strong></span> <span class='ocrx_word' id='word_1_626' title='bbox 2687 3812 2746 3848; x_wconf 90' lang='lat' dir='ltr'><strong>se</strong></span> <span class='ocrx_word' id='word_1_627' title='bbox 2767 3795 2918 3865; x_wconf 90' lang='lat' dir='ltr'><strong>ipsos</strong></span> <span class='ocrx_word' id='word_1_628' title='bbox 2936 3796 3143 3866; x_wconf 88' lang='lat' dir='ltr'><strong>partim</strong></span> <span class='ocrx_word' id='word_1_629' title='bbox 3164 3796 3221 3849; x_wconf 91' lang='lat' dir='ltr'><strong>in</strong></span> <span class='ocrx_word' id='word_1_630' title='bbox 3253 3797 3422 3867; x_wconf 83' lang='lat' dir='ltr'><strong>agris,</strong></span> <span class='ocrx_word' id='word_1_631' title='bbox 3438 3798 3718 3868; x_wconf 88' lang='lat' dir='ltr'><strong>partimin</strong></span> 
     </span>
    </p>
   </div>
   <div class='ocr_carea' id='block_1_85' title="bbox 2123 3879 3718 3958">
    <p class='ocr_par' dir='ltr' id='par_1_85' title="bbox 2123 3879 3718 3958">
     <span class='ocr_line' id='line_1_85' title="bbox 2123 3879 3718 3958; baseline 0.004 -24"><span class='ocrx_word' id='word_1_632' title='bbox 2123 3879 2613 3951; x_wconf 79' lang='lat' dir='ltr'><strong>negetiatiouibus.</strong></span> <span class='ocrx_word' id='word_1_633' title='bbox 2656 3883 2860 3954; x_wconf 89' lang='lat' dir='ltr'><strong>partim</strong></span> <span class='ocrx_word' id='word_1_634' title='bbox 2889 3884 2946 3938; x_wconf 91' lang='lat' dir='ltr'><strong>in</strong></span> <span class='ocrx_word' id='word_1_635' title='bbox 2972 3885 3238 3939; x_wconf 83' lang='lat' dir='ltr'><strong>uxoribus</strong></span> <span class='ocrx_word' id='word_1_636' title='bbox 3260 3901 3439 3956; x_wconf 88' lang='lat' dir='ltr'><strong>nuper</strong></span> <span class='ocrx_word' id='word_1_637' title='bbox 3474 3887 3718 3958; x_wconf 86' lang='lat' dir='ltr'><strong>acceptis</strong></span> 
     </span>
    </p>
   </div>
   <div class='ocr_carea' id='block_1_86' title="bbox 2123 3973 3714 4045">
    <p class='ocr_par' dir='ltr' id='par_1_86' title="bbox 2123 3973 3714 4045">
     <span class='ocr_line' id='line_1_86' title="bbox 2123 3973 3714 4045; baseline 0.004 -22"><span class='ocrx_word' id='word_1_638' title='bbox 2123 3978 2474 4041; x_wconf 86' lang='lat' dir='ltr'><strong>occupantes,</strong></span> <span class='ocrx_word' id='word_1_639' title='bbox 2508 3973 2776 4044; x_wconf 85' lang='lat' dir='ltr'><strong>nuptialis</strong></span> <span class='ocrx_word' id='word_1_640' title='bbox 2803 3973 3036 4027; x_wconf 90' lang='lat' dir='ltr'><strong>thalami</strong></span> <span class='ocrx_word' id='word_1_641' title='bbox 3065 3974 3360 4045; x_wconf 88' lang='lat' dir='ltr'><strong>splendore</strong></span> <span class='ocrx_word' id='word_1_642' title='bbox 3389 3981 3714 4030; x_wconf 89' lang='lat' dir='ltr'><strong>caruerunt.</strong></span> 
     </span>
    </p>
   </div>
   <div class='ocr_carea' id='block_1_87' title="bbox 2124 4059 3718 4132">
    <p class='ocr_par' dir='ltr' id='par_1_87' title="bbox 2124 4059 3718 4132">
     <span class='ocr_line' id='line_1_87' title="bbox 2124 4059 3718 4132; baseline 0.003 -18"><span class='ocrx_word' id='word_1_643' title='bbox 2124 4059 2240 4114; x_wconf 90' lang='lat' dir='ltr'><strong>Illis</strong></span> <span class='ocrx_word' id='word_1_644' title='bbox 2277 4066 2468 4114; x_wconf 89' lang='lat' dir='ltr'><strong>autem</strong></span> <span class='ocrx_word' id='word_1_645' title='bbox 2499 4078 2602 4114; x_wconf 88' lang='lat' dir='ltr'><strong>sua</strong></span> <span class='ocrx_word' id='word_1_646' title='bbox 2624 4069 2821 4132; x_wconf 86' lang='lat' dir='ltr'><strong>sponte</strong></span> <span class='ocrx_word' id='word_1_647' title='bbox 2850 4079 2885 4116; x_wconf 79' lang='grc' dir='ltr'><strong>ο,</strong></span> <span class='ocrx_word' id='word_1_648' title='bbox 2912 4063 3245 4117; x_wconf 86' lang='lat' dir='ltr'><strong>suavissima</strong></span> <span class='ocrx_word' id='word_1_649' title='bbox 3271 4063 3366 4117; x_wconf 87' lang='lat' dir='ltr'><strong>illa</strong></span> <span class='ocrx_word' id='word_1_650' title='bbox 3396 4062 3590 4118; x_wconf 85' lang='lat' dir='ltr'><strong>latitia</strong></span> <span class='ocrx_word' id='word_1_651' title='bbox 3619 4081 3718 4118; x_wconf 88' lang='lat' dir='ltr'><strong>ex-</strong></span> 
     </span>
    </p>
   </div>
   <div class='ocr_carea' id='block_1_88' title="bbox 2124 4148 3792 4224">
    <p class='ocr_par' dir='ltr' id='par_1_88' title="bbox 2124 4148 3792 4224">
     <span class='ocr_line' id='line_1_88' title="bbox 2124 4148 3792 4224; baseline 0.004 -23"><span class='ocrx_word' id='word_1_652' title='bbox 2124 4148 2308 4211; x_wconf 85' lang='lat' dir='ltr'><strong>clusis,</strong></span> <span class='ocrx_word' id='word_1_653' title='bbox 2333 4149 2429 4203; x_wconf 92' lang='lat' dir='ltr'><strong>alii</strong></span> <span class='ocrx_word' id='word_1_654' title='bbox 2450 4150 2627 4204; x_wconf 89' lang='lat' dir='ltr'><strong>vocati</strong></span> <span class='ocrx_word' id='word_1_655' title='bbox 2657 4157 2804 4215; x_wconf 89' lang='lat' dir='ltr'><strong>sunt,</strong></span> <span class='ocrx_word' id='word_1_656' title='bbox 2825 4156 2996 4221; x_wconf 90' lang='lat' dir='ltr'><strong>atque</strong></span> <span class='ocrx_word' id='word_1_657' title='bbox 3012 4151 3257 4222; x_wconf 73' lang='lat' dir='ltr'><strong>impleta</strong></span> <span class='ocrx_word' id='word_1_658' title='bbox 3277 4153 3597 4224; x_wconf 88' lang='lat' dir='ltr'><strong>suntepula</strong></span> <span class='ocrx_word' id='word_1_659' title='bbox 3627 4153 3718 4207; x_wconf 87' lang='lat' dir='ltr'><strong>di-</strong></span> <span class='ocrx_word' id='word_1_660' title='bbox 3787 4213 3792 4216; x_wconf 52' lang='grc'>,</span> 
     </span>
    </p>
   </div>
   <div class='ocr_carea' id='block_1_89' title="bbox 2122 4237 3726 4310">
    <p class='ocr_par' dir='ltr' id='par_1_89' title="bbox 2122 4237 3726 4310">
     <span class='ocr_line' id='line_1_89' title="bbox 2122 4237 3726 4310; baseline 0.004 -20"><span class='ocrx_word' id='word_1_661' title='bbox 2122 4237 2858 4310; x_wconf 86' lang='lat' dir='ltr'><strong>scumbentibus.lngressus</strong></span> <span class='ocrx_word' id='word_1_662' title='bbox 2869 4246 3057 4294; x_wconf 89' lang='lat' dir='ltr'><strong>autem</strong></span> <span class='ocrx_word' id='word_1_663' title='bbox 3071 4257 3167 4295; x_wconf 86' lang='lat' dir='ltr'><strong>rex</strong></span> <span class='ocrx_word' id='word_1_664' title='bbox 3187 4246 3248 4295; x_wconf 86' lang='lat' dir='ltr'><strong>ut</strong></span> <span class='ocrx_word' id='word_1_665' title='bbox 3257 4241 3470 4296; x_wconf 81' lang='lat' dir='ltr'><strong>videret</strong></span> <span class='ocrx_word' id='word_1_666' title='bbox 3483 4241 3726 4297; x_wconf 89' lang='lat' dir='ltr'><strong>discum-</strong></span> 
     </span>
    </p>
   </div>
   <div class='ocr_carea' id='block_1_90' title="bbox 2124 4326 3716 4392">
    <p class='ocr_par' dir='ltr' id='par_1_90' title="bbox 2124 4326 3716 4392">
     <span class='ocr_line' id='line_1_90' title="bbox 2124 4326 3716 4392; baseline 0.002 -11"><span class='ocrx_word' id='word_1_667' title='bbox 2124 4326 2337 4392; x_wconf 86' lang='lat' dir='ltr'><strong>bentes,</strong></span> <span class='ocrx_word' id='word_1_668' title='bbox 2373 4327 2507 4382; x_wconf 89' lang='lat' dir='ltr'><strong>vidit</strong></span> <span class='ocrx_word' id='word_1_669' title='bbox 2547 4328 2659 4381; x_wconf 92' lang='lat' dir='ltr'><strong>illic</strong></span> <span class='ocrx_word' id='word_1_670' title='bbox 2689 4328 2974 4382; x_wconf 90' lang='lat' dir='ltr'><strong>hominem</strong></span> <span class='ocrx_word' id='word_1_671' title='bbox 3004 4345 3118 4383; x_wconf 91' lang='lat' dir='ltr'><strong>non</strong></span> <span class='ocrx_word' id='word_1_672' title='bbox 3146 4329 3409 4383; x_wconf 89' lang='lat' dir='ltr'><strong>vestitum</strong></span> <span class='ocrx_word' id='word_1_673' title='bbox 3435 4336 3579 4384; x_wconf 80' lang='lat' dir='ltr'><strong>vcste</strong></span> <span class='ocrx_word' id='word_1_674' title='bbox 3606 4347 3716 4384; x_wconf 86' lang='lat' dir='ltr'><strong>nu-</strong></span> 
     </span>
    </p>
   </div>
   <div class='ocr_carea' id='block_1_91' title="bbox 2123 4416 3716 4488">
    <p class='ocr_par' dir='ltr' id='par_1_91' title="bbox 2123 4416 3716 4488">
     <span class='ocr_line' id='line_1_91' title="bbox 2123 4416 3716 4488; baseline 0.002 -18"><span class='ocrx_word' id='word_1_675' title='bbox 2123 4416 2300 4488; x_wconf 90' lang='lat' dir='ltr'><strong>ptiali.</strong></span> <span class='ocrx_word' id='word_1_676' title='bbox 2326 4417 2394 4470; x_wconf 90' lang='lat' dir='ltr'><strong>Et</strong></span> <span class='ocrx_word' id='word_1_677' title='bbox 2421 4416 2561 4471; x_wconf 89' lang='lat' dir='ltr'><strong>dixit</strong></span> <span class='ocrx_word' id='word_1_678' title='bbox 2583 4417 2651 4471; x_wconf 90' lang='lat' dir='ltr'><strong>ei:</strong></span> <span class='ocrx_word' id='word_1_679' title='bbox 2671 4417 3170 4488; x_wconf 83' lang='lat' dir='ltr'><strong>Amice,quomodo</strong></span> <span class='ocrx_word' id='word_1_680' title='bbox 3201 4419 3310 4472; x_wconf 91' lang='lat' dir='ltr'><strong>huc</strong></span> <span class='ocrx_word' id='word_1_681' title='bbox 3329 4419 3573 4484; x_wconf 74' lang='lat' dir='ltr'><strong>intrasti,</strong></span> <span class='ocrx_word' id='word_1_682' title='bbox 3600 4435 3716 4474; x_wconf 89' lang='lat' dir='ltr'><strong>non</strong></span> 
     </span>
    </p>
   </div>
   <div class='ocr_carea' id='block_1_92' title="bbox 449 4504 3720 4577">
    <p class='ocr_par' dir='ltr' id='par_1_92' title="bbox 449 4504 3720 4577">
     <span class='ocr_line' id='line_1_92' title="bbox 449 4504 3720 4577; baseline 0.001 -17"><span class='ocrx_word' id='word_1_683' title='bbox 449 4505 656 4560; x_wconf 68' lang='lat' dir='ltr'><strong>Christi</strong></span> <span class='ocrx_word' id='word_1_684' title='bbox 685 4506 866 4560; x_wconf 91' lang='lat' dir='ltr'><strong>verbis</strong></span> <span class='ocrx_word' id='word_1_685' title='bbox 881 4512 1115 4560; x_wconf 83' lang='lat' dir='ltr'><strong>constat:</strong></span> <span class='ocrx_word' id='word_1_686' title='bbox 1142 4507 1472 4577; x_wconf 85' lang='lat' dir='ltr'><strong>Quicunque</strong></span> <span class='ocrx_word' id='word_1_687' title='bbox 1485 4511 1677 4577; x_wconf 91' lang='lat' dir='ltr'><strong>potum</strong></span> <span class='ocrx_word' id='word_1_688' title='bbox 1700 4507 1919 4560; x_wconf 90' lang='lat' dir='ltr'><strong>dederit</strong></span> <span class='ocrx_word' id='word_1_689' title='bbox 1937 4507 2034 4560; x_wconf 89' lang='lat' dir='ltr'><strong>uni</strong></span> <span class='ocrx_word' id='word_1_690' title='bbox 2057 4504 2106 4563; x_wconf 95' lang='lat' dir='ltr'><strong>D</strong></span> <span class='ocrx_word' id='word_1_691' title='bbox 2123 4505 2332 4558; x_wconf 89' lang='lat' dir='ltr'><strong>habens</strong></span> <span class='ocrx_word' id='word_1_692' title='bbox 2363 4511 2571 4559; x_wconf 80' lang='lat' dir='ltr'><strong>vestem</strong></span> <span class='ocrx_word' id='word_1_693' title='bbox 2618 4507 2925 4576; x_wconf 90' lang='lat' dir='ltr'><strong>nuptialem</strong></span> <span class='ocrx_word' id='word_1_694' title='bbox 2953 4507 2978 4560; x_wconf 66' lang='grc' dir='ltr'><strong><em>Τ</em></strong></span> <span class='ocrx_word' id='word_1_695' title='bbox 3013 4508 3088 4560; x_wconf 88' lang='lat' dir='ltr'><strong>At</strong></span> <span class='ocrx_word' id='word_1_696' title='bbox 3113 4507 3206 4560; x_wconf 91' lang='lat' dir='ltr'><strong>ille</strong></span> <span class='ocrx_word' id='word_1_697' title='bbox 3227 4507 3532 4565; x_wconf 92' lang='lat' dir='ltr'><strong>obmutuit.</strong></span> <span class='ocrx_word' id='word_1_698' title='bbox 3560 4509 3720 4562; x_wconf 87' lang='lat' dir='ltr'><strong>Tunc</strong></span> 
     </span>
    </p>
   </div>
   <div class='ocr_carea' id='block_1_93' title="bbox 447 4595 2040 4667">
    <p class='ocr_par' dir='ltr' id='par_1_93' title="bbox 447 4595 2040 4667">
     <span class='ocr_line' id='line_1_93' title="bbox 447 4595 2040 4667; baseline -0.001 -18"><span class='ocrx_word' id='word_1_699' title='bbox 447 4611 512 4649; x_wconf 86' lang='lat' dir='ltr'><strong>ex</strong></span> <span class='ocrx_word' id='word_1_700' title='bbox 543 4595 788 4650; x_wconf 89' lang='lat' dir='ltr'><strong>minimis</strong></span> <span class='ocrx_word' id='word_1_701' title='bbox 807 4596 930 4650; x_wconf 91' lang='lat' dir='ltr'><strong>istis</strong></span> <span class='ocrx_word' id='word_1_702' title='bbox 951 4596 1177 4650; x_wconf 90' lang='lat' dir='ltr'><strong>calicem</strong></span> <span class='ocrx_word' id='word_1_703' title='bbox 1198 4613 1357 4667; x_wconf 87' lang='lat' dir='ltr'><strong>aqua</strong></span> <span class='ocrx_word' id='word_1_704' title='bbox 1367 4595 1598 4664; x_wconf 78' lang='lat' dir='ltr'><strong>frigida,</strong></span> <span class='ocrx_word' id='word_1_705' title='bbox 1614 4600 1836 4648; x_wconf 88' lang='lat' dir='ltr'><strong>tantum</strong></span> <span class='ocrx_word' id='word_1_706' title='bbox 1854 4595 1913 4648; x_wconf 92' lang='lat' dir='ltr'><strong>in</strong></span> <span class='ocrx_word' id='word_1_707' title='bbox 1937 4612 2040 4649; x_wconf 88' lang='lat' dir='ltr'><strong>no-</strong></span> 
     </span>
    </p>
   </div>
   <div class='ocr_carea' id='block_1_94' title="bbox 445 4684 2036 4756">
    <p class='ocr_par' dir='ltr' id='par_1_94' title="bbox 445 4684 2036 4756">
     <span class='ocr_line' id='line_1_94' title="bbox 445 4684 2036 4756; baseline 0.001 -20"><span class='ocrx_word' id='word_1_708' title='bbox 445 4684 601 4738; x_wconf 86' lang='lat' dir='ltr'><strong>mine</strong></span> <span class='ocrx_word' id='word_1_709' title='bbox 613 4684 889 4754; x_wconf 91' lang='lat' dir='ltr'><strong>discipuli,</strong></span> <span class='ocrx_word' id='word_1_710' title='bbox 911 4702 1024 4738; x_wconf 91' lang='lat' dir='ltr'><strong>non</strong></span> <span class='ocrx_word' id='word_1_711' title='bbox 1037 4685 1234 4756; x_wconf 89' lang='lat' dir='ltr'><strong>perdet</strong></span> <span class='ocrx_word' id='word_1_712' title='bbox 1245 4685 1558 4738; x_wconf 91' lang='lat' dir='ltr'><strong>mercedem</strong></span> <span class='ocrx_word' id='word_1_713' title='bbox 1574 4701 1732 4738; x_wconf 90' lang='lat' dir='ltr'><strong>suam</strong></span> <span class='ocrx_word' id='word_1_714' title='bbox 1742 4685 1930 4750; x_wconf 77' lang='lat' dir='ltr'><strong>(Matth</strong></span> <span class='ocrx_word' id='word_1_715' title='bbox 1943 4689 2013 4752; x_wconf 88' lang='lat' dir='ltr'><strong>.x)</strong></span> <span class='ocrx_word' id='word_1_716' title='bbox 2024 4725 2036 4738; x_wconf 93' lang='lat'><strong>.</strong></span> 
     </span>
    </p>
   </div>
   <div class='ocr_carea' id='block_1_95' title="bbox 447 4769 2040 4824">
    <p class='ocr_par' dir='ltr' id='par_1_95' title="bbox 447 4769 2040 4824">
     <span class='ocr_line' id='line_1_95' title="bbox 447 4769 2040 4824; baseline 0 -2"><span class='ocrx_word' id='word_1_717' title='bbox 447 4769 526 4822; x_wconf 84' lang='lat' dir='ltr'><strong>Ac</strong></span> <span class='ocrx_word' id='word_1_718' title='bbox 555 4785 780 4823; x_wconf 90' lang='lat' dir='ltr'><strong>rursum</strong></span> <span class='ocrx_word' id='word_1_719' title='bbox 802 4787 867 4823; x_wconf 88' lang='lat' dir='ltr'><strong>ex</strong></span> <span class='ocrx_word' id='word_1_720' title='bbox 899 4770 986 4823; x_wconf 92' lang='lat' dir='ltr'><strong>his</strong></span> <span class='ocrx_word' id='word_1_721' title='bbox 1035 4788 1047 4824; x_wconf 92' lang='lat'>:</span> <span class='ocrx_word' id='word_1_722' title='bbox 1088 4772 1228 4824; x_wconf 91' lang='lat' dir='ltr'><strong>Cum</strong></span> <span class='ocrx_word' id='word_1_723' title='bbox 1249 4769 1466 4823; x_wconf 90' lang='lat' dir='ltr'><strong>venerit</strong></span> <span class='ocrx_word' id='word_1_724' title='bbox 1502 4769 1675 4824; x_wconf 90' lang='lat' dir='ltr'><strong>Filius</strong></span> <span class='ocrx_word' id='word_1_725' title='bbox 1715 4769 1956 4822; x_wconf 90' lang='lat' dir='ltr'><strong>hominis</strong></span> <span class='ocrx_word' id='word_1_726' title='bbox 1980 4769 2040 4822; x_wconf 90' lang='lat' dir='ltr'><strong>in</strong></span> 
     </span>
    </p>
   </div>
   <div class='ocr_carea' id='block_1_96' title="bbox 448 4857 2044 4930">
    <p class='ocr_par' dir='ltr' id='par_1_96' title="bbox 448 4857 2044 4930">
     <span class='ocr_line' id='line_1_96' title="bbox 448 4857 2044 4930; baseline 0.001 -20"><span class='ocrx_word' id='word_1_727' title='bbox 448 4858 744 4926; x_wconf 84' lang='lat' dir='ltr'><strong>majestate</strong></span> <span class='ocrx_word' id='word_1_728' title='bbox 762 4875 882 4924; x_wconf 91' lang='lat' dir='ltr'><strong>sua,</strong></span> <span class='ocrx_word' id='word_1_729' title='bbox 917 4867 973 4912; x_wconf 91' lang='lat' dir='ltr'><strong>et</strong></span> <span class='ocrx_word' id='word_1_730' title='bbox 1001 4876 1196 4913; x_wconf 91' lang='lat' dir='ltr'><strong>omnes</strong></span> <span class='ocrx_word' id='word_1_731' title='bbox 1216 4859 1400 4930; x_wconf 86' lang='lat' dir='ltr'><strong>angeli</strong></span> <span class='ocrx_word' id='word_1_732' title='bbox 1421 4876 1549 4914; x_wconf 92' lang='lat' dir='ltr'><strong>cum</strong></span> <span class='ocrx_word' id='word_1_733' title='bbox 1571 4865 1796 4925; x_wconf 85' lang='lat' dir='ltr'><strong>eo,tunc</strong></span> <span class='ocrx_word' id='word_1_734' title='bbox 1826 4857 2044 4912; x_wconf 88' lang='lat' dir='ltr'><strong>sedebit</strong></span> 
     </span>
    </p>
   </div>
   <div class='ocr_carea' id='block_1_97' title="bbox 447 4947 2040 5018">
    <p class='ocr_par' dir='ltr' id='par_1_97' title="bbox 447 4947 2040 5018">
     <span class='ocr_line' id='line_1_97' title="bbox 447 4947 2040 5018; baseline 0.001 -19"><span class='ocrx_word' id='word_1_735' title='bbox 447 4962 618 5017; x_wconf 89' lang='lat' dir='ltr'><strong>super</strong></span> <span class='ocrx_word' id='word_1_736' title='bbox 640 4947 830 5001; x_wconf 91' lang='lat' dir='ltr'><strong>sedem</strong></span> <span class='ocrx_word' id='word_1_737' title='bbox 842 4949 1152 5018; x_wconf 86' lang='lat' dir='ltr'><strong>majestatis</strong></span> <span class='ocrx_word' id='word_1_738' title='bbox 1179 4966 1313 5013; x_wconf 86' lang='lat' dir='ltr'><strong>sua,</strong></span> <span class='ocrx_word' id='word_1_739' title='bbox 1329 4954 1386 5002; x_wconf 91' lang='lat' dir='ltr'><strong>et</strong></span> <span class='ocrx_word' id='word_1_740' title='bbox 1396 4947 1890 5017; x_wconf 87' lang='lat' dir='ltr'><strong>congregabuntur</strong></span> <span class='ocrx_word' id='word_1_741' title='bbox 1909 4952 2040 5000; x_wconf 88' lang='lat' dir='ltr'><strong>ante</strong></span> 
     </span>
    </p>
   </div>
   <div class='ocr_carea' id='block_1_98' title="bbox 393 5035 2041 5108">
    <p class='ocr_par' dir='ltr' id='par_1_98' title="bbox 393 5035 2041 5108">
     <span class='ocr_line' id='line_1_98' title="bbox 393 5035 2041 5108; baseline 0 -20"><span class='ocrx_word' id='word_1_742' title='bbox 393 5099 400 5106; x_wconf 91' lang='lat'><strong>_</strong></span> <span class='ocrx_word' id='word_1_743' title='bbox 447 5050 579 5088; x_wconf 90' lang='lat' dir='ltr'><strong>eum</strong></span> <span class='ocrx_word' id='word_1_744' title='bbox 601 5051 794 5090; x_wconf 91' lang='lat' dir='ltr'><strong>omnes</strong></span> <span class='ocrx_word' id='word_1_745' title='bbox 815 5044 1029 5105; x_wconf 86' lang='lat' dir='ltr'><strong>gentes,</strong></span> <span class='ocrx_word' id='word_1_746' title='bbox 1047 5042 1103 5090; x_wconf 91' lang='lat' dir='ltr'><strong>et</strong></span> <span class='ocrx_word' id='word_1_747' title='bbox 1125 5036 1409 5108; x_wconf 89' lang='lat' dir='ltr'><strong>separabit</strong></span> <span class='ocrx_word' id='word_1_748' title='bbox 1427 5054 1522 5090; x_wconf 89' lang='lat' dir='ltr'><strong>eos</strong></span> <span class='ocrx_word' id='word_1_749' title='bbox 1542 5037 1612 5090; x_wconf 89' lang='lat' dir='ltr'><strong>ab</strong></span> <span class='ocrx_word' id='word_1_750' title='bbox 1631 5035 2041 5098; x_wconf 88' lang='lat' dir='ltr'><strong>invicem,sicut</strong></span> 
     </span>
    </p>
   </div>
   <div class='ocr_carea' id='block_1_99' title="bbox 445 5124 2040 5196">
    <p class='ocr_par' dir='ltr' id='par_1_99' title="bbox 445 5124 2040 5196">
     <span class='ocr_line' id='line_1_99' title="bbox 445 5124 2040 5196; baseline -0.001 -18"><span class='ocrx_word' id='word_1_751' title='bbox 445 5131 639 5195; x_wconf 89' lang='lat' dir='ltr'><strong>pastor</strong></span> <span class='ocrx_word' id='word_1_752' title='bbox 657 5132 919 5196; x_wconf 86' lang='lat' dir='ltr'><strong>segregat</strong></span> <span class='ocrx_word' id='word_1_753' title='bbox 933 5143 1060 5180; x_wconf 87' lang='lat' dir='ltr'><strong>oves</strong></span> <span class='ocrx_word' id='word_1_754' title='bbox 1075 5125 1145 5180; x_wconf 87' lang='lat' dir='ltr'><strong>ab</strong></span> <span class='ocrx_word' id='word_1_755' title='bbox 1158 5125 1426 5180; x_wconf 85' lang='lat' dir='ltr'><strong>hadis.Et</strong></span> <span class='ocrx_word' id='word_1_756' title='bbox 1436 5131 1648 5179; x_wconf 88' lang='lat' dir='ltr'><strong>statuet</strong></span> <span class='ocrx_word' id='word_1_757' title='bbox 1656 5141 1784 5178; x_wconf 86' lang='lat' dir='ltr'><strong>oves</strong></span> <span class='ocrx_word' id='word_1_758' title='bbox 1815 5124 2040 5194; x_wconf 91' lang='lat' dir='ltr'><strong>quidem</strong></span> 
     </span>
    </p>
   </div>
   <div class='ocr_carea' id='block_1_100' title="bbox 445 5212 2043 5280">
    <p class='ocr_par' dir='ltr' id='par_1_100' title="bbox 445 5212 2043 5280">
     <span class='ocr_line' id='line_1_100' title="bbox 445 5212 2043 5280; baseline -0.002 -13"><span class='ocrx_word' id='word_1_759' title='bbox 445 5229 481 5266; x_wconf 91' lang='lat' dir='ltr'><strong>a</strong></span> <span class='ocrx_word' id='word_1_760' title='bbox 501 5214 710 5268; x_wconf 88' lang='lat' dir='ltr'><strong>dextris</strong></span> <span class='ocrx_word' id='word_1_761' title='bbox 743 5215 878 5280; x_wconf 89' lang='lat' dir='ltr'><strong>suis,</strong></span> <span class='ocrx_word' id='word_1_762' title='bbox 913 5216 1100 5270; x_wconf 82' lang='lat' dir='ltr'><strong>hados</strong></span> <span class='ocrx_word' id='word_1_763' title='bbox 1129 5222 1318 5268; x_wconf 91' lang='lat' dir='ltr'><strong>autem</strong></span> <span class='ocrx_word' id='word_1_764' title='bbox 1349 5232 1383 5268; x_wconf 92' lang='lat' dir='ltr'><strong>a</strong></span> <span class='ocrx_word' id='word_1_765' title='bbox 1415 5213 1674 5267; x_wconf 90' lang='lat' dir='ltr'><strong>sinistris.</strong></span> <span class='ocrx_word' id='word_1_766' title='bbox 1711 5212 1866 5266; x_wconf 89' lang='lat' dir='ltr'><strong>Tunc</strong></span> <span class='ocrx_word' id='word_1_767' title='bbox 1894 5212 2043 5265; x_wconf 90' lang='lat' dir='ltr'><strong>dicet</strong></span> 
     </span>
    </p>
   </div>
   <div class='ocr_carea' id='block_1_101' title="bbox 445 5301 2038 5374">
    <p class='ocr_par' dir='ltr' id='par_1_101' title="bbox 445 5301 2038 5374">
     <span class='ocr_line' id='line_1_101' title="bbox 445 5301 2038 5374; baseline -0.002 -18"><span class='ocrx_word' id='word_1_768' title='bbox 445 5302 559 5356; x_wconf 85' lang='lat' dir='ltr'><strong>Rex</strong></span> <span class='ocrx_word' id='word_1_769' title='bbox 571 5303 658 5357; x_wconf 87' lang='lat' dir='ltr'><strong>his</strong></span> <span class='ocrx_word' id='word_1_770' title='bbox 675 5303 770 5374; x_wconf 93' lang='lat' dir='ltr'><strong>qui</strong></span> <span class='ocrx_word' id='word_1_771' title='bbox 798 5321 833 5358; x_wconf 89' lang='lat' dir='ltr'><strong>a</strong></span> <span class='ocrx_word' id='word_1_772' title='bbox 859 5304 1071 5358; x_wconf 85' lang='lat' dir='ltr'><strong>dextris</strong></span> <span class='ocrx_word' id='word_1_773' title='bbox 1099 5302 1518 5368; x_wconf 88' lang='lat' dir='ltr'><strong>erunt:Venite,</strong></span> <span class='ocrx_word' id='word_1_774' title='bbox 1552 5301 1827 5354; x_wconf 90' lang='lat' dir='ltr'><strong>benedicti</strong></span> <span class='ocrx_word' id='word_1_775' title='bbox 1855 5301 2038 5354; x_wconf 89' lang='lat' dir='ltr'><strong>Patris</strong></span> 
     </span>
    </p>
   </div>
   <div class='ocr_carea' id='block_1_102' title="bbox 444 5389 2037 5462">
    <p class='ocr_par' dir='ltr' id='par_1_102' title="bbox 444 5389 2037 5462">
     <span class='ocr_line' id='line_1_102' title="bbox 444 5389 2037 5462; baseline -0.001 -18"><span class='ocrx_word' id='word_1_776' title='bbox 444 5392 574 5454; x_wconf 89' lang='lat' dir='ltr'><strong>mei,</strong></span> <span class='ocrx_word' id='word_1_777' title='bbox 582 5393 864 5462; x_wconf 88' lang='lat' dir='ltr'><strong>possidete</strong></span> <span class='ocrx_word' id='word_1_778' title='bbox 876 5410 1113 5462; x_wconf 88' lang='lat' dir='ltr'><strong>regnum</strong></span> <span class='ocrx_word' id='word_1_779' title='bbox 1126 5391 1278 5444; x_wconf 89' lang='lat' dir='ltr'><strong>vobis</strong></span> <span class='ocrx_word' id='word_1_780' title='bbox 1308 5398 1568 5462; x_wconf 89' lang='lat' dir='ltr'><strong>paratum</strong></span> <span class='ocrx_word' id='word_1_781' title='bbox 1583 5407 1616 5442; x_wconf 88' lang='lat' dir='ltr'><strong>a.</strong></span> <span class='ocrx_word' id='word_1_782' title='bbox 1636 5389 2037 5442; x_wconf 88' lang='lat' dir='ltr'><strong>constitutione</strong></span> 
     </span>
    </p>
   </div>
   <div class='ocr_carea' id='block_1_103' title="bbox 445 5479 2030 5545">
    <p class='ocr_par' dir='ltr' id='par_1_103' title="bbox 445 5479 2030 5545">
     <span class='ocr_line' id='line_1_103' title="bbox 445 5479 2030 5545; baseline -0.002 -12"><span class='ocrx_word' id='word_1_783' title='bbox 445 5481 660 5534; x_wconf 90' lang='lat' dir='ltr'><strong>mundi.</strong></span> <span class='ocrx_word' id='word_1_784' title='bbox 695 5483 912 5536; x_wconf 86' lang='lat' dir='ltr'><strong>Esurivi</strong></span> <span class='ocrx_word' id='word_1_785' title='bbox 942 5482 1110 5545; x_wconf 89' lang='lat' dir='ltr'><strong>enim,</strong></span> <span class='ocrx_word' id='word_1_786' title='bbox 1135 5487 1192 5534; x_wconf 90' lang='lat' dir='ltr'><strong>et</strong></span> <span class='ocrx_word' id='word_1_787' title='bbox 1214 5480 1445 5533; x_wconf 90' lang='lat' dir='ltr'><strong>dedistis</strong></span> <span class='ocrx_word' id='word_1_788' title='bbox 1474 5479 1610 5532; x_wconf 90' lang='lat' dir='ltr'><strong>mihi</strong></span> <span class='ocrx_word' id='word_1_789' title='bbox 1653 5479 1989 5532; x_wconf 74' lang='lat' dir='ltr'><strong>manducare</strong></span> <span class='ocrx_word' id='word_1_790' title='bbox 2018 5497 2030 5543; x_wconf 91' lang='lat'><strong>;</strong></span> 
     </span>
    </p>
   </div>
   <div class='ocr_carea' id='block_1_104' title="bbox 445 5567 2039 5639">
    <p class='ocr_par' dir='ltr' id='par_1_104' title="bbox 445 5567 2039 5639">
     <span class='ocr_line' id='line_1_104' title="bbox 445 5567 2039 5639; baseline 0.002 -20"><span class='ocrx_word' id='word_1_791' title='bbox 445 5567 922 5634; x_wconf 88' lang='lat' dir='ltr'><strong>sitivi,etdedistis</strong></span> <span class='ocrx_word' id='word_1_792' title='bbox 946 5571 1080 5624; x_wconf 89' lang='lat' dir='ltr'><strong>mihi</strong></span> <span class='ocrx_word' id='word_1_793' title='bbox 1117 5571 1307 5624; x_wconf 90' lang='lat' dir='ltr'><strong>bibere</strong></span> <span class='ocrx_word' id='word_1_794' title='bbox 1331 5569 1561 5639; x_wconf 86' lang='lat' dir='ltr'><strong>;hospes</strong></span> <span class='ocrx_word' id='word_1_795' title='bbox 1583 5583 1757 5633; x_wconf 86' lang='lat' dir='ltr'><strong>cram,</strong></span> <span class='ocrx_word' id='word_1_796' title='bbox 1790 5575 1846 5622; x_wconf 90' lang='lat' dir='ltr'><strong>et</strong></span> <span class='ocrx_word' id='word_1_797' title='bbox 1876 5569 2039 5622; x_wconf 82' lang='lat' dir='ltr'><strong>colle-</strong></span> 
     </span>
    </p>
   </div>
   <div class='ocr_carea' id='block_1_105' title="bbox 441 5656 2040 5730">
    <p class='ocr_par' dir='ltr' id='par_1_105' title="bbox 441 5656 2040 5730">
     <span class='ocr_line' id='line_1_105' title="bbox 441 5656 2040 5730; baseline 0.002 -22"><span class='ocrx_word' id='word_1_798' title='bbox 441 5656 604 5724; x_wconf 88' lang='lat' dir='ltr'><strong>gistis</strong></span> <span class='ocrx_word' id='word_1_799' title='bbox 641 5675 752 5723; x_wconf 82' lang='lat' dir='ltr'><strong>me;</strong></span> <span class='ocrx_word' id='word_1_800' title='bbox 772 5659 979 5724; x_wconf 89' lang='lat' dir='ltr'><strong>nudus,</strong></span> <span class='ocrx_word' id='word_1_801' title='bbox 1005 5665 1064 5714; x_wconf 91' lang='lat' dir='ltr'><strong>et</strong></span> <span class='ocrx_word' id='word_1_802' title='bbox 1088 5657 1456 5730; x_wconf 79' lang='lat' dir='ltr'><strong>coaperuistis</strong></span> <span class='ocrx_word' id='word_1_803' title='bbox 1483 5674 1573 5712; x_wconf 89' lang='lat' dir='ltr'><strong>me</strong></span> <span class='ocrx_word' id='word_1_804' title='bbox 1606 5676 1618 5724; x_wconf 87' lang='lat'><strong>;</strong></span> <span class='ocrx_word' id='word_1_805' title='bbox 1665 5658 1940 5722; x_wconf 75' lang='lat' dir='ltr'><strong>infirmus,</strong></span> <span class='ocrx_word' id='word_1_806' title='bbox 1983 5665 2040 5711; x_wconf 88' lang='lat' dir='ltr'><strong>et</strong></span> 
     </span>
    </p>
   </div>
   <div class='ocr_carea' id='block_1_106' title="bbox 2122 4593 3716 4666">
    <p class='ocr_par' dir='ltr' id='par_1_106' title="bbox 2122 4593 3716 4666">
     <span class='ocr_line' id='line_1_106' title="bbox 2122 4593 3716 4666; baseline 0.001 -18"><span class='ocrx_word' id='word_1_807' title='bbox 2122 4593 2260 4648; x_wconf 86' lang='lat' dir='ltr'><strong>dixit</strong></span> <span class='ocrx_word' id='word_1_808' title='bbox 2290 4611 2382 4647; x_wconf 85' lang='lat' dir='ltr'><strong>rex</strong></span> <span class='ocrx_word' id='word_1_809' title='bbox 2413 4593 2686 4662; x_wconf 83' lang='lat' dir='ltr'><strong>ministris</strong></span> <span class='ocrx_word' id='word_1_810' title='bbox 2708 4613 2719 4647; x_wconf 94' lang='lat'><strong>:</strong></span> <span class='ocrx_word' id='word_1_811' title='bbox 2739 4595 2952 4663; x_wconf 80' lang='lat' dir='ltr'><strong>Ligatis</strong></span> <span class='ocrx_word' id='word_1_812' title='bbox 2976 4595 3209 4666; x_wconf 90' lang='lat' dir='ltr'><strong>pedibus</strong></span> <span class='ocrx_word' id='word_1_813' title='bbox 3230 4612 3294 4649; x_wconf 90' lang='lat' dir='ltr'><strong>ac</strong></span> <span class='ocrx_word' id='word_1_814' title='bbox 3317 4595 3574 4650; x_wconf 88' lang='lat' dir='ltr'><strong>manibus</strong></span> <span class='ocrx_word' id='word_1_815' title='bbox 3589 4598 3716 4666; x_wconf 90' lang='lat' dir='ltr'><strong>ejus</strong></span> 
     </span>
    </p>
   </div>
   <div class='ocr_carea' id='block_1_107' title="bbox 2122 4683 3718 4746">
    <p class='ocr_par' dir='ltr' id='par_1_107' title="bbox 2122 4683 3718 4746">
     <span class='ocr_line' id='line_1_107' title="bbox 2122 4683 3718 4746; baseline 0.002 -11"><span class='ocrx_word' id='word_1_816' title='bbox 2122 4683 2300 4736; x_wconf 90' lang='lat' dir='ltr'><strong>tollite</strong></span> <span class='ocrx_word' id='word_1_817' title='bbox 2329 4699 2477 4746; x_wconf 92' lang='lat' dir='ltr'><strong>eum,</strong></span> <span class='ocrx_word' id='word_1_818' title='bbox 2511 4689 2569 4736; x_wconf 90' lang='lat' dir='ltr'><strong>et</strong></span> <span class='ocrx_word' id='word_1_819' title='bbox 2588 4683 2795 4736; x_wconf 89' lang='lat' dir='ltr'><strong>mittite</strong></span> <span class='ocrx_word' id='word_1_820' title='bbox 2823 4683 2880 4736; x_wconf 95' lang='lat' dir='ltr'><strong>in</strong></span> <span class='ocrx_word' id='word_1_821' title='bbox 2908 4683 3171 4738; x_wconf 88' lang='lat' dir='ltr'><strong>tenebras</strong></span> <span class='ocrx_word' id='word_1_822' title='bbox 3217 4684 3539 4738; x_wconf 84' lang='lat' dir='ltr'><strong>exteriores.</strong></span> <span class='ocrx_word' id='word_1_823' title='bbox 3599 4685 3718 4739; x_wconf 93' lang='lat' dir='ltr'><strong>Illic</strong></span> 
     </span>
    </p>
   </div>
   <div class='ocr_carea' id='block_1_108' title="bbox 2122 4771 3717 4844">
    <p class='ocr_par' dir='ltr' id='par_1_108' title="bbox 2122 4771 3717 4844">
     <span class='ocr_line' id='line_1_108' title="bbox 2122 4771 3717 4844; baseline 0.003 -21"><span class='ocrx_word' id='word_1_824' title='bbox 2122 4771 2230 4824; x_wconf 90' lang='lat' dir='ltr'><strong>erit</strong></span> <span class='ocrx_word' id='word_1_825' title='bbox 2260 4772 2422 4824; x_wconf 82' lang='lat' dir='ltr'><strong>fletus</strong></span> <span class='ocrx_word' id='word_1_826' title='bbox 2454 4776 2512 4824; x_wconf 90' lang='lat' dir='ltr'><strong>et</strong></span> <span class='ocrx_word' id='word_1_827' title='bbox 2539 4771 3026 4825; x_wconf 85' lang='lat' dir='ltr'><strong>stridordentium.</strong></span> <span class='ocrx_word' id='word_1_828' title='bbox 3057 4773 3165 4826; x_wconf 92' lang='lat' dir='ltr'><strong>Per</strong></span> <span class='ocrx_word' id='word_1_829' title='bbox 3183 4773 3284 4826; x_wconf 92' lang='lat' dir='ltr'><strong>hos</strong></span> <span class='ocrx_word' id='word_1_830' title='bbox 3309 4789 3474 4844; x_wconf 92' lang='lat' dir='ltr'><strong>porro</strong></span> <span class='ocrx_word' id='word_1_831' title='bbox 3497 4774 3594 4844; x_wconf 90' lang='lat' dir='ltr'><strong>qui</strong></span> <span class='ocrx_word' id='word_1_832' title='bbox 3616 4791 3717 4828; x_wconf 91' lang='lat' dir='ltr'><strong>nu-</strong></span> 
     </span>
    </p>
   </div>
   <div class='ocr_carea' id='block_1_109' title="bbox 2122 4859 3719 4932">
    <p class='ocr_par' dir='ltr' id='par_1_109' title="bbox 2122 4859 3719 4932">
     <span class='ocr_line' id='line_1_109' title="bbox 2122 4859 3719 4932; baseline 0.003 -20"><span class='ocrx_word' id='word_1_833' title='bbox 2122 4859 2255 4930; x_wconf 91' lang='lat' dir='ltr'><strong>ptiis</strong></span> <span class='ocrx_word' id='word_1_834' title='bbox 2283 4859 2552 4914; x_wconf 90' lang='lat' dir='ltr'><strong>interesse</strong></span> <span class='ocrx_word' id='word_1_835' title='bbox 2581 4867 2929 4925; x_wconf 87' lang='lat' dir='ltr'><strong>recusarunt,</strong></span> <span class='ocrx_word' id='word_1_836' title='bbox 2962 4877 3063 4915; x_wconf 90' lang='lat' dir='ltr'><strong>nec</strong></span> <span class='ocrx_word' id='word_1_837' title='bbox 3091 4860 3143 4914; x_wconf 92' lang='lat' dir='ltr'><strong>ei</strong></span> <span class='ocrx_word' id='word_1_838' title='bbox 3173 4877 3208 4914; x_wconf 88' lang='lat' dir='ltr'><strong>a</strong></span> <span class='ocrx_word' id='word_1_839' title='bbox 3237 4878 3345 4932; x_wconf 88' lang='lat' dir='ltr'><strong>quo</strong></span> <span class='ocrx_word' id='word_1_840' title='bbox 3377 4861 3719 4916; x_wconf 73' lang='lat' dir='ltr'><strong>vocabantur</strong></span> 
     </span>
    </p>
   </div>
   <div class='ocr_carea' id='block_1_110' title="bbox 2121 4949 3714 5022">
    <p class='ocr_par' dir='ltr' id='par_1_110' title="bbox 2121 4949 3714 5022">
     <span class='ocr_line' id='line_1_110' title="bbox 2121 4949 3714 5022; baseline 0.003 -21"><span class='ocrx_word' id='word_1_841' title='bbox 2121 4949 2236 5001; x_wconf 90' lang='lat' dir='ltr'><strong>ullo</strong></span> <span class='ocrx_word' id='word_1_842' title='bbox 2263 4949 2424 5002; x_wconf 91' lang='lat' dir='ltr'><strong>modo</strong></span> <span class='ocrx_word' id='word_1_843' title='bbox 2444 4965 2657 5002; x_wconf 91' lang='lat' dir='ltr'><strong>morem</strong></span> <span class='ocrx_word' id='word_1_844' title='bbox 2687 4955 3000 5018; x_wconf 89' lang='lat' dir='ltr'><strong>gesserunt,</strong></span> <span class='ocrx_word' id='word_1_845' title='bbox 3018 4949 3502 5020; x_wconf 84' lang='lat' dir='ltr'><strong>illisigniﬁcantur</strong></span> <span class='ocrx_word' id='word_1_846' title='bbox 3528 4951 3625 5022; x_wconf 91' lang='lat' dir='ltr'><strong>qui</strong></span> <span class='ocrx_word' id='word_1_847' title='bbox 3646 4951 3714 5005; x_wconf 90' lang='lat' dir='ltr'><strong>ad</strong></span> 
     </span>
    </p>
   </div>
   <div class='ocr_carea' id='block_1_111' title="bbox 2123 5037 3717 5104">
    <p class='ocr_par' dir='ltr' id='par_1_111' title="bbox 2123 5037 3717 5104">
     <span class='ocr_line' id='line_1_111' title="bbox 2123 5037 3717 5104; baseline 0.002 -13"><span class='ocrx_word' id='word_1_848' title='bbox 2123 5037 2328 5091; x_wconf 89' lang='lat' dir='ltr'><strong>Christi</strong></span> <span class='ocrx_word' id='word_1_849' title='bbox 2357 5038 2526 5090; x_wconf 85' lang='lat' dir='ltr'><strong>tidem</strong></span> <span class='ocrx_word' id='word_1_850' title='bbox 2547 5038 2777 5091; x_wconf 90' lang='lat' dir='ltr'><strong>minime</strong></span> <span class='ocrx_word' id='word_1_851' title='bbox 2791 5043 3172 5104; x_wconf 89' lang='lat' dir='ltr'><strong>accurrerunt,</strong></span> <span class='ocrx_word' id='word_1_852' title='bbox 3195 5055 3389 5093; x_wconf 90' lang='lat' dir='ltr'><strong>verum</strong></span> <span class='ocrx_word' id='word_1_853' title='bbox 3402 5044 3502 5093; x_wconf 90' lang='lat' dir='ltr'><strong>aut</strong></span> <span class='ocrx_word' id='word_1_854' title='bbox 3523 5039 3583 5094; x_wconf 88' lang='lat' dir='ltr'><strong>in</strong></span> <span class='ocrx_word' id='word_1_855' title='bbox 3603 5040 3717 5094; x_wconf 93' lang='lat' dir='ltr'><strong>ido-</strong></span> 
     </span>
    </p>
   </div>
   <div class='ocr_carea' id='block_1_112' title="bbox 2122 5125 3710 5198">
    <p class='ocr_par' dir='ltr' id='par_1_112' title="bbox 2122 5125 3710 5198">
     <span class='ocr_line' id='line_1_112' title="bbox 2122 5125 3710 5198; baseline 0.003 -20"><span class='ocrx_word' id='word_1_856' title='bbox 2122 5125 2304 5179; x_wconf 90' lang='lat' dir='ltr'><strong>lorum</strong></span> <span class='ocrx_word' id='word_1_857' title='bbox 2334 5127 2508 5191; x_wconf 92' lang='lat' dir='ltr'><strong>cultu,</strong></span> <span class='ocrx_word' id='word_1_858' title='bbox 2540 5132 2642 5180; x_wconf 90' lang='lat' dir='ltr'><strong>aut</strong></span> <span class='ocrx_word' id='word_1_859' title='bbox 2671 5127 2726 5180; x_wconf 93' lang='lat' dir='ltr'><strong>in</strong></span> <span class='ocrx_word' id='word_1_860' title='bbox 2749 5127 2938 5198; x_wconf 84' lang='lat' dir='ltr'><strong>aliqua</strong></span> <span class='ocrx_word' id='word_1_861' title='bbox 2961 5127 3156 5181; x_wconf 83' lang='lat' dir='ltr'><strong>haeresi</strong></span> <span class='ocrx_word' id='word_1_862' title='bbox 3187 5128 3575 5198; x_wconf 90' lang='lat' dir='ltr'><strong>perstiterunt.</strong></span> <span class='ocrx_word' id='word_1_863' title='bbox 3603 5129 3710 5183; x_wconf 90' lang='lat' dir='ltr'><strong>Per</strong></span> 
     </span>
    </p>
   </div>
   <div class='ocr_carea' id='block_1_113' title="bbox 2123 5215 3716 5286">
    <p class='ocr_par' dir='ltr' id='par_1_113' title="bbox 2123 5215 3716 5286">
     <span class='ocr_line' id='line_1_113' title="bbox 2123 5215 3716 5286; baseline 0.004 -20"><span class='ocrx_word' id='word_1_864' title='bbox 2123 5231 2251 5267; x_wconf 91' lang='lat' dir='ltr'><strong>eum</strong></span> <span class='ocrx_word' id='word_1_865' title='bbox 2280 5221 2468 5269; x_wconf 90' lang='lat' dir='ltr'><strong>autem</strong></span> <span class='ocrx_word' id='word_1_866' title='bbox 2491 5215 2586 5286; x_wconf 94' lang='lat' dir='ltr'><strong>qui</strong></span> <span class='ocrx_word' id='word_1_867' title='bbox 2611 5223 2762 5270; x_wconf 89' lang='lat' dir='ltr'><strong>veste</strong></span> <span class='ocrx_word' id='word_1_868' title='bbox 2784 5217 2995 5286; x_wconf 90' lang='lat' dir='ltr'><strong>nuptiis</strong></span> <span class='ocrx_word' id='word_1_869' title='bbox 3007 5221 3383 5270; x_wconf 90' lang='lat' dir='ltr'><strong>consentanea</strong></span> <span class='ocrx_word' id='word_1_870' title='bbox 3403 5217 3651 5282; x_wconf 88' lang='lat' dir='ltr'><strong>carebat,</strong></span> <span class='ocrx_word' id='word_1_871' title='bbox 3669 5218 3716 5272; x_wconf 91' lang='lat' dir='ltr'><strong>is</strong></span> 
     </span>
    </p>
   </div>
   <div class='ocr_carea' id='block_1_114' title="bbox 2119 5303 3711 5378">
    <p class='ocr_par' dir='ltr' id='par_1_114' title="bbox 2119 5303 3711 5378">
     <span class='ocr_line' id='line_1_114' title="bbox 2119 5303 3711 5378; baseline 0.004 -24"><span class='ocrx_word' id='word_1_872' title='bbox 2119 5303 2345 5356; x_wconf 88' lang='lat' dir='ltr'><strong>demum</strong></span> <span class='ocrx_word' id='word_1_873' title='bbox 2374 5303 2728 5374; x_wconf 88' lang='lat' dir='ltr'><strong>intelligitur,</strong></span> <span class='ocrx_word' id='word_1_874' title='bbox 2769 5305 2864 5376; x_wconf 93' lang='lat' dir='ltr'><strong>qui</strong></span> <span class='ocrx_word' id='word_1_875' title='bbox 2898 5305 3006 5358; x_wconf 84' lang='lat' dir='ltr'><strong>ﬁde</strong></span> <span class='ocrx_word' id='word_1_876' title='bbox 3038 5305 3263 5378; x_wconf 65' lang='lat' dir='ltr'><strong>quidem</strong></span> <span class='ocrx_word' id='word_1_877' title='bbox 3291 5306 3557 5376; x_wconf 88' lang='lat' dir='ltr'><strong>praditus</strong></span> <span class='ocrx_word' id='word_1_878' title='bbox 3585 5307 3711 5372; x_wconf 90' lang='lat' dir='ltr'><strong>fuit,</strong></span> 
     </span>
    </p>
   </div>
   <div class='ocr_carea' id='block_1_115' title="bbox 2119 5393 3716 5466">
    <p class='ocr_par' dir='ltr' id='par_1_115' title="bbox 2119 5393 3716 5466">
     <span class='ocr_line' id='line_1_115' title="bbox 2119 5393 3716 5466; baseline 0.002 -21"><span class='ocrx_word' id='word_1_879' title='bbox 2119 5398 2376 5445; x_wconf 84' lang='lat' dir='ltr'><strong>caterum</strong></span> <span class='ocrx_word' id='word_1_880' title='bbox 2392 5393 2739 5462; x_wconf 87' lang='lat' dir='ltr'><strong>spiritualem</strong></span> <span class='ocrx_word' id='word_1_881' title='bbox 2755 5401 2963 5448; x_wconf 92' lang='lat' dir='ltr'><strong>vestem</strong></span> <span class='ocrx_word' id='word_1_882' title='bbox 2977 5394 3052 5448; x_wconf 92' lang='lat' dir='ltr'><strong>im</strong></span> <span class='ocrx_word' id='word_1_883' title='bbox 3059 5394 3445 5464; x_wconf 84' lang='lat' dir='ltr'><strong>purisﬂagitiis</strong></span> <span class='ocrx_word' id='word_1_884' title='bbox 3455 5411 3716 5466; x_wconf 85' lang='lat' dir='ltr'><strong>conspur-</strong></span> 
     </span>
    </p>
   </div>
   <div class='ocr_carea' id='block_1_116' title="bbox 2118 5481 3704 5554">
    <p class='ocr_par' dir='ltr' id='par_1_116' title="bbox 2118 5481 3704 5554">
     <span class='ocr_line' id='line_1_116' title="bbox 2118 5481 3704 5554; baseline 0.003 -22"><span class='ocrx_word' id='word_1_885' title='bbox 2118 5481 2280 5543; x_wconf 83' lang='lat' dir='ltr'><strong>cavit,</strong></span> <span class='ocrx_word' id='word_1_886' title='bbox 2297 5481 2606 5552; x_wconf 89' lang='lat' dir='ltr'><strong>meritoque</strong></span> <span class='ocrx_word' id='word_1_887' title='bbox 2632 5483 2863 5553; x_wconf 89' lang='lat' dir='ltr'><strong>proinde</strong></span> <span class='ocrx_word' id='word_1_888' title='bbox 2893 5499 2928 5536; x_wconf 89' lang='lat' dir='ltr'><strong>a</strong></span> <span class='ocrx_word' id='word_1_889' title='bbox 2957 5483 3224 5554; x_wconf 88' lang='lat' dir='ltr'><strong>nuptialis</strong></span> <span class='ocrx_word' id='word_1_890' title='bbox 3255 5483 3486 5536; x_wconf 86' lang='lat' dir='ltr'><strong>thalami</strong></span> <span class='ocrx_word' id='word_1_891' title='bbox 3507 5484 3704 5538; x_wconf 83' lang='lat' dir='ltr'><strong>latitia</strong></span> 
     </span>
    </p>
   </div>
   <div class='ocr_carea' id='block_1_117' title="bbox 2120 5568 2544 5623">
    <p class='ocr_par' dir='ltr' id='par_1_117' title="bbox 2120 5568 2544 5623">
     <span class='ocr_line' id='line_1_117' title="bbox 2120 5568 2544 5623; baseline 0 -1"><span class='ocrx_word' id='word_1_892' title='bbox 2120 5568 2412 5623; x_wconf 91' lang='lat' dir='ltr'><strong>submotus</strong></span> <span class='ocrx_word' id='word_1_893' title='bbox 2442 5575 2544 5623; x_wconf 90' lang='lat' dir='ltr'><strong>est.</strong></span> 
     </span>
    </p>
   </div>
   <div class='ocr_carea' id='block_1_118' title="bbox 2193 5657 3712 5732">
    <p class='ocr_par' dir='ltr' id='par_1_118' title="bbox 2193 5657 3712 5732">
     <span class='ocr_line' id='line_1_118' title="bbox 2193 5657 3712 5732; baseline 0.001 -20"><span class='ocrx_word' id='word_1_894' title='bbox 2193 5657 2340 5722; x_wconf 88' lang='lat' dir='ltr'><strong>Quin</strong></span> <span class='ocrx_word' id='word_1_895' title='bbox 2378 5659 2547 5712; x_wconf 89' lang='lat' dir='ltr'><strong>aliam</strong></span> <span class='ocrx_word' id='word_1_896' title='bbox 2579 5676 2800 5730; x_wconf 90' lang='lat' dir='ltr'><strong>quoque</strong></span> <span class='ocrx_word' id='word_1_897' title='bbox 2825 5660 3145 5731; x_wconf 88' lang='lat' dir='ltr'><strong>hujusmodi</strong></span> <span class='ocrx_word' id='word_1_898' title='bbox 3167 5659 3490 5732; x_wconf 86' lang='lat' dir='ltr'><strong>parabolam</strong></span> <span class='ocrx_word' id='word_1_899' title='bbox 3515 5661 3712 5716; x_wconf 90' lang='lat' dir='ltr'><strong>eodem</strong></span> 
     </span>
    </p>
   </div>
  </div>
