3878 6392
79 420 184 478 477

516 422 688 477 VITA
726 420 1121 476 SANTORUM
1157 421 1505 476 BARLAAM
1541 421 1880 476 EREMITIE
1920 422 2008 478 ET
2045 423 2413 478 JOSAI’HAT
2452 424 2675 479 I.\'DIA£
2714 425 2949 479 REGIS.

3259 418 3367 478 478

77 546 456 617 pertinentem
486 546 694 611 attulit,
728 544 1026 617 propositis
1041 544 1309 599 nimirum
1332 546 1523 600 decem
1556 547 1736 617 qui-A
1759 553 2068 617 peccatum.
2099 549 2194 603 Va
2218 549 2316 620 qui
2345 549 2530 604 dicitis
2559 550 2772 603 malum
2800 550 3032 615 bonum,
3075 553 3352 619 ponentes

80 636 321 690 busdam
335 635 665 706 virginibus,
675 650 912 705 quarum
927 633 1171 704 quinque
1184 634 1487 704 prudentes
1501 642 1680 700 erant,

81 730 135 778 et
168 725 423 795 quinque
446 725 615 778 fatuae
648 725 862 789 (Matth.
896 726 1042 792 xxv).
1071 723 1206 786 Qua
1237 724 1462 794 quidem
1494 723 1679 787 fatua,

80 814 325 884 acceptis
346 812 700 885 lampadibus
722 812 855 877 suis,
884 828 995 866 non
1014 817 1374 883 sumpserunt
1392 813 1577 866 oleum
1603 829 1684 866 se-

80 919 228 967 cum,
255 903 564 973 prudentes
583 906 771 956 autem
802 908 1183 972 sumpserunt.
1209 902 1327 955 Hoc
1355 907 1543 955 autem
1565 903 1684 955 loco

79 1009 180 1062 per
202 992 392 1045 oleum
417 991 717 1063 probarum
734 991 1016 1044 actionum
1043 990 1449 1061 possessionem
1466 991 1684 1061 signiﬁ-

80 1080 247 1133 cavit.

150 1168 341 1222 Media
368 1173 556 1222 autem
576 1172 758 1232 nocte,
776 1167 977 1237 inquit,
1001 1168 1212 1221 clamor
1230 1166 1408 1221 factus
1424 1172 1524 1221 est:
1547 1168 1684 1222 Ecce

81 1274 325 1328 sponsus
361 1257 532 1323 venit,
563 1257 707 1311 exite
736 1255 956 1310 obviam
987 1256 1057 1309 ei.
1105 1257 1276 1310 Porro
1315 1274 1415 1328 per
1441 1257 1684 1311 mediam

75 1346 423 1400 noctemdiei
445 1346 595 1399 illius
616 1345 1072 1399 incertitudinem
1093 1345 1538 1400 indicavit.Tunc
1556 1362 1683 1399 sur-

81 1441 353 1489 rexerunt
375 1451 572 1489 omnes
603 1434 847 1505 virgines
876 1434 1003 1501 illa;
1032 1441 1089 1488 et
1116 1451 1239 1504 qua
1263 1441 1473 1505 parata
1502 1442 1681 1501 erant,

85 1525 346 1579 exierunt
375 1524 594 1578 obviam
615 1540 838 1594 sponso,
873 1529 930 1577 et
965 1522 1322 1578 intraverunt
1361 1540 1488 1577 cum
1521 1541 1586 1578 eo
1614 1524 1685 1577 ad

81 1614 329 1684 nuptias,
374 1620 429 1666 et
456 1613 645 1666 clausa
673 1618 759 1666 est
781 1614 976 1683 janua.
1012 1612 1146 1676 Qua
1175 1619 1365 1666 autem
1398 1613 1687 1683 imparata

82 1708 245 1757 erant
262 1705 426 1772 (quas
454 1702 624 1755 etiam
646 1702 849 1755 idcirco
880 1718 991 1755 non
1008 1701 1107 1755 abs
1139 1719 1200 1755 re
1221 1702 1421 1755 stultas
1446 1702 1689 1772 appella-

83 1793 199 1859 vit),
232 1808 362 1845 cum
395 1792 682 1861 lampades
706 1807 837 1844 suas
868 1790 1144 1860 exstingui
1176 1790 1574 1861 perspicerent,
1616 1791 1686 1844 ad

1768 653 2024 692 amarum
2054 639 2113 692 in
2142 639 2319 704 dulce,
2356 645 2412 692 et
2430 640 2589 693 dulce
2618 640 2676 692 in
2706 656 2981 693 amarum.
3013 638 3109 692 Va
3137 637 3233 707 qui
3261 653 3364 707 po-

1766 731 1950 779 tentes
1970 727 2105 780 estis
2125 729 2193 781 ad
2216 727 2516 784 bibendum
2543 730 2755 794 vinum,
2782 734 2838 783 et
2849 728 2950 782 viri
2970 729 3143 782 fortes
3163 727 3233 781 ad
3256 726 3363 780 mi-

1767 816 2029 869 scendam
2048 816 2398 870 ebrietatem.
2415 817 2521 882 Qui
2536 818 2858 888 justificatis
2880 817 3116 887 impium
3134 832 3235 888 pro
3248 831 3367 869 mu-

1766 904 2013 969 neribus,
2050 909 2106 958 et
2116 906 2398 975 justitiam
2428 912 2617 973 ma
2631 907 2771 977 justi
2794 905 3025 961 aufertis
3044 906 3114 959 ab
3136 922 3220 958 eo.
3255 903 3363 968 Qui

1765 992 2074 1063 declinatisj
2084 994 2325 1048 udicium
2334 1012 2583 1065 pauperu
2592 996 2977 1066 m,etdiripitis
2992 994 3365 1048 substantiam

1768 1098 2093 1152 egenorum,
2118 1088 2183 1136 ut
2203 1083 2249 1136 si
2279 1084 2433 1137 vobis
2462 1085 2746 1155 orphanus
2768 1085 2824 1138 in
2853 1084 3117 1155 pradam.
3146 1084 3214 1136 Et
3232 1082 3366 1153 quid

1767 1171 1981 1224 facietis
2001 1172 2058 1224 in
2080 1171 2168 1225 die
2194 1172 2552 1226 visitationis?
2578 1180 2634 1227 et
2662 1174 2729 1227 ad
2753 1190 2923 1243 quem
2952 1172 3284 1243 confugietis
3306 1172 3364 1225 in

1767 1260 2062 1314 auxilium?
2082 1268 2138 1315 et
2152 1260 2245 1314 ubi
2270 1262 2671 1332 derelinquetis
2691 1262 2930 1332 gloriam
2946 1267 3285 1326 vestram,ne
3305 1260 3365 1313 in

1768 1350 2143 1404 visitationem
2177 1350 2472 1403 incidatis?
2514 1352 2750 1421 Propter
2797 1352 2919 1415 hoc,
2964 1351 3108 1403 sicut
3139 1350 3369 1403 devorat

1770 1438 2034 1508 stipulam
2057 1438 2250 1508 lingua
2279 1438 2444 1508 ignis,
2493 1444 2550 1492 et
2577 1440 2730 1493 calor
2758 1441 2997 1493 flamma
3028 1437 3213 1491 exurit
3244 1481 3255 1501 ,
3288 1436 3369 1490 sic

1769 1526 1925 1579 radix
1956 1543 2152 1581 eorum
2177 1527 2334 1597 quasi
2362 1527 2551 1581 favilla
2575 1528 2701 1593 erit,
2737 1534 2793 1581 et
2821 1543 3055 1597 germen
3076 1542 3272 1580 eorum
3301 1530 3367 1579 ut

1771 1615 1973 1685 pulvis.
2007 1614 2349 1685 Abjecerunt
2369 1616 2519 1669 enim
2545 1617 2725 1685 legem
2747 1616 2973 1671 Domini
2997 1615 3362 1677 exercituum,

1770 1710 1827 1758 et
1852 1704 2135 1774 eloquium
2167 1705 2345 1758 sancti
2377 1706 2551 1759 Israel
2582 1705 3114 1776 blasphemaverunt
3140 1706 3270 1770 (13a.
3292 1704 3365 1771 v).

1843 1793 2048 1846 Eodem
2071 1793 2303 1857 accedit,
2335 1794 2480 1864 quod
2505 1794 2585 1848 ait
2607 1794 2751 1848 alius
2773 1794 3064 1864 propheta:
3098 1794 3264 1847 Juxta
3282 1797 3370 1846 est

82 1882 269 1934 oleum
300 1880 605 1934 emendum
638 1896 758 1933 sese
781 1880 1160 1934 contulerunt.
1184 1881 1516 1949 Posteaque,
1539 1880 1687 1932 clau-
1703 1905 1751 1964 B
1769 1881 1887 1935 dies
1905 1882 2129 1935 Domini
2162 1899 2367 1952 magna
2389 1888 2443 1936 et
2476 1884 2628 1936 velox
2650 1883 2836 1936 nimis.
2869 1884 2980 1935 Vos
2999 1881 3111 1935 diei
3141 1880 3366 1935 Domini

82 1970 157 2023 sis
163 1972 284 2040 jam
299 1969 533 2034 foribus,
553 1969 898 2033 accedentes,
919 1968 1258 2031 clamabant,
1284 1969 1549 2022 dicentes:
1572 1969 1676 2021 Do-

84 2059 256 2121 mine,
280 2058 538 2123 Domine,
563 2057 716 2128 aperi
745 2058 923 2112 nobis.
960 2059 1083 2128 Ipse
1102 2064 1289 2111 autem
1316 2058 1680 2128 respondens,

82 2148 225 2201 dixit
254 2147 355 2201 eis:
391 2149 571 2201 Amen
602 2147 726 2200 dico
743 2146 916 2212 vobis,
950 2148 1139 2200 nescio
1156 2163 1269 2200 vos.
1305 2147 1382 2200 Ex
1404 2146 1490 2199 his
1510 2147 1687 2199 omni-

85 2236 186 2290 bus
199 2237 491 2307 perspicue
503 2241 736 2301 constat,
745 2236 760 2288 i
769 2235 1015 2306 mprobis
1028 2235 1357 2299 actionibus,
1367 2242 1535 2305 atque
1545 2236 1685 2289 adeo

84 2325 713 2395 sermonibus,ipsisque
725 2324 893 2378 etiam
914 2324 1366 2395 cogitationibus,
1387 2341 1547 2378 suam
1563 2341 1684 2377 esse

84 2415 404 2469 mercedem
424 2415 807 2467 constitutam.

155 2503 309 2557 Dixit
328 2502 480 2555 enim
512 2503 800 2556 Salvator:
836 2501 971 2556 Dico
998 2501 1174 2565 vobis,
1206 2502 1354 2572 quod
1382 2518 1547 2555 omne
1569 2517 1686 2554 ver-

88 2592 220 2645 bum
234 2592 481 2645 otiosum
501 2591 651 2661 quod
669 2592 839 2645 locuti
855 2591 1066 2645 fuerint
1079 2591 1598 2656 homines,reddent
1616 2590 1685 2644 de

89 2698 154 2735 eo
185 2680 465 2734 rationem
501 2680 555 2734 in
584 2680 674 2733 die
698 2680 896 2749 judicii
930 2682 1143 2745 (ΜαιιΙι.
1170 2686 1283 2745 xu).
1318 2682 1397 2733 Ac
1427 2696 1682 2733 rursum:

90 2770 278 2824 Vestri
309 2786 441 2823 vero
481 2776 538 2823 et
579 2770 763 2840 capilli
790 2770 990 2839 capitis
1019 2786 1213 2823 omnes
1245 2769 1526 2823 numerati
1554 2773 1688 2822 sunt

89 2860 305 2927 (Matth.
339 2863 412 2927 Χ).
447 2858 569 2922 Quo
599 2859 807 2913 scilicet
834 2859 954 2912 loco
988 2876 1089 2929 per
1112 2859 1341 2929 capillos
1373 2858 1686 2912 minutissi-

86 2966 209 3003 mas
264 2949 438 3002 etiam
488 2947 961 3002 considerationes
1001 2947 1287 3017 animique
1324 2932 1689 3017 cogitationes

90 3037 449 3107 signiﬁcavit.
492 3037 880 3091 Conscntanea
905 3042 1096 3091 autem
1124 3037 1211 3090 his
1234 3053 1453 3107 quoque
1492 3035 1689 3089 beatus

89 3127 302 3181 Paulus
330 3126 537 3180 tradit:
573 3126 741 3180 Vivus
771 3132 873 3192 est,
895 3125 1097 3196 inquit,
1118 3143 1302 3179 sermo
1329 3125 1450 3192 Dei,
1483 3131 1541 3179 et
1567 3125 1688 3179 effi-

1766 1988 1980 2033 amara,
2017 1970 2381 2025 tribulabitur
2394 1972 2573 2025 fortis.
2596 1972 2725 2025 Dies
2748 1972 2845 2025 ira:
2862 1972 2981 2024 dies
2996 1972 3109 2033 illa,
3129 1970 3248 2023 dies
3267 1969 3367 2024 tri-

1766 2058 2070 2113 bulationis
2094 2066 2150 2113 et
2176 2061 2468 2129 angustia,
2492 2061 2610 2114 dies
2649 2059 2985 2113 calamitatis
3015 2065 3073 2112 et
3102 2059 3358 2122 miseria,

1766 2148 1885 2202 dies
1905 2148 2265 2203 tenebrarum
2283 2156 2341 2202 et
2360 2149 2633 2219 caliginis,
2655 2150 2773 2203 dies
2790 2149 3004 2202 nebula
3026 2154 3082 2202 et
3096 2147 3357 2214 turbinis,

1767 2237 1885 2291 dies
1899 2237 2046 2291 tuba
2074 2243 2131 2291 et
2146 2238 2423 2307 clangoris
2444 2255 2613 2309 super
2628 2239 2880 2292 civitates
2904 2237 3173 2301 munitas,
3193 2242 3250 2290 et
3267 2252 3363 2289 su-

1767 2343 1867 2396 per
1884 2327 2122 2396 angulos
2154 2329 2415 2381 excelsos.
2444 2329 2511 2382 Et
2532 2328 2811 2381 tribulabo
2842 2327 3137 2396 malignos,
3156 2331 3213 2379 et
3240 2342 3364 2379 am-

1766 2414 2041 2469 bulabunt
2060 2416 2208 2477 caci,
2232 2417 2364 2486 quia
2385 2417 2624 2471 Domino
2638 2421 3021 2487 peccaverunt;
3046 2426 3104 2468 et
3122 2414 3366 2468 effunde-

1768 2510 1862 2558 tur
1875 2505 2111 2574 sanguis
2128 2521 2321 2559 eorum
2337 2505 2481 2559 sicut
2496 2506 2785 2567 humus,et
2795 2520 2996 2575 corpus
3009 2519 3206 2557 eorum
3220 2503 3366 2556 sicut

1768 2599 2033 2647 stercora.
2056 2594 2160 2647 Sed
2192 2600 2248 2647 et
2277 2600 2574 2662 argentum
2612 2610 2828 2655 eorum,
2851 2599 2909 2647 et
2927 2608 3129 2646 aurum
3169 2606 3364 2645 eorum

1768 2700 1879 2736 non
1899 2683 2359 2753 poteritliberare
2381 2700 2475 2736 eos
2492 2683 2547 2736 in
2570 2683 2661 2735 die
2681 2682 2886 2736 furoris
2905 2681 3366 2748 Domini.Inigne

1770 2772 1873 2825 zeli
1894 2773 2016 2841 ejus
2050 2772 2407 2825 devorabitur
2428 2772 2611 2825 omnis
2638 2777 2810 2835 terra,
2841 2771 2972 2841 quia
3004 2786 3359 2823 consumma-

1769 2860 1979 2914 tionem
2012 2878 2139 2914 cum
2159 2860 2519 2914 festinatione
2544 2859 2710 2913 faciet
2737 2860 2951 2913 cunctis
2980 2858 3366 2912 habitantibus

1771 2954 1979 3003 terram
2028 2950 2206 3017 (Soph.
2260 2952 2322 3020 Ι).
2355 2951 2592 3019 Insuper
2633 2949 2802 3002 etiam
2835 2948 3010 3003 David
3043 2964 3138 3001 rex
3169 2952 3225 3001 et
3244 2963 3370 3017 pro-

1770 3040 1940 3109 pheta
1952 3040 2023 3092 ad
2037 3039 2187 3093 hunc
2207 3039 2435 3092 modum
2457 3039 2839 3093 clamatzDeus
2854 3037 3147 3091 manifeste
3161 3036 3365 3099 veniet,

1768 3128 1918 3181 Deus
1943 3133 2153 3193 noster,
2189 3133 2245 3181 et
2269 3144 2382 3181 non
2411 3127 2612 3181 silebit.
2648 3127 2799 3197 Ignis
2825 3127 2883 3179 in
2926 3132 3225 3196 conspectu
3246 3126 3370 3193 ejus

87 3233 206 3282 cax,
240 3232 309 3269 ac
328 3215 729 3287 penetrabilior
754 3215 906 3270 omni
922 3215 1108 3286 gladio
1128 3215 1375 3286 ancipiti,
1409 3220 1466 3268 et
1480 3214 1688 3286 pertin-
1709 3228 1751 3285 ο
1769 3218 2107 3280 exardescet,
2142 3222 2198 3270 et
2220 3218 2281 3271 in
2306 3217 2542 3270 circuitu
2564 3218 2687 3286 ejus
2705 3221 3009 3285 tempestas
3024 3214 3225 3267 valida.
3250 3213 3366 3267 Ad-

85 3321 419 3376 gensusque
442 3306 511 3358 ad
526 3304 852 3359 divisionem
873 3304 1070 3358 anima
1085 3310 1141 3359 et
1158 3304 1425 3375 corporis,
1455 3304 1687 3375 spiritus
1770 3306 1989 3359 vocabit
2002 3307 2204 3359 coelum
2232 3307 2547 3368 desursum,
2574 3310 2849 3358 etterram
2865 3304 3180 3357 discernere
3193 3318 3366 3373 popu-

86 3411 316 3465 quoque
357 3400 414 3449 et
442 3410 779 3465 compagum
806 3410 871 3448 ac
901 3394 1297 3459 medullarum,
1330 3399 1387 3447 et
1414 3394 1689 3447 discretor
1772 3396 1887 3449 lum
1914 3412 2078 3449 suum
2094 3396 2265 3465 (Psal.
2297 3396 2467 3465 XLIX).
2500 3396 2581 3448 Ac
2612 3410 2873 3447 rursum:
2898 3393 3171 3460 Exsurge,
3193 3392 3363 3455 Deus,

84 3483 496 3553 cogitationum
526 3483 974 3537 etintentionum
1002 3483 1203 3537 cordis.
1234 3484 1303 3537 Et
1324 3499 1436 3537 non
1467 3488 1553 3537 est
1571 3483 1686 3536 ulla
1768 3484 1973 3555 inquit,
2003 3491 2060 3538 et
2079 3484 2512 3554 judicaterram,
2540 3483 2806 3554 quoniam
2824 3481 3089 3551 cogitatio
3119 3481 3362 3535 hominis

86 3580 355 3626 creatura
384 3572 675 3627 invisibilis
702 3571 762 3626 in
783 3577 1080 3642 conspectu
1112 3574 1253 3641 ejus,
1286 3572 1476 3626 omnia
1495 3578 1686 3625 autem
1770 3573 2127 3627 confitebitur
2155 3573 2503 3640 tibi(Psalm.
2522 3576 2738 3640 1.xxvu).
2766 3574 2846 3625 Ac
2875 3587 3117 3624 rursum:
3135 3571 3218 3624 Tu
3236 3570 3365 3623 red-

87 3663 243 3716 nuda
258 3668 318 3716 et
350 3668 546 3733 aperta
564 3662 775 3715 suntin
801 3662 975 3715 oculis
998 3662 1137 3730 ejus,
1155 3661 1225 3714 ad
1247 3678 1411 3731 quem
1432 3660 1589 3714 nobis
1604 3667 1690 3714 est
1772 3664 1870 3717 des
1908 3663 2211 3733 unicuique
2244 3664 2406 3731 juxta
2446 3678 2616 3732 opera
2662 3678 2783 3713 sua.
2838 3661 3139 3730 Complura
3176 3666 3367 3712 autem

86 3769 277 3806 sermo
302 3753 485 3818 (Hebr.
516 3752 611 3818 IV).
1772 3752 1940 3805 etiam
1972 3752 2082 3806 alia
2109 3751 2454 3821 hujusmodi,
2496 3756 2619 3803 tum
2650 3750 2969 3811 Psalmista,
3002 3754 3122 3801 tum
3164 3764 3361 3800 omnes

158 3842 295 3895 Hac
324 3840 495 3893 etiam
536 3840 822 3911 prophetae
852 3841 1036 3909 longis
1060 3840 1129 3893 ab
1159 3840 1289 3893 hinc
1317 3838 1685 3910 temporibus,
1773 3842 2055 3912 propheta
2085 3840 2271 3894 divino
2291 3839 2503 3910 Spiritu
2525 3839 2725 3901 edocti,
2754 3838 2823 3892 de
2850 3838 3039 3890 futuro
3064 3835 3275 3906 judicio
3304 3852 3369 3888 ac

86 3929 340 4001 Spiritus
368 3929 545 3983 sancti
566 3929 752 3999 gratia
779 3930 1063 3995 illustrati,
1089 3929 1443 3999 apertissime
1462 3928 1689 3982 nuntia-
1774 3931 2029 3985 mercede
2062 3930 2453 4000 praedicarunt.
2488 3928 2739 3992 Quorum
2778 3942 3065 3980 sermones
3113 3925 3367 3978 Salvator

86 4024 311 4073 verunt.
336 4019 434 4072 Ait
453 4019 603 4073 enim
623 4019 828 4072 Isaias:
864 4020 980 4089 Ego
1002 4035 1174 4089 opera
1202 4019 1427 4072 illorum
1458 4018 1603 4082 novi,
1636 4022 1693 4071 et
1774 4036 1995 4090 quoque
2042 4019 2349 4073 certissime
2378 4018 2734 4079 confirmans,
2767 4032 2868 4069 nos
2898 4020 3251 4068 mortuorum
3278 4029 3369 4066 re-

86 4109 328 4162 reddam
356 4107 455 4161 eis.
482 4108 616 4161 Ecce
639 4108 799 4161 venio
831 4113 897 4161 ut
928 4124 1262 4177 congregem
1283 4123 1477 4160 omnes
1494 4111 1691 4176 gentes
1773 4108 2196 4170 surrectionem,
2246 4122 2548 4176 rerumque
2586 4106 2646 4158 in
2687 4105 2801 4158 vita
2828 4108 3115 4174 gestarum
3163 4117 3371 4155 merce-

89 4206 146 4251 et
170 4198 419 4267 linguas;
449 4196 760 4255 etvenient.
792 4202 848 4249 et
862 4196 1130 4251 videbunt
1141 4197 1379 4266 gloriam
1396 4212 1602 4262 meam;
1636 4201 1693 4250 et
1774 4197 1922 4261 dem,
1955 4203 2125 4268 atque
2154 4197 2531 4250 immortalem
2550 4194 2725 4249 futuri
2747 4193 2933 4248 saculi
2950 4192 3120 4246 vitam
3141 4190 3371 4245 credere

88 4287 201 4340 erit
222 4286 428 4339 coelum
458 4300 683 4347 novum,
726 4291 785 4339 et
811 4291 967 4339 terra
1002 4301 1163 4349 nova,
1190 4301 1311 4355 qua
1338 4302 1441 4354 ego
1490 4285 1692 4338 faciam
1774 4286 1981 4340 docuit.

89 4393 328 4430 manere
349 4392 537 4429 coram
557 4376 750 4429 me.Et
769 4375 954 4429 veniet
972 4375 1153 4428 omnis
1180 4391 1328 4439 caro,
1351 4380 1407 4428 et
1436 4374 1694 4429 adorabit
1846 4376 1983 4433 CAP.
2019 4376 2150 4429 X.—
2167 4375 2443 4446 Josaphat
2470 4379 2660 4429 autem
2698 4372 2915 4443 ingenti
2943 4370 3015 4424 ob
3061 4370 3178 4424 hac
3207 4366 3375 4422 verba

88 4482 182 4519 me
204 4465 262 4518 in
278 4452 583 4534 conspectu
614 4481 760 4529 meo,
791 4464 926 4518 dicit
947 4463 1251 4529 Dominus;
1277 4468 1334 4516 et
1364 4462 1612 4529 exibunt,
1637 4468 1694 4517 et
1775 4464 1945 4518 animi
1963 4465 2390 4534 compunctione
2402 4462 2888 4534 plenus.lacrymis
2909 4457 3367 4531 perfundebatur,

89 4553 365 4608 videbunt
400 4554 673 4607 cadavera
700 4553 1011 4613 hominum,
1048 4553 1142 4623 qui
1175 4538 1521 4623 pravaricati
1561 4558 1693 4606 sunt
1714 4584 1759 4642 υ
1776 4561 1947 4625 atque
1958 4554 2045 4606 his
2062 4554 2131 4606 ad
2153 4570 2343 4607 senem
2363 4553 2541 4606 verbis
2557 4569 2691 4606 usus
2716 4556 2819 4605 est:
2855 4548 3059 4604 Omnia
3081 4547 3218 4600 mihi
3240 4562 3368 4616 per-

87 4645 144 4697 in
162 4644 427 4697 me.Nam
440 4642 643 4695 vermis
655 4658 847 4696 eorum
864 4659 976 4696 non
988 4641 1327 4695 morieturet
1340 4641 1486 4710 ignis
1498 4658 1691 4696 eorum
1718 4635 1755 4642 ⁷
1775 4643 1966 4713 spicue
1983 4642 2295 4705 declarasti,
2321 4658 2385 4695 ac
2396 4642 2734 4695 horrendam
2754 4641 2900 4693 hanc
2912 4644 2968 4691 et
2978 4635 3368 4690 admirandam

89 4750 206 4787 non
237 4732 1088 4803 exstinguetur.Eteruntusque
1102 4731 1171 4783 ad
1186 4730 1505 4784 satietatem
1533 4731 1694 4784 visio-
1775 4730 2156 4785 narrationem
2202 4731 2487 4784 luculenta
2517 4730 2769 4784 oratione
2805 4728 3123 4798 complexus
3158 4741 3236 4778 es.
3272 4724 3373 4778 His

89 4823 184 4876 nis
214 4822 368 4875 omni
392 4821 547 4875 carni
567 4822 691 4892 (Isa.
725 4824 883 4887 vai).
912 4821 991 4874 Ac
1011 4836 1235 4873 rursum
1263 4820 1332 4873 de
1352 4819 1441 4873 die
1465 4819 1559 4873 illo
1581 4820 1686 4873 ait:
1774 4821 1965 4891 itaque
1988 4819 2150 4872 nobis
2164 4818 2485 4889 propositis,
2513 4819 2646 4889 quid
2674 4818 2900 4872 tandem
2928 4815 3245 4871 faciendum
3269 4817 3374 4878 est,

92 4913 162 4966 Et.
183 4911 501 4965 involvetur
520 4911 717 4964 calum
740 4910 884 4963 sicut
898 4909 1056 4973 liber,
1083 4925 1277 4962 omnes
1297 4909 1471 4962 stella
1494 4909 1696 4962 cadent
1776 4916 1841 4963 ut
1853 4927 1917 4963 ea
1940 4908 2213 4979 supplicia
2227 4925 2349 4979 qua
2367 4906 2993 4961 sceleratishominibus
3017 4910 3217 4976 parata
3246 4907 3378 4957 sunt

92 5002 243 5055 sicut
269 5000 466 5054 folium
487 5000 556 5054 de
588 4997 767 5053 vinea.
801 5000 936 5053 Ecce
962 4998 1112 5052 enim
1141 4997 1259 5051 dies
1288 4996 1511 5051 Domini
1542 4996 1697 5050 venit
1777 4999 2132 5069 ellugiamus.
2163 5015 2227 5051 ac
2243 4999 2527 5067 justorum
2553 4996 2822 5066 gaudium
2855 4993 3307 5064 consequamur?

91 5091 299 5161 plenus
331 5088 517 5143 furore
542 5096 599 5142 et
621 5088 724 5153 ira,
748 5088 818 5142 ad
839 5087 1156 5158 ponendam
1178 5092 1389 5141 terram
1418 5086 1474 5139 in
1504 5085 1697 5140 solitu-
1852 5085 2158 5156 Respondit
2185 5085 2472 5139 Barlaam:
2508 5083 2734 5138 Litteris
2766 5083 2939 5137 sacris
2986 5082 3272 5152 proditum
3294 5085 3379 5133 est

92 5180 375 5244 dinem,et
392 5176 1225 5249 peccatoresejusconterendos
1239 5193 1306 5229 ex
1328 5175 1697 5239 ea.Quoniam
1778 5177 1915 5241 (Act.
1947 5184 2024 5239 In,
2042 5174 2189 5245 quod
2211 5190 2339 5227 cum
2363 5174 2582 5234 Petrus,
2607 5172 2703 5242 qui
2724 5171 3105 5241 apostolorum
3121 5168 3379 5239 princeps

93 5269 273 5323 stella
290 5267 413 5321 cali
443 5273 501 5321 et
529 5267 793 5337 splendor
812 5283 1008 5321 earum
1031 5282 1144 5319 non
1175 5265 1697 5335 expandentlumen
1782 5270 2008 5317 vocatus
2032 5263 2359 5334 est,plcbem
2380 5260 2980 5324 doctrinainstrueret,
3024 5257 3191 5311 corde
3228 5272 3378 5309 com-

93 5374 282 5411 suum.
306 5357 374 5411 Et
401 5355 863 5410 obtenebrabitur
878 5356 961 5409 sol
988 5354 1046 5409 in
1069 5361 1196 5409 ortu
1216 5360 1410 5420 suo,et
1433 5355 1567 5408 luna
1586 5370 1699 5408 non
1784 5354 1973 5424 puncti
2018 5358 2170 5416 sunt,
2210 5351 2681 5421 quemadmodum
2711 5348 2923 5401 scilicet
2943 5352 3004 5401 tu
3034 5362 3256 5415 quoque
3285 5344 3380 5397 ho-

95 5445 714 5519 splendebitinlumine
736 5463 855 5499 suo.
887 5446 950 5499 Et
977 5444 1261 5515 quiescere
1288 5444 1488 5497 faciam
1508 5461 1700 5514 super-
1783 5443 1979 5496 dierno
2012 5442 2120 5495 die.
2148 5443 2401 5511 Cumque
2432 5440 2732 5493 dixissent:
2768 5436 2912 5500 Quid
2942 5434 3210 5488 faciemus
3236 5433 3379 5486 ?Pe-

94 5534 248 5590 biam
278 5535 612 5599 inﬁdelium,
646 5542 705 5589 et
734 5534 1118 5603 arrogantiam
1139 5533 1370 5587 fortium
1392 5532 1698 5587 humiliabo
1783 5538 1907 5585 trus
1926 5532 1993 5584 ad
2017 5548 2111 5584 eos
2139 5531 2277 5585 dixit
2302 5550 2311 5584 :
2349 5527 2739 5583 Paenitentiam
2773 5526 2940 5594 agite,
2973 5532 3029 5577 et
3066 5521 3380 5592 baptizetur

98 5628 227 5689 (1.3a.
244 5632 372 5688 xm)
408 5626 489 5677 Ac
516 5640 710 5677 rursus
731 5624 827 5677 ait:
864 5624 955 5677 Va
972 5624 1067 5693 qui
1090 5623 1317 5677 trahitis
1339 5623 1695 5693 iniquitatem
1782 5620 2168 5691 unusquisque
2192 5626 2434 5673 vestrum
2458 5618 2515 5671 in
2538 5616 2929 5670 remissionem
2942 5618 3381 5685 peccatorum,et

96 5712 150 5767 in
186 5713 454 5767 funiculis
482 5713 764 5777 vanitatis,
812 5719 870 5767 et
906 5712 1066 5783 quasi
1104 5712 1385 5765 vinculum
1434 5710 1690 5781 plaustri,
1781 5709 2067 5779 accipietis
2097 5709 2308 5762 donum
2331 5706 2572 5778 Spiritus
2593 5702 2968 5759 sancti.Vobis
2981 5701 3128 5756 enim
3147 5707 3233 5755 est
3252 5718 3379 5772 pro-
