3878 6410
513 402 618 464 479

1525 409 1621 465 DE
1656 411 1846 467 VITIS
1881 411 2178 468 PATRUM
2213 410 2427 466 LIBER
2462 408 2752 468 PRIMUS.

3674 405 3778 464 480

515 531 726 598 missio,
757 537 813 587 et
843 533 971 588 ﬁliis
990 533 1208 588 vestris.
1239 537 1296 588 et
1323 531 1581 588 omnibus
1614 533 1709 604 qui
1738 533 1903 604 longe
1945 538 2096 598 sunt,
2121 535 2161 594 A
2184 533 2468 604 excepisti,
2501 549 2565 587 ac
2589 531 2832 588 libenter
2859 532 3106 601 audiisti,
3152 531 3292 590 nihil
3321 548 3390 586 ex
3437 529 3522 586 eis
3561 529 3776 585 emolu-

512 637 874 692 quoscunque
895 622 1248 677 advocaverit
1284 623 1556 677 Dominus
1586 623 1736 676 Deus
1775 627 1983 676 noster.
2021 623 2104 677 En

508 707 684 778 igitur
714 710 833 780 ipse
868 711 1263 768 misericordia:
1293 728 1408 766 suae
1443 711 1666 765 divitias
1697 711 1753 764 in
1791 716 1848 765 te
1881 711 2098 778 cll‘udit,

508 801 678 868 teque
699 799 794 870 qui
825 800 1012 854 animo
1050 816 1116 855 ac
1143 801 1429 856 voluntate
1457 800 1650 870 procul
1688 799 1758 853 ab
1785 816 1850 854 eo
1873 800 2102 854 dissitus

508 901 654 955 eras,
689 893 747 942 et
759 888 977 956 alienis,
995 905 1108 944 non
1135 889 1318 944 dicam
1339 889 1464 954 diis,
1487 889 1582 942 sed
1613 889 2102 959 pestiferisdaemo—

508 973 695 1042 nibus,
728 982 786 1030 et
802 977 987 1031 surdis
1008 994 1073 1032 ac
1102 977 1631 1049 sensusexpertibus
1659 977 1860 1032 statuis
1887 977 2100 1033 cultum

509 1063 832 1132 adhibebas,
858 1065 1068 1120 accivit.
1093 1065 1364 1130 Quocirca
1389 1071 1522 1121 ante
1543 1064 1734 1122 omnia
1752 1065 1824 1120 ad
1843 1083 1970 1120 eum
2003 1067 2100 1138 qui

507 1157 566 1207 te
593 1153 809 1208 vocavit
825 1154 1043 1221 accede,
1059 1171 1093 1209 a
1121 1171 1232 1226 quo
1246 1171 1437 1210 veram
1466 1160 1584 1210 tam
1615 1171 1807 1210 eorum
1830 1173 1952 1226 qua:
1965 1173 2098 1210 oru-

509 1239 580 1295 lis
603 1247 930 1310 cernuntur,
955 1259 1122 1314 quam
1144 1261 1268 1316 quae
1297 1243 1367 1298 ab
1389 1244 1676 1299 oculorum
1691 1261 1858 1299 sensu
1887 1251 2104 1300 remota

512 1335 665 1396 sunt,
699 1331 1076 1400 cognitionem
1093 1333 1469 1404 consequeris.
1495 1333 1654 1397 Quod
1669 1333 1714 1387 si
1737 1340 2100 1405 posteaquam

510 1423 740 1474 vocatus
755 1436 814 1474 es
830 1421 1112 1487 accedere,
1132 1436 1374 1487 recusas,
1399 1425 1497 1476 aut
1515 1439 1702 1476 moras
1722 1423 1920 1488 nectis,
1947 1424 2102 1494 justo

511 1505 614 1561 Dei
637 1508 852 1578 judicio
873 1509 1278 1576 exhereseris,
1309 1528 1374 1565 ac
1396 1510 1798 1582 repudiaberis,
1824 1511 1957 1582 quia
1980 1513 2101 1584 ipse

511 1595 837 1667 repudiasti.
868 1599 955 1652 Ad
979 1599 1127 1654 hunc
1155 1599 1305 1654 enim
1323 1599 1554 1654 modum
1573 1599 1692 1670 ipse
1721 1617 1943 1672 quoque
1971 1619 2102 1673 apo-

510 1685 688 1739 stolus
719 1687 920 1741 Petrus
945 1687 1014 1742 ad
1035 1689 1334 1758 quemdam
1371 1688 1709 1760 discipulum
1729 1689 1898 1744 dixit:
1932 1692 1954 1714 θ
1983 1691 2098 1761 Ego

510 1778 701 1828 autem
728 1775 893 1830 credo
922 1775 1069 1846 quod
1102 1781 1159 1830 et
1185 1776 1477 1832 obedivisti
1507 1779 1800 1844 vocationi,
1833 1783 1890 1833 et
1918 1779 2102 1834 adhuc

2185 623 2360 676 menti
2382 627 2715 677 consecutus
2743 639 2822 677 es.
2855 622 3136 678 Admonui
3161 622 3308 677 enim
3339 626 3416 686 te,
3447 637 3522 676 ne
3551 619 3624 674 ob
3659 636 3778 674 rem

2185 711 2529 782 praeteritam
2569 711 2898 782 pcenitentia
2921 711 3241 776 ducereris;
3287 715 3344 764 et
3379 726 3506 764 ecce
3539 724 3778 761 maerore

2184 795 2549 851 conturbatus
2579 814 2657 862 es,
2691 801 2987 867 propterea
3003 797 3151 868 quod
3180 813 3211 850 e
3233 794 3494 849 manibus
3514 793 3634 848 tuis
3646 792 3779 862 fuga

2183 901 2273 939 me
2301 884 3026 957 subduxerim,paanitentia
3049 884 3304 939 videlicet
3319 883 3391 938 ob
3419 899 3545 937 rem
3576 887 3777 953 praete-

2182 974 2350 1028 ritam
2378 974 2628 1030 allectus.
2659 974 2904 1046 Pmcepi
2935 973 3040 1028 tibi
3067 990 3138 1028 ne
3167 989 3232 1029 ea
3263 989 3388 1044 quae
3406 970 3639 1043 assequi
3665 987 3776 1024 non

2181 1079 2373 1134 posses
2397 1063 2799 1133 aggredereris,
2832 1067 2890 1117 et
2914 1068 3106 1118 tamen
3135 1061 3382 1134 arripere
3411 1077 3504 1115 me
3530 1059 3776 1124 conaris,

2181 1169 2308 1208 cum
2331 1153 2441 1207 iter
2455 1169 2643 1207 meum
2663 1153 2885 1222 assequi
2912 1169 3176 1224 nequeas.
3207 1151 3292 1206 Ad
3315 1151 3432 1205 haec
3464 1149 3521 1204 id
3552 1165 3776 1220 quoque

2183 1242 2284 1296 tibi
2311 1241 2476 1308 edixi,
2490 1257 2562 1296 ne
2586 1241 2898 1296 incredibili
2919 1240 3164 1295 sermoni
3191 1240 3358 1296 ﬁdem
3375 1254 3699 1308 arrogares,
3722 1243 3777 1291 et

2181 1336 2372 1385 tamen
2397 1325 2454 1385 in
2483 1325 2786 1385 visceribus
2805 1328 2946 1384 meis
2957 1328 3223 1384 unionem
3236 1333 3466 1384 staturae
3491 1342 3635 1381 mea:
3656 1339 3776 1380 mo.

2183 1421 2316 1475 dum
2345 1421 2701 1474 excedentem
2734 1421 2914 1476 inesse
2935 1417 3250 1486 credidisti;
3282 1433 3462 1488 neque
3489 1415 3776 1470 tantulum

2182 1508 2286 1564 tibi
2316 1509 2628 1580 prudentia:
2643 1509 2767 1574 fuit,
2794 1513 2860 1565 ut
2887 1508 3228 1576 intelligeres
3257 1523 3346 1561 me
3373 1511 3552 1561 totam
3585 1505 3663 1560 ad
3691 1504 3778 1558 ovi

2181 1598 2515 1653 struthionis
2531 1597 2971 1668 magnitudinem
2985 1596 3215 1651 minime
3227 1594 3776 1658 accedere.Quonam

2183 1686 2372 1758 itaque
2401 1691 2795 1759 pactotantum
2807 1686 3070 1742 unionem
3093 1685 3486 1756 corpusculum
3517 1682 3675 1738 istud
3693 1699 3779 1737 ca-

2182 1783 2341 1848 peret
2365 1777 2388 1830 7

511 1863 780 1918 sincerius
799 1863 1082 1930 obediens,
1109 1881 1331 1920 crucem
1369 1867 1549 1931 tolles,
1584 1867 1872 1938 Deumque
1889 1884 1954 1922 ac
1996 1869 2102 1922 Do-
2121 1889 2169 1950 Β
2253 1867 2335 1920 Ad
2357 1865 2690 1938 huncigitur
2706 1867 2935 1921 modum
2950 1865 3032 1920 illi
3043 1881 3262 1936 quoque
3276 1864 3334 1918 in
3346 1879 3571 1918 summa
3593 1861 3780 1917 stulti-

511 1950 729 2005 minum
760 1957 817 2005 te
837 1958 1124 2008 vocantem
1149 1955 1420 2024 sequeris,
1453 1955 1550 2026 qui
1570 1961 1624 2009 te
1653 1973 1688 2010 a
1707 1961 1886 2010 morte
1916 1957 1986 2010 ad
2024 1959 2101 2012 vi-

507 2043 645 2105 tam,
679 2045 736 2094 et
762 2057 797 2094 a
823 2041 1070 2096 tenebris
1099 2043 1171 2097 ad
1203 2043 1384 2097 lucem
1429 2043 1648 2099 invitat.
1681 2045 1825 2099 Nam
1852 2047 2100 2117 profecto

507 2128 610 2184 Dei
637 2129 936 2199 ignoratio,
954 2131 1156 2185 animae
1185 2131 1364 2202 caligo
1393 2148 1459 2186 ac
1484 2149 1636 2187 mors
1654 2139 1766 2200 est;
1799 2139 1856 2188 et
1875 2135 2102 2190 simula-

507 2233 605 2272 cra
640 2219 822 2273 colere
861 2219 934 2274 ad
971 2225 1186 2276 natura
1229 2221 1482 2290 exitium,
1532 2223 1836 2278 amentiam
1875 2241 2098 2280 omnem

506 2307 740 2366 excedit.

579 2401 732 2466 Quos
760 2402 988 2474 quidem
1006 2402 1260 2458 homines
1277 2403 1501 2458 cuinam
1528 2404 1611 2458 rei
1642 2403 1853 2458 similes
1877 2421 1998 2458 esse
2017 2405 2100 2459 di-

507 2505 631 2544 cam
645 2491 670 2543 ?
683 2495 740 2544 et
759 2507 1003 2562 quanam
1025 2492 1270 2561 imagine
1299 2508 1493 2546 eorum
1515 2492 1878 2547 stoliditatem
1899 2493 2000 2547 tibi
2029 2493 2100 2548 ob

507 2579 697 2632 oculos
725 2580 966 2650 ponam?
995 2573 1318 2635 Sed'tamen
1347 2583 1660 2654 exemplum
1683 2582 1964 2652 quoddam
1995 2583 2098 2637 tibi

507 2682 836 2737 proponam,
866 2668 1014 2738 quod
1039 2668 1176 2722 mihi
1197 2685 1232 2722 a
1250 2669 1366 2722 viro
1386 2670 1629 2739 quodam
1641 2687 1862 2725 summa
1873 2671 2098 2742 sapien-

507 2755 592 2808 tia
618 2755 853 2826 prredito
873 2762 1374 2811 commemoratum
1387 2763 1490 2812 est.
1505 2757 1708 2812 Aiebat
1733 2759 1904 2826 enim,
1930 2760 2101 2814 simu-

507 2843 789 2898 lacrorum
807 2845 1049 2899 cultores
1059 2847 1262 2918 aucupi
1282 2846 1492 2900 similes
1504 2864 1642 2911 esse,
1668 2848 1764 2919 qui
1787 2865 1914 2903 cum
1930 2849 2099 2904 lusci-

507 2933 681 3000 niam,
713 2933 1074 3004 perexiguam
1117 2935 1411 3003 aviculam,
1444 2937 1700 3007 cepisset,
1737 2937 2099 3010 gladiumque

506 3021 840 3094 arripuisset
861 3028 928 3077 ut
953 3039 1078 3077 eam
1101 3025 1395 3094 jugularet
1421 3041 1486 3079 ac
1503 3026 1837 3092 comederet,
1866 3043 1949 3092 ea,
1973 3044 2100 3082 con-

507 3126 665 3164 cessa
685 3110 791 3165 sibi
820 3112 1119 3166 articulate
1145 3130 1293 3179 voce,
1325 3113 1396 3168 ad
1425 3131 1696 3186 aucupem
1724 3098 1905 3170 dixitr
1923 3116 2097 3180 Quid-

2183 1955 2266 2008 tia
2293 1961 2609 2022 versantur,
2637 1956 2732 2026 qui
2757 1956 2815 2010 in
2845 1954 3160 2009 simulacris
3193 1953 3500 2008 conﬁdunt.
3529 1953 3678 2006 Nam
3711 1967 3780 2005 ea

2183 2044 2440 2099 manibus
2464 2045 2581 2100 suis
2602 2046 2922 2110 effecerunt,
2950 2050 3007 2098 et
3026 2060 3195 2115 opera
3213 2042 3519 2113 digitorum
3540 2057 3778 2096 suorum

2183 2133 2439 2192 adorant.
2491 2135 2768 2190 dicentes:
2801 2134 2871 2188 Hi
2914 2133 3140 2205 opiﬁces
3174 2131 3350 2186 nostri
3380 2137 3534 2186 sunt.
3572 2130 3686 2195 Qui
3713 2131 3780 2184 ﬁt

2183 2223 2358 2293 igitur
2370 2229 2434 2278 ut
2453 2239 2548 2278 eos
2567 2241 2708 2295 quos
2727 2225 3030 2278 effecerunt
3049 2228 3106 2276 et
3125 2221 3514 2285 condiderunt,
3546 2219 3778 2291 opiﬁces

2180 2329 2311 2368 suos
2342 2329 2462 2367 esse
2482 2313 2783 2367 censeant?
2813 2311 2958 2377 Quin
2979 2312 3148 2366 etiam
3187 2327 3314 2366 cum
3333 2327 3401 2364 ea
3415 2325 3625 2379 magno
3655 2313 3779 2364 stn-

2180 2401 2273 2456 dio
2298 2403 2634 2466 custodiant,
2658 2419 2727 2456 ne
2748 2419 2781 2456 a
2799 2401 3014 2456 furibus
3030 2399 3434 2472 subripiantur,
3467 2403 3665 2454 tamen
3693 2415 3780 2452 sa-

2180 2491 2314 2546 lutis
2335 2508 2450 2546 suze
2478 2491 2735 2546 custodes
2759 2495 3104 2560 nuncupant.
3125 2489 3318 2560 Atqui,
3343 2505 3466 2559 quae
3494 2488 3612 2542 haec
3641 2487 3778 2541 stul-

2180 2581 2310 2635 titia
2328 2586 2431 2646 est,
2459 2581 2597 2634 illud
2619 2597 2732 2634 non
2760 2579 3072 2649 intelligere
3089 2579 3208 2633 ﬁeri
3233 2595 3348 2632 non
3374 2593 3556 2648 posse,
3591 2582 3658 2630 ut
3678 2577 3776 2647 qui

2180 2669 2285 2724 sibi
2313 2670 2446 2740 ipsis
2461 2686 2623 2740 opem
2641 2669 2786 2723 ferre
2807 2685 2940 2722 acse
2960 2669 3109 2723 tueri
3129 2672 3434 2738 nequeunt,
3454 2666 3598 2721 alios
3624 2665 3774 2720 tueri

2181 2775 2245 2812 ac
2273 2776 2390 2812 scrv
2399 2775 2494 2812 are
2509 2758 2750 2830 possint?
2776 2761 2854 2824 Ac
2870 2764 3140 2829 pmterea
3156 2773 3289 2828 opes
3304 2772 3434 2810 suas
3455 2754 3772 2819 ell‘undunt,

2181 2847 2212 2902 d
2220 2864 2314 2902 um
2329 2852 2544 2903 statuas
2561 2852 2617 2901 et
2628 2847 2930 2902 simulacra
2939 2845 3284 2901 daemonibus
3296 2845 3560 2907 excitant,
3570 2860 3777 2914 eosque

2179 2935 2456 2992 bonorum
2492 2937 2716 2992 datores
2737 2953 2858 2991 esse
2891 2941 3198 3007 nugantur,
3230 2934 3300 2989 ab
3327 2934 3396 2988 iis
3425 2951 3495 2989 ea
3518 2933 3628 2988 sibi
3657 2933 3776 2988 dari

2181 3043 2304 3097 quae
2328 3043 2430 3080 nec
2448 3026 2554 3097 ipsi
2581 3041 2830 3096 unquam
2851 3023 3188 3090 habuerunt,
3220 3039 3324 3078 nec
3340 3037 3596 3094 unquam
3615 3021 3773 3076 habi-

2180 3115 2293 3170 turi
2325 3119 2476 3170 sunt.
2495 3115 2685 3185 quue
2701 3114 2928 3168 nomine
2953 3113 3221 3184 scriptum
3251 3118 3339 3166 est
3370 3129 3382 3164 :
3418 3109 3650 3166 Similes
3667 3110 3771 3166 illis

505 3216 657 3267 nam,
691 3216 723 3254 ο
738 3200 924 3268 homo,
951 3218 1016 3255 ex
1033 3218 1160 3281 mea
1177 3219 1310 3257 nece
1323 3203 1394 3257 ad
1415 3209 1470 3258 te
1494 3204 1756 3258 utilitatis
1777 3205 2090 3260 rediturum
2109 3207 2155 3268 Ο
2177 3205 2334 3270 ﬁant,
2369 3204 2464 3275 qui
2493 3204 2706 3258 faciunt
2728 3220 2812 3269 ea,
2843 3207 2900 3257 et
2930 3219 3124 3257 omnes
3160 3201 3258 3273 qui
3283 3200 3576 3256 conﬁdunt
3611 3200 3674 3254 in
3698 3200 3772 3254 eis

507 3289 628 3343 est?
649 3305 830 3360 neque
861 3289 1010 3345 enim
1040 3307 1142 3362 per
1168 3309 1258 3346 me
1286 3297 1536 3347 ventrem
1556 3298 1717 3348 tuum
1746 3295 1966 3364 explere
1991 3311 2094 3366 po-

503 3376 660 3432 teris.
693 3379 770 3432 At
779 3379 827 3433 si
849 3396 938 3434 me
951 3379 1184 3435 vinculis
1199 3379 1544 3446 liberaveris,
1560 3382 1671 3436 tria
1687 3390 1966 3454 praecepta
1993 3383 2096 3438 tibi

503 3467 752 3522 tradam:
779 3467 980 3538 quibus
1010 3469 1058 3523 si
1085 3470 1363 3540 parueris,
1391 3471 1611 3540 magnis
1641 3488 1742 3542 per
1770 3488 1995 3526 omnem
2021 3473 2098 3527 vi-

504 3558 622 3608 tam
643 3557 948 3611 commodis
968 3557 1353 3614 afﬁcieris.llle
1366 3563 1553 3613 autem
1567 3575 1637 3613 ex
1657 3559 1834 3632 ipsius
1845 3578 2103 3616 sermone

505 3643 876 3699 admiratione
905 3653 1236 3713 commotus,
1263 3664 1383 3701 sese
1402 3647 1682 3702 facturum
1707 3650 1934 3721 recepit,
1965 3657 2026 3704 ut
2054 3651 2102 3704 si

506 3748 711 3788 novum
744 3734 956 3806 aliquid
987 3734 1059 3788 ab
1084 3751 1151 3789 ea
1181 3737 1422 3801 audiret,
1465 3738 1656 3792 statim
1688 3755 1811 3792 eam
1842 3738 2102 3794 libertate

504 3822 759 3890 donaret,
777 3840 842 3879 ac
860 3823 1096 3878 missam
1105 3826 1622 3881 taceret.Conversa
1641 3827 1832 3898 itaque
1844 3827 2098 3896 luscinia,

503 3910 720 3966 homini
747 3911 830 3966 ait
855 3931 866 3966 :
891 3913 1194 3984 Nunquam
1222 3931 1344 3968 rem
1375 3931 1542 3985 quam
1563 3916 1825 3987 consequi
1854 3933 2100 3988 nequeas

504 4000 829 4070 aggredere.
857 4002 1262 4072 Nunquam'rei
1291 4004 1588 4074 praeterita:
1609 4009 1664 4058 te
1675 4005 1961 4075 pmniteat.
1997 4007 2098 4060 Rei

503 4087 817 4142 incredibili
827 4104 1118 4160 nunquam
1136 4091 1303 4145 ﬁdem
1319 4091 1541 4146 adhibe.
1561 4093 1608 4146 Η
1611 4110 1688 4146 ωε
1703 4093 1816 4146 tria
1833 4095 2100 4148 mandata

504 4193 682 4242 serva,
716 4181 905 4244 $04
933 4184 991 4232 et
1020 4179 1284 4248 prmclare
1315 4185 1501 4234 tecum
1527 4187 1744 4252 agetur.
1779 4182 1878 4236 Ille
1905 4189 2094 4237 autem

504 4265 706 4320 horum
718 4265 1014 4320 verborum
1029 4267 1392 4336 sagacitatem
1413 4285 1478 4322 ac
1490 4269 1844 4340 prudentiam
1858 4271 2098 4326 admirao

503 4358 614 4419 tus,
634 4370 758 4408 eam
787 4353 1020 4408 vinculis
1033 4355 1274 4410 solutam
1300 4356 1359 4410 in
1387 4373 1574 4412 aerem
1603 4359 1808 4412 emisit.
1836 4360 2096 4416 Luscinia

501 4443 695 4515 itaque
723 4443 1034 4515 periculum
1081 4443 1263 4499 facere
1294 4447 1526 4517 cupiens
1572 4463 1645 4501 an
1672 4447 1769 4502 ille
1796 4448 2092 4506 verborum

2180 3296 2342 3369 (Psal.
2367 3295 2535 3362 cxm).
2569 3293 2676 3358 Qui
2706 3292 2932 3363 quidem
2961 3291 3187 3346 auriﬁce
3216 3289 3470 3344 mercede
3498 3289 3769 3344 conducto

2177 3383 2538 3437 simulacrum
2556 3397 2728 3435 manu
2741 3381 3062 3444 effecerunt,
3070 3396 3135 3433 ac
3149 3395 3324 3449 prono
3336 3394 3570 3448 corpore
3586 3378 3771 3449 ipsum

2183 3472 2510 3526 adorarunt.
2532 3469 2795 3524 liumeris
2823 3469 2961 3524 illud
2990 3469 3198 3522 tollunt
3218 3484 3282 3521 ac
3309 3466 3774 3538 proﬁciscuntur:

2184 3561 2231 3616 si
2260 3565 2450 3615 autem
2481 3559 2666 3631 ipsum
2695 3559 2914 3629 uspiam
2937 3556 3277 3613 collocarint.
3304 3555 3418 3610 illic
3433 3561 3647 3621 manet,
3678 3573 3779 3610 nec

2184 3649 2395 3704 moveri
2413 3655 2615 3720 potest.
2642 3649 2711 3702 Et
2725 3645 3138 3718 quantumlibet
3159 3645 3284 3717 quis
3301 3645 3408 3716 ipsi
3425 3645 3774 3710 clamaverit,

2183 3756 2296 3794 non
2345 3737 2621 3804 exaudiet,
2672 3753 2774 3790 nec
2817 3753 2881 3790 ex
2929 3734 3343 3790 calamitatibus
3389 3750 3522 3788 eum
3552 3734 3774 3805 eripiet.

2183 3826 2560 3892 Quamobrem
2579 3824 2992 3880 confundantur
3019 3823 3115 3894 qui
3145 3823 3205 3878 in
3229 3821 3582 3894 sculptilibus
3608 3823 3778 3876 conﬁ-

2181 3917 2353 3972 dunt:
2387 3922 2444 3970 et
2471 3915 2566 3986 qui
2595 3915 2790 3968 dicunt
2819 3913 2888 3967 iis
2917 3929 3040 3984 qua;
3069 3913 3310 3966 conﬂata
3339 3915 3472 3966 sunt
3501 3929 3514 3964 :
3559 3911 3675 3966 Vos
3702 3911 3776 3966 dii

2180 4005 2358 4060 nostri
2389 4005 2542 4058 estis.
2573 4003 3013 4059 Immolaverunt
3034 4001 3184 4056 enim
3210 3999 3520 4066 daemoniis,
3566 4005 3626 4055 et
3663 4017 3774 4055 non

2179 4091 2315 4155 Deo,
2347 4090 2454 4144 diis
2486 4105 2624 4160 quos
2652 4086 3006 4158 ignorabant.
3037 4086 3174 4140 Novi
3204 4093 3567 4156 recentesque
3603 4101 3772 4138 vene~

2180 4185 2332 4246 runt,
2367 4196 2506 4251 quos
2536 4195 2648 4232 non
2667 4177 2961 4232 coluerunt
2985 4181 3174 4248 patres
3217 4191 3428 4229 eorum.
3465 4173 3771 4228 Generatio

2179 4270 2328 4324 enim
2367 4285 2628 4340 perversa
2657 4272 2759 4332 est,
2797 4283 2899 4322 nec
2938 4267 3058 4336 jam
3081 4265 3218 4321 ﬁdes
3246 4263 3381 4335 ipsis
3412 4262 3560 4317 inest
3587 4264 3768 4328 (Deut.

2177 4373 2368 4414 XXXII].

2253 4373 2328 4413 xn
2357 4402 2368 4412 .

2248 4359 2460 4504 Ex)hac
2507 4447 2680 4518 igitur
2707 4461 2968 4518 perversa
3006 4450 3064 4498 et
3092 4442 3376 4498 incredula
3403 4441 3770 4512 generatione

503 4548 698 4589 eorum
727 4533 1241 4604 quaeaudieratvim
1270 4535 1829 4609 intellexisset,atque
1844 4539 2092 4610 aliquam
2110 4523 2158 4583 Ῑ)
2177 4538 2450 4592 Dominus
2481 4543 2536 4591 te
2556 4541 2739 4599 vocat,
2768 4535 2856 4589 his
2879 4533 3062 4588 verbis
3091 4538 3258 4588 utens
3282 4549 3293 4584 :
3327 4531 3426 4586 Exi
3475 4531 3544 4584 de
3584 4531 3769 4584 medio

503 4637 568 4676 ex
598 4621 734 4694 ipsis
753 4624 1058 4678 utilitatem
1088 4625 1446 4696 percepisset,
1477 4643 1578 4696 per
1605 4643 1795 4680 aerem
1831 4628 2090 4696 volitans,

503 4711 576 4766 ad
603 4728 730 4766 eum
760 4713 931 4768 dixit:
960 4713 1129 4768 Proh!
1163 4730 1332 4785 quam
1363 4715 1502 4768 nihil
1531 4721 1616 4770 est
1644 4716 1701 4770 in
1729 4721 1784 4770 te
1805 4717 2039 4784 consilii,
2060 4735 2093 4772 o

501 4799 670 4854 homo
691 4801 702 4854 l
735 4803 957 4872 qualem
969 4802 1296 4858 thesaurum
1321 4804 1487 4858 hodie
1512 4805 1782 4859 amisisti!
1809 4807 2093 4878 Estsiqui-

499 4888 631 4942 dem
659 4889 716 4943 in
745 4891 887 4945 meis
905 4891 1208 4946 visceribus
1237 4893 1392 4958 unio,
1421 4895 1756 4948 struthionis
1778 4912 1942 4949 ovum
1967 4911 2090 4949 ma-

497 4977 796 5048 gnitudine
841 4979 1131 5034 excedens.
1165 4981 1301 5044 Qum
1337 4987 1404 5036 ut
1432 4983 1526 5036 ille
1571 4983 1802 5048 audivit,
1849 4999 2089 5039 maerore

497 5065 866 5122 conturbatus
895 5072 998 5134 est,
1026 5085 1266 5140 eumque
1285 5070 1554 5142 pmnituit
1581 5071 1730 5142 quod
1757 5072 1994 5126 luscinia
2023 5089 2088 5126 ex

495 5155 674 5229 ipsius
701 5156 959 5212 manibus
989 5158 1290 5228 effugisset.
1323 5161 1507 5231 Atque
1543 5176 1666 5214 eam
1695 5176 1921 5214 rursum
1951 5161 2090 5215 arri—

494 5261 628 5318 pere
648 5251 894 5314 tentans,
928 5247 1070 5302 dixit
1103 5266 1115 5302 :
1150 5248 1310 5311 Veni,
1353 5265 1560 5320 quaeso,
1594 5249 1654 5302 in
1695 5249 1840 5303 aedes
1881 5267 2037 5304 meas
2069 5268 2082 5317 ;

494 5341 666 5406 atque
691 5335 786 5390 ubi
819 5337 1084 5408 praeclare
1107 5343 1165 5391 et
1191 5337 1515 5391 humaniter
1543 5353 1580 5390 a
1615 5353 1706 5390 me
1719 5343 1947 5408 accepta
1969 5339 2087 5393 fue-

493 5423 591 5488 ris,
617 5425 922 5479 honoriﬁce
935 5433 989 5480 te
1009 5426 1579 5481 dimittam.Luscinia
1597 5430 1786 5480 autem
1800 5426 1905 5498 ipsi
1921 5427 2079 5481 dixit:

494 5511 656 5566 Nunc
683 5514 849 5584 plane
860 5519 917 5568 te
935 5515 1200 5570 stolidum
1211 5531 1276 5568 ac
1304 5514 1595 5569 vecordem
1625 5531 1746 5568 esse
1775 5515 1907 5570 scio.
1940 5517 2084 5570 Nam

493 5604 859 5672 posteaquam
878 5619 946 5658 ea
975 5620 1082 5681 que
1113 5603 1184 5663 ad
1209 5609 1264 5658 te
1295 5604 1444 5658 dicta
1464 5608 1599 5658 sunt
1613 5609 1872 5679 prompto
1893 5605 2082 5666 animo

2177 4644 2392 4692 eorum,
2425 4643 2490 4680 ac
2502 4621 2789 4696 'separare,
2810 4629 2868 4678 et
2888 4623 3245 4678 immundum
3269 4621 3385 4675 noli
3412 4625 3767 4690 tangere,ve-

2176 4734 2302 4772 rum
2329 4733 2364 4770 a
2381 4715 2744 4787 generatione
2756 4715 2861 4768 hac
2881 4728 3141 4784 perversa
3164 4716 3221 4766 te
3237 4711 3388 4781 eripe
3419 4711 3606 4772 (Num.
3633 4712 3763 4774 xvn).

2176 4807 2353 4876 Surge
2383 4812 2440 4859 et
2467 4803 2711 4868 ambula,
2727 4803 2982 4874 quianon
2999 4799 3174 4855 habes
3201 4799 3294 4853 hic
3307 4797 3559 4870 requiem
3584 4799 3762 4865 (Mich.

2173 4898 2258 4963 II).
2292 4894 2511 4949 Etenim
2530 4891 2824 4963 multiplex
2850 4891 3103 4956 deorum,
3129 4889 3273 4960 quia
3293 4887 3450 4941 vobis
3479 4887 3760 4952 coluntur,

2171 4984 2521 5055 principatus
2549 4986 2922 5054 praeposterus
2941 4984 3044 5046 est,
3059 4983 3116 5032 et
3141 4975 3268 5032 cum
3286 4976 3514 5030 dissidio
3534 4979 3660 5048 conj
3669 4993 3763 5031 un-

2170 5078 2312 5138 ctus,
2355 5078 2525 5144 atque
2563 5070 2862 5143 ejusmodi,
2908 5068 3006 5140 qui
3053 5067 3207 5122 nullo
3252 5067 3416 5122 modo
3455 5067 3763 5122 consistere

2170 5167 2357 5232 queat.
2390 5161 2552 5232 Apud
2571 5177 2674 5214 nos
2703 5165 2893 5214 autem
2919 5173 3032 5212 non
3053 5161 3186 5211 sunt
3209 5156 3290 5210 dii
3310 5155 3491 5221 multi,
3525 5171 3631 5210 nec
3658 5157 3761 5210 Do-

2166 5249 2308 5304 mini
2339 5250 2522 5316 multi,
2547 5264 2741 5302 verum
2763 5264 2910 5302 unus
2940 5247 3090 5300 Deus
3117 5246 3302 5312 Pater,
3335 5262 3400 5299 ex
3414 5261 3527 5316 quo
3548 5245 3756 5304 omnia.

2167 5345 2225 5392 et
2251 5355 2353 5393 nos
2398 5339 2453 5392 in
2485 5339 2668 5409 ipsum
2694 5356 2706 5404 ;
2741 5342 2798 5391 et
2833 5353 2980 5413 unus
3009 5334 3287 5390 Dominus
3313 5335 3476 5388 Jesus
3502 5334 3759 5388 Christus

2165 5445 2267 5500 per
2295 5444 2460 5498 quem
2491 5427 2698 5494 omnia,
2722 5432 2776 5480 et
2801 5443 2903 5480 nos
2922 5441 3022 5496 per
3051 5425 3235 5494 ipsum
3268 5425 3313 5490 (Ι
3340 5424 3461 5479 Cor.
3497 5427 3645 5492 vin),
3667 5424 3758 5495 qui

2165 5523 2252 5571 est
2279 5517 2464 5586 imago
2494 5516 2597 5571 Dei
2623 5514 2936 5578 invisibilis,
2959 5513 3366 5584 primogenitus
3386 5513 3572 5566 omnis
3609 5529 3757 5567 crea-

2164 5611 2324 5672 turae,
2348 5612 2404 5661 et
2421 5605 2672 5660 omnium
2693 5604 3043 5666 szeculorum,
3069 5601 3337 5673 quoniam
3351 5601 3408 5655 in
3432 5601 3556 5672 ipso
3567 5610 3758 5657 creata
