3878 6396
81 367 165 426 481

452 362 624 420 VITA
660 358 1099 418 SANGI‘ORUM
1135 357 1482 415 BARLAAM
1518 359 1855 416 EREMITE
1893 359 1984 416 ET
2019 359 2386 417 JOSAPHAT
2422 359 2646 416 INDL‘E
2682 359 2918 417 REGIS.

3216 359 3323 423 482

83 496 195 549 sunt
226 488 427 556 omnia,
459 494 577 544 tam
608 504 730 559 qua:
767 487 826 541 in
855 487 1007 543 ccelis
1038 504 1207 560 quam
1237 505 1359 560 quae
1382 488 1439 543 in
1469 493 1639 555 terra,
1660 490 1782 549 Aet
1806 488 2069 559 gemitus.
2093 488 2248 543 Tunc
2264 495 2524 561 erumpet
2548 490 2708 561 quasi
2739 490 3108 546 manelumen
3135 496 3318 562 tuum,

82 592 179 637 tam
206 579 612 651 visibiliaquam
628 577 945 642 invisibilia,
972 578 1084 632 sive
1104 577 1311 641 throni,
1334 578 1448 632 sive
1460 578 1642 632 domi-

84 670 327 734 nationes,
352 668 463 721 sive
494 666 858 738 principatus,
880 667 994 721 sive
1015 667 1538 738 potestates(Coloss.
1574 669 1638 737 1).

81 757 256 813 Omnia
284 774 382 828 per
405 757 587 827 ipsum
608 756 754 809 facta
783 761 934 820 sunt,
957 761 1015 809 et
1036 755 1157 809 sine
1178 754 1299 827 ipso
1331 755 1536 809 factum
1559 760 1644 809 est

80 849 199 904 nihil
214 846 351 918 quod
371 846 579 901 factum
597 851 681 898 est
698 848 883 913 (Joan.
912 846 969 911 1);
1001 850 1057 898 et
1085 861 1232 898 unus
1254 844 1494 915 Spiritus
1518 861 1643 898 san-

79 944 198 997 ctus,
228 936 281 989 in
307 952 414 1006 quo
445 934 651 1001 omnia,
673 934 768 1004 qui
790 934 1062 987 Dominus
1081 939 1183 997 est,
1202 933 1525 999 etviviﬁcat,
1545 933 1641 1004 qui

78 1028 203 1081 Deus
232 1028 329 1083 est.
368 1029 425 1078 et
444 1023 793 1077 divinitatem
818 1023 999 1087 aﬂ'ert,
1024 1022 1268 1093 Spiritus
1295 1021 1493 1087 bonus,
1513 1022 1639 1092 Spi-

78 1116 196 1169 ritus
222 1118 418 1180 rectus,
436 1112 678 1184 Spiritus
692 1112 1014 1184 paraclitus,
1049 1111 1290 1181 Spiritus
1323 1110 1641 1181 adoptionis

78 1205 310 1258 ﬁliorum.
329 1203 542 1256 Horum
563 1201 946 1272 unusquisque
976 1201 1126 1255 Deus
1150 1206 1253 1267 est,
1275 1198 1639 1270 siseparatim

76 1293 444 1347 consideretur:
468 1297 534 1346 ut
554 1292 741 1355 Pater,
760 1291 839 1344 sic
857 1289 1049 1353 Filius;
1085 1294 1150 1343 ut
1174 1288 1370 1355 Filius,
1403 1288 1482 1341 sic
1512 1287 1638 1359 Spi-

78 1383 197 1436 ritus
220 1387 460 1436 sanctus.
492 1382 648 1435 Unus
669 1384 857 1434 autem
886 1380 1035 1433 Deus
1065 1378 1120 1432 in
1150 1377 1331 1431 tribus
1362 1377 1635 1449 personis,

77 1489 171 1525 una
182 1477 391 1534 natura,
416 1487 593 1525 unum
612 1485 871 1539 regnum,
893 1484 1007 1521 una
1017 1468 1286 1539 potentia,
1306 1484 1421 1520 una
1433 1466 1632 1536 gloria,

78 1578 171 1615 una
193 1559 498 1614 substantia
525 1577 535 1611 :
571 1575 692 1629 quae
710 1571 1078 1629 personarum
1106 1556 1320 1609 ratione
1347 1555 1633 1621 dividitur,

78 1651 155 1703 sed
172 1648 391 1703 Deitatis
422 1653 677 1719 respectu
716 1663 828 1701 una
848 1652 951 1700 est.
984 1646 1140 1700 Unus
1169 1645 1319 1698 enim
1343 1650 1429 1698 est
1447 1645 1632 1709 Pater,

1727 582 1783 632 et
1811 578 2023 632 sanitas
2051 583 2149 631 tua
2180 578 2342 632 citius
2357 579 2589 633 orietur.
2616 580 2684 633 Et
2700 580 2936 634 anteibit
2950 580 3145 635 faciem
3164 588 3322 638 tuam

1718 666 1944 737 justitia
1972 671 2089 731 tua,
2122 672 2179 721 et
2201 667 2382 737 gloria
2407 667 2631 721 Domini
2653 669 2877 739 colliget
2898 671 3318 726 te.Tuncinvo-

1724 755 1893 820 cabis,
1922 760 1979 809 et
2014 756 2287 810 Dominus
2308 756 2594 811 exaudiet:
2615 757 2972 821 clamabis,et
2985 759 3159 813 dicet:
3182 761 3319 816 Ecce

1723 845 1923 898 adsum
1948 848 2072 912 (lsa.
2099 846 2398 915 Lxm).Ego
2434 845 2584 899 enim
2615 863 2759 912 sum,
2802 846 2898 917 qui
2929 848 3086 903 deleo
3114 848 3320 921 iniqui-

1722 938 1868 986 tates
1897 938 2043 999 tuas,
2078 939 2135 987 et
2162 950 2273 987 non
2307 934 2678 989 memorabor.
2702 935 2785 989 Tu
2800 953 2929 990 vero
2948 944 3315 1004 memorcsto,

1724 1029 1781 1076 et
1806 1022 2146 1092 judicemur.
2179 1023 2278 1076 Dic
2297 1028 2358 1076 tu
2390 1023 2715 1094 iniquitates
2744 1029 2891 1092 tuas,
2915 1032 2977 1079 ut
2991 1027 3319 1097 justificeris

1729 1112 1854 1181 (Isa.
1906 1114 2081 1174 XLIII).
2118 1110 2177 1165 Si
2223 1111 2433 1165 fuerint
2482 1118 2709 1183 peccata
2754 1119 2854 1167 tua
2905 1120 2969 1168 ut
3009 1116 3314 1177 coccinum.

1725 1199 1884 1269 quasi
1924 1200 2018 1253 nix
2046 1199 2476 1254 dealbabuntur.
2520 1202 2590 1254 Et
2618 1202 2664 1254 si
2701 1201 2912 1256 fuerint
2934 1203 3104 1258 rubra
3158 1206 3318 1276 quasi

1723 1288 2077 1353 vermiculus,
2110 1289 2263 1342 velut
2289 1289 2421 1342 lana
2450 1288 2578 1343 alba
2607 1295 2792 1345 erunt.
2814 1292 2889 1347 Os
2920 1292 3070 1347 enim
3091 1294 3319 1348 Domini

1723 1377 1970 1430 locutum
2001 1383 2087 1431 est
2119 1379 2253 1444 (Isa.
2296 1378 2353 1447 ι).

1792 1466 1924 1520 CAP.
1948 1466 2221 1520 XI.—-Ait
2240 1466 2309 1520 ad
2342 1483 2469 1521 eum
2501 1468 2811 1539 Josaphat:
2846 1470 2976 1524 Hcec
3002 1476 3103 1525 tua
3150 1470 3319 1526 verba

1720 1555 1986 1625 praeclara
2017 1562 2074 1608 et
2104 1554 2438 1610 admiranda
2458 1563 2606 1624 sunt;
2624 1573 2801 1628 eaque
2815 1558 3109 1624 credidi,et
3126 1562 3312 1627 credo,

1721 1658 2058 1714 omnemque
2087 1644 2365 1698 idolorum
2390 1645 2601 1699 cultum
2645 1662 2711 1699 ex
2739 1647 2928 1701 animo
2959 1648 3050 1702 odi
3075 1666 3139 1702 ac
3165 1650 3317 1704 dete-

77 1738 149 1792 cui
172 1738 450 1810 proprium
474 1742 559 1791 est
577 1735 831 1807 genitum
865 1751 975 1789 non
1007 1752 1146 1789 esse.
1177 1734 1333 1788 Unus
1350 1733 1483 1787 item
1507 1733 1635 1786 uni-
1721 1737 1855 1785 stor.
1891 1732 2110 1786 Etenim
2140 1732 2296 1803 prius
2339 1733 2509 1788 etiam
2560 1750 2727 1805 quam
2759 1735 2829 1790 ad
2875 1753 2965 1790 me
3003 1739 3315 1807 accederes,

76 1827 268 1896 genitus
286 1825 476 1891 Filius,
497 1825 585 1879 cui
598 1823 885 1896 proprium
917 1830 1002 1877 est
1018 1824 1273 1893 genitum
1305 1839 1444 1877 esse.
1477 1821 1635 1876 Unus
1653 1843 1699 1903 B
1720 1820 1942 1891 oblique
1961 1821 2373 1892 quodammodo
2389 1839 2452 1876 ac
2463 1822 2785 1878 dubitanter
2807 1842 2941 1895 erga
2953 1843 3018 1880 ea
3041 1827 3318 1882 afﬁcieba-

78 1915 285 1987 denique
315 1914 556 1985 Spiritus
583 1919 829 1978 sanctus,
863 1912 951 1967 cui
978 1912 1265 1984 proprium
1295 1916 1380 1965 est
1410 1927 1639 1982 proces-
1719 1914 1814 1963 tur
1842 1909 2064 1963 animus
2096 1926 2271 1965 meus.
2306 1911 2468 1965 Nunc
2497 1916 2685 1966 autem
2714 1918 3077 1984 posteaquam
3120 1932 3316 1971 eorum

77 2006 209 2059 sisse.
242 2004 325 2058 Sic
354 2003 504 2057 enim
530 2021 630 2057 nos
654 2018 719 2057 ex
747 2002 979 2067 lumine,
1014 2002 1117 2054 hoc
1139 2006 1226 2054 est
1252 2017 1317 2054 ex
1346 2000 1532 2067 Patre,
1556 1999 1639 2055 lu-
1719 1998 2043 2061 vanitatem,
2072 1999 2476 2070 hominumque
2506 2001 2600 2071 qui
2632 2017 2697 2054 ea
2727 2003 2919 2056 colunt
2938 2003 3235 2057 stultitiam
3250 2022 3315 2059 ex

77 2110 201 2157 men,
219 2094 268 2146 id
297 2098 380 2147 est
401 2093 625 2157 Filium,
660 2093 718 2147 in
748 2091 959 2146 lumine
988 2093 1153 2160 (Psal.
1199 2089 1383 2157 xxxv),
1417 2089 1521 2143 hoc
1551 2094 1637 2142 est
1719 2091 1775 2140 te
1794 2087 2063 2153 intellexi,
2091 2088 2333 2158 perfecto
2357 2089 2483 2143 odio
2515 2106 2581 2143 ea
2610 2089 2871 2156 insector,
2925 2108 2989 2145 ac
3039 2092 3154 2147 Deo
3182 2108 3314 2148 vero

77 2183 259 2252 Spiritu
287 2189 498 2249 sancto,
529 2187 840 2247 cernentes,
874 2181 934 2234 in
963 2180 1142 2233 tribus
1181 2178 1435 2250 personis
1462 2194 1633 2231 unam
1718 2192 1807 2229 me
1834 2176 1893 2229 in
1939 2177 2266 2230 servitutem
2317 2178 2575 2232 addicere
2611 2179 2811 2249 gestio,
2855 2180 3020 2234 modo
3052 2197 3140 2235 me
3170 2182 3309 2253 ipse,

74 2272 387 2327 divinitatem
417 2272 584 2326 laude
599 2288 675 2325 ac
685 2270 865 2341 gloria
890 2269 1183 2324 afﬁcimus.
1209 2270 1392 2339 Atque
1414 2267 1531 2338 ipse
1546 2284 1635 2321 ve-

75 2379 153 2415 rus
178 2379 235 2416 ac
258 2363 402 2417 solus
429 2363 582 2417 Deus
612 2366 715 2427 est,
750 2360 846 2432 qui
877 2361 933 2414 in
965 2359 1240 2413 Trinitate
1262 2357 1587 2428 agnoscitur
1616 2375 1628 2424 ;

74 2452 306 2521 quoniam
338 2469 401 2506 ex
422 2451 565 2523 ipso,
598 2455 655 2506 et
672 2467 772 2522 per
792 2450 1057 2521 ipsum,et
1080 2447 1137 2502 in
1158 2448 1278 2519 ipso
1300 2446 1490 2501 omnia
1502 2450 1635 2500 sunt

75 2542 218 2605 (Rom.
250 2543 342 2607 x1).

131 2630 293 2700 Hujus
320 2629 590 2684 beneﬁcio
614 2634 670 2683 et
689 2629 874 2699 gratia
902 2629 1021 2699 ipse
1043 2643 1283 2698 quoque,
1308 2642 1434 2679 cum
1448 2624 1516 2678 de
1532 2627 1629 2678 tuo

73 2723 198 2772 statu
210 2719 404 2773 certior
421 2719 601 2773 factus
622 2724 786 2783 esset,
806 2718 1011 2771 missus
1031 2719 1373 2781 sum,%45
1393 2719 1458 2767 ut
1488 2730 1554 2766 ea
1573 2719 1630 2766 te

72 2807 293 2861 docerem
324 2825 443 2878 quae
474 2806 663 2873 didici,
697 2812 865 2877 atque
905 2805 975 2859 ab
1004 2806 1234 2858 ineunte
1259 2807 1424 2858 aetate
1452 2818 1629 2872 usque

71 2896 127 2948 ad
149 2896 278 2951 hanc
306 2897 568 2951 canitiem
583 2895 814 2950 servavi.
839 2893 1110 2959 Quocirca
1135 2893 1182 2947 si
1220 2891 1541 2954 credideris,
1575 2896 1632 2943 et

68 2983 347 3055 baptizatus
360 2986 556 3053 fueris,
579 2986 764 3039 salvus
785 2984 927 3051 eris;
964 2984 1011 3037 si
1040 2988 1229 3037 autern
1259 2997 1371 3034 non
1387 2979 1631 3034 credide-

76 3072 154 3139 ris,
176 3075 625 3130 condemnaberis
644 3076 831 3143 (Marc.
854 3076 993 3139 va).
1018 3073 1163 3127 Nam
1185 3087 1251 3123 ea
1279 3087 1401 3141 quae
1414 3068 1632 3123 hodier-

1714 2264 2005 2319 hominem
2018 2266 2329 2336 indignum,
2350 2266 2418 2320 ob
2432 2267 2757 2338 iniquitates
2772 2284 2925 2322 meas
2941 2269 3171 2324 minime
3185 2270 3313 2325 sub-

1715 2360 1953 2420 moveat,
1976 2371 2171 2408 verum
2201 2371 2302 2426 pro
2331 2371 2451 2421 sua,
2484 2362 2549 2410 ut
2574 2357 2756 2422 doces,
2802 2356 3144 2426 benignitate
3174 2358 3312 2414 mihi

1714 2444 1904 2497 omnia
1915 2443 2209 2510 condonet,
2236 2460 2436 2515 meque
2462 2462 2682 2499 servum
2705 2445 2811 2499 sibi
2831 2446 3102 2501 asciscere
3121 2448 3313 2518 digne-

1712 2538 1825 2586 tur.
1861 2533 1889 2586 J
1894 2549 1985 2586 am
2014 2532 2204 2602 itaque
2218 2532 2496 2604 baptisma
2517 2534 2799 2604 suscipere
2815 2539 3047 2605 paratus
3060 2552 3204 2603 sum,
3229 2542 3312 2592 at-

1715 2638 1823 2691 que
1852 2620 2042 2674 omnia
2070 2638 2192 2691 quae
2220 2622 2621 2693 praescripseris
2642 2639 2882 2677 servare.
2904 2624 3184 2687 Quidnam
3205 2642 3309 2680 au-

1712 2715 1829 2763 tem
1856 2709 1993 2763 mihi
2010 2716 2134 2781 post
2147 2710 2486 2781 baptismum
2499 2711 2817 2765 faciendum
2839 2713 2950 2766 est?
2974 2713 3195 2768 Satisne
3224 2719 3311 2769 est

1713 2799 1783 2853 ad
1814 2799 2054 2853 salutem
2074 2800 2301 2853 credere
2321 2816 2386 2852 ac
2413 2799 2726 2871 baptizari?
2754 2818 2826 2854 an
2840 2801 3010 2855 etiam
3031 2803 3143 2857 alia
3162 2820 3312 2876 quae-

1712 2887 1840 2941 dam
1872 2888 2180 2958 adjungere
2210 2905 2433 2942 necesse
2454 2894 2540 2942 est
2564 2889 2589 2942 ’ἶ

1783 2977 1935 3031 Dixit
1961 2984 2151 3031 autem
2180 2977 2250 3031 ad
2274 2993 2401 3031 eum
2418 2978 2675 3032 Barlaam
2704 2998 2715 3032 :
2741 2980 2886 3033 Audi
2917 2979 3051 3052 quid
3070 2980 3313 3052 tibipost

1712 3065 2054 3137 baptismum
2080 3065 2397 3121 faciendum
2421 3068 2527 3121 sit:
2585 3084 2785 3138 nempe
2815 3074 2879 3123 ut
2905 3069 2975 3123 ab
3005 3069 3157 3123 omni
3181 3087 3312 3140 pec-

74 3179 131 3216 no
156 3164 235 3219 die
262 3166 456 3231 cernis,
492 3169 550 3219 et
577 3163 778 3236 quibus
798 3161 1200 3234 gloriaris,hoc
1221 3166 1322 3225 est,
1355 3158 1553 3229 gloria,
1578 3161 1634 3211 et
1655 3160 1697 3222 C
1716 3162 1858 3219 cato,
1881 3162 1938 3209 et
1969 3155 2038 3209 ab
2067 3154 2218 3209 omni
2247 3155 2449 3210 vitiosa
2477 3156 2768 3210 affectione
2801 3156 3104 3224 abstineas,
3141 3163 3311 3228 atque

73 3250 271 3321 deliciae,
302 3259 356 3309 et
374 3271 528 3326 opes,
563 3259 621 3308 et
648 3252 828 3307 omnis
881 3252 1115 3322 hujusce
1150 3248 1625 3318 vitzeimpostura,

68 3341 164 3409 jam
178 3344 395 3415 jamque
408 3342 794 3415 prmteribunt,
816 3346 985 3412 teque
1014 3339 1255 3393 invitum
1269 3337 1439 3392 etiam
1461 3353 1525 3391 ac
1540 3352 1630 3390 re-

71 3438 378 3501 pugnantem
406 3433 539 3487 hinc
567 3432 810 3503 ejicient.

127 3522 195 3573 Ac
219 3539 410 3593 corpus
435 3522 662 3594 quidem
688 3519 990 3593 perexiguo
1011 3518 1266 3589 sepulcro
1289 3514 1625 3579 includetur,

71 3608 223 3663 solum
241 3611 687 3682 relictum,atque
701 3609 852 3664 omni
872 3607 1180 3663 amicorum
1194 3611 1251 3659 et
1266 3609 1631 3675 cognatorum

70 3703 190 3753 cmtu
210 3700 556 3755 destitutum.
571 3700 869 3755 Facessent
880 3703 1067 3753 autem
1091 3694 1287 3750 mundi
1312 3691 1631 3764 jucundita—

71 3790 153 3851 tes.
181 3794 338 3860 atque
366 3789 566 3861 ingens
595 3789 849 3861 quaedam
876 3785 1183 3841 insuavitas
1221 3801 1285 3838 ac
1304 3782 1477 3837 fetida
1505 3797 1628 3834 cor-

70 3877 227 3947 ruptio
255 3879 542 3950 prazsentis
579 3876 1009 3950 pulchritudinis
1056 3880 1114 3929 et
1159 3871 1481 3943 fragrantia:
1511 3870 1630 3923 loco

70 3964 151 4019 tibi
176 3967 409 4040 undique
439 3968 779 4023 alfundetur.
805 3965 1008 4020 Anima
1033 3980 1163 4018 vero
1182 3968 1283 4016 tua
1302 3960 1520 4015 inferno
1538 3958 1632 4013 ad-

70 4052 211 4121 dicta,
242 4056 295 4111 in
311 4057 601 4112 inferiores
615 4062 777 4110 terra:
798 4060 985 4126 partes
997 4069 1176 4124 usque
1196 4051 1267 4105 ad
1287 4055 1631 4122 postremam

71 4147 503 4202 resurrectionem
534 4145 885 4217 conjicietur.
939 4144 1061 4207 Quo
1110 4141 1322 4196 scilicet
1372 4145 1629 4208 tempore

72 4231 232 4289 anima
257 4242 475 4308 recepto
509 4232 742 4306 corpore
776 4250 877 4289 suo
904 4249 937 4287 ει
961 4230 1185 4287 Domini
1213 4229 1352 4283 facie
1376 4226 1631 4299 projicie-

72 4325 162 4389 tur,
199 4341 257 4379 ac
306 4326 595 4397 gehennae,
650 4325 809 4395 cujus
858 4323 1089 4377 ﬂamma
1133 4318 1478 4389 sempiterna
1523 4320 1627 4383 est,

1714 3244 2034 3299 orthodoxae
2046 3244 2174 3297 fidei
2189 3243 2833 3299 fundamentovirtutum
2853 3246 3101 3300 studium
3117 3263 3312 3317 super-

1714 3332 2203 3396 struas.Quoniam
2227 3333 2366 3386 ﬁdes
2380 3333 2499 3387 sine
2516 3333 2777 3404 operibus
2798 3340 3021 3389 mortua
3054 3341 3138 3389 est
3169 3337 3303 3403 (Jac.

1714 3423 1775 3491 Ι),
1806 3421 2279 3493 quemadmodum
2299 3422 2467 3476 etiam
2486 3439 2654 3493 opera
2666 3429 2881 3477 remota
2904 3424 3031 3477 ﬁde.
3051 3424 3144 3477 Ait
3158 3425 3310 3479 enim

1713 3512 2012 3583 Apostolus
2039 3511 2183 3583 (Gal.
2216 3514 2271 3577 γ)
2316 3530 2328 3564 :
2371 3510 2582 3581 Spiritu
2619 3511 2922 3578 ambulate,
2947 3519 3004 3567 et
3032 3513 3312 3569 desideria

1714 3601 1897 3654 carnis
1919 3617 1989 3654 ne
2030 3600 2352 3671 pcrﬁciatis.
2401 3599 2696 3654 Manifesta
2743 3606 2876 3655 sunt
2904 3618 3073 3672 opera
3101 3603 3305 3671 carnis,

1715 3706 1837 3760 quae
1857 3694 1989 3743 sunt
2008 3689 2366 3754 adulterium,
2399 3688 2711 3756 fornicatio,
2743 3689 3123 3757 immunditia,
3152 3692 3311 3746 luxu-

1713 3778 1816 3843 ria,
1842 3778 2119 3832 idolorum
2137 3777 2396 3841 servitus,
2420 3779 2707 3843 veneﬁcxa,
2728 3778 3055 3844 inimicitite,
3080 3784 3305 3834 conten-

1712 3867 1914 3934 tiones,
1962 3866 2370 3935 aemulationes,
2401 3866 2516 3927 ira,
2543 3865 2692 3932 rixae,
2713 3867 3102 3933 dissentiones,
3122 3874 3305 3937 sectae,

1715 3955 1956 4023 invidiae,
1975 3955 2291 4021 homicidia,
2317 3954 2570 4021 avaritia,
2592 3954 3201 4023 maledictiones,amor
3220 3974 3311 4012 vo-

1714 4046 2017 4116 luptatum,
2050 4043 2370 4110 ebrietates,
2403 4044 2853 4111 comessationes,
2889 4051 2946 4100 et
2973 4044 3059 4099 his
3083 4045 3307 4114 similia,

1713 4150 1834 4206 quae
1868 4133 2107 4205 praedico
2128 4133 2300 4198 vobis,
2325 4133 2469 4187 sicut
2498 4133 2746 4205 praedixi,
2774 4134 3037 4204 quoniam
3061 4135 3156 4205 qui
3174 4136 3312 4189 talia

1714 4230 1891 4295 agunt
1917 4239 2153 4294 regnum
2167 4223 2268 4277 Dei
2291 4239 2403 4277 non
2419 4228 2849 4293 consequentur.
2868 4222 3106 4279 Fructus
3122 4229 3312 4279 autem

1718 4314 1963 4385 Spiritus
1982 4318 2085 4379 est,
2119 4311 2383 4377 Charitas,
2415 4312 2705 4382 gaudium,
2739 4328 2864 4383 pax,
2889 4311 3308 4384 longanimitas,

73 4411 466 4485 mancipabitur.
502 4414 630 4469 Haec
656 4412 778 4478 tibi,
800 4417 969 4483 atque
989 4409 1161 4465 etiam
1187 4409 1353 4478 longe
1380 4407 1469 4459 hlS
1494 4421 1626 4476 gra-
1647 4480 1685 4485 Δ
1709 4402 2048 4474 benignitas,
2078 4400 2315 4466 bonitas,
2343 4401 2500 4467 ﬁdes,
2525 4402 2918 4467 mansuetudo,
2943 4402 3310 4470 continentia,

72 4498 200 4555 viora
215 4503 552 4574 contingent.
582 4502 628 4556 si
650 4502 708 4556 in
747 4500 1081 4555 inﬁdelitate
1110 4495 1444 4569 perstiteris.

131 4589 180 4643 Si
217 4597 396 4647 autem
425 4592 476 4647 ei
505 4591 601 4664 qui
634 4597 688 4646 te
719 4591 790 4645 ad
828 4588 1071 4645 salutem
1105 4586 1322 4652 invitat,
1370 4587 1629 4655 prompto

75 4678 232 4734 animo
253 4682 521 4753 parueris,
555 4687 721 4751 atque
752 4679 822 4733 ad
861 4694 990 4732 eum
1013 4674 1214 4747 cupido
1228 4674 1421 4728 etlaato
1443 4671 1631 4725 animo

74 4782 349 4838 accurrens,
380 4771 555 4843 ipsius
577 4769 789 4824 lumine
819 4767 1073 4838 signatus
1111 4764 1283 4818 fueris
1339 4763 1500 4828 (Psal.
1535 4762 1626 4828 Iv),

75 4871 279 4929 eumque
304 4860 382 4914 ita
409 4858 683 4931 sequaris,
710 4863 774 4913 ut
803 4874 837 4911 a
862 4861 1021 4927 tergo
1051 4853 1285 4908 minime
1323 4854 1626 4922 respectes,

74 4950 231 5016 atque,
269 4948 524 5004 omnibus
555 4948 722 5002 rebus
751 4945 984 5016 abjectis
1013 4950 1069 4998 et
1115 4940 1471 5011 contemptis,
1522 4935 1630 5008 ipsi

73 5034 155 5088 soli
182 5038 473 5106 adlicereas,
529 5043 797 5110 quantam
828 5035 958 5089 inde
989 5032 1253 5087 fiduciam
1284 5047 1351 5085 ac
1376 5027 1628 5083 laetitiam

73 5128 410 5198 consequeris,
437 5126 602 5183 audi:
637 5124 693 5182 Si
724 5124 953 5190 sederis,
982 5137 1213 5176 securus
1243 5119 1355 5174 eris
1389 5137 1401 5186 ;
1429 5116 1475 5171 si
1502 5116 1629 5169 dor-

75 5212 249 5281 mieris,
277 5217 523 5287 jucunde
559 5214 951 5287 conquiesces:
987 5228 1090 5265 nec
1117 5208 1629 5264 timebisterrorem

74 5305 539 5373 supervenientem,
570 5322 673 5360 nec
694 5302 996 5375 impiorum
1027 5300 1346 5354 daemonum
1385 5296 1630 5367 impetus

76 5390 219 5447 tProv.
250 5398 348 5461 In),
379 5412 570 5450 verum
598 5393 943 5448 confidenter
982 5393 1048 5444 ut
1076 5390 1162 5443 leo
1193 5387 1419 5442 incedes
1441 5386 1623 5455 (Prov.

76 5481 258 5554 xxvm),
310 5502 373 5539 ac
401 5502 527 5539 cum
553 5483 749 5538 laetitia
786 5487 844 5536 et
880 5479 1225 5551 sempiterna
1255 5473 1629 5530 exsultatione

76 5566 211 5627 vives.
240 5573 450 5629 Etenim
480 5590 651 5646 super
681 5576 850 5645 caput
877 5574 1039 5625 tuum
1061 5566 1329 5623 exultatio
1341 5569 1399 5619 et
1428 5564 1552 5618 laus
1574 5567 1633 5616 et

76 5653 238 5716 laetitia
261 5668 314 5719 te
340 5661 792 5736 comprehendet.
844 5658 1087 5730 Eti‘ugiet
1113 5656 1292 5724 dolor,
1315 5660 1373 5711 et
1400 5668 1627 5719 mceror,

1647 4480 1696 4539 D
1714 4491 2080 4546 sanctificatio
2112 4491 2311 4545 animze
2341 4495 2399 4543 et
2425 4490 2693 4560 corporis,
2727 4489 2908 4543 cordis
2936 4490 3225 4544 afﬂictatio
3255 4496 3314 4545 et

1713 4580 1997 4645 contritio,
2031 4576 2761 4650 eleemosyna,injuriarum
2790 4575 3012 4644 oblivio,
3050 4577 3312 4632 humani-

1714 4674 1821 4734 tas,
1837 4667 2045 4737 vigilia,
2069 4668 2289 4720 sincera
2308 4665 2377 4719 de
2394 4665 2652 4719 omnibus
2666 4665 3107 4735 praecedentibus
3122 4683 3312 4737 pecca-

1712 4759 1785 4813 tis
1814 4755 2164 4828 pcenitentia,
2196 4752 2637 4824 compunctionis
2666 4754 2943 4825 lacrymae,
2984 4753 3168 4809 luctus
3186 4760 3310 4810 tum

1714 4864 1815 4919 pro
1838 4844 1973 4911 suis,
1998 4850 2118 4899 tum
2142 4859 2243 4915 pro
2265 4842 2503 4897 aliorum
2527 4841 2787 4913 peccatis,
2821 4843 3042 4915 aliaque
3058 4845 3314 4916 ejusdem

1712 4934 1936 5007 generis
1958 4952 1970 4987 :
1991 4949 2113 5004 qua:
2135 4932 2362 5003 quidem
2384 4936 2653 5002 tanquam
2670 4933 2879 5002 gradus
2904 4939 2961 4987 et
2980 4934 3143 4989 scalae
3164 4934 3314 4990 inter

1714 5042 1774 5079 se
1804 5024 2168 5088 cohzerentes,
2196 5026 2364 5092 atque
2382 5021 2504 5075 alia:
2539 5020 2608 5074 ab
2624 5021 2745 5075 aliis
2771 5023 3030 5088 suffulta},
3056 5023 3311 5078 animum

1711 5115 1769 5169 in
1799 5114 1999 5168 cadum
2031 5110 2364 5166 subvehunt.
2399 5109 2477 5163 En
2509 5110 2625 5165 haec
2663 5117 2939 5182 suntquae
2964 5118 3091 5183 post
3105 5111 3311 5183 baptis-

1714 5218 1869 5257 mum
1899 5198 2159 5272 amplecti
2179 5197 2464 5270 jubemur,
2497 5204 2667 5271 atque
2687 5198 2757 5253 ab
2786 5200 2909 5253 aliis
2932 5217 3053 5271 quae
3074 5215 3201 5255 cum
3222 5198 3309 5255 his

1713 5295 1969 5364 pugnant
1988 5289 2289 5343 abstinere.

1784 5379 1944 5445 Quod
2003 5379 2050 5433 si
2106 5385 2233 5449 post
2283 5382 2569 5449 acceptam
2623 5375 2876 5430 veritatis
2931 5377 3312 5447 cognitionem

1713 5471 1903 5542 priora
1950 5474 2175 5523 mortua
2221 5484 2393 5539 opera
2421 5482 2645 5522 rursum
2674 5463 3030 5535 arripiamus,
3067 5482 3133 5520 ac
3156 5466 3311 5522 canis

1712 5559 1890 5614 instar
1911 5558 1981 5613 ad
2008 5562 2262 5613 nostrum
2300 5556 2572 5611 vomitum
2619 5558 2966 5609 revertamur
2999 5556 3186 5623 (IIPct.
3219 5557 3305 5628 II),

1713 5649 1854 5706 illud
1883 5647 2045 5704 nobis
2071 5663 2179 5703 usu
2208 5645 2409 5715 veniet,
2442 5645 2591 5720 quod
2616 5661 2649 5700 a
2678 5642 2916 5700 Domino
2971 5644 3186 5701 dictum
3224 5652 3311 5703 est
