3878 6398
524 318 629 377 483

1547 321 1642 375 DE
1676 321 1868 375 VITIS
1907 319 2202 374 PATRUM
2239 319 2456 375 LIBER
2491 319 2783 374 PRIMUS.

3705 321 3799 376 484

522 445 698 514 (Luca
727 446 796 512 x1)
834 463 845 497 :
896 446 1035 499 Cum
1057 445 1227 512 enim,
1281 446 1483 516 inquit,
1514 446 1746 500 exiverit
1791 445 2116 499 immundus
2136 446 2440 514 Avocans).
2461 445 2692 512 Adbzec,
2713 462 2840 499 cum
2875 446 2960 499 lex
2980 445 3291 516 perjurium
3307 443 3633 516 prohibeat,
3653 445 3802 499 Chri-

520 533 750 604 Spiritus
777 531 848 586 ab
878 533 1104 586 homine
1141 539 1258 603 (per
1303 533 1568 604 baptismi
1617 533 1829 586 scilicet
1857 533 2120 602 gratiam)

521 620 773 674 ambulat
805 637 903 690 per
922 621 1043 674 loca
1060 621 1612 692 inaquosa,qua3rens
1637 622 1908 692 requiem,
1935 629 1992 675 et
2009 638 2120 674 non

522 707 754 762 invenit.
788 709 1132 763 Permoleste
1157 717 1345 764 autem
1370 711 1554 764 ferens
1584 727 1642 763 se
1662 710 1874 763 diutius
1904 709 2035 762 tecti
2059 726 2121 762 ac

524 797 660 850 laris
681 804 966 868 expertem
997 816 1138 862 esse,
1173 805 1365 864 κίεις
1381 799 1495 851 ait:
1529 799 1800 852 Revertar
1818 798 1876 850 in
1889 797 2120 850 domum

521 903 706 940 meam
761 887 911 940 unde
955 887 1113 940 exivi.
1165 888 1234 941 Et
1261 889 1486 940 veniens
1535 886 1747 940 invenit
1785 903 1908 939 eam
1940 886 2122 955 scopis

519 975 852 1029 mundatam
883 981 940 1029 et
964 982 1241 1041 ornatam,
1267 983 1531 1030 caeterum
1561 975 1786 1028 inanem
1833 991 1896 1028 ac
1925 991 2121 1028 vacan-

520 1069 657 1130 tem,
694 1069 758 1118 ut
783 1081 904 1136 quae
933 1065 1128 1134 gratia;
1151 1065 1365 1119 cultum
1395 1069 1566 1134 atque
1597 1064 1977 1134 operationem
2014 1062 2120 1116 mi-

520 1152 674 1207 nime
705 1153 1030 1224 susceperit,
1061 1171 1162 1207 nec
1191 1171 1252 1207 se
1281 1153 1460 1224 ipsam
1489 1154 1759 1206 virtutum
1807 1151 2003 1222 opibus
2031 1167 2124 1204 cu-

521 1242 777 1296 mularit.
811 1243 970 1296 Tunc
998 1243 1168 1309 vadit,
1203 1249 1260 1296 et
1273 1243 1510 1296 assumit
1527 1259 1714 1295 secum
1738 1247 1952 1310 septem
1982 1239 2122 1293 alios

525 1330 762 1401 spiritus
793 1331 1090 1401 nequiores
1118 1348 1196 1395 se,
1244 1337 1300 1384 et
1328 1331 1614 1400 ingressus
1644 1329 1862 1384 habitat
1889 1329 2020 1382 illic.
2055 1328 2124 1381 Et

529 1421 676 1474 ﬁunt
687 1419 991 1474 novissima
1007 1419 1248 1473 hominis
1259 1419 1411 1472 illius
1430 1421 1626 1490 pejora
1638 1418 1932 1490 prioribus.
1944 1417 2125 1487 Siqui-

531 1508 660 1562 dem
675 1507 1242 1578 baptismuspriorum
1261 1508 1485 1578 quidem
1500 1508 1750 1561 omnium
1769 1512 2124 1578 peccatorum

530 1597 880 1668 syngraphas
908 1613 1056 1667 aqua
1085 1596 1288 1660 obruit,
1319 1613 1385 1650 ac
1407 1613 1637 1666 prorsus
1659 1596 1808 1649 delet
1823 1603 1880 1649 et
1901 1595 2126 1649 oblitte-

529 1690 636 1751 rat,
669 1691 838 1755 atque
862 1685 919 1738 in
948 1691 1232 1756 posterum
1265 1685 1616 1738 ﬁrmissimus
1646 1684 1805 1738 nobis
1828 1701 2022 1738 murus
2043 1690 2128 1737 est

529 1790 594 1828 ac
625 1775 818 1838 turris,
853 1779 910 1826 et
924 1773 1065 1827 forte
1085 1775 1259 1826 telum
1292 1773 1361 1826 ad
1392 1773 1644 1845 praelium
1663 1790 1788 1826 cum
1811 1773 1970 1826 hoste
1991 1789 2124 1826 con-

2203 539 2322 586 stus
2339 535 2533 603 jurare
2571 535 2800 589 omnino
2828 541 2995 596 vetat,
3029 551 3129 588 nec
3156 535 3465 605 quidquam
3490 534 3651 588 aliud
3687 551 3801 605 per-

2205 621 2397 683 mittit,
2421 640 2610 693 quam,
2637 625 2751 689 Est,
2783 629 2898 684 est;
2933 624 3078 688 Non,
3099 640 3228 678 non.
3250 623 3492 678 Oculum
3514 640 3620 694 pro
3649 625 3802 677 oculo

2205 715 2261 764 et
2289 711 2515 764 dentem
2544 729 2646 782 pro
2676 713 2862 777 dente,
2895 712 3007 766 illic
3033 730 3044 776 ;
3079 711 3167 765 hic
3198 718 3388 766 autem
3423 730 3436 764 :
3473 712 3802 782 Quicunque

2205 800 2544 869 percusserit
2571 807 2626 854 te
2658 801 2716 853 in
2740 801 3026 855 dexteram
3051 799 3559 872 maxillam,przebe
3587 800 3638 853 ei
3669 802 3806 854 etal-

2202 893 2405 940 teram.
2441 888 2508 942 Et
2537 888 2634 957 qui
2662 895 2848 942 tecum
2879 889 2998 942 vult
3005 889 3217 958 judicio
3237 889 3584 942 contendere
3597 889 3805 942 ettuni-

2202 992 2323 1029 cam
2341 981 2496 1029 tuam
2514 977 2729 1039 tollere,
2755 977 2976 1031 dimitte
2994 984 3051 1030 et
3069 977 3119 1030 ei
3135 977 3468 1048 pallium.Et
3488 977 3805 1048 quicunque

2203 1070 2260 1118 te
2281 1065 2660 1134 angariaverit
2684 1065 2836 1120 mille
2861 1083 3077 1137 passus,
3109 1066 3246 1120 vade
3267 1083 3394 1120 cum
3418 1066 3519 1119 illo
3544 1066 3662 1119 alia
3680 1065 3806 1119 duo-

2205 1153 2313 1216 Qui
2351 1153 2493 1223 petit
2522 1169 2556 1206 a
2583 1160 2660 1216 te,
2694 1153 2768 1208 da
2795 1154 2866 1208 ei.
2900 1155 2970 1208 Et
3007 1155 3286 1208 volentem
3312 1171 3345 1208 a
3369 1159 3426 1208 te
3459 1155 3716 1208 mutuari
3742 1171 3803 1207 ne

2204 1247 2442 1296 avertas.

2275 1330 2527 1384 Audistis
2549 1330 2682 1401 quia
2703 1331 2914 1386 dictum
2929 1338 3030 1385 est:
3062 1331 3272 1402 Diliges
3288 1331 3612 1402 proximum
3628 1337 3802 1393 tuum,

2205 1419 2391 1472 etodio
2405 1419 2635 1472 habebis
2650 1419 2940 1474 inimicum
2954 1421 3259 1489 tuum.Ego
3276 1425 3467 1473 autem
3486 1420 3619 1473 dico
3633 1419 3800 1473 vobis:

2205 1507 2432 1578 Diligite
2453 1507 2708 1562 inimicos
2729 1515 2961 1572 vestros,
2987 1508 3292 1562 benefacite
3319 1509 3408 1562 his
3440 1509 3538 1579 qui
3567 1509 3806 1562 oderunt
3875 1549 3878 1554 .

2209 1603 2387 1656 vos,et
2397 1603 2656 1667 oratepro
2670 1596 3134 1667 persequentibus
3147 1605 3204 1650 et
3213 1597 3803 1660 calumniantibusvos,

2209 1691 2274 1738 ut
2301 1685 2423 1738 sitis
2453 1685 2554 1738 ﬁlii
2584 1687 2768 1739 Patris
2807 1687 2972 1740 vestri
3001 1686 3095 1756 qui
3121 1686 3179 1740 in
3203 1687 3355 1740 caelis
3377 1693 3482 1749 est,
3507 1687 3608 1757 qui
3639 1686 3806 1739 solem

2209 1790 2372 1828 suum
2404 1773 2539 1826 facit
2551 1774 2684 1827 oriri
2704 1791 2872 1845 super
2890 1775 3064 1827 bonos
3085 1780 3142 1827 et
3171 1775 3365 1835 malos,
3388 1783 3446 1828 et
3474 1775 3626 1845 pluit
3647 1792 3808 1844 super

529 1863 978 1918 serendum.Non
996 1861 1406 1916 tamenarbitrii
1430 1861 1914 1928 libertatemtollit,
1947 1878 2127 1932 neque
2205 1863 2388 1931 justos
2420 1870 2478 1917 et
2525 1863 2764 1933 injustos
2801 1867 2941 1926 (Luc.
2975 1862 3072 1932 γι).
3101 1863 3287 1917 Nolite
3309 1863 3586 1932 judicare,
3617 1869 3683 1916 ut
3701 1881 3807 1916 non

524 1957 751 2024 peccata
778 1967 845 2004 ea
874 1968 995 2021 qua:
1021 1959 1147 2022 post
1158 1950 1498 2022 baptismum
1515 1950 2130 2005 contrahunturremit-
2206 1951 2537 2020 judicemim
2567 1951 2862 2017 Dimittite,
2882 1957 2939 2004 et
2953 1951 3273 2005 dimittetur
3291 1951 3462 2005 vobis.
3482 1952 3678 2006 Nolite
3689 1953 3804 2005 the-

523 2041 613 2107 tit,
641 2057 744 2094 nec
771 2040 1074 2094 secundam
1095 2039 1154 2093 in
1190 2039 1464 2110 piscinam
1494 2040 1913 2096 immersionem
1943 2039 2122 2093 conti-
2139 2032 2185 2090 B
2206 2041 2486 2094 saurizare
2501 2039 2656 2094 vobis
2679 2040 2972 2094 thesauros
2983 2039 3039 2093 in
3061 2044 3230 2106 terra,
3253 2040 3346 2094 ubi
3364 2057 3554 2110 aerugo
3577 2047 3638 2094 et
3655 2041 3804 2094 tinea

525 2135 641 2184 net.
677 2130 862 2184 Unum
887 2128 1037 2182 enim
1059 2127 1341 2199 baptisma
1367 2129 1705 2182 conﬁtemur
1735 2147 1748 2195 ;
1785 2145 1849 2182 ac
1891 2128 2124 2198 proinde
2208 2129 2530 2192 demolitur,
2551 2136 2607 2182 et
2620 2129 3808 2183 fureseil‘odiuntetfurantur.Thesaurizate

525 2228 750 2274 summa
779 2217 1073 2287 diligentia
1095 2233 1290 2271 cavere
1317 2216 1595 2271 debemus
1627 2235 1697 2271 ne
1725 2217 1782 2270 in
1813 2234 1983 2271 novas
1998 2234 2128 2271 sor—

515 2308 614 2362 des
635 2307 965 2371 incidamus,
995 2323 1186 2360 verum
1203 2305 1426 2360 Domini
1451 2306 1720 2360 mandata
1741 2323 2120 2377 capessamus.

523 2397 668 2451 Nam
698 2413 824 2450 cum
843 2396 960 2466 ipse
978 2395 1246 2466 apostolis
1264 2395 1508 2448 dixisset:
1538 2397 1621 2450 Ite
1641 2401 1698 2448 et
1714 2397 1906 2449 docete
1931 2413 2126 2450 omnes

522 2491 739 2555 gentes,
773 2484 1120 2555 baptizantes
1143 2501 1238 2537 eos
1264 2483 1322 2536 in
1367 2484 1593 2538 nomine
1615 2484 1814 2549 Patris,
1849 2491 1905 2538 et
1923 2483 2050 2538 Filii
2069 2490 2126 2538 et

527 2574 771 2644 Spiritus
801 2573 998 2639 sancti,
1031 2589 1144 2626 non
1165 2572 1255 2625 hic
1283 2573 1551 2635 constitit,
1571 2590 1764 2627 verum
1779 2573 2001 2642 adjecit,
2019 2574 2125 2626 Do-

527 2667 717 2715 centes
743 2679 838 2716 eos
865 2678 1087 2716 servare
1118 2661 1310 2714 omnia
1341 2677 1687 2732 quaecunque
1715 2662 1950 2732 praecepi
1970 2661 2124 2716 vobis

530 2751 725 2818 (Marc.
757 2756 870 2804 xvn
883 2793 894 2804 .

599 2839 884 2892 Mandavit
901 2855 1066 2910 porro
1092 2845 1158 2892 ut
1175 2839 1373 2908 spiritu
1403 2855 1675 2910 pauperes
1703 2839 1878 2894 simus
1911 2841 2119 2905 (Matth.

525 2929 574 2994 ν)
608 2927 768 2992 (tales
798 2927 946 2980 enim
985 2927 1194 2992 beatos,
1233 2927 1554 2998 ccelestique
1576 2945 1748 2997 regno
1779 2929 1978 2998 dignos
2001 2945 2122 2982 esse

523 3017 902 3087 pronuntiat).
943 3017 1155 3070 Deinde
1199 3022 1265 3070 ut
1299 3016 1356 3069 in
1385 3017 1646 3087 praesenti
1679 3034 1792 3071 arvo
1830 3017 2122 3086 lugeamus

2209 2225 2398 2272 autem
2422 2217 2576 2272 vobis
2593 2217 2957 2272 thesaurosin
2980 2218 3137 2283 cado,
3161 2217 3257 2272 ubi
3277 2235 3459 2289 neque
3482 2235 3697 2288 aerugo,
3719 2236 3807 2272 ne-

2211 2325 2319 2378 que
2348 2307 2503 2361 tinea
2528 2307 2848 2371 demolitur,
2881 2312 2939 2360 et
2960 2306 3052 2361 ubi
3076 2307 3228 2360 fures
3259 2323 3370 2360 non
3399 2307 3681 2361 effodiunt
3708 2325 3804 2360 nec

2207 2395 2490 2452 furantur.
2535 2395 2638 2450 Ubi
2669 2395 2819 2449 enim
2863 2401 2946 2450 est
2993 2396 3292 2450 thesaurus
3333 2401 3486 2460 tuus,
3523 2395 3602 2449 ibi
3632 2403 3692 2450 et
3717 2414 3808 2450 cor
3876 2389 3878 2396 ’

2205 2491 2386 2540 tuum.
2415 2486 2496 2538 Ne
2523 2484 2744 2538 solliciti
2772 2485 2894 2538 sitis
2906 2485 3106 2538 animae
3136 2492 3328 2540 vestrae
3348 2485 3484 2554 quid
3503 2485 3805 2538 manduce-

2208 2574 2299 2634 tis,
2327 2590 2508 2644 neque
2537 2573 2755 2644 corpori
2774 2580 2959 2626 vestro
2981 2573 3115 2643 quid
3145 2573 3490 2636 induamini;
3525 2574 3634 2628 scit
3664 2575 3806 2628 enim

2207 2663 2376 2716 Pater
2389 2668 2574 2716 vester
2586 2662 2827 2716 ccelestis
2839 2661 3099 2732 quoniam
3117 2662 3204 2715 his
3221 2661 3480 2716 omnibus
3510 2663 3796 2732 indigetis.

2205 2751 2391 2815 Quare
2435 2751 2532 2822 qui
2561 2751 2806 2804 animam
2841 2757 2896 2804 et
2925 2768 3126 2821 corpus
3153 2751 3325 2816 dedit,
3368 2768 3605 2823 prorsus
3637 2753 3802 2805 etiam

2205 2839 2391 2894 cibum
2415 2846 2472 2894 et
2492 2839 2885 2894 indumentum
2910 2839 3096 2905 dabit;
3131 2839 3242 2904 ille,
3277 2839 3532 2910 inquam,
3559 2841 3658 2911 qui
3681 2841 3801 2894 C(Pli

2205 2947 2332 2983 aves
2363 2930 2559 2994 nutrit,
2592 2934 2650 2983 et
2673 2929 2794 2998 agri
2815 2928 2931 2982 lilia
2965 2934 3126 2982 tanta
3171 2929 3593 2999 pulchritudine
3623 2937 3798 2983 emat.

2205 3019 2448 3082 Quaerite
2465 3023 2651 3071 autem
2670 3017 2913 3088 primum
2926 3034 3160 3087 regnum
3173 3017 3275 3071 Dei
3289 3022 3343 3071 et
3347 3018 3640 3087 justitiam
3666 3020 3796 3088 ejus,

535 3111 746 3168 monet,
781 3121 890 3177 quo
920 3104 1179 3158 videlicet
1197 3105 1255 3159 in
1282 3105 1470 3159 futuro
1502 3105 1882 3159 consolatione
1907 3105 2178 3165 afﬁcia-C
2203 3112 2260 3160 et
2287 3107 2402 3160 haec
2424 3106 2613 3160 omnia
2652 3105 2990 3176 adjicientur
3017 3104 3186 3160 vobis.
3219 3106 3404 3160 Nolite
3425 3106 3658 3160 solliciti
3683 3123 3797 3160 esse

524 3209 676 3247 mur.
704 3194 830 3248 Mox
845 3201 909 3247 ut
929 3195 1093 3248 mites
1107 3194 1301 3258 simus,
1328 3211 1392 3248 ac
1406 3194 1641 3264 justitiae
1672 3195 1818 3248 fame
1849 3201 1905 3248 et
1923 3195 2015 3248 siti
2043 3202 2124 3249 te-

527 3299 782 3337 neamur.
814 3285 958 3337 Tum
987 3288 1055 3338 ut
1083 3283 1474 3336 misericordes
1495 3289 1552 3336 et
1569 3282 1846 3349 liberales,
1865 3290 2035 3354 atque
2050 3285 2120 3338 ad

521 3372 1067 3426 commiserationem
1085 3371 1344 3443 propensi
1377 3371 1570 3425 simus.
1605 3373 1801 3426 Cordis
1818 3373 1953 3426 item
1971 3372 2122 3443 puri-

521 3465 639 3514 tate
672 3461 908 3532 praaditi,
929 3467 1097 3532 atque
1125 3461 1195 3514 ab
1227 3461 1377 3514 omni
1400 3461 1832 3530 inquinamento
1853 3462 2034 3515 carnis
2066 3467 2122 3515 et

523 3549 754 3620 spiritus
783 3549 1145 3604 abstinentes.
1178 3549 1400 3604 Paciﬁci
1433 3549 1605 3602 etiam
1635 3555 1756 3604 tum
1788 3567 1922 3621 erga
1959 3549 2115 3617 alios,

520 3643 646 3693 tum
676 3638 782 3709 ipsi
811 3656 939 3694 cum
968 3639 1171 3693 animis
1201 3641 1440 3704 nostris;
1470 3639 1736 3694 nimirum
1758 3639 1815 3693 id
1845 3639 1991 3710 quod
2021 3640 2118 3693 de-

524 3727 704 3782 terius
715 3738 801 3782 est
819 3729 1192 3799 praestantiori
1212 3731 1592 3802 subjicientes.
1607 3736 1774 3801 atque
1791 3729 2118 3784 intestinum

521 3833 587 3871 ac
626 3823 959 3889 perpetuum
999 3818 1206 3872 bellum
1236 3827 1388 3874 recto
1414 3821 1623 3890 judicio
1661 3818 2114 3889 comprimentes.

523 3905 834 3972 Postremo,
863 3914 926 3962 ut
947 3925 1166 3962 omnem
1196 3911 1640 3979 persecutionem
1672 3914 1730 3962 et
1757 3907 2118 3961 afﬁictionem

525 3999 584 4048 et
602 3995 868 4065 probrum
891 3997 1124 4064 justitiae
1153 4014 1321 4052 causa
1347 4015 1449 4068 pro
1476 3999 1653 4068 ipsius
1691 3996 1916 4051 nomine
1959 3994 2119 4048 nobis

524 4081 747 4135 illatum
777 4083 1170 4150 sustineamus,
1200 4103 1310 4156 quo
1339 4086 1741 4156 sempiternum
1762 4083 2030 4154 gaudium
2059 4081 2119 4136 in

524 4171 791 4240 praeclara
821 4171 916 4225 illa
935 4173 1212 4226 donorum
1246 4173 1641 4228 distributione
1685 4188 2109 4243 consequamur.

528 4258 678 4321 Quin
693 4258 864 4312 etiam
887 4276 1014 4313 cum
1027 4261 1208 4314 adhuc
1225 4261 1502 4316 inmundo
1515 4268 1850 4325 versaretur,
1876 4261 1946 4314 ad
1967 4261 2116 4314 hunc

2204 3195 2274 3248 de
2321 3195 2584 3259 crastino,
2633 3211 2762 3248 nam
2803 3193 3082 3248 crastinus
3111 3193 3232 3248 dies
3261 3193 3364 3248 sibi
3394 3193 3503 3266 ipsi
3533 3195 3799 3249 sollicitus

2204 3284 2312 3338 erit
2338 3285 2557 3353 (Matth.
2585 3287 2683 3351 vi).

2273 3373 2478 3427 Omnia
2495 3389 2840 3443 quaecunque
2867 3371 3035 3426 vultis
3045 3376 3108 3424 ut
3119 3371 3325 3426 faciant
3338 3371 3495 3425 vobis
3517 3372 3790 3437 homines,

2203 3463 2398 3515 eadem
2451 3467 2507 3514 et
2563 3477 2657 3514 vos
2716 3460 2880 3514 facite
2937 3460 3048 3514 illis
3071 3462 3212 3526 (Luc.
3244 3461 3671 3526 xvm).Intrate
3707 3479 3800 3533 per

2202 3556 2500 3620 angustam
2521 3555 2763 3620 portam,
2781 3549 2914 3620 quia
2932 3549 3046 3603 lata
3061 3556 3147 3602 est
3158 3555 3339 3620 porta,
3353 3556 3412 3603 et
3426 3549 3686 3620 spatiosa
3697 3552 3795 3613 via,

2203 3656 2326 3710 qua)
2346 3639 2501 3692 ducit
2529 3637 2597 3692 ad
2630 3643 2889 3703 mortem,
2923 3643 2981 3691 et
3009 3638 3172 3691 multi
3202 3643 3335 3691 sunt
3353 3638 3449 3708 qui
3464 3638 3688 3693 intrant
3709 3656 3799 3710 per

2202 3745 2344 3781 eam.
2379 3727 2652 3791 Quoniam
2670 3733 2908 3796 angusta
2931 3732 3019 3780 est
3047 3733 3226 3797 porta,
3260 3733 3316 3780 et
3333 3727 3530 3781 stricta
3547 3729 3798 3798 via,‘quze

2201 3817 2355 3872 ducit
2383 3815 2452 3869 ad
2505 3816 2699 3880 vitam,
2733 3821 2790 3868 et
2817 3815 2978 3886 pauci
3033 3821 3167 3870 sunt
3193 3815 3289 3886 qui
3334 3815 3630 3870 inveniant
3678 3835 3798 3871 eam

2204 3906 2417 3970 (Matth.
2445 3919 2562 3970 vn;
2621 3907 2750 3959 Luc.
2791 3907 2926 3972 xm).
2986 3905 3111 3958 Non
3141 3903 3322 3958 omnis
3363 3905 3458 3974 qui
3497 3905 3640 3959 dicit
3671 3906 3798 3960 mihi

2201 3995 2458 4056 Domine,
2477 3993 2734 4059 Domine,
2768 3992 3002 4046 intrabit
3031 3993 3088 4046 in
3117 4009 3354 4064 regnum
3382 3994 3678 4051 caelorum.
3709 3995 3798 4049 sed

2203 4083 2316 4154 qui.
2341 4082 2476 4136 facit
2529 4082 2872 4135 voluntatem
2905 4081 3088 4134 Patris
3136 4082 3266 4147 mei,
3299 4081 3396 4152 qui
3427 4081 3484 4134 in
3515 4083 3674 4136 caelis
3720 4091 3800 4136 est

2199 4173 2409 4244 (Matth.
2426 4169 2660 4239 νη).ρυί
2679 4170 2864 4240 diligit
2874 4175 3093 4240 patrem
3110 4176 3209 4224 aut
3234 4175 3472 4224 matrem
3490 4171 3620 4241 plus
3635 4188 3799 4242 quam

2198 4278 2306 4327 me,
2321 4276 2430 4313 non
2453 4265 2539 4312 est
2558 4275 2647 4312 me
2669 4259 2970 4329 dignus.Et
2989 4258 3082 4329 qui
3100 4258 3284 4328 diligit
3306 4259 3484 4312 ﬁlium
3503 4266 3608 4313 aut
3627 4261 3796 4315 ﬁliam

525 4345 754 4400 modum
783 4365 912 4402 suos
933 4349 1265 4404 hortabatur
1295 4369 1306 4403 :
1343 4352 1552 4405 Luceat
1589 4351 1682 4405 lux
1711 4356 1896 4404 vestra
1927 4367 2112 4404 coram
2138 4418 2174 4422 _
2199 4351 2326 4422 plus
2379 4365 2546 4418 quam
2602 4365 2710 4414 me,
2747 4365 2860 4401 non
2912 4354 2998 4401 est
3043 4365 3133 4402 me
3175 4347 3398 4418 dignus.
3445 4349 3514 4403 Et
3553 4349 3650 4419 qui
3691 4366 3798 4403 non

524 4435 866 4504 hominibus,
895 4443 960 4492 ut
985 4438 1211 4492 videant
1241 4456 1410 4510 opera
1438 4445 1622 4494 vestra
1676 4439 1842 4505 bona,
1885 4444 1941 4492 et
1991 4440 2115 4510 glo-
2138 4418 2386 4506 Βωτ
2409 4437 2611 4508 accipit
2629 4453 2849 4490 crucem
2884 4452 3064 4501 suam,
3089 4441 3145 4490 et
3173 4437 3429 4506 sequitur
3448 4453 3558 4500 me,
3585 4454 3701 4492 non
3721 4445 3801 4492 est

524 4522 744 4579 riﬁcent
776 4526 1001 4580 Patrem
1032 4533 1278 4582 vestrum
1307 4529 1402 4599 qui
1423 4528 1481 4582 in
1511 4529 1662 4582 coelis
1679 4534 1765 4582 est
1795 4529 2007 4595 (Matth.
2040 4532 2114 4592 γ).

578 4614 797 4668 Etenim
815 4616 1022 4687 Moysis
1034 4617 1259 4688 quidem
1276 4617 1364 4672 lex
1380 4617 1692 4688 antiquitus
1705 4617 1973 4672 Israelitis
1987 4616 2119 4670 data

525 4702 746 4758 dicebat
769 4723 779 4757 :
799 4705 924 4759 Non
945 4705 1182 4770 occides,
1205 4707 1330 4761 Non
1354 4707 1738 4772 mcechaberis,
1753 4707 1878 4760 Non
1907 4705 2116 4760 furtum

524 4790 712 4858 facies,
743 4794 868 4847 Non
899 4793 1101 4848 falsum
1129 4795 1515 4850 testimonium
1545 4797 1711 4850 dices.
1739 4795 1998 4850 Christus
2025 4811 2121 4848 au-

524 4884 643 4934 tem
676 4881 786 4934 ait:
809 4882 1006 4937 Omnis
1037 4883 1133 4954 qui
1163 4884 1425 4938 irascitur
1451 4885 1614 4938 fratri
1639 4901 1741 4938 suo
1771 4884 1890 4939 sine
1927 4899 2114 4949 causa,

525 4984 656 5022 reus
670 4969 778 5023 erit
791 4971 1026 5040 judicio.
1049 4973 1156 5036 Qui
1173 4979 1362 5027 autem
1379 4974 1600 5037 dixerit.
1635 4974 1808 5028 Fatue
1827 4991 1838 5026 :
1857 4989 1986 5026 reus
2013 4971 2122 5026 erit

522 5056 793 5126 gehennae
815 5059 978 5129 ignis.
1006 5062 1086 5115 Ac
1101 5077 1325 5116 rursum
1347 5081 1356 5116 :
1387 5063 1443 5118 Si
1463 5063 1628 5116 olfers
1642 5078 1846 5116 munus
1862 5066 2022 5115 tuum
2049 5062 2120 5115 ad

525 5145 722 5213 altare,
755 5154 812 5202 et
829 5148 943 5203 illic
957 5151 1280 5205 recordatus
1300 5151 1470 5206 fueris
1495 5151 1644 5220 quod
1663 5151 1838 5204 frater
1855 5156 1988 5204 tuus
2017 5150 2120 5204 ha-

525 5232 621 5288 bet
648 5235 861 5307 aliquid
886 5238 1178 5293 adversum
1203 5245 1280 5303 te,
1315 5240 1566 5310 relinque
1586 5239 1698 5292 illic
1728 5255 1932 5292 munus
1957 5245 2118 5292 tuum

525 5329 656 5378 ante
703 5325 900 5392 altare,
939 5333 996 5381 et
1040 5328 1178 5382 vade
1213 5329 1369 5398 prius
1407 5327 1753 5382 reconciliari
1797 5327 1958 5380 fratri
1998 5333 2115 5382 tuo.

525 5411 602 5466 Et
630 5413 948 5486 quicunque
968 5416 1170 5470 viderit
1194 5417 1488 5470 mulierem
1519 5417 1590 5469 ad
1619 5416 2118 5486 concupiscendam

527 5516 672 5556 eam.
684 5503 803 5572 jam
824 5504 1131 5558 moechatus
1152 5511 1238 5558 est
1251 5521 1374 5558 eam
1395 5503 1450 5558 in
1473 5503 1638 5558 corde
1655 5519 1755 5557 suo
1772 5503 2123 5574 (spurcitiem

527 5586 796 5645 nimirum
825 5592 1046 5659 animae,
1081 5609 1144 5647 ac
1171 5591 1419 5647 libidinis
1445 5597 1759 5660 assensum,
1783 5592 2125 5648 adulterium

2199 4545 2290 4582 me
2309 4527 2512 4596 dignus
2541 4527 2752 4595 (Matth.
2783 4528 2860 4593 x).
2884 4525 2962 4580 En
2987 4525 3104 4579 haec
3133 4525 3339 4584 omnia,
3367 4529 3425 4579 et
3453 4525 3540 4580 his
3571 4526 3795 4592 similia,
3876 4525 3878 4530 ’

2203 4617 2458 4672 Salvator
2485 4614 2753 4685 apostolis
2776 4613 3081 4680 mandavit,
3115 4619 3180 4668 ut
3207 4615 3316 4668 ﬁde
3346 4614 3612 4685 praeditos
3643 4616 3798 4670 doce-

2202 4711 2348 4758 rent.
2406 4705 2590 4774 Atque
2639 4703 2757 4757 hazc
2801 4702 2991 4756 omnia
3015 4701 3172 4757 nobis
3199 4701 3547 4757 observanda
3575 4711 3727 4770 sunt,
3755 4705 3796 4758 si

2203 4793 2430 4865 quidem
2461 4791 2620 4846 nobis
2645 4791 2798 4846 cordi
2827 4791 2903 4845 sit
2924 4791 3324 4862 perfectionem
3347 4791 3603 4862 adipisci,
3628 4799 3688 4847 et
3715 4795 3797 4864 ju-

2205 4881 2376 4936 stitise
2402 4897 2636 4935 coronas
2666 4880 2736 4934 ab
2761 4880 3281 4951 omnicorruptione
3301 4881 3515 4934 alienas
3531 4882 3796 4954 consequi

2204 4987 2342 5042 quas
2361 4970 2557 5024 reddet
2571 4970 2844 5024 Dominus
2865 4969 2926 5023 in
2945 4969 3035 5023 die
3051 4969 3148 5023 illa
3153 4970 3174 5039 j
3184 4975 3341 5024 ustus
3353 4969 3526 5040 judex
3538 4971 3795 5025 omnibus

2202 5059 2290 5114 his
2310 5059 2407 5130 qui
2436 5059 2614 5130 ipsius
2641 5059 2946 5112 adventum
2971 5058 3271 5112 dilexerint
3289 5060 3376 5129 (II
3406 5060 3548 5112 Tim.
3592 5060 3694 5131 Iv).

2275 5147 2426 5202 Dixit
2445 5154 2635 5202 autem
2657 5147 2726 5202 ad
2755 5164 2884 5202 eum
2903 5148 3190 5218 Josaphat:
3211 5148 3354 5217 Ergo
3384 5163 3514 5201 cum
3533 5153 3654 5202 tam
3673 5166 3794 5221 per-

2201 5237 2346 5290 fecta
2381 5237 2636 5291 doctrina
2689 5236 3050 5307 purissimam
3095 5236 3266 5290 vitam
3315 5236 3621 5303 desideret,
3691 5239 3790 5296 dic.

2203 5343 2407 5398 quaeso,
2433 5326 2479 5380 si
2501 5326 2639 5380 mihi
2661 5325 2730 5379 ab
2751 5341 2862 5378 uno
2885 5325 2971 5378 vel
2987 5324 3203 5378 duobus
3225 5325 3504 5379 mandatis
3537 5326 3792 5382 aberrare

2201 5415 2594 5484 contigerit.an
2607 5421 2905 5486 propterea
2925 5420 3044 5468 toto
3063 5431 3230 5484 scopo
3250 5413 3543 5483 aberrabo,
3561 5433 3793 5488 spesque

2199 5521 2323 5560 mea
2347 5503 2528 5557 omnis
2552 5504 2736 5558 inanis
2760 5504 2950 5558 futura
2976 5509 3062 5556 est
3090 5503 3114 5556 ’ἶ

2271 5592 2580 5662 Respondit
2612 5593 2872 5649 Barlaam
2896 5607 2910 5648 :
2943 5593 3068 5647 Non
3087 5597 3174 5647 est
3194 5592 3342 5663 quod
3362 5591 3444 5648 ita
3471 5593 3788 5656 existimes;
