3878 6412
127 344 230 402 485

544 347 713 402 ἮΤΑ
752 344 1192 401 SANCTORUM
1228 346 1575 402 BARLAAM
1610 347 1948 402 EREMITIE
1986 347 2076 402 ET
2111 347 2477 403 JOSAPHAT
2514 347 2738 403 INDI/E
2774 347 3008 403 REGIS.

3316 349 3421 408 486

124 488 254 527 nam
273 471 433 526 Deus
449 471 710 535 Verbum,
729 473 823 543 qui
845 473 1042 527 salutis
1060 478 1263 527 nostra
1284 490 1454 527 causa
1473 473 1795 533 humani-A
1814 473 1953 527 adeo
1972 490 2200 543 gravem
2223 473 2590 543 ignominiam
2611 489 2940 543 agnoscens,
2962 472 3244 542 vitamque
3261 490 3421 529 suam

122 565 294 615 tatem
310 561 521 626 induit,
542 561 828 632 ingentem
845 568 1061 616 natura
1075 569 1280 617 nostra
1292 562 1731 616 imbecdlitatem

124 656 178 704 et
205 668 526 705 arumnam
558 652 901 722 exploratam
922 651 1153 715 habens,
1180 669 1249 705 ne
1272 652 1329 705 in
1370 653 1474 705 hac
1503 652 1731 723 quidem

122 745 279 810 parte
292 755 397 791 ηας
414 739 709 793 incurabili
725 739 917 793 morbo
932 738 1186 794 laborare
1208 740 1463 811 permisit
1481 760 1492 805 ;
1514 758 1725 805 verum,

124 832 186 881 ut
218 827 675 898 sapientissimus
706 828 973 895 medicus,
1006 829 1233 884 lubrica
1265 836 1468 884 nostra
1497 848 1561 884 ac
1598 847 1729 901 pec-

123 917 282 969 candi
313 916 534 987 cupida
564 917 838 971 voluntati
866 918 1207 988 paenitentia
1256 920 1728 973 medicamentum

124 1005 442 1071 admiscuit,
461 1022 585 1059 eam
601 1006 858 1060 videlicet
878 1008 948 1061 ad
969 1014 1323 1077 peccatorum
1341 1009 1725 1061 remissionem

124 1094 457 1164 pradicans.
490 1095 867 1166 Posteaquam
905 1096 1055 1150 enim
1097 1098 1347 1151 veritatis
1379 1097 1724 1167 agnitionem

124 1182 494 1254 suscepimus,
523 1201 589 1238 ac
613 1200 713 1254 per
741 1200 942 1253 aquam
983 1191 1041 1239 et
1071 1186 1344 1255 Spiritum
1372 1186 1721 1251 sanctiﬁcati,

127 1277 289 1342 atque
316 1271 389 1325 ab
418 1272 575 1326 omni
597 1278 823 1343 peccato
856 1277 913 1326 et
940 1274 1204 1343 spurcitie
1234 1274 1354 1328 sine
1392 1276 1507 1328 ullo
1538 1274 1727 1329 labore

128 1360 348 1432 purgati
379 1378 598 1423 sumus.
631 1362 675 1416 si
698 1361 856 1415 nobis
880 1362 937 1416 in
959 1362 1149 1433 aliqua
1176 1368 1400 1433 peccata
1421 1363 1532 1417 labi
1554 1364 1729 1418 conti-

124 1450 408 1520 gerit.non
427 1450 654 1521 quidem
672 1456 929 1521 superest
940 1453 1060 1521 jam
1079 1452 1258 1506 altera
1273 1470 1375 1523 per
1385 1452 1728 1524 baptismum

129 1538 675 1609 regeneratio(Hebr.
695 1543 791 1607 v1),
811 1556 933 1610 qua
959 1540 1017 1594 in
1056 1540 1280 1610 piscina
1311 1558 1457 1611 aqua
1482 1558 1580 1611 per
1601 1542 1728 1612 Spi-

130 1628 295 1680 ritum
305 1634 689 1698 comparatur,
704 1644 767 1682 ac
778 1628 1021 1699 perfecte
1034 1646 1135 1683 nos
1154 1630 1336 1683 instau
1344 1631 1559 1699 rat(hoc
1575 1631 1728 1684 enim

130 1714 463 1770 beneﬁcium
493 1717 666 1771 semel
695 1717 973 1771 duntaxat
1001 1718 1365 1787 conceditur),
1406 1736 1598 1773 verum
1630 1737 1732 1791 per

1818 564 2037 631 lugens,
2062 562 2281 615 dicebat
2313 580 2323 614 :
2359 562 2567 626 Quanti
2595 561 2927 615 mercenarii
2957 561 3016 614 in
3047 561 3212 614 domo
3242 564 3421 633 patris

1818 651 1930 704 mei
1950 651 2241 705 abundant
2261 652 2516 721 panibus,
2554 669 2660 720 ego
2692 658 2882 705 autem
2904 651 3049 704 fame
3074 669 3259 722 pereo.
3291 653 3421 706 Sur-

1814 757 1964 809 gam,
2002 747 2058 793 et
2088 741 2177 794 ibo
2207 741 2278 794 ad
2308 747 2526 811 patrem
2558 757 2765 806 meum,
2796 746 2853 793 et
2883 740 3066 793 dicam
3101 741 3151 793 ei
3188 758 3198 792 :
3228 741 3415 807 Pater,

1814 830 2036 900 peccavi
2067 830 2124 883 in
2147 831 2349 883 coelum
2370 837 2428 883 et
2459 847 2646 883 coram
2675 834 2750 895 te,
2772 830 2890 899 jam
2918 846 3029 883 non
3060 846 3182 883 sum
3214 830 3420 900 dignus

1810 919 1993 972 vocari
2020 919 2167 972 filius
2190 926 2338 985 tuus,
2368 919 2454 972 fac
2484 935 2572 972 me
2593 919 2735 972 sicut
2760 936 2935 972 unum
2965 919 3033 971 de
3058 919 3420 972 mercenariis

1811 1007 1942 1060 tuis.
1978 1008 2047 1061 Et
2067 1025 2301 1077 surgens
2323 1008 2475 1061 venit
2503 1008 2573 1061 ad
2600 1014 2819 1078 patrem
2848 1024 3032 1061 suum.
3063 1008 3203 1062 Cum
3229 1014 3418 1061 autem

1811 1096 1992 1149 adhuc
2019 1097 2184 1165 longe
2217 1104 2379 1161 esset,
2413 1096 2546 1150 vidit
2578 1096 2737 1150 illum
2763 1103 2923 1167 pater
2945 1114 3096 1162 suus,
3118 1103 3175 1150 et
3196 1095 3419 1151 miseri-

1808 1184 1998 1238 cordia
2026 1191 2211 1238 motus
2239 1192 2340 1250 est,
2364 1203 2428 1239 ac
2457 1202 2752 1239 accurrens
2781 1185 2980 1239 cecidit
3014 1202 3184 1255 super
3206 1186 3411 1239 collum

1811 1275 1953 1345 ejus,
1978 1279 2035 1340 et
2065 1276 2349 1328 osculatus
2372 1281 2457 1328 est
2487 1291 2635 1339 eum,
2658 1280 2827 1344 atque
2856 1274 2915 1327 in
2945 1274 3166 1344 pristini
3188 1274 3419 1328 honoris

1810 1362 1994 1416 locum
2016 1363 2282 1429 restituit,
2305 1370 2361 1417 et
2378 1363 2446 1417 ob
2469 1363 2643 1434 ipsius
2668 1363 3048 1416 inventionem
3070 1362 3420 1417 latissimum

1810 1451 2015 1505 festum
2054 1452 2371 1517 celebravit,
2418 1453 2596 1506 occiso
2626 1452 2800 1505 vitulo
2831 1452 3107 1519 saginato.
3163 1452 3242 1505 En
3271 1452 3418 1505 hanc

1810 1541 2135 1611 parabolam
2167 1542 2236 1595 de
2275 1542 2340 1595 iis
2371 1542 2466 1612 qui
2498 1558 2531 1594 a
2560 1541 2799 1612 peccatis
2834 1540 3113 1606 resiliunt,
3148 1546 3317 1611 atque
3347 1541 3419 1595 ad

1813 1630 2202 1699 panitentiam
2237 1636 2557 1694 accurrunt,
2574 1629 2734 1683 nobis
2765 1629 3243 1683 commemoravit.
3263 1629 3413 1693 Quin

1814 1718 1983 1771 etiam
1998 1718 2205 1772 bonum
2220 1719 2521 1789 quemdam
2534 1724 2816 1789 pastorem
2836 1734 3030 1772 rursus
3044 1718 3414 1785 inducit(Luc.

130 1821 381 1875 asperam
408 1805 822 1875 paenitentiam,
846 1812 901 1859 et
921 1808 1166 1861 calentes
1189 1808 1487 1878 lacrymas,
1508 1814 1565 1861 et
1583 1808 1734 1862 labo-
1750 1796 1797 1856 Β
1814 1814 1925 1871 xv),
1944 1808 2188 1877 quicum
2211 1812 2434 1861 centum
2461 1824 2589 1860 oves
2622 1806 2870 1871 haberet,
2894 1813 3062 1877 atque
3091 1824 3260 1861 unam
3280 1809 3419 1861 ami-

131 1910 213 1947 res
236 1910 300 1948 ac
318 1894 579 1956 sudores,
601 1899 829 1966 propter
857 1895 1067 1949 viscera
1088 1897 1485 1951 misericordia
1507 1898 1607 1952 Dei
1636 1914 1731 1951 no-

132 1983 245 2042 stri.
258 1983 656 2053 purgationem
676 2000 741 2037 ac
761 1990 1117 2054 peccatorum
1140 1986 1529 2040 remissionem
1541 2003 1731 2040 conse-

134 2070 372 2141 quimur.
409 2072 632 2125 Etenim
665 2089 765 2143 per
804 2073 1029 2137 Domini
1062 2073 1305 2143 gratiam
1352 2075 1727 2146 lacrymarum

131 2158 246 2213 fons
273 2160 590 2231 baptismus
612 2162 947 2232 appellatur,
971 2162 1197 2216 tametsi
1218 2162 1430 2234 alioqui
1454 2163 1644 2217 labore
1666 2181 1730 2218 ac

134 2253 375 2319 tempore
395 2266 540 2320 opus
560 2249 782 2303 habeat.
798 2252 877 2304 Ac
894 2252 1206 2322 com-plures
1229 2269 1259 2305 e
1279 2252 1472 2306 multis
1487 2252 1728 2322 peccatis

135 2338 351 2408 eripuit,
383 2338 655 2408 quoniam
690 2340 907 2393 nullum
928 2346 1219 2410 peccatum
1242 2346 1326 2395 est
1349 2342 1496 2411 quod
1519 2342 1619 2395 Dei
1639 2341 1729 2396 be-

136 2426 465 2496 nignitatem
497 2427 699 2491 vincat,
727 2428 772 2481 si
791 2429 1014 2499 quidem
1038 2429 1192 2499 prius
1215 2429 1638 2499 resipuerimus,
1667 2447 1732 2484 ac

137 2514 460 2569 delictorum
502 2517 750 2570 maculas
789 2517 1050 2588 lacrymis
1091 2518 1367 2579 eluamus,
1408 2535 1478 2572 ne
1522 2519 1729 2589 alioqui

137 2619 279 2657 mors
310 2609 689 2667 antevertens,
713 2622 814 2660 nos
844 2606 1117 2659 scelerum
1148 2608 1379 2660 maculis
1410 2606 1733 2678 inquinatos

138 2691 256 2746 hinc
280 2693 481 2763 ejiciat.
509 2695 634 2747 Non
664 2711 813 2748 enim
836 2700 923 2748 est
951 2695 1010 2748 in
1032 2696 1250 2749 inferno
1276 2696 1609 2766 poenitentia
1633 2713 1735 2750 nec

139 2780 397 2835 confessio
418 2782 589 2852 (Psal.
614 2788 705 2851 v1).
744 2782 1003 2846 Quandiu
1032 2789 1222 2837 autem
1248 2784 1370 2837 vita
1399 2800 1572 2837 usura
1599 2784 1737 2837 frui-

139 2870 586 2935 mur,dummodo
597 2871 915 2925 orthodoxa
926 2872 1057 2925 ﬁdei
1066 2871 1493 2926 fundamentum
1509 2874 1734 2927 firmum

139 2964 370 3024 maneat,
379 2960 602 3013 etiamsi
614 2959 857 3014 trabium
870 2960 1081 3031 aliquid
1092 2966 1189 3014 aut
1200 2961 1337 3014 recti
1350 2961 1733 3028 labefactetur,

141 3048 277 3116 quod
306 3065 408 3119 per
432 3055 664 3120 peccata
691 3036 1017 3120 corruptum
1056 3055 1160 3113 est,
1193 3050 1533 3121 poenitentia
1577 3051 1735 3120 adju-

1813 1896 1994 1961 sisset,
2032 1897 2238 1950 relictis
2267 1897 2575 1966 nonaginta
2620 1912 2838 1958 novem,
2874 1897 2943 1949 ad
2975 1897 3417 1967 conquirendam

1813 2001 1938 2038 eam
1971 2002 2093 2056 qua
2122 1985 2421 2039 aberrabat
2450 1986 2729 2057 profectus
2762 1990 2865 2047 est,
2901 1985 3077 2038 donec
3103 2001 3225 2038 eam
3257 1986 3415 2040 inve-

1813 2074 2006 2136 nisset,
2032 2080 2201 2144 atque
2217 2075 2471 2129 humeris
2489 2074 2789 2138 sublatam,
2814 2090 2940 2127 cum
2961 2074 3032 2127 iis
3045 2090 3167 2143 qua
3186 2073 3417 2127 minime

1813 2163 2217 2217 aberraverunt
2259 2164 2654 2233 conjunxisset.
2699 2163 2807 2227 Qui
2848 2163 3018 2216 etiam
3050 2164 3154 2216 hoc
3190 2163 3418 2217 nomine

1812 2253 2023 2307 amicos
2051 2270 2115 2305 ac
2134 2252 2339 2306 vicinos
2362 2252 2432 2306 ad
2457 2252 2767 2307 convivium
2789 2251 2858 2306 ob
2879 2269 3002 2306 eam
3021 2252 3306 2305 inventam
3331 2267 3418 2305 ce-

1811 2341 2145 2396 lebrandum
2179 2341 2450 2395 invitavit.
2490 2342 2593 2405 Ita,
2630 2341 2815 2413 inquit
2853 2342 3124 2406 Salvator,
3146 2340 3419 2409 gaudium

1814 2430 1920 2484 erit
1932 2430 1989 2483 in
2001 2430 2137 2483 coelo
2155 2446 2326 2500 super
2338 2446 2450 2485 uno
2472 2436 2765 2501 peccatore
2787 2429 3173 2500 paenitentiam
3189 2434 3412 2499 agente,

1815 2536 1983 2589 quam
2015 2535 2184 2590 super
2211 2518 2519 2589 nonaginta
2547 2536 2744 2573 novem
2783 2519 2969 2588 justis,
3005 2519 3101 2589 qui
3131 2535 3245 2572 non
3274 2518 3416 2571 indi-

1812 2614 1949 2677 gent
1987 2607 2314 2677 ptenitentia
2330 2652 2341 2662 .

1886 2701 2077 2761 πθδ
2099 2699 2281 2767 Atque
2313 2696 2452 2749 adeo
2479 2696 2877 2767 discipulorum
2903 2696 3162 2766 princeps
3194 2696 3412 2761 Petrus,

1817 2785 1914 2839 illa
1929 2784 2161 2855 inquam
2184 2785 2311 2839 ﬁdei
2331 2790 2509 2856 petra,
2526 2786 2645 2855 ipso
2665 2785 2965 2839 salutifera
2988 2784 3265 2855 passionis
3279 2789 3418 2837 tem-

1817 2890 1952 2944 pore
1980 2880 2132 2928 certo
2158 2874 2401 2945 quodam
2425 2873 2658 2927 consilio
2688 2873 3094 2944 aliquantisper
3120 2890 3155 2925 a
3182 2874 3297 2926 Deo
3319 2873 3417 2925 de-

1817 2967 2001 3016 sertus
2026 2966 2243 3033 (nempe
2263 2968 2328 3015 ut
2355 2963 2614 3016 humana
2636 2962 3035 3017 imbecillitatis
3058 2962 3329 3015 vilitatem
3353 2978 3419 3015 ac

1816 3051 2103 3104 miseriam
2124 3056 2473 3122 perspectam
2504 3050 2773 3121 haberet},
2798 3068 2863 3104 eo
2890 3050 3100 3121 peccati
3124 3051 3419 3121 prolapsus

141 3141 318 3190 mento
338 3139 551 3192 sarcire
571 3155 635 3192 ac
652 3155 920 3192 renovare
936 3139 1083 3192 licet.
1108 3140 1303 3209 Neque
1335 3139 1483 3192 enim
1501 3139 1730 3193 misera-
1752 3152 1795 3211 ο
1817 3144 1920 3199 est,
1952 3144 2018 3192 ut
2042 3139 2344 3193 Dominum
2373 3138 2663 3209 abjuraret
2686 3141 2832 3206 (Luc.
2861 3149 3018 3209 xxn}.
3053 3140 3190 3193 Post
3226 3144 3417 3193 autem

138 3223 344 3279 tionum
376 3227 477 3281 Dei
510 3226 811 3281 multitudo
842 3228 1129 3281 numerari
1154 3233 1358 3298 potest,
1382 3245 1485 3281 nec
1518 3228 1733 3282 miseri-

143 3314 331 3369 cordia
362 3315 543 3387 ipsius
581 3317 909 3387 magnitudo
940 3317 1000 3370 in
1034 3333 1357 3371 mensuram
1387 3316 1538 3371 cadit
1557 3318 1726 3389 (Psal.

139 3404 581 3469 CXLIV).Peccata
607 3410 819 3471 contra,
847 3422 1192 3476 quacunque
1222 3406 1452 3459 tandem
1484 3406 1579 3459 illa
1609 3405 1730 3459 fue-

141 3490 261 3559 rint,
276 3509 554 3550 mensura
572 3511 636 3548 ac
657 3511 892 3549 numero
913 3494 1302 3565 subjiciuntur.
1323 3495 1444 3559 Quo
1476 3496 1540 3549 fit
1559 3499 1624 3549 ut
1642 3512 1727 3561 ea,

143 3596 260 3634 cum
286 3581 344 3635 in
372 3599 700 3638 mensuram
728 3600 793 3637 ac
822 3600 1122 3637 numerum
1152 3584 1375 3650 cadant,
1395 3583 1731 3637 immensam

141 3669 234 3723 Dei
246 3671 688 3727 misericordiam
700 3678 870 3743 atque
884 3672 1324 3727 innumerabiles
1342 3673 1730 3727 miserationes

145 3758 349 3815 vincere
378 3768 682 3833 nequeant.

206 3850 281 3903 Ac
301 3851 537 3921 proinde
564 3851 633 3905 ob
653 3856 1008 3922 peccatorum
1032 3850 1450 3905 multitudinem
1477 3849 1729 3903 animum

144 3935 473 4008 despondere
527 3940 758 3994 minime
796 3940 1080 4010 jubemur,
1123 3940 1219 3993 sed
1270 3939 1372 3994 Dei
1419 3938 1730 3993 bonitatem

145 4040 447 4095 agnoscere,
484 4046 550 4083 ac
579 4036 807 4100 peccata
834 4034 1029 4083 nostra
1055 4029 1449 4084 condemnare.
1487 4044 1730 4098 quorum

145 4116 383 4172 remissio
406 4124 635 4191 propter
657 4118 865 4173 Christi
890 4118 1292 4188 benignitatem
1314 4117 1601 4188 prOposita
1623 4122 1727 4179 est,

150 4203 236 4272 qui
263 4223 359 4276 pro
387 4208 688 4262 sceleribus
719 4207 925 4261 nostris
953 4207 1285 4278 sanguinem
1315 4222 1481 4260 suum
1512 4205 1749 4262 effudit“

151 4290 309 4348 Porro
324 4312 449 4350 cum
477 4314 544 4351 ex
562 4297 753 4351 multis
779 4296 1079 4368 Scriptura
1098 4296 1232 4350 locis
1257 4294 1599 4367 poenitentia
1622 4294 1732 4347 vim

150 4380 505 4450 addiscamus,
532 4391 655 4440 tum
676 4386 1031 4457 potissimum
1054 4402 1120 4439 ex
1141 4383 1364 4439 Domini
1390 4383 1566 4437 nostri
1599 4383 1626 4436 J
1633 4399 1731 4436 esu

154 4467 345 4527 Christi
381 4475 692 4529 actionibus
720 4492 786 4529 ac
823 4474 1121 4545 parabolis.
1159 4474 1235 4528 Ex
1266 4478 1401 4526 tunc
1430 4472 1601 4535 enim,
1629 4473 1727 4535 ait,

154 4560 305 4631 capit
326 4564 486 4619 Jesus
522 4565 747 4633 docere,
778 4570 836 4618 et
865 4564 1050 4618 dicere
1081 4581 1093 4616 :
1128 4562 1527 4617 Paenitentiam
1556 4561 1727 4631 agite,

155 4652 607 4725 appropinquavit
632 4653 781 4708 enim
820 4670 1059 4723 regnum
1088 4652 1353 4705 calorum
1379 4651 1593 4718 (Matth.
1628 4654 1732 4719 Ill).

158 4734 289 4798 Quin
318 4743 489 4797 etiam
531 4743 590 4796 in
635 4742 901 4814 parabole
945 4741 1127 4796 filium
1165 4739 1465 4811 quemdam
1497 4739 1732 4801 inducit,

161 4826 292 4890 (Luc.
326 4832 439 4901 xv),
467 4832 564 4904 qui
590 4848 719 4886 cum
748 4831 989 4902 acceptis
1017 4830 1272 4901 paternis
1302 4827 1501 4899 opibus
1528 4828 1585 4881 in
1612 4828 1734 4881 lon-

158 4912 408 4988 ginquam
423 4921 710 4991 regionem
733 4920 1015 4992 profectus
1034 4919 1248 4985 fuisset,
1273 4934 1479 4987 easque
1504 4917 1564 4970 in
1583 4916 1735 4970 omni

162 4999 308 5061 luxus
334 5014 501 5081 atque
535 5010 986 5081 intemperantia
1022 5024 1229 5079 genere
1275 5005 1733 5076 consumpsisset.

160 5101 357 5162 postea,
375 5101 599 5170 regione
620 5100 718 5154 illa
744 5099 892 5153 fame
920 5098 1213 5152 laborante
1240 5095 1399 5160 abiit,
1426 5100 1487 5148 et
1505 5094 1739 5148 adhaesit

161 5185 248 5237 uni
259 5186 452 5243 civium
470 5188 713 5259 regionis
728 5187 1011 5251 illius.Qui
1025 5186 1195 5241 etiam
1208 5186 1367 5239 illum
1382 5183 1438 5238 in
1449 5200 1646 5254 agrum
1657 5190 1739 5250 ,ut

164 5285 360 5343 porcos,
384 5278 487 5332 hoc
517 5285 602 5333 est
642 5279 1010 5348 asperrimum
1040 5280 1097 5329 et
1125 5273 1526 5329 exsecrandum
1550 5289 1739 5343 pecca-

165 5365 292 5429 tum,
309 5373 576 5436 pasceret,
600 5368 769 5421 misit.
804 5368 944 5421 Cum
966 5366 1159 5435 itaque
1189 5363 1381 5417 multis
1413 5361 1744 5416 calamitati-

168 5447 257 5505 bus
276 5456 502 5511 allectus
520 5457 735 5522 fuisset,
754 5463 923 5526 atque
942 5455 1001 5508 in
1019 5460 1238 5508 tantam
1259 5451 1545 5505 miseriam
1566 5450 1744 5504 venis-

169 5544 263 5609 set,
289 5549 351 5597 ut
384 5562 452 5601 ne
481 5562 776 5618 porcorum
824 5545 1050 5616 quidem
1090 5542 1306 5614 siliquis
1336 5541 1443 5613 ipsi
1492 5546 1738 5595 ventrem

171 5641 317 5685 suum
332 5632 562 5706 implere
587 5636 802 5706 liceret,
818 5634 1050 5689 tandem
1070 5632 1371 5703 aliquando
1392 5631 1537 5685 hanc
1564 5646 1743 5701 usque

1814 3228 2124 3293 confestim,
2142 3228 2343 3298 inquit,
2359 3227 2656 3281 verborum
2674 3227 2897 3281 Domini
2916 3227 3417 3288 recordatus,foras

1815 3317 1999 3382 exivit,
2024 3322 2081 3369 et
2109 3316 2260 3370 flevit
2288 3332 2498 3381 amare,
2519 3332 2583 3369 ac
2601 3332 2702 3386 per
2729 3316 2973 3369 calentes
2994 3315 3119 3369 illas
3141 3316 3418 3387 lacrymas

1815 3412 2103 3476 acceptum
2121 3404 2524 3459 detrimentum
2542 3403 3194 3474 sarcivit,victoriamque
3213 3405 3271 3458 in
3283 3405 3418 3459 alte-

1814 3512 1936 3549 ram
1969 3501 2187 3566 partem
2216 3494 2450 3547 inflexit.
2475 3495 2620 3548 Nam
2645 3510 2773 3547 cum
2803 3493 2885 3547 rei
2917 3493 3178 3547 militaris
3199 3494 3416 3564 peritus

1815 3589 1978 3649 esset,
2015 3583 2236 3637 etiamsi
2257 3583 2487 3649 cecidit;
2518 3600 2628 3636 non
2646 3588 2840 3636 tamen
2860 3582 3047 3636 animo
3070 3583 3279 3637 fractus
3310 3589 3415 3650 est,

1814 3690 1917 3727 nec
1945 3672 2140 3726 salutis
2169 3689 2283 3726 sua
2304 3689 2460 3742 spem
2490 3671 2727 3741 abjecit:
2755 3688 2951 3725 verum
2971 3672 3248 3735 resiliens,
3266 3689 3416 3725 acer-

1812 3760 2075 3814 bissimas
2106 3777 2170 3813 ex
2202 3776 2469 3830 oppresso
2499 3765 2724 3830 pectore
2751 3760 3029 3830 lacrymas
3062 3760 3328 3830 profudit,
3353 3777 3418 3814 ac

1812 3849 2002 3903 statim
2026 3854 2092 3903 ut
2109 3866 2204 3902 eas
2228 3848 2401 3901 hostis
2421 3848 2726 3918 conspexit,
2751 3865 2862 3901 non
2884 3865 3043 3902 secus
3062 3854 3231 3919 atque
3258 3849 3418 3903 vehe-

1814 3938 2176 3992 mentissima
2188 3938 2479 4007 cujusdam
2494 3938 2733 3991 ﬂamma
2744 3936 2943 3991 ardore
2955 3937 3414 4005 ambustisoculis,

1812 4028 2013 4099 pedem
2043 4026 2252 4091 retulit,
2288 4026 2480 4097 procul
2514 4026 2755 4095 fugiens,
2788 4032 2956 4096 atque
2983 4027 3327 4082 horrendum
3358 4029 3417 4082 in

1814 4116 2043 4170 modum
2061 4116 2297 4186 ejulans.
2323 4116 2533 4169 Contra
2548 4120 2738 4168 autem
2753 4115 2845 4168 ille
2862 4115 3170 4187 principem
3190 4134 3417 4172 rursum

1811 4204 1997 4258 locum
2025 4203 2240 4269 tenuit;
2277 4204 2753 4274 quemadmodum
2776 4205 2949 4258 totius
2972 4204 3121 4259 orbis
3150 4207 3421 4276 magister

1813 4292 2107 4346 institutus
2128 4293 2327 4357 fuerat,
2344 4293 2425 4345 ita
2447 4292 2616 4345 etiam
2637 4292 2978 4362 paenitentia
2995 4295 3279 4365 exemplar
3293 4295 3421 4348 effe-

1815 4387 1955 4436 ctus.
1987 4384 2123 4436 Post
2150 4382 2620 4436 resurrectionem
2642 4387 2852 4441 autem.
2880 4399 3008 4435 cum
3034 4383 3290 4437 Christus
3309 4389 3437 4437 ter-.

1748 4471 1894 4563 Dtio
1924 4471 1995 4526 ad
2024 4487 2155 4524 eum
2180 4470 2430 4535 dixisset,
2454 4471 2636 4535 Petre,
2674 4486 2830 4525 amas
2858 4471 2988 4524 me?
3018 4471 3295 4541 triplicem
3325 4470 3420 4525 ab-

1810 4559 2156 4629 jurationem
2209 4559 2467 4625 correxit,
2518 4560 2862 4629 respondens
2921 4559 3148 4625 scilicet,
3212 4560 3416 4626 Etiam,

1816 4647 2072 4713 Domine,
2106 4653 2169 4701 tu
2197 4648 2305 4701 scis
2332 4647 2465 4719 quia
2494 4664 2621 4701 amo
2648 4654 2723 4702 te.

1890 4737 1967 4789 Ex
1996 4735 2083 4789 his
2114 4735 2289 4804 igitur
2307 4735 2585 4802 omnibus,
2613 4737 2847 4808 aliisque
2870 4738 3319 4809 quamplurimis,
3338 4743 3421 4792 at-

1818 4841 1925 4895 que
1954 4823 2093 4878 adeo
2123 4840 2422 4877 numerum
2448 4841 2673 4879 omnem
2705 4826 3101 4897 superantibus
3131 4827 3417 4899 exemplis,

1816 4914 2193 4985 lacrymarum
2207 4930 2270 4966 ac
2285 4912 2628 4983 paenitentia
2640 4913 2751 4968 vim
2772 4915 3160 4987 intelligimus.
3179 4918 3422 4971 Tantum

1820 5019 1992 5074 opera
2010 5002 2193 5067 detur,
2219 5008 2285 5055 ut
2303 5001 2443 5072 ipsa,
2462 5003 2939 5072 quemadmodum
2960 5006 3166 5059 rationi
3186 5022 3424 5060 consen-

1820 5097 2052 5145 taneum
2081 5096 2184 5153 est,
2218 5092 2335 5155 fiat,
2363 5091 2468 5144 hoc
2497 5096 2583 5145 est
2611 5108 2676 5145 ex
2708 5093 2909 5146 affectu
2941 5100 3231 5165 peccatum
3260 5111 3426 5149 exse-

1822 5186 2035 5243 crante,
2056 5180 2353 5250 ipsumque
2369 5180 2497 5233 odio
2518 5179 2847 5247 insectante,
2863 5188 3032 5252 atque
3053 5183 3428 5238 condemnan-

1823 5276 1898 5335 te,
1933 5287 1997 5325 ac
2024 5270 2300 5340 lacrymas
2327 5268 2636 5331 emittente,
2674 5271 3149 5338 quemadmodum
3192 5271 3274 5324 ait
3302 5289 3428 5341 pro-

1826 5361 1997 5431 pheta
2017 5358 2227 5413 David:
2263 5357 2529 5412 Laboravi
2563 5357 2619 5410 in
2656 5357 2870 5427 gemitu
2904 5375 3049 5423 meo,
3094 5358 3288 5412 lavabo
3326 5376 3429 5428 per

1826 5449 2075 5519 singulas
2090 5454 2285 5502 noctes
2307 5448 2511 5501 lectum
2528 5446 3004 5516 meum,lacrymis
3028 5448 3169 5501 meis
3186 5452 3428 5501 stratum

1826 5554 2011 5592 meum
2040 5536 2411 5607 rigabo(Psal.
2438 5540 2534 5605 vl).
2552 5538 2766 5591 Actum
2789 5542 3143 5606 peccatorum
3168 5536 3428 5607 purgatio

1826 5643 1925 5699 per
1940 5626 2149 5681 Christi
2168 5642 2423 5681 cruorem
2450 5626 2509 5680 in
2526 5625 2920 5680 misericordia
2942 5624 3120 5696 ipsius
3141 5625 3427 5697 magnitu-
