3878 6402
405 430 414 446 ,
441 381 548 440 487

1470 383 1564 439 DE
1599 383 1788 440 VITIS
1825 381 2122 438 PATRUM
2158 381 2372 464 LIBER
2407 381 2698 439 PRIMUS.

3615 379 3726 438 488

443 509 574 564 dine
594 526 659 563 ac
685 506 1109 562 miserationum
1134 505 1495 561 multitudine
1523 506 1834 577 continget.
1857 504 2040 577 Ipsius
2059 509 2109 568 Α
2130 504 2278 576 quod
2306 521 2406 576 per
2433 505 2640 560 multas
2659 505 3049 562 tribulationes
3067 511 3288 578 oportet
3315 523 3420 560 nos
3437 505 3725 560 intrarein

446 597 595 652 enim
645 599 760 651 haec
804 596 972 651 verba
999 601 1132 650 sunt
1165 613 1177 648 :
1231 595 1289 650 Si
1344 595 1554 650 fuerint
1590 601 1818 668 peccata
1858 600 2045 648 vestra

445 686 589 740 sicut
625 686 930 752 coccinum,
965 684 1124 756 quasi
1155 685 1246 738 nix
1289 684 1698 739 dealbabuntur
1729 703 1741 750 ;
1774 683 1821 738 si
1851 689 2043 737 autem

443 780 508 829 ut
529 775 882 839 vermiculus,
905 775 1066 845 quasi
1087 775 1218 828 lana
1244 773 1371 828 alba
1399 779 1582 827 erunt.

515 863 710 934 Operae
732 863 977 934 pretium
1005 869 1090 916 est
1109 862 1300 933 itaque
1326 869 1389 916 ut
1408 868 1773 933 posteaquam
1794 859 2044 914 veritatis

443 953 821 1022 cognitionem
842 952 1177 1022 accepimus,
1201 957 1371 1022 atque
1391 949 1874 1021 regenerationem
1896 955 1954 1003 et
1983 950 2046 1003 fi-

443 1041 643 1096 liorum
675 1041 1033 1114 adoptionem
1059 1040 1339 1095 consecuti
1360 1057 1574 1106 sumus,
1597 1039 1895 1110 divinaque
1918 1056 2041 1110 my-

443 1131 616 1185 steria
645 1130 1012 1202 percepimus,
1046 1130 1198 1184 omni
1238 1129 1423 1184 studio
1452 1146 1516 1182 ac
1543 1127 1835 1199 diligentia
1855 1127 2042 1198 provi-

445 1219 702 1286 deamus,
725 1237 795 1274 ne
811 1236 1159 1274 corruamus.
1175 1220 1369 1289 Neque
1389 1217 1540 1272 enim
1555 1218 1753 1272 cadere
1774 1217 2044 1270 athletam

447 1309 626 1374 decet,
661 1307 1116 1378 quandoquidem
1154 1306 1340 1370 multi,
1373 1323 1502 1361 cum
1531 1306 1878 1371 cecidissent,
1921 1321 2042 1359 sese

449 1396 664 1467 erigere
695 1396 926 1451 minime
957 1401 1278 1468 potuerunt.
1304 1395 1524 1450 Etenim
1553 1394 1669 1460 alii,
1693 1411 1820 1449 cum
1839 1395 2045 1466 januas

448 1485 662 1540 vitiosis
701 1484 1084 1539 all‘ectionibus
1122 1483 1490 1555 aperuissent,
1526 1490 1694 1554 atque
1733 1481 2044 1537 arctissimo

449 1592 595 1630 nexu
624 1575 759 1646 ipsis
788 1573 1096 1640 hmsissent,
1120 1591 1231 1627 non
1246 1575 1365 1644 jam
1393 1573 1464 1626 ad
1501 1571 1890 1644 poenitentiam
1922 1587 2044 1625 sese

449 1670 770 1718 convertere
791 1668 1112 1734 potuerunt.
1128 1661 1236 1717 Alii
1253 1667 1440 1717 autem
1463 1667 1642 1716 morte
1652 1660 1807 1732 prius
1828 1659 2044 1732 abrepti

451 1769 620 1824 quam
653 1759 968 1807 contractas
995 1751 1260 1806 vitiorum
1295 1751 1486 1804 sordes
1526 1767 1626 1821 per
1654 1749 2043 1821 paenitentiam

2123 610 2362 664 regnum
2391 593 2659 648 caelorum
2697 593 2832 662 (Act.
2867 594 2992 662 XIV),
3029 595 3087 650 in
3117 595 3173 649 id
3201 595 3355 650 omni
3387 594 3566 649 animi
3595 611 3726 649 con-

2123 682 2374 736 tentione
2401 681 2794 750 incubuerunt,
2820 689 2883 738 ut
2906 689 3032 756 post
3058 683 3422 756 baptismum,
3453 684 3726 738 immacu-

2125 771 2302 826 latum
2319 788 2382 824 ac
2401 771 2542 825 labis
2554 772 2736 826 omnis
2757 789 2953 843 expers
2973 773 3408 845 incorruptionis
3418 772 3725 828 indumen-

2125 863 2247 913 tum
2263 865 2674 914 conservarent.
2689 862 2768 915 Ac
2777 862 3010 933 proinde
3021 862 3248 933 quidam
3261 879 3457 916 eorum
3479 862 3724 920 alterum

2125 948 2295 1002 etiam
2305 948 2646 1020 baptismum
2658 950 2888 1022 insuper
2899 956 3340 1022 assumpserunt,
3356 952 3462 1006 hoc
3472 956 3578 1018 est,
3593 967 3726 1005 eum

2126 1037 2220 1108 qui
2237 1037 2294 1090 in
2315 1043 2510 1104 πο
2525 1039 2817 1109 sanguinis
2838 1039 3176 1110 profusione,
3201 1057 3266 1094 ac
3285 1040 3561 1112 martyrio
3582 1039 3724 1094 situs

2125 1130 2228 1179 est.
2261 1125 2580 1197 Baptismus
2610 1128 2759 1181 enim
2788 1127 2877 1181 hic
2920 1145 3142 1200 quoque
3179 1129 3494 1200 appellatus
3522 1133 3627 1194 est,
3669 1133 3727 1182 et

2125 1213 2352 1285 quidem
2365 1216 2884 1286 praestantissimus,
2909 1233 2972 1270 ac
3001 1234 3221 1271 summa
3246 1217 3609 1272 veneratione
3637 1216 3724 1271 di-

2122 1321 2286 1374 gnus,
2317 1320 2499 1375 neque
2531 1304 2680 1358 enim
2709 1305 3109 1376 posterioribus
3127 1307 3341 1378 peccati
3367 1305 3632 1361 sordibus
3643 1306 3728 1360 in-

2125 1392 2412 1463 quinatur.
2455 1393 2634 1457 Quem
2677 1394 2848 1449 etiam
2897 1395 3167 1450 Dominus
3213 1412 3372 1450 meus
3418 1395 3721 1467 accipiens,

2125 1478 2466 1551 baptismum
2491 1481 2692 1535 merito
2716 1483 3075 1554 nuncupavit.
3107 1483 3318 1538 Deinde
3341 1484 3520 1555 ipsius
3540 1483 3726 1538 imita-

2125 1574 2278 1622 tores
2303 1570 2504 1636 effecti,
2527 1571 2771 1641 primum
2799 1571 3025 1642 quidem
3061 1571 3236 1644 ipsius
3265 1577 3634 1644 spectatores,
3669 1577 3727 1628 et

2126 1657 2403 1730 discipuli,
2436 1666 2604 1730 atque
2625 1661 2880 1730 apostoli,
2915 1661 3176 1732 deinceps
3206 1667 3397 1716 autem
3425 1661 3726 1716 universus

2127 1752 2447 1801 sanctorum
2478 1753 2790 1820 martyrum
2821 1750 3042 1814 chorus,
3072 1749 3348 1805 idolorum
3384 1751 3722 1818 cultoribus,

451 1841 861 1907 abstersissent,
889 1840 1246 1895 condemnati
1275 1846 1429 1894 sunt.
1448 1840 1754 1910 Propterea
1773 1839 2044 1910 periculo—
2064 1829 2111 1890 B
2127 1836 2352 1907 regibus
2381 1854 2445 1891 ac
2474 1839 2730 1909 tyrannis
2760 1839 2971 1910 seipsos
2990 1856 3091 1912 pro
3111 1840 3318 1894 Christi
3338 1840 3570 1895 nomine
3587 1841 3729 1912 obji-

450 1948 572 1985 sum
589 1936 674 1985 est
694 1931 751 1984 in
772 1930 988 1996 vitium,
1005 1929 1374 2001 quodcunque
1391 1929 1617 1982 tandem
1641 1927 1777 1982 illud
1800 1928 1892 1993 sit,
1909 1926 2042 1981 labi.

2123 1925 2352 1990 cientes,
2386 1926 2575 1980 omnia
2623 1927 3022 1999 suppliciorum
3060 1945 3270 2000 genera
3305 1929 3723 2000 sustinuerunt,

450 2019 745 2083 Caeterum,
793 2018 840 2071 si
869 2017 982 2072 labi
1007 2017 1322 2088 contigerit,
1358 2017 1549 2072 statim
1587 2016 1909 2071 enitendum
1961 2021 2050 2070 est
2124 2014 2256 2068 feris
2279 2015 2533 2069 videlicet
2561 2015 2784 2086 objecti,
2806 2021 2975 2088 atque
2997 2017 3125 2089 igne
3155 2019 3406 2084 cremati,
3440 2025 3500 2072 et
3516 2018 3729 2090 gladiis

449 2113 512 2162 ut
538 2107 873 2171 resiliamus,
911 2124 1248 2178 rursumque
1277 2107 1348 2160 ad
1387 2107 1718 2178 praeclarum
1761 2112 2046 2161 certamen

434 2191 766 2251 'obeundum
795 2202 1025 2250 stemus.
1059 2196 1127 2250 Et
1151 2195 1368 2266 quoties
1393 2195 1591 2250 cadere
1616 2195 1930 2265 contigerit,
1963 2201 2046 2250 to-

447 2285 554 2340 ties
583 2285 751 2340 etiam
779 2285 972 2339 statim
994 2301 1170 2356 usque
1200 2285 1270 2338 ad
1300 2289 1612 2339 extremum
1635 2282 1758 2338 vita:
1783 2283 1931 2338 diem
1953 2301 2045 2338 cu-

447 2374 686 2428 randum
716 2379 816 2440 est,
834 2380 896 2429 ut
918 2391 1300 2444 resurgamus,
1327 2380 1496 2444 atque
1524 2373 1583 2428 in
1612 2373 1899 2445 procinctu
1929 2381 2044 2428 ste-

449 2481 594 2517 mus.
641 2463 1044 2518 Convertimini
1084 2464 1232 2518 enim
1280 2463 1351 2517 ad
1382 2480 1490 2529 me,
1528 2468 1586 2517 et
1614 2479 1717 2534 ego
1753 2468 2046 2517 convertar

446 2551 517 2605 ad
542 2569 658 2616 vos,
693 2551 772 2605 ait
801 2551 1070 2606 Dominus
1098 2552 1356 2623 (Zachar.
1392 2556 1450 2620 1).

519 2641 646 2694 Car.
669 2640 793 2694 XII.
822 2669 889 2681 —
919 2640 1005 2694 Ad
1039 2640 1154 2693 haec
1178 2646 1368 2695 autem
1395 2640 1664 2711 Josaphat
1690 2637 1830 2693 dixit
1853 2656 1866 2690 :
1891 2637 2045 2703 Qua-

455 2744 583 2780 nam
599 2727 772 2796 igitur
784 2725 1000 2780 ratione
1015 2726 1258 2797 seipsum
1274 2726 1547 2798 quispiam
1562 2732 1686 2798 post
1701 2725 2045 2797 baptismum

451 2815 521 2870 ab
543 2815 696 2870 omni
718 2815 930 2886 peccati
956 2815 1081 2869 labe
1100 2833 1304 2886 purum
1333 2814 1610 2870 servabit?
1628 2815 1772 2868 Nam
1796 2813 1901 2868 etsi
1923 2831 2046 2885 pec-

450 2903 728 2969 cantibus,
754 2910 819 2958 ut
845 2904 963 2976 ipse
983 2904 1085 2969 ais,
1102 2903 1433 2975 poenitentia
1451 2909 1624 2975 patet,
1649 2909 1840 2958 tamen
1854 2902 2045 2958 labore

447 3000 506 3047 et
533 2993 880 3063 fatigatione,
913 3009 978 3047 ac
1016 2995 1152 3048 fletu
1183 2998 1241 3047 et
1268 2993 1421 3048 luctu
1451 3010 1591 3064 opus
1619 2999 1707 3047 est
1739 3010 1750 3046 :
1779 3009 1901 3064 quae
1925 2992 2045 3063 qui-

445 3082 574 3137 dem
603 3082 880 3152 ejusmodi
910 3082 1048 3136 mihi
1077 3099 1202 3136 esse
1232 3081 1509 3148 videntur,
1539 3087 1603 3136 ut
1643 3099 1755 3136 non
1785 3099 1852 3135 ea
1879 3079 2042 3135 multi

2125 2103 2442 2158 obtruncati
2457 2149 2468 2162 .
2494 2106 2747 2176 Cumque
2760 2106 3084 2176 prmclaram
3099 2106 3502 2162 confessionem
3520 2106 3729 2164 edidis-

2127 2197 2271 2257 sent,
2290 2198 2346 2245 et
2359 2209 2581 2246 cursum
2595 2201 3104 2272 consummassent,
3119 2213 3182 2248 ac
3198 2195 3362 2250 fidem
3379 2202 3725 2264 servassent,

2121 2279 2356 2350 justitize
2388 2281 2632 2352 palmam
2657 2282 2939 2337 consecuti
2974 2290 3124 2348 sunt,
3157 2285 3486 2355 angelorum
3517 2292 3728 2340 contu-

2125 2366 2400 2436 bernales,
2425 2377 2481 2423 et
2496 2370 2702 2424 Christi
2719 2371 3033 2426 coheredes
3050 2372 3249 2426 ellecti.
3273 2371 3525 2437 Quorum
3543 2373 3729 2428 virtus

2127 2475 2304 2529 usque
2329 2459 2468 2513 adeo
2498 2457 2746 2526 emicuit,
2778 2467 2842 2514 ut
2861 2459 2919 2515 in
2947 2478 3170 2516 omnem
3191 2467 3402 2516 terram
3423 2479 3624 2517 eorum
3638 2480 3728 2520 so-

2127 2563 2233 2601 nus
2261 2547 2476 2614 exierit,
2510 2553 2567 2602 et
2594 2545 2652 2603 in
2699 2549 2838 2603 fines
2887 2549 3036 2604 orbis
3084 2557 3247 2606 terra:
3291 2551 3477 2622 fulgor
3523 2569 3728 2608 eorum

2129 2638 2294 2703 (Psal.
2326 2640 2502 2706 xvm),
2542 2655 2664 2709 quae
2689 2645 2837 2693 recte
2864 2656 2991 2694 cum
3011 2640 3216 2695 virtute
3227 2645 3544 2711 gesserunt,
3576 2642 3726 2697 ruti-

2126 2725 2275 2780 larit.
2310 2727 2524 2781 Horum
2552 2744 2664 2782 non
2693 2728 2862 2782 verba
2883 2729 3150 2784 duntaxat
3179 2735 3235 2785 et
3250 2747 3439 2801 opera,
3473 2731 3572 2785 sed
3601 2730 3728 2802 ipse

2127 2831 2347 2886 quoque
2375 2832 2536 2870 cruor
2567 2823 2624 2870 et
2651 2833 2795 2884 ossa,
2823 2817 2975 2872 omni
3006 2818 3301 2874 sanctitate
3349 2819 3512 2890 plena
3565 2826 3724 2876 sunt.

2127 2902 2418 2957 Daemones
2442 2921 2686 2975 namque
2708 2923 2808 2977 per
2827 2906 2937 2960 vim
2963 2905 3023 2960 in
3051 2905 3241 2977 fugam
3270 2914 3526 2976 vertunt;
3551 2913 3728 2981 atqtle

2125 2990 2195 3044 iis
2206 2991 2301 3062 qui
2321 3009 2446 3047 cum
2473 2993 2580 3047 fide
2602 2995 2891 3061 accedunt,
2913 2994 3248 3051 incurabiles
3267 2996 3476 3068 alioqui
3495 2997 3728 3053 morbos

2124 3079 2449 3151 profligant.
2483 3082 2630 3146 Quin
2651 3089 2830 3138 vestes
2845 3101 3066 3155 quoque
3087 3084 3237 3156 ipsae,
3261 3091 3320 3140 et
3335 3085 3382 3140 si
3412 3086 3547 3157 quid
3568 3086 3727 3142 aliud

442 3169 602 3226 facile
631 3171 895 3241 consequi
917 3171 1150 3243 possint.
1167 3171 1439 3236 Quocirca
1466 3171 1611 3225 viam
1634 3171 1819 3243 potius
1848 3169 2037 3225 nanci-
2053 3168 2096 3228 C
2117 3169 2188 3222 ad
2200 3169 2447 3240 pretiosa
2464 3187 2659 3226 eorum
2673 3189 2907 3245 corpora
2939 3173 3169 3245 propius
3191 3175 3442 3242 accessit,
3457 3174 3726 3232 omnibus

443 3259 522 3314 sci
544 3277 824 3330 cuperem,
856 3276 968 3331 qua
997 3259 1212 3314 sincere
1237 3265 1406 3330 atque
1427 3265 1617 3314 exacte
1645 3259 1745 3315 Dei
1768 3264 2046 3331 praecepta

443 3365 744 3414 servarem,
781 3366 882 3403 nec
909 3349 981 3404 ab
1013 3348 1082 3403 iis
1111 3349 1488 3415 deflecterem,
1518 3366 1620 3403 nec
1648 3354 1774 3420 post
1794 3347 2046 3419 priorum

2126 3258 2472 3314 venerationi
2501 3266 2650 3316 sunt.

2198 3348 2278 3403 De
2307 3348 2508 3420 quibus
2528 3351 2698 3422 longa
2724 3349 2977 3407 oratione
3000 3351 3135 3407 mihi
3156 3370 3294 3426 opus
3325 3361 3492 3422 esset,
3511 3355 3559 3410 si
3583 3373 3726 3428 prae-

445 3444 799 3508 peccatorum
816 3437 1036 3492 veniam
1065 3437 1445 3509 impetratam,
1466 3437 1855 3492 suavissimum
1882 3437 2041 3492 illum
2127 3436 2277 3492 clara
2307 3455 2500 3493 eorum
2551 3440 2796 3495 facinora
2841 3440 3129 3512 sigillatim
3172 3458 3450 3514 exponere
3494 3446 3722 3502 vellem.

451 3527 754 3581 Dominum
775 3544 840 3581 ac
869 3527 1046 3581 Deum
1074 3527 1144 3582 ad
1174 3527 1520 3582 iracundiam
1549 3542 1926 3598 provocarem.
2127 3525 2498 3598 Posteaquam
2530 3535 2716 3584 autem
2747 3529 2999 3585 crudeles
3031 3531 3111 3586 illi
3132 3549 3196 3586 ac
3225 3531 3456 3588 belluini
3491 3536 3724 3606 tyranni

517 3615 824 3686 Respondit
847 3623 1037 3670 autem
1066 3616 1325 3670 Barlaam
1351 3633 1363 3667 ε
1388 3616 1557 3670 Recte
1579 3616 1696 3669 haec
1715 3614 2044 3682 dixisti,do-
2125 3613 2347 3683 misere,
2375 3623 2440 3671 ut
2467 3634 2660 3672 eorum
2683 3618 3010 3690 improbitas
3041 3620 3378 3688 merebatur,
3403 3623 3720 3694 perierunt,

447 3701 597 3757 mine
624 3703 701 3757 mi
733 3720 797 3758 ac
827 3721 940 3770 rex,
974 3709 1142 3774 atque
1169 3704 1274 3757 hoc
1299 3703 1439 3757 mihi
1463 3709 1788 3774 pergratum
1811 3710 1923 3770 est;
1955 3720 2043 3758 ve-
2125 3705 2549 3776 persecutioque
2578 3708 2748 3761 finem
2778 3708 3011 3779 accepit,
3043 3726 3108 3764 ac
3136 3711 3213 3781 pii
3239 3710 3613 3782 imperatores
3637 3719 3722 3768 to-

451 3809 577 3846 rum
607 3792 844 3847 arduum
877 3798 979 3858 est,
1003 3809 1073 3846 ne
1087 3791 1271 3846 dicam
1301 3792 1662 3864 impossibile,
1686 3797 1750 3846 ut
1764 3791 2043 3864 quispiam
2123 3793 2237 3848 tius
2257 3793 2406 3848 orbis
2435 3795 2670 3866 imperio
2695 3797 2858 3868 potiti
2873 3803 3024 3866 sunt,
3046 3799 3403 3854 succedentes
3425 3800 3543 3867 alii,
3562 3818 3726 3858 acze-

444 3881 503 3935 in
526 3881 655 3952 igne
683 3887 950 3947 versetur,
966 3899 1068 3936 nec
1084 3887 1275 3936 tamen
1294 3882 1446 3936 fumo
1475 3880 1816 3936 offundatur.
1833 3880 2043 3935 Eodem
2126 3883 2242 3936 lum
2273 3883 2432 3938 illum
2469 3884 2826 3957 divinamque
2855 3886 3220 3958 cupiditatem
3251 3889 3356 3942 sibi
3384 3889 3724 3946 imitandam

453 3965 586 4023 item
621 3969 787 4024 modo
816 3970 1054 4024 arduum
1081 3976 1166 4024 est
1191 3987 1256 4024 ac
1285 3987 1557 4041 perquam
1593 3969 1817 4024 difﬁcile
1846 3975 1911 4024 ut
1947 3969 2044 4042 qui
2125 3978 2518 4041 proponentes,
2536 3972 2843 4045 eodemque
2869 3974 3069 4029 timore
3081 3976 3327 4030 sauciam
3347 3977 3597 4033 animam
3619 3980 3722 4035 ha-

449 4057 682 4127 hajusce
711 4057 836 4112 vitae
866 4058 1104 4128 negotiis
1132 4064 1404 4130 tanquam
1443 4058 1676 4113 vinculis
1708 4057 2042 4128 quibusdam
2125 4055 2338 4125 bentes,
2363 4059 2497 4114 illud
2517 4061 2726 4132 optime
2746 4079 2937 4118 secum
2959 4064 3386 4120 considerabant
3405 4072 3577 4138 atque
3598 4085 3722 4140 spe-

445 4145 709 4200 astrictus
742 4151 984 4212 tenetur,
1007 4147 1241 4217 ejusque
1263 4147 1412 4202 curis
1434 4164 1498 4202 ac
1526 4145 1862 4201 tumultibus
1882 4145 2043 4202 disti-
2125 4146 2370 4214 ctabant,
2385 4154 2448 4202 ut
2477 4148 2546 4203 ab
2575 4149 2728 4204 omni
2758 4152 3022 4223 spurcitie
3039 4170 3238 4225 puram
3254 4155 3500 4210 animam
3516 4173 3582 4211 ac
3602 4174 3722 4212 cor-

443 4241 632 4296 netur,
665 4239 835 4306 atque
866 4235 925 4289 in
955 4233 1156 4306 opibus
1177 4251 1242 4289 ac
1266 4234 1479 4290 deliciis
1503 4234 1656 4302 vivit,
1680 4235 1800 4290 sine
1828 4235 1944 4290 ulla
1961 4235 2045 4291 in-
2124 4253 2229 4307 pus
2258 4237 2373 4292 Deo
2403 4237 2767 4296 exhiberent:
2798 4240 2878 4294 sic
2901 4241 3166 4296 nimirum
3197 4259 3256 4298 se
3304 4252 3717 4316 comparantes,

446 4323 680 4378 ﬂexione
712 4323 1108 4378 mandatorum
1128 4324 1228 4378 Dei
1251 4324 1394 4378 viam
1424 4330 1702 4395 peragret,
1727 4342 2044 4397 purumque
2125 4331 2190 4379 ut
2226 4343 2420 4380 omnes
2448 4327 2774 4384 vitiosarum
2803 4331 3161 4388 affectionum
3189 4332 3434 4388 actiones
3457 4339 3722 4406 amputa-

445 4411 691 4484 seipsum
731 4418 900 4483 atque
937 4412 1274 4467 incolumem
1302 4412 1372 4467 ab
1403 4413 1472 4467 iis
1506 4419 1705 4468 servet.
1754 4414 1850 4468 Ait
1894 4414 2100 4495 enim_
2127 4421 2271 4482 rent,
2313 4416 2635 4488 seipsosque
2654 4417 2724 4472 ab
2754 4419 2906 4474 omni
2923 4419 3104 4474 carnis
3131 4426 3188 4475 et
3205 4421 3435 4492 spiritus
3455 4423 3721 4495 inquina-

442 4501 716 4556 Dominus
741 4503 950 4571 (Matth.
980 4505 1053 4572 v1)
1091 4518 1105 4557 :
1137 4503 1315 4557 Nemo
1344 4507 1528 4574 potest
1557 4502 1773 4558 duobus
1801 4502 2042 4558 dominis
2058 4485 2106 4546 Ῑ)
2124 4509 2316 4558 mento
2334 4485 2724 4578 repurgarent.
2752 4508 3029 4573 Quoniam
3043 4485 3353 4566 autem-hoc
3367 4528 3482 4566 non
3501 4485 3616 4568 alia
3635 4530 3723 4568 ra-

441 4589 668 4645 servire.
683 4591 798 4644 Aut
818 4589 969 4644 enim
999 4606 1174 4644 unum
1196 4589 1323 4645 odio
1349 4590 1592 4657 habebit,
1619 4597 1679 4645 et
1697 4591 1941 4646 alterum
1961 4591 2044 4646 di-
2124 4591 2295 4658 tione,
2311 4609 2479 4664 quam
2497 4611 2597 4666 per
2612 4583 3008 4651 mandatorum
3027 4597 3233 4652 Christi
3250 4598 3716 4669 observationem,

440 4678 602 4749 liget;
627 4685 726 4734 aut
745 4679 841 4734 uni
867 4678 1194 4744 adhaerebit,
1215 4685 1273 4734 et
1297 4679 1536 4734 alterum
1555 4685 1893 4735 contemnet.
1916 4681 2042 4734 Non
2125 4696 2159 4734 a
2178 4699 2236 4735 se
2248 4683 2500 4752 praestari
2520 4701 2684 4755 posse
2705 4683 3108 4756 intelligebant,
3139 4687 3530 4744 mandatorum
3554 4707 3720 4762 porro

442 4768 675 4838 potestis
695 4769 810 4823 Deo
833 4768 1042 4822 servire
1067 4775 1125 4823 et
1153 4785 1506 4824 mammonae.
1540 4769 1687 4834 Quin
1707 4769 1878 4824 etiam
1907 4771 2042 4824 cha-
2125 4767 2569 4825 observationem
2598 4788 2663 4826 ac
2691 4771 2961 4829 virtutum
2983 4775 3195 4830 cultum
3213 4776 3271 4830 in
3299 4775 3500 4834 mediis
3523 4779 3720 4835 mundi

442 4871 540 4910 rus
566 4855 741 4926 ipsius
761 4857 1065 4928 discipulus
1093 4858 1334 4912 Joannes
1357 4857 1697 4928 evangelista
1723 4863 1780 4912 et
1802 4857 2043 4913 Theolo-
2123 4857 2460 4914 tumultibus
2488 4877 2634 4931 aegre
2671 4864 2936 4934 consequi
2969 4882 3028 4918 se
3077 4882 3239 4936 posse
3286 4867 3717 4938 perspiciebant,

439 4960 547 5013 gus
573 4943 633 4998 in
680 4943 916 5014 epistola
947 4962 1050 4999 sua
1081 4944 1160 5000 ait
1191 4967 1204 5000 :
1253 4945 1438 5000 Nolite
1485 4946 1717 5017 diligere
1746 4945 2039 5013 mundum,
2125 4962 2329 5001 novum
2359 4949 2640 5019 quoddam
2661 4956 2830 5023 atque
2858 4952 2928 5006 ab
2950 4953 3075 5008 aliis
3094 4954 3375 5009 diversum
3397 4956 3522 5012 vita:
3541 4975 3720 5028 genus

442 5049 626 5104 neque
654 5050 720 5087 ea
748 5050 868 5105 quae
898 5033 956 5087 in
980 5034 1188 5088 mundo
1213 5041 1361 5089 sunt.
1395 5035 1673 5098 Quoniam
1701 5051 1865 5088 omne
1894 5035 2042 5105 quod
2125 5034 2764 5108 sibiipsisinstituerunt,
2783 5057 2848 5095 ac
2855 5042 3018 5112 juxta
3031 5043 3275 5098 divinam
3286 5061 3496 5112 vocem,
3511 5048 3720 5102 relictis

441 5128 527 5176 est
541 5122 601 5176 in
619 5123 847 5188 mundo,
877 5127 978 5176 aut
995 5123 1445 5194 concupiscentia
1470 5123 1655 5178 carnis
1675 5129 1778 5190 est,
1802 5129 1902 5177 aut
1919 5139 2048 5177 con-
2129 5124 2387 5180 omnibus
2408 5125 2592 5195 rebus,
2615 5129 2720 5184 hoc
2741 5136 2828 5184 est
2846 5131 3188 5201 parentibus,
3239 5133 3448 5202 liberis,
3503 5137 3714 5204 amicis,

438 5212 782 5284 cupiscentia
814 5212 1124 5278 oculorum,
1155 5217 1255 5266 aut
1295 5211 1561 5284 superbia
1597 5213 1739 5279 vitae,
1781 5229 1904 5283 qua;
1932 5229 2045 5266 non
2128 5213 2396 5283 cognatis,
2429 5216 2646 5287 opibus,
2675 5218 2907 5285 deliciis,
2931 5221 3254 5294 cunctisque
3268 5223 3463 5277 mundi
3479 5241 3719 5281 commo-

437 5308 523 5356 est
544 5319 610 5356 ex
642 5303 827 5366 Patre,
861 5301 959 5355 sed
991 5317 1056 5356 ex
1087 5301 1296 5356 mundo
1327 5307 1431 5355 est.
1467 5302 1536 5356 Et
1567 5301 1808 5354 mundus
1841 5301 2046 5356 transit
2127 5301 2212 5356 dis
2233 5305 2587 5376 contemptis,
2616 5306 2675 5360 in
2703 5307 3053 5374 solitudines,
3071 5315 3341 5381 tanquam
3359 5312 3584 5368 exsules
3605 5313 3720 5386 qui-

438 5396 496 5444 et
522 5389 973 5462 concupiscentia
1001 5391 1142 5460 ejus.
1177 5389 1284 5454 Qui
1314 5395 1506 5444 autem
1537 5387 1672 5442 facit
1699 5389 2042 5444 voluntatem
2125 5389 2276 5458 dam,
2310 5410 2433 5447 sese
2461 5395 2837 5462 contulerunt,
2871 5404 3118 5467 egentes,
3146 5399 3471 5470 angustiati,
3503 5403 3713 5468 afﬂicti,

438 5478 559 5543 Dei,
595 5486 788 5533 manet
815 5479 874 5532 in
903 5484 1174 5533 azternum
1209 5480 1258 5546 (Ι
1282 5481 1444 5532 Joan.
1472 5482 1557 5541 Il).
2126 5479 2329 5550 quibus
2357 5482 2561 5552 dignus
2591 5501 2704 5538 non
2734 5492 2857 5540 erat
2878 5485 3121 5542 mundus
3155 5489 3335 5559 (llebr.
3367 5500 3473 5560 x1):
3507 5491 3566 5545 in
3595 5492 3718 5546 soli-

509 5565 640 5620 Haec
657 5567 830 5637 igitur
851 5583 980 5621 cum
1009 5566 1181 5620 divini
1203 5583 1266 5620 ac
1283 5565 1550 5620 divinitus
1573 5565 1830 5637 inspirati
1851 5571 2040 5638 patres
2124 5570 2416 5626 tudinibus
2436 5580 2708 5641 errantes,
2747 5575 2805 5629 in
2837 5576 3139 5642 montibus,
3156 5582 3214 5632 et
3241 5577 3541 5649 speluncis,
3572 5587 3627 5636 et
3661 5580 3713 5634 in

433 5653 609 5710 nostri
619 5655 1332 5726 animadvertissent,atque
1343 5651 1482 5710 illud
1493 5652 1728 5726 apostoli
1740 5657 2038 5726 audissent,
2120 5658 2371 5716 cavernis
2391 5665 2572 5730 terrae,
2593 5680 2659 5718 ac
2677 5663 2756 5720 sei
2760 5681 2890 5736 psos
2909 5663 2980 5722 ab
2995 5665 3256 5724 omnibus
3269 5670 3513 5726 terrenis
3519 5671 3718 5742 jucun-
