3878 6424
112 397 213 457 489
519 393 690 449 VITA
727 387 1164 446 SANCTORUM
1201 381 1547 440 BARLAAM
1582 375 1921 435 EREMITE
1959 377 2046 431 ET
2081 376 2445 432 JOSAPHAT
2484 379 2706 434 INDIAE
2743 380 2977 437 REGIS.
3284 381 3392 440 490

112 521 380 579 ditatibus
411 525 469 574 et
504 516 889 588 voluptatibus
914 515 1108 586 procul
1138 515 1506 574 removentes,
1541 511 1710 577 atque
1731 503 1962 564 Amodo
1993 503 2204 568 fecisse,
2240 522 2361 575 quae
2393 506 2526 576 ipsis
2553 523 2587 560 a
2615 509 2730 562 Deo
2769 516 3046 580 praecepta
3079 517 3282 578 essent,
3303 513 3393 566 ve-

115 613 252 667 adeo
279 611 442 682 panis
481 610 652 663 etiam
698 611 754 661 et
780 605 1240 659 vestimentorum
1279 599 1435 672 gravi
1481 597 1717 670 penuria
1799 609 1924 647 rum
1955 594 2130 647 multo
2162 595 2324 664 plura
2345 613 2466 650 esse
2494 613 2618 667 quae
2640 598 2745 651 sibi
2771 599 3046 663 deessent,
3073 617 3241 671 quam
3273 618 3396 671 quae

118 702 459 756 laborantes.
1795 684 1914 753 jam
1939 684 2345 753 praestitissent.
2371 686 2613 741 Rursum
2636 688 2685 741 is
2709 690 2802 758 qui
2832 691 2890 743 in
2912 691 3174 760 religiosa
3194 692 3397 745 exerci-

190 790 353 854 ρυοά
383 795 447 842 ut
475 787 738 851 facerent,
773 785 979 855 duplex
1017 799 1113 836 eos
1143 798 1312 836 causa
1349 776 1672 850 impellebat
1705 792 1716 826 :
1801 773 2032 836 tatione,
2068 773 2138 828 ob
2169 775 2415 846 corporis
2434 775 2670 832 fortasse
2699 779 3138 835 imbecillitatem
3169 781 3403 836 inferior

118 882 317 942 altera,
346 885 413 932 ut
443 877 774 931 vitiosarum
803 873 1162 927 affectionum
1193 869 1460 924 materias
1488 866 1721 920 minime
1806 868 1942 926 erat,
1977 862 2224 934 seipsum
2252 865 2412 918 nihili
2440 866 2732 936 pendebat,
2769 885 2834 923 ac
2862 871 3129 924 miserum
3160 870 3398 938 dicebat,

119 973 435 1031 cernentes,
473 982 669 1020 earum
709 962 1043 1035 cupiditates
1086 960 1358 1014 radicitus
1405 974 1471 1012 ex
1520 954 1725 1010 animis

122 1060 239 1115 suis
264 1057 585 1120 evellerent,
615 1069 920 1123 earumque
951 1050 1278 1105 memoriam
1312 1048 1722 1109 oblitterarent,

124 1164 187 1204 ac
215 1147 538 1201 divinarum
567 1149 623 1198 et
647 1143 955 1196 cmlestium
987 1156 1176 1195 rerum
1204 1153 1456 1192 amorem
1488 1141 1545 1188 et
1578 1133 1727 1188 desi-

124 1237 347 1291 derium
378 1235 437 1288 in
486 1233 686 1304 seipsis
736 1231 1076 1293 insererent;
1113 1229 1308 1293 altera,
1342 1231 1406 1280 ut
1435 1242 1535 1296 per
1582 1222 1729 1277 afﬂi-

124 1327 371 1381 ctionem
399 1339 602 1394 corpus
627 1321 984 1384 conﬁcerent,
1017 1317 1319 1387 animoque
1349 1332 1413 1369 ac
1441 1315 1730 1368 voluntate

125 1423 408 1486 martyres
439 1412 638 1478 effecti,
671 1426 739 1464 ea
779 1409 978 1479 gloria,
1014 1423 1182 1478 quam
1235 1406 1275 1459 ii
1309 1405 1403 1475 qui
1457 1402 1731 1473 martyrio

127 1503 408 1576 perfuncti
437 1505 588 1565 sunt,
625 1499 900 1563 obtinent,
936 1496 1169 1550 minime
1201 1499 1461 1548 carerent
1489 1512 1501 1558 ;
1538 1508 1733 1546 verum

1809 952 1983 1006 animi
2027 954 2238 1007 scilicet
2265 955 2518 1024 ignaviae,
2551 973 2615 1010 ac
2647 975 2758 1012 non
2788 965 3004 1014 naturae
3033 961 3406 1015 imbecillitati

1810 1041 2086 1096 defectum
2117 1061 2280 1098 suum
2302 1046 2614 1116 assignans.
2634 1049 2722 1102 Ita
2749 1049 2842 1102 alii
2862 1051 3003 1113 aliis,
3021 1058 3191 1121 atque
3212 1067 3408 1105 omnes

1811 1131 2072 1185 omnibus
2086 1135 2448 1188 modestiores
2465 1153 2522 1189 sc
2544 1136 2880 1205 praebebant.
2899 1141 3087 1194 Inanis
3109 1158 3272 1210 porro
3292 1143 3410 1212 glo-

1813 1221 1909 1274 riae
1935 1223 2185 1289 allectus,
2216 1231 2314 1278 aut
2339 1226 2660 1282 hominibus
2686 1231 2940 1299 placendi
2970 1234 3239 1296 studium,
3272 1250 3411 1303 quo-

1814 1326 1946 1364 nam
1970 1312 2196 1366 tandem
2230 1321 2388 1384 pacto
2415 1315 2473 1369 in
2495 1317 2606 1370 illis
2628 1319 2854 1386 inesset,
2871 1322 3075 1392 quippe
3097 1323 3192 1393 qui
3220 1325 3324 1376 hac
3345 1323 3414 1376 de

1815 1415 1985 1454 causa
2012 1400 2204 1456 orbem
2232 1403 2364 1474 fuga
2389 1406 2752 1476 reliquerant,
2775 1415 2944 1479 atque
2960 1412 3018 1464 in
3038 1413 3274 1466 desertis
3293 1429 3418 1467 mo-

1817 1488 2106 1556 rabantur,
2130 1498 2194 1546 ut
2213 1493 2446 1549 virtutes
2478 1513 2609 1550 suas
2637 1514 2749 1552 non
2779 1500 3117 1566 hominibus,
3153 1502 3249 1555 sed
3281 1503 3415 1569 Deo,

127 1611 260 1649 cum
289 1592 398 1664 ipsi
429 1605 670 1662 quoque,
697 1592 973 1659 quantum
1001 1587 1057 1638 in
1089 1602 1148 1638 se
1181 1590 1344 1648 esset,
1381 1582 1590 1637 Christi
1613 1597 1738 1651 pas-
1818 1594 1853 1631 a
1883 1595 1992 1649 quo
2022 1580 2296 1636 virtutum
2322 1601 2546 1655 quoque
2577 1589 2812 1657 praemia
2838 1589 3158 1660 sperabant,
3184 1592 3419 1646 demon-

129 1684 348 1738 sionem
374 1675 986 1751 expressissent.ipsius
1001 1690 1222 1744 quoque
1250 1672 1410 1742 regni
1433 1670 1736 1742 participes
1818 1673 2082 1722 strarent.
2117 1669 2262 1726 Illud
2293 1674 2498 1745 quippe
2528 1676 2700 1746 probe
2729 1685 2952 1745 norant,
2977 1679 3242 1749 religiosa
3269 1697 3424 1734 exer-

132 1776 342 1826 essent.
376 1770 461 1824 Ad
489 1768 639 1822 hunc
682 1766 859 1836 igitur
905 1764 1135 1817 modum
1175 1762 1387 1832 optima
1417 1755 1969 1836 considera-“citia,
2001 1775 2124 1828 quae
2169 1760 2354 1814 inanis
2396 1764 2589 1832 gloriae
2631 1782 2802 1820 causa
2830 1767 3128 1834 obeuntur,
3167 1771 3423 1824 mercede

131 1862 290 1916 tione
316 1857 586 1921 adhibita,
603 1853 970 1909 monasticam
993 1869 1057 1907 ac
1077 1851 1390 1906 solitariam
1413 1849 1585 1903 vitam
1611 1864 1738 1901 con-
1758 1822 1804 1881 B
1821 1862 2027 1911 carere,
2057 1851 2121 1902 ut
2163 1866 2286 1919 quas
2318 1822 2431 1905 non
2468 1854 2589 1916 Dei,
2624 1856 2722 1909 sed
2752 1856 3014 1912 humanae
3043 1822 3223 1912 laedis

134 1949 337 2005 sectati
364 1952 513 2002 sunt,
1822 1935 1978 1988 fiant.
2013 1938 2091 1990 Ac
2128 1940 2363 2008 proinde
2393 1942 2716 2012 hujusmodi
2740 1945 2996 2000 homines
3017 1946 3225 2018 duplici
3255 1948 3428 2002 detri-

207 2040 395 2109 Atque
415 2035 510 2090 alii
532 2034 758 2105 quidem
777 2031 880 2086 sub
901 2032 993 2088 dio
1009 2031 1298 2094 durantes,
1324 2028 1457 2082 solis
1481 2031 1639 2092 gestu,
1660 2030 1741 2080 at-
1823 2032 2012 2078 mento
2043 2026 2381 2095 afficiuntur,
2411 2031 2545 2085 dum
2575 2033 2845 2088 nimirum
2876 2051 3076 2106 corpus
3097 2037 3426 2105 conficiunt,

137 2145 249 2199 que
277 2122 605 2196 asperrimis
640 2120 944 2192 frigoribus
983 2136 1048 2173 ac
1078 2118 1300 2188 pluviis,
1343 2123 1401 2170 et
1448 2121 1741 2169 ventorum
1824 2129 1926 2166 nec
1955 2121 2145 2169 tamen
2163 2120 2476 2174 mercedem
2498 2122 2671 2176 ullam
2691 2123 2898 2178 ferunt.
2924 2125 3031 2188 Qui
3053 2131 3242 2179 autem
3265 2126 3428 2180 etule-

132 2215 459 2272 turbinibus
497 2210 929 2266 afﬂictabantur.
963 2208 1072 2262 Alii
1115 2206 1450 2260 constructis
1479 2203 1738 2274 tuguriis,
1826 2202 1927 2255 stis
1958 2204 2150 2271 gloriae
2195 2207 2471 2263 desiderio
2510 2211 2773 2281 ﬂagrant,
2805 2217 2975 2284 atque
3016 2215 3088 2268 ad
3120 2231 3245 2268 eam
3271 2215 3429 2270 omni-

134 2311 239 2360 aut
257 2305 315 2358 in
339 2301 618 2374 speluncis
639 2306 696 2354 et
711 2298 886 2353 antris
903 2314 1024 2351 sese
1039 2297 1403 2355 occultantes,
1421 2294 1597 2348 vitam
1609 2309 1735 2362 age-

133 2393 507 2462 bant.Sicque
524 2390 790 2444 virtutem
811 2388 1307 2452 colentes,omnem
1322 2383 1602 2438 carnalem
1618 2397 1744 2435 con-

137 2482 476 2537 solationem
493 2486 553 2534 et
573 2478 820 2549 quietem
849 2476 920 2529 ad
949 2481 1258 2528 extremum
1282 2489 1459 2543 usque
1486 2470 1743 2542 repudia-

137 2578 296 2636 runt,
325 2569 511 2624 crudis
530 2567 773 2622 oleribus
794 2573 850 2620 et
879 2564 1087 2629 herbis,
1107 2568 1206 2617 aut
1229 2563 1428 2633 pomis,
1452 2573 1549 2615 aut
1571 2560 1738 2614 etiam

143 2662 295 2715 sicco
325 2676 390 2714 ac
418 2656 720 2712 durissimo
749 2671 892 2726 pane
921 2654 1092 2707 vitam
1122 2653 1457 2727 tolerantes;
1493 2667 1595 2704 nec
1619 2665 1745 2702 sua-

139 2751 302 2804 vium
323 2748 574 2803 ciborum
594 2744 854 2817 qualitati
882 2745 1152 2798 duntaxat
1173 2741 1435 2795 nuntium
1459 2739 1745 2794 remitten-

139 2848 248 2903 tes,
267 2838 366 2892 sed
396 2854 511 2908 prae
541 2833 871 2890 exuberanti
893 2832 1137 2903 quadam
1156 2829 1503 2884 continentia
1532 2826 1747 2896 magni-

139 2928 404 2984 tudinem
418 2925 592 2979 animi
617 2924 705 2977 sui
731 2923 800 2976 ad
822 2922 1000 2992 ipsam
1018 2936 1239 2990 quoque
1262 2918 1638 2989 quantitatem
1660 2931 1748 2968 ex—

140 3013 770 3073 tendentes.Tantulum
801 3011 952 3065 enim
992 3010 1282 3071 duntaxat,
1312 3007 1483 3061 etiam
1513 3022 1579 3059 ex
1609 3003 1746 3074 ipsis

1825 2292 2111 2348 celeritate
2131 2297 2788 2366 contendunt,terrenam
2806 2317 3034 2357 omnem
3051 2308 3108 2358 et
3119 2304 3429 2358 humanam

1826 2389 2219 2451 aspernantur.

1828 2557 1838 2568 .
1897 2470 1974 2524 Ex
2003 2471 2332 2568 hujusmod-i‘
2345 2491 2512 2545 porro
2543 2477 2864 2534 hominibus
2881 2480 2976 2534 alii
2999 2481 3077 2535 sic
3107 2481 3339 2552 degunt,
3365 2486 3432 2536 ut

1825 2563 1882 2611 in
1901 2576 2120 2614 secessu
2149 2578 2214 2615 ac
2233 2563 2534 2619 solitudine
2560 2567 2787 2637 pietatis
2817 2575 3102 2624 certamen
3124 2569 3348 2634 obeant,
3374 2574 3434 2624 et

1827 2647 1895 2701 ab
1915 2649 2209 2705 hominum
2219 2655 2586 2708 contubernio
2611 2673 2711 2728 per
2736 2675 2901 2713 omne
2921 2659 3047 2714 vitae
3064 2665 3287 2730 tempus
3310 2675 3433 2714 sese

1827 2746 2168 2805 removeant,
2187 2747 2355 2812 atque
2377 2743 2448 2796 ad
2471 2745 2650 2800 Deum
2669 2749 3141 2819 apprOpinquent.
3170 2749 3280 2802 Alii
3295 2765 3430 2819 pro-

1829 2826 1917 2880 cul
1943 2827 2093 2882 inter
2127 2845 2187 2883 se
2215 2834 2550 2888 constructis
2590 2836 2857 2902 aadiculis,
2892 2837 3199 2892 Dominicis
3231 2837 3430 2892 diebus

1831 2916 1901 2968 ad
1945 2933 2114 2970 unam
2145 2924 2202 2972 et
2242 2922 2498 2976 eamdem
2538 2925 2830 2980 ecclesiam
2855 2933 3117 2997 pergunt,
3147 2943 3213 2981 ac
3241 2927 3431 2980 divina

1830 3006 2115 3075 mysteria,
2150 3008 2254 3062 hoc
2284 3015 2367 3064 est
2397 3011 2754 3068 incruentum
2785 3015 2910 3086 puri
2939 3015 3188 3087 corporis
3217 3033 3283 3070 ac
3306 3031 3433 3086 pre-

141 3106 353 3161 vilibus
403 3104 754 3172 maximeque
795 3099 1125 3154 necessariis
1155 3098 1291 3152 cibis
1338 3093 1746 3166 percipiebant,
1830 3093 1959 3147 tiosi
1985 3096 2279 3165 sanguinis
2309 3098 2518 3154 Christi
2542 3103 2880 3158 sacriﬁcium
2911 3105 3230 3176 percipiunt
3262 3123 3274 3157 :
3311 3120 3436 3174 quae

143 3202 428 3268 quantum
453 3193 524 3247 ad
545 3190 895 3247 tolerandam
921 3189 1128 3242 famem
1158 3188 1294 3241 satis
1316 3191 1481 3240 esset.
1506 3184 1747 3248 Quidam
1765 3177 1809 3238 G
1829 3183 2056 3252 quidem
2071 3185 2343 3240 Dominus
2362 3188 2468 3258 piis
2489 3189 2546 3243 in
2569 3197 2923 3260 peccatorum
2939 3193 3346 3257 remissionem,
3371 3208 3437 3246 ac

143 3286 306 3340 enim
351 3278 547 3338 eorum
600 3282 879 3350 integram
917 3276 1326 3332 hebdomadam
1368 3291 1468 3344 per
1498 3271 1747 3326 inediam

142 3375 548 3443 transigentes,
581 3369 870 3425 Dominico
893 3369 1121 3421 demum
1153 3365 1242 3418 die
1272 3363 1458 3418 cibum
1486 3361 1751 3415 admitte-

142 3465 308 3519 bant.
343 3461 584 3526 Quidam
614 3459 696 3512 bis
719 3464 940 3512 tantum
962 3453 1314 3509 hebdomada
1334 3467 1555 3522 quaque
1577 3448 1751 3520 ipsius

142 3552 555 3616 meminerant;
578 3549 675 3603 alii
703 3547 934 3602 alternis
961 3544 1158 3599 diebus
1180 3543 1283 3598 sub
1316 3554 1601 3611 vesperam
1629 3539 1753 3593 ede«

144 3643 310 3709 bant,
344 3641 424 3695 sic
449 3645 512 3694 ut
527 3638 710 3694 cibum
739 3637 1014 3691 duntaxat
1040 3633 1431 3703 degustarent;
1467 3628 1723 3701 precibus
1739 3657 1754 3667 -

148 3749 264 3804 que
321 3747 386 3784 ac
439 3727 644 3799 vigiliis
686 3723 1092 3797 propemodum
1126 3737 1254 3776 cum
1285 3719 1501 3790 angelis
1533 3733 1755 3789 quoque

148 3825 459 3883 certantes,
485 3823 654 3887 atque
667 3815 789 3870 auri
816 3819 873 3868 et
887 3812 1105 3884 argenti
1121 3810 1492 3881 possessione,
1518 3805 1754 3877 emptio-

149 3910 439 3980 nibusque
456 3912 514 3961 et
532 3903 942 3960 venditionibus
960 3917 1188 3973 prorsus
1209 3899 1395 3953 valere
1401 3897 1592 3968 jussis,
1607 3896 1756 3950 inter

147 4003 416 4059 homines
445 4000 675 4055 omnino
699 4013 759 4052 se
787 4013 910 4052 esse
935 3993 1418 4049 obliviscebantur.
1693 4059 1706 4068 _

225 4090 458 4148 Invidia
486 4095 677 4144 autem
697 4100 754 4142 et
772 4085 947 4141 animi
973 4083 1223 4148 elationi,
1251 4098 1374 4152 quae
1395 4079 1755 4151 potissimum

150 4184 439 4239 bonorum
490 4193 724 4249 operum
763 4175 995 4230 comites
1034 4189 1154 4228 esse
1183 4171 1382 4236 solent,
1419 4170 1573 4224 locus
1610 4168 1759 4223 inter

154 4288 256 4327 eos
275 4269 466 4324 nullus
491 4274 629 4322 erat.
660 4263 1035 4342 Nequgenim
1064 4261 1110 4316 is
1139 4260 1235 4332 qui
1254 4260 1314 4314 in
1343 4259 1469 4314 vitae
1489 4256 1761 4314 monasti-

154 4379 237 4416 cae
258 4353 751 4414 esercitationibus
770 4353 1092 4408 inferiorem
1111 4351 1293 4405 locum
1312 4348 1558 4415 tenebat,
1573 4347 1764 4401 adver-

1832 3273 1954 3324 tum
1972 3271 2146 3324 animi
2168 3277 2288 3327 tum
2311 3277 2558 3346 corporis
2570 3278 3042 3336 illuminationem
3054 3286 3110 3335 et
3121 3281 3432 3335 sanctiﬁca-

1832 3359 2044 3414 tionem
2059 3359 2302 3415 donavit.
2317 3364 2503 3434 Atque
2513 3366 2832 3423 divinorum
2845 3371 3203 3424 oraculorum
3225 3369 3431 3424 exerci-

1836 3449 2066 3514 tatione,
2099 3450 2567 3523 mirabilibusque
2587 3457 2836 3511 consiliis
2858 3465 2915 3512 et
2943 3458 3426 3514 cohortationibus

1836 3543 2032 3591 mutuo
2047 3555 2134 3592 ses
2148 3547 2493 3610 epascentes,
2511 3549 2567 3597 et
2592 3547 2813 3601 occulta
2833 3548 3082 3603 hostium
3107 3547 3255 3602 bella
3275 3554 3431 3619 pate-

1835 3625 2102 3681 facientes
2145 3629 2234 3700 (ne
2265 3629 2390 3700 quis
2419 3631 2677 3689 videlicet
2713 3636 2963 3691 luctandi
2993 3637 3176 3692 adhuc
3202 3637 3434 3708 ignarus

1837 3714 2375 3814 abiissuperetur),
2416 3720 2648 3776 domum
2678 3741 2874 3780 rursus
2920 3727 3127 3798 singuli
3172 3727 3432 3792 redeunt,

1836 3805 2058 3859 virtutis
2087 3806 2197 3860 mel
2223 3806 2280 3860 in
2310 3814 2601 3878 pectorum
2631 3829 2863 3869 suorum
2892 3815 3031 3870 favis
3059 3815 3308 3870 studiose
3345 3831 3437 3869 re-

1838 3893 2174 3961 condentes,
2228 3897 2738 3973 suavissimumque
2799 3903 3046 3959 fructum
3102 3920 3166 3958 ac
3221 3904 3433 3958 ccelesti

1841 3999 2037 4038 mensa
2067 3984 2302 4055 dignum
2349 3990 2664 4046 excolentes
2699 4010 2712 4060 ;
2760 3992 2858 4048 alii
2905 3999 3096 4049 autem
3153 3991 3438 4048 coenobiu-

1842 4089 1966 4127 cam
1997 4073 2169 4128 vitam
2204 4084 2614 4134 consectantur.

1913 4162 2021 4226 Qui
2069 4163 2295 4233 quidem
2339 4168 2584 4222 maxime
2631 4185 2868 4227 numero
2923 4172 2982 4226 in
3019 4189 3196 4228 unum
3243 4173 3436 4240 coacti,

1843 4250 2010 4306 unius
2041 4253 2288 4323 praefecti
2307 4261 2477 4326 atque
2499 4257 2767 4314 antistitis
2800 4261 2919 4332 (qui
2949 4261 3209 4317 omnibus
3236 4263 3445 4318 virtute

1845 4343 2096 4411 praestat)
2131 4342 2368 4414 imperio
2398 4362 2458 4399 se
2499 4347 2648 4418 ipsos
2677 4348 2928 4405 subdunt
2960 4369 2970 4404 :
3006 4369 3070 4406 ac
3101 4352 3446 4408 voluntatem

157 4467 260 4506 sus
278 4465 410 4502 eum
426 4448 585 4516 cujus
613 4442 886 4500 illustrior
905 4443 1082 4496 virtus
1104 4445 1244 4505 erat,
1266 4438 1455 4493 livoris
1477 4437 1765 4507 cogitatio-
1847 4446 2008 4484 suam
2029 4429 2360 4488 obedientiae
2381 4451 2645 4492 mucrone
2666 4454 2897 4510 prorsus
2909 4444 3258 4505 truncante,
3275 4457 3447 4512 seque

158 4555 297 4594 nem
317 4537 379 4591 in
403 4535 655 4590 animum
680 4531 1040 4588 admittebat:
1061 4547 1162 4584 nec
1180 4544 1376 4583 rursus
1397 4535 1527 4582 eum
1549 4526 1644 4597 qui
1663 4522 1826 4581 vir-D
1843 4521 1997 4575 velut
2032 4521 2286 4591 emptitia
2314 4525 2597 4596 mancipia
2625 4527 2772 4582 ultro
2809 4534 3155 4598 reputantes,
3188 4545 3301 4583 non
3325 4531 3448 4599 jam

160 4627 386 4685 tum,“
407 4623 650 4696 ponebat
678 4619 1003 4693 arrogantia
1022 4622 1212 4686 τας)
1231 4624 1288 4671 et
1303 4617 1480 4671 fastus
1501 4616 1768 4670 adversus
1850 4609 1956 4663 sibi
1991 4609 2127 4679 ipsis
2159 4610 2364 4678 vivunt,
2400 4615 2498 4667 sed
2529 4615 2580 4668 ei
2610 4615 2699 4669 cui
2729 4615 2798 4669 ob
2825 4616 3033 4671 Christi
3053 4633 3304 4672 amorem
3325 4633 3449 4672 sese

165 4713 568 4772 imbecilliores
595 4711 879 4778 eﬂ'erebat,
912 4716 1079 4781 atque
1117 4709 1176 4762 in
1205 4707 1349 4760 hanc
1376 4705 1633 4760 fraudem
1662 4704 1771 4758 im-

160 4805 416 4880 pellebat
453 4808 516 4859 ut
542 4801 860 4875 proximum
899 4799 1059 4855 nihili
1087 4795 1376 4869 penderet,
1409 4801 1510 4850 aut
1546 4795 1616 4849 de
1647 4793 1774 4849 reli-

157 4898 327 4969 giosa
353 4893 748 4950 exercitatione
775 4889 1134 4962 gloriaretur,
1169 4886 1238 4940 ob
1279 4902 1456 4958 eaque
1492 4901 1613 4956 quae
1642 4899 1770 4938 cum

163 4986 338 5042 laude
357 4983 734 5056 praestitisset,
758 4979 1056 5051 magniﬁce
1082 4984 1252 5048 atque
1278 4981 1608 5046 arroganter
1627 4973 1695 5027 de
1713 4989 1772 5027 se

162 5075 426 5132 sentiret.
459 5074 605 5128 Nam
634 5071 729 5143 qui
768 5071 972 5124 virtute
1011 5069 1252 5122 alterum
1295 5063 1681 5126 antecellebat,
1716 5061 1775 5116 id

1852 4697 2253 4764 submiserunt,
2285 4701 2372 4754 vel
2401 4706 2465 4756 ut
2490 4703 2675 4774 aptius
2702 4704 2919 4775 loquar,
2951 4705 3148 4761 vivunt
3177 4707 3298 4777 jam
3336 4722 3450 4762 non

1853 4787 1958 4841 sibi
1978 4785 2132 4857 ipsis,
2157 4787 2291 4842 vivit
2318 4796 2509 4845 autem
2538 4792 2598 4846 in
2627 4792 2715 4848 his
2736 4793 2991 4849 Christus
3009 4796 3154 4868 (Gal.
3175 4800 3259 4866 η),
3283 4812 3453 4867 quem

1855 4876 2023 4932 rebus
2048 4875 2310 4932 omnibus
2339 4880 2615 4950 abjuratis
2650 4884 2828 4938 secuti
2872 4889 3022 4939 sunt.
3073 4883 3220 4940 Nam
3262 4885 3322 4940 in
3351 4886 3455 4940 hoc

1856 4970 2081 5025 demum
2111 4987 2359 5026 secessus
2391 4987 2427 5024 a
2454 4971 2664 5025 mundo
2702 4972 2974 5039 consistit,
3010 4978 3074 5028 ut
3101 4981 3332 5046 propter
3359 4991 3455 5029 ea-

1858 5075 1984 5113 rum
1998 5076 2188 5116 rerum
2209 5076 2330 5130 quae
2349 5065 2554 5114 natura
2573 5059 2928 5116 sublimiores
2943 5069 3076 5117 sunt
3091 5063 3458 5134 cupiditatem

160 5172 353 5220 totum
384 5179 499 5218 non
527 5162 646 5216 suis
673 5159 978 5223 laboribus,
1005 5158 1102 5212 sed
1130 5156 1230 5210 Dei
1248 5155 1440 5210 virtuti
1469 5153 1772 5217 ascribens,
1859 5149 2240 5203 voluntarium
2261 5149 2347 5203 sui
2369 5149 2544 5220 ipsius
2568 5150 2758 5204 odium
2781 5151 3060 5222 quispiam
3083 5152 3376 5222 concipiat,
3394 5167 3460 5206 ac

161 5253 370 5309 humili
393 5256 582 5306 mente
612 5251 718 5304 hoc
744 5248 848 5304 sibi
878 5245 1271 5320 persuadebat,
1298 5261 1357 5298 se
1380 5243 1524 5298 nihil
1553 5242 1779 5297 omnino
1862 5244 2125 5293 naturam
2148 5239 2388 5309 abjuret.
2415 5239 2485 5292 Hi
2513 5239 2688 5308 igitur
2708 5240 3036 5311 angelorum
3061 5240 3241 5294 instar
3259 5240 3318 5294 in
3344 5239 3462 5293 vita

164 5343 616 5407 efficere,verum
636 5339 813 5393 multo
830 5339 992 5409 plura
1011 5335 1116 5391 sibi
1139 5333 1455 5406 praestanda
1469 5349 1608 5397 esse,
1621 5333 1783 5402 juxta
1863 5335 2177 5394 versantur,
2212 5328 2456 5398 psalmos
2483 5328 2740 5382 videlicet
2760 5335 2816 5382 et
2837 5330 3074 5400 hymnos
3096 5328 3462 5384 concordibus

165 5432 311 5486 illud
353 5429 505 5501 quod
535 5429 617 5483 ait
652 5428 924 5483 Dominus
958 5444 969 5480 ε
1007 5426 1146 5480 Cum
1174 5423 1415 5477 feceritis
1444 5421 1636 5476 omnia
1663 5437 1785 5491 quae
1867 5416 2070 5471 animis
2117 5417 2354 5472 Domino
2403 5424 2686 5482 canentes,
2739 5423 2796 5470 et
2831 5417 3214 5474 confessorum
3260 5434 3464 5472 nomen

165 5525 454 5593 praecepta
481 5523 615 5572 sunt
645 5517 824 5582 vobis,
853 5516 1021 5571 dicite
1056 5533 1068 5568 :
1123 5513 1280 5568 Servi
1310 5511 1539 5566 inutiles
1569 5516 1784 5578 sumus,
1869 5513 2098 5577 propter
2126 5506 2452 5560 obedientim
2475 5506 2784 5561 certamina
2812 5506 3148 5561 obtinentes.
3178 5509 3241 5562 In
3267 5506 3468 5578 quibus

176 5625 304 5680 quin
335 5606 636 5662 debuimus
655 5605 837 5660 facere
857 5603 1090 5659 iecimus
1115 5602 1264 5669 (Luc.
1289 5602 1442 5668 xm).
1468 5599 1546 5652 Ac
1562 5598 1792 5670 quidam
1874 5596 2046 5650 etiam
2070 5595 2422 5650 Dominicum
2452 5595 2592 5651 illud
2612 5595 2902 5651 oraculum
2921 5597 3177 5668 expletur
3202 5614 3214 5649 :
3240 5595 3472 5651 ubicun-

177 5697 352 5752 etiam
373 5695 480 5750 hoc
517 5693 626 5749 sibi
655 5693 1088 5766 persuadebant,
1124 5704 1183 5745 se
1213 5702 1284 5744 ne
1316 5702 1383 5743 ea
1421 5685 1649 5758 quidem
1677 5685 1792 5743 ullo
1877 5699 1984 5754 que
2010 5683 2222 5740 fuerint
2249 5684 2360 5740 duo
2390 5685 2476 5740 vel
2499 5690 2617 5741 tres
2643 5683 2967 5756 congregati
2987 5684 3046 5739 in
3075 5684 3304 5741 nomine
3323 5700 3468 5751 meo,

590 5793 856 5855 PATROL.
887 5792 1163 5856 LXXIII.
3095 5789 3172 5853 16
