3878 6410
470 368 574 428 491

1395 392 1406 398 -
1482 363 1577 420 DE
1609 362 1802 421 VITIS
1839 360 2137 419 PATRUM
2174 360 2390 416 LIBER
2425 360 2716 418 PRIMUS.

3639 376 3742 437 492

473 495 590 550 illic
620 510 744 549 sum
772 492 830 547 in
852 489 1034 545 medio
1054 489 1276 544 illorum
1298 489 1700 553 (Matth.xvm).
1725 487 1936 552 Quibus
1955 488 2266 546 ver-Atam
2297 501 2422 540 eam
2463 501 2586 556 quae
2621 503 2913 559 nunquam
2950 490 3168 558 occidit,
3199 509 3304 550 nec
3339 503 3522 554 morte
3574 499 3741 557 inter-

469 583 556 640 bis
572 600 684 638 non
713 583 818 636 hoc
845 580 1119 634 duntaxat
1149 594 1385 633 numero
1415 594 1510 632 eos
1547 576 1642 647 qui
1671 575 1730 630 in
1758 576 1934 648 ipsius
1964 592 2068 630 no-
2148 574 2448 647 rumpitur,
2480 577 2858 648 arripuerunt.

465 672 618 726 mine
646 674 1058 741 congregantur
1085 666 1544 737 circumscripsit,
1576 681 1768 720 verum
1801 681 1901 736 per
1921 665 2064 718 duos

2218 667 2332 720 Hos
2354 666 2528 737 igitur
2540 666 2899 723 admirandos
2915 674 2972 724 et
2985 677 3206 727 sanctos
3226 673 3373 730 viros
3393 692 3497 731 nos
3518 694 3738 751 quoque

464 767 564 816 aut
599 766 714 816 tres
769 757 1128 814 indefinitum
1183 771 1482 812 numerum
1520 754 1874 825 signiﬁcavit.
1917 754 2062 807 Nam
2145 755 2357 825 indigni
2389 755 3056 827 acdespicabilesimitari
3078 762 3398 831 studemus;
3423 783 3622 821 verum
3653 785 3738 824 eo-

460 850 574 904 sive
605 849 768 921 pauci
797 847 910 902 sive
947 846 1111 900 multi
1142 846 1212 901 ob
1249 850 1506 900 sanctum
1538 843 1714 914 ipsius
1768 858 1972 896 nomen
2001 842 2060 896 in
2143 860 2270 898 rum
2291 844 2415 899 vitae
2439 845 2681 899 cmlestis
2693 846 2979 918 fastigium
3001 850 3230 905 minime
3246 855 3624 925 assequimur,
3640 859 3735 914 sed

457 953 632 994 unum
652 936 1002 1000 conveniant,
1028 935 1191 1006 eique
1209 934 1429 989 ardenti
1454 948 1645 987 amore
1665 931 1878 986 cultum
1903 931 2061 984 adhi-

453 1026 643 1095 beant,
675 1028 791 1082 illic
817 1043 948 1081 eum
973 1026 1032 1081 in
1062 1025 1251 1080 medio
1279 1040 1571 1080 servorum
1595 1038 1829 1078 suorum
1855 1022 2054 1076 adesse

454 1117 687 1172 minime
715 1116 1058 1171 dubitamus.

522 1208 631 1261 Per
659 1207 777 1261 haec
805 1205 1077 1276 exempla,
1110 1209 1167 1258 et
1205 1219 1308 1275 per
1337 1201 1664 1272 hujusmodi
1695 1200 1968 1255 coitiones
1997 1204 2054 1255 et

450 1299 718 1365 actiones,
750 1297 962 1352 terreni
982 1297 1230 1351 ccelitum
1257 1296 1431 1350 vitam
1458 1294 1666 1348 imitati
1687 1299 1836 1358 sunt,
1861 1300 1924 1348 ut
1954 1293 2049 1364 qui

449 1388 510 1442 in
550 1387 804 1458 jejuniis,
831 1391 887 1440 et
914 1385 1172 1457 precibus
1200 1402 1267 1439 ac
1294 1383 1515 1455 vigiliis,
1549 1383 1606 1437 in
1630 1381 1943 1436 calentibus
1972 1383 2050 1436 la-

449 1477 658 1548 crymis
677 1481 736 1531 et
759 1477 913 1531 luctu
937 1473 1008 1529 ab
1032 1474 1185 1529 omni
1208 1473 1384 1527 animi
1403 1471 1764 1526 distractione
1793 1471 1968 1525 libero
1989 1471 2048 1525 in

446 1565 898 1637 peregrinatione
929 1580 994 1618 ac
1024 1563 1224 1617 mortis
1253 1561 1544 1627 memoria,
1567 1560 1626 1614 in
1652 1559 1882 1614 lenitate
1911 1559 2044 1614 ani-

445 1654 638 1726 mique
667 1655 868 1708 affectu
897 1653 966 1706 ab
995 1651 1289 1706 iracundia
1307 1655 1542 1716 remoto,
1567 1648 1626 1702 in
1657 1648 1935 1702 labiorum
1964 1648 2042 1702 si-

441 1742 636 1808 lentio,
660 1743 718 1798 in
733 1746 1063 1813 paupertate
1083 1746 1252 1812 atque
1273 1739 1481 1811 inopia,
1498 1737 1558 1792 in
1578 1736 1836 1791 castitate
1853 1753 1917 1790 ac
1938 1753 2040 1807 pu-

2139 950 2241 1004 pro
2269 933 2616 988 inﬁrmitatis
2643 943 2848 990 nostra:
2875 953 2940 990 ac
2968 938 3184 994 miserae
3205 940 3487 998 facultatis
3509 947 3734 1002 modulo

2139 1038 2333 1076 eorum
2362 1022 2536 1076 vitam
2568 1023 2950 1094 exprimimus.
2979 1027 3162 1098 Atque
3192 1030 3440 1100 ipsorum
3473 1033 3732 1091 habitum

2133 1111 2399 1180 gerimus,
2418 1112 2638 1166 etiamsi
2668 1130 2839 1184 opera
2856 1131 2969 1168 non
2990 1132 3372 1188 assequamur.
3404 1122 3629 1177 Etenim
3654 1125 3734 1178 di-

2133 1200 2320 1255 vinam
2332 1201 2474 1256 hanc
2487 1201 2886 1273 professionem
2903 1212 3189 1275 peccatum
3204 1210 3731 1284 propulsare,atque

2132 1290 2566 1362 incorruptionis
2584 1307 2685 1363 per
2703 1291 2952 1346 divinum
2973 1292 3251 1365 baptisma
3267 1298 3427 1352 nobis
3449 1316 3730 1357 concessa

2132 1381 2338 1435 sociam
2368 1387 2424 1434 et
2451 1381 2866 1452 opitulatricem
2897 1399 3018 1438 esse
3046 1392 3400 1456 perspectum
3428 1388 3726 1450 habemus.

2130 1471 2209 1523 Ac
2231 1470 2525 1525 beatorum
2554 1471 2777 1525 illorum
2808 1471 3054 1526 virorum
3083 1476 3433 1532 sermonibus
3470 1479 3723 1548 adducti,

2128 1559 2364 1614 caducas
2401 1565 2569 1630 atque
2601 1560 2852 1614 interitui
2891 1560 3155 1618 obnoxias
3195 1564 3428 1635 hujusce
3457 1568 3588 1623 vita:
3637 1587 3725 1625 res

2125 1664 2463 1720 magnopere
2475 1649 2931 1715 condemnamus,
2955 1650 3013 1704 in
3038 1652 3240 1722 quibus
3257 1654 3395 1708 nihil
3421 1657 3652 1712 firmum
3667 1667 3726 1714 et

2122 1737 2410 1808 mquabile,
2427 1739 2686 1810 quodque
2703 1739 2964 1794 eumdem
2985 1757 3206 1812 semper
3223 1749 3435 1798 statum
3452 1747 3718 1812 retineat,

441 1831 650 1898 dicitia,
681 1832 739 1885 in
768 1831 1086 1885 humilitate
1116 1835 1172 1884 et
1199 1829 1408 1899 quiete.
1429 1843 1495 1881 ac
1514 1826 1755 1896 denique
1784 1825 1840 1879 in
1862 1825 2038 1896 perfe-
2054 1844 2100 1902 Β
2119 1827 2357 1905 inveniri
2383 1833 2568 1898 potest
2599 1846 2611 1881 :
2645 1845 2837 1882 verum
2867 1830 3058 1883 omnia
3085 1831 3301 1887 vanitas
3328 1840 3463 1888 sunt
3490 1843 3550 1890 et
3577 1837 3724 1892 aﬁli-

437 1925 528 1974 cta
546 1936 678 1991 erga
698 1921 876 1974 Deum
899 1924 957 1973 et
977 1917 1293 1989 proximum
1309 1916 1582 1970 charitate
1602 1915 1892 1986 praesentis
1915 1915 2038 1970 vitm

435 2009 774 2064 curriculum
798 2007 1155 2070 confecerint,
1182 2006 1522 2076 angelosque
1548 2003 1799 2058 moribus
1816 2020 2037 2074 expres-

431 2098 626 2152 serint.
643 2097 728 2153 Ob
757 2113 992 2168 eamque
1011 2112 1238 2150 causam
1269 2095 1419 2149 Deus
1448 2093 1733 2148 miraculis
1762 2110 1827 2146 ac
1854 2093 2032 2163 signis

427 2187 710 2258 variisque
741 2184 1039 2240 virtutibus
1071 2201 1166 2238 eos
1190 2182 1496 2246 exornavit,
1524 2181 1817 2252 effecitque
1843 2186 1908 2235 ut
1935 2181 2030 2235 ad-

427 2275 696 2330 mirandae
715 2290 910 2329 eorum
934 2274 1058 2328 vitae
1074 2272 1310 2326 rationis
1329 2287 1486 2334 sono,
1506 2270 1611 2341 ipsi
1629 2286 1850 2340 quoque
1875 2269 2026 2324 orbis

427 2370 709 2419 terrarum
740 2365 881 2418 ﬁnes
909 2367 1230 2434 personent.
1265 2362 1344 2415 Ac
1363 2361 1411 2414 si
1433 2359 1601 2414 unius
1630 2359 1899 2429 ipsorum,
1919 2359 2023 2414 hoc

424 2459 509 2508 est
552 2453 802 2518 Antonii,
844 2452 940 2524 qui
969 2452 1139 2506 etiam
1187 2449 1506 2504 monasticae
1546 2448 1671 2502 vitae
1720 2465 1928 2519 auspex
1958 2465 2024 2503 ac

421 2544 681 2615 princeps
705 2541 984 2596 exstitisse
1021 2540 1244 2605 dicitur,
1279 2539 1450 2593 vitam
1478 2537 1581 2592 tibi
1610 2537 1899 2607 sigillatim
1925 2555 2022 2591 ex-

419 2647 708 2703 ponerem,
722 2629 990 2684 nimirum
1007 2645 1078 2683 ex
1096 2645 1211 2682 una
1222 2627 1422 2682 arbore
1443 2627 1688 2681 fructum
1712 2642 1907 2680 eorum
1923 2626 2018 2697 qui

420 2719 673 2790 ejusdem
701 2717 927 2789 generis
957 2733 1022 2772 ac
1049 2716 1256 2788 speciei
1278 2720 1398 2780 σιτ
1416 2721 1456 2780 ι
1496 2715 1628 2780 sint,
1661 2714 2016 2769 dulcedinem

419 2825 649 2880 prorsus
674 2806 1035 2876 intelligeres,
1063 2805 1455 2877 quodnamque
1484 2803 1578 2858 ille
1599 2803 2016 2858 exercitationis

417 2897 694 2966 religiosae
714 2895 1140 2950 fundamentum
1159 2893 1314 2964 jecit,
1332 2899 1389 2947 et
1415 2893 1697 2963 quodnam
1727 2893 2014 2963 fastigium

415 2986 638 3046 struxit.
662 2991 720 3040 et
748 2989 988 3056 quantas
1031 2999 1067 3036 a
1105 2983 1390 3037 Salvatore
1426 2981 1640 3051 gratias
1679 2987 2012 3037 consecutus

413 3079 517 3128 est.
556 3073 813 3144 Plerique
835 3072 1000 3126 etiam
1037 3071 1132 3125 alii
1169 3076 1295 3142 post
1323 3086 1451 3124 eum
1480 3069 1677 3124 eodem
1704 3070 2010 3124 certamine

2119 1917 2227 1970 ctio
2255 1917 2487 1988 spiritus
2505 1919 2701 1987 (Eccle.
2726 1922 2808 1984 II);
2833 1919 3040 1973 multas
3061 1921 3330 1991 temporis
3358 1931 3567 1993 puncto
3597 1943 3724 1980 mu-

2117 2006 2358 2060 tationes
2377 2006 2560 2061 ferens
2585 2026 2596 2060 :
2632 2007 2908 2077 siquidem
2933 2007 2992 2061 in
3018 2009 3270 2073 somniis,
3299 2015 3356 2064 et
3384 2012 3624 2076 umbris,
3657 2033 3722 2070 ac

2117 2096 2294 2150 ventis
2312 2112 2499 2150 aerem
2522 2095 2889 2166 perﬂantibus
2909 2095 3275 2152 imbecilliora
3295 2101 3714 2165 sunt.Quorum

2112 2202 2283 2254 parva
2310 2192 2368 2239 et
2386 2184 2566 2238 brevis
2588 2186 2862 2256 voluptas,
2879 2185 2993 2239 imo
3018 2202 3130 2244 non
3153 2187 3424 2259 voluptas,
3445 2191 3544 2244 sed
3557 2192 3717 2248 fraus

2108 2274 2362 2345 quaedam
2375 2274 2750 2345 etimpostura
2760 2275 3142 2344 perversitatis
3153 2276 3542 2348 mundi,quem
3554 2282 3717 2337 nullo

2107 2364 2272 2418 modo
2288 2364 2540 2434 diligere,
2556 2379 2749 2417 verum
2762 2363 2947 2432 potius
2959 2379 3022 2416 ex
3036 2363 3224 2419 animo
3241 2365 3422 2420 odisse
3433 2374 3604 2438 atque
3629 2370 3716 2425 in-

2106 2454 2309 2507 sectari
2324 2453 2608 2519 docemur(
2619 2454 2643 2506 Ι
2654 2454 2880 2512 Ιοαη.ιι)
2896 2454 2990 2506 .Ac
3009 2469 3143 2507 sane
3159 2453 3286 2508 odio
3298 2471 3362 2507 ac
3383 2455 3714 2513 detestatio-

2105 2560 2175 2598 ne
2189 2544 2391 2614 dignus
2427 2548 2512 2598 est
2546 2558 2713 2596 :nam
2747 2540 3018 2612 quidquid
3048 2541 3241 2597 amicis
3269 2543 3385 2597 suis
3409 2544 3558 2599 dono
3581 2546 3705 2614 dat,

2102 2632 2252 2686 idem
2269 2648 2464 2686 rursus
2485 2631 2672 2685 animo
2693 2630 2838 2684 irato
2853 2629 3039 2700 eripit,
3056 2636 3225 2700 atque
3246 2633 3398 2686 omni
3412 2631 3560 2688 bono
3579 2652 3712 2706 spo-

2101 2721 2284 2786 liatos,
2318 2720 2740 2791 ignominiaque
2770 2718 3016 2784 indutos,
3049 2719 3421 2792 gravibusque
3463 2723 3708 2780 sarcinis

2099 2815 2330 2865 onustos
2349 2810 2419 2864 ad
2441 2809 2842 2880 sempiternam
2865 2807 3246 2863 calamitatem
3268 2793 3710 2869 transmittit.Et

2097 2916 2235 2971 quos
2262 2899 2316 2953 in
2337 2898 2575 2953 sublime
2597 2897 3089 2962 attollit,extremae
3104 2897 3408 2953 humilitati
3429 2905 3601 2971 atque
3621 2902 3709 2956 af-

2096 2988 2327 3044 ﬂictioni
2356 2987 2622 3042 obnoxios
2653 2985 3070 3056 quamprimum
3095 2986 3296 3051 reddit,
3330 2987 3704 3062 hostiumque

2093 3094 2322 3133 suorum
2337 3076 2577 3131 ludibrio
2598 3075 3186 3146 exponit.Hujusmodi
3202 3075 3350 3130 enim
3369 3077 3700 3148 suutipsius

413 3163 709 3235 perfuncti.
733 3162 804 3218 ad
829 3162 1054 3217 easdem
1070 3177 1305 3216 coronas
1334 3166 1391 3214 et
1411 3159 1607 3215 eadem
1635 3159 1870 3231 praemia
1891 3176 2013 3230 per-
2033 3163 2709 3234 Cbeneficia,hujusmodi
2730 3162 2904 3234 ipsius
2927 3165 3512 3220 munera.Amicorum
3536 3167 3696 3222 enim

415 3259 712 3308 venerunt.

478 3342 637 3398 Beati
667 3345 817 3396 certe
847 3340 927 3394 illi
955 3356 1019 3394 ac
1047 3344 1135 3393 ter
1156 3338 1326 3400 beati,
1359 3341 1424 3392 ut
1447 3337 1542 3408 qui
1562 3337 1663 3392 Dei
1691 3352 1884 3391 amore
1907 3337 2005 3391 ﬂa-

405 3436 662 3503 grarunt.
677 3436 846 3502 atque
867 3428 1122 3500 obipsius
1140 3427 1474 3481 charitatem
1497 3425 1688 3480 omnia
1703 3443 1803 3496 pro
1827 3425 2000 3480 nihilo

403 3521 701 3576 duxerunt.
739 3518 1026 3590 Siquidem
1064 3518 1342 3588 lacrymas
1371 3514 1759 3587 profuderunt,
1792 3514 2000 3586 diuque

402 3626 466 3664 ac
496 3616 661 3665 noctu
682 3609 741 3664 in
768 3609 922 3664 luctu
949 3605 1155 3662 versati
1184 3610 1337 3670 sunt,
1360 3609 1426 3658 ut
1449 3610 1778 3675 perpetuam
1797 3619 1996 3658 conso-

397 3700 670 3756 lationem
710 3697 1192 3770 adipiscerentur;
1233 3711 1293 3749 se
1327 3695 1479 3766 ipsos
1521 3693 1670 3748 ultro
1702 3693 1996 3765 depresse-

398 3794 550 3855 runt,
566 3794 631 3845 ut
653 3788 767 3844 illic
777 3788 836 3843 in
857 3787 1034 3842 altum
1051 3784 1471 3849 attollerentur;
1487 3798 1684 3838 carnes
1703 3798 1834 3837 suas
1848 3782 1995 3837 fame

398 3897 463 3935 ac
497 3879 590 3934 siti
620 3885 677 3933 et
706 3876 908 3948 vigiliis
934 3875 1309 3938 confecerunt,
1343 3878 1408 3928 ut
1435 3871 1549 3926 illic
1576 3872 1824 3943 paradisi
1851 3871 1991 3926 deli-

395 3968 497 4022 cia:
523 3973 580 4022 et
597 3964 891 4021 exsultatio
912 3965 1062 4034 ipsos
1077 3962 1413 4034 exciperent.
1444 3960 1688 4032 Spiritus
1716 3961 1894 4015 sancti
1910 3965 1994 4016 ta-

394 4055 760 4111 bernaculum
777 4069 877 4125 per
895 4051 1076 4107 cordis
1097 4051 1402 4122 puritatem
1423 4049 1772 4115 exstiterunt,
1792 4065 1989 4120 quem-

395 4143 700 4200 admodum
720 4141 988 4212 scriptum
1013 4146 1123 4194 est:
1145 4137 1476 4194 Inhabitabo
1490 4137 1549 4192 in
1571 4138 1707 4208 ipsis
1728 4144 1785 4192 et
1804 4139 1987 4192 inam-

389 4231 596 4288 bulabo
648 4231 729 4298 (II
773 4229 894 4285 Cor.
931 4231 1026 4295 γι).
1071 4226 1292 4297 Seipsos
1333 4225 1542 4280 mundo
1593 4227 1991 4282 crucifixerunt

2088 3273 2318 3311 suorum
2340 3253 2519 3308 hostis
2539 3258 2641 3317 est,
2669 3250 3040 3323 omnibusque
3063 3253 3158 3324 qui
3175 3253 3352 3324 ipsius
3380 3255 3695 3310 voluntati-

2086 3345 2190 3400 bus
2222 3340 2862 3415 obsequuntur,insidias
2885 3341 3052 3395 struit
3077 3359 3088 3393 :
3115 3341 3456 3398 horrendum
3487 3343 3692 3400 videli-

2087 3441 2175 3490 cet
2201 3435 2260 3489 in
2282 3433 2510 3488 modum
2535 3448 2629 3487 eos
2651 3430 2748 3502 qui
2769 3429 2875 3500 ipsi
2896 3429 3604 3498 innituntur,conturbans,
3629 3442 3694 3490 et

2083 3541 2279 3580 eorum
2328 3523 2424 3595 qui
2463 3521 2724 3576 ﬁduciam
2765 3536 2925 3576 suam
2965 3519 3024 3573 in
3062 3535 3130 3574 eo
3169 3519 3443 3576 collocant
3478 3538 3686 3579 nervos

2081 3630 2275 3669 omnes
2304 3613 2535 3667 elidens.
2569 3612 2711 3666 Cum
2735 3608 2923 3664 stultis
2952 3607 3132 3661 foedus
3160 3609 3360 3676 sancit,
3394 3609 3683 3684 falsasque

2078 3703 2507 3776 pollicitationes
2531 3699 2654 3763 init,
2687 3699 2792 3753 hoc
2818 3701 3040 3752 tantum
3071 3696 3277 3762 animo,
3313 3703 3375 3751 ut
3398 3714 3494 3753 eos
3524 3701 3600 3755 ad
3618 3719 3682 3756 se

2076 3793 2385 3866 pel-trahat.
2417 3791 2534 3847 Illis
2561 3795 2752 3844 autem
2781 3787 2997 3842 sincero
3024 3784 3212 3840 animo
3241 3801 3363 3840 sese
3387 3785 3458 3841 ad
3487 3787 3681 3859 ipsum

2077 3881 2533 3955 adjungentibus,
2564 3876 2854 3950 improbus
2873 3875 2992 3947 ipse
3022 3891 3087 3930 ac
3114 3875 3352 3930 mendax
3374 3893 3496 3932 esse
3515 3895 3677 3934 com-

2075 3973 2309 4044 peritur,
2344 3970 2484 4025 nihil
2515 3983 2713 4028 eorum
2752 3981 2875 4036 quae
2902 3961 3195 4034 pepigerat
3221 3969 3512 4034 praestans.

2143 4063 2288 4116 Nam
2318 4076 2446 4114 cum
2470 4055 2735 4128 jucundis
2753 4052 2891 4109 cibis
2914 4068 3109 4107 eorum
3130 4051 3315 4107 fauces
3344 4052 3511 4109 hodie
3536 4055 3676 4111 deli-

2069 4150 2225 4213 nivit,
2258 4166 2380 4204 cras
2409 4146 2633 4202 eosdem
2658 4141 2912 4198 hostibus
2940 4141 3057 4195 suis
3084 4139 3428 4196 devorandos
3448 4143 3669 4214 objicit.

2071 4239 2251 4295 Hodie
2266 4254 2456 4309 regem
2469 4237 2713 4306 aliquem
2725 4237 2896 4297 creat,
2922 4236 2978 4284 et
2991 4245 3114 4314 eges
3141 4229 3400 4284 eumdem
3417 4231 3474 4284 in
3497 4232 3672 4288 mise-

393 4324 600 4395 (Ephes.
632 4321 728 4388 v1),
761 4322 826 4372 ut
850 4316 921 4371 ad
949 4315 1155 4370 Christi
1184 4315 1471 4370 dexteram
1501 4321 1749 4384 starent;
1769 4317 1986 4373 lumbos

2110 4346 2190 4384 am
2203 4328 2531 4384 servitutem
2550 4323 2776 4388 addicit;
2798 4319 2962 4375 hodie
2973 4317 3280 4374 innumeris
3293 4317 3448 4374 bonis
3462 4320 3674 4378 ﬂoren-

389 4427 521 4467 suos
572 4409 631 4464 in
690 4407 924 4462 veritate
971 4403 1382 4471 succinxerunt,
1416 4410 1584 4476 atque
1613 4406 1672 4460 in
1720 4414 1983 4478 promptu

2110 4417 2412 4481 :m,reddit,
2437 4432 2560 4470 cras
2588 4412 2904 4468 mendicum
2927 4415 2985 4463 et
3007 4407 3415 4478 mancipiorum
3455 4413 3672 4466 manci-

383 4515 606 4572 semper
631 4495 920 4568 lampades
939 4493 1277 4587 hab‘9?"u9tv
1297 4493 1630 4587 immf’ftaus
1659 4496 1850 4568 8Ροηεί
1878 4496 1980 4587 ηεξ·
2000 4527 2048 4587 D
2067 4507 2244 4579 pium;
2265 4504 2431 4560 hodie
2452 4502 2730 4573 insignem
2741 4512 3006 4554 coronam
3024 4495 3200 4567 ipsius
3221 4495 3386 4567 capiti
3399 4495 3663 4568 imponit,

380 4594 611 4646 ventum
641 4583 1056 4658 exspectantes(
1061 4583 1255 4637 Matth.
1279 4584 1426 4652 xxv).
1441 4583 1586 4638 Nam
1613 4600 1742 4640 cum
1772 4585 1978 4640 mentis
2000 4583 2021 4587 “

2110 4612 2188 4650 ras
2211 4595 2388 4666 ipsius
2414 4592 2610 4648 faciem
2629 4596 2794 4645 terra;
2810 4585 3024 4652 allidit;
3047 4583 3214 4638 hodie
3252 4583 3426 4654 ipsius
3454 4586 3665 4643 collum

381 4678 554 4735 oculis
578 4674 796 4749 praediti
814 4677 1019 4738 essent.
1039 4671 1383 4727 horrendum
1401 4671 1562 4727 illum
1580 4672 1730 4728 diem
1754 4690 1979 4747 semper
2060 4678 2366 4752 splendidis
2393 4676 2735 4748 dignitatum
2752 4669 3058 4727 honoribus
3079 4671 3333 4733 exornat,
3355 4683 3478 4723 cras
3503 4686 3664 4726 eum-

378 4765 790 4840 prospiciebant
814 4781 826 4817 :
851 4767 1020 4833 atque
1047 4766 1171 4816 tum
1196 4760 1516 4818 futurorum
1540 4761 1833 4830 bonorum,
1852 4769 1977 4820 tum
2060 4769 2188 4824 dem
2206 4767 2401 4823 ferreis
2411 4765 2625 4821 catenis
2642 4763 2888 4818 vinctum
2903 4757 3114 4828 dejicit.
3135 4755 3222 4811 Ad
3243 4755 3408 4811 breve
3431 4764 3659 4830 tempus

375 4855 551 4912 futuri
578 4851 835 4925 supplicii
863 4849 1392 4922 contemplationem
1420 4851 1500 4906 ita
1531 4851 1590 4907 in
1617 4869 1848 4924 corpore
1880 4854 1974 4909 de—
2056 4857 2309 4913 omnium
2325 4870 2574 4911 amorem
2594 4845 3119 4907 acbenevolentiam
3131 4845 3239 4916 ipsi
3253 4845 3528 4913 conciliat;
3555 4849 3657 4902 ali-

375 4949 544 5003 fixam
570 4940 858 5015 gerebant,
891 4943 958 4993 ut
985 4938 1055 4992 ab
1083 4939 1208 5010 ipsa
1234 4955 1522 5011 nunquam
1552 4941 1966 4997 divellerentur.
2056 4952 2265 5019 quanto
2282 4950 2406 5017 post
2427 4950 2617 4999 autem
2633 4941 2815 4996 eidem
2836 4935 3086 4992 omnium
3117 4933 3308 4988 odium
3329 4939 3384 4989 et
3406 4950 3656 4991 exsecra-

373 5038 560 5108 Atque
587 5032 678 5087 hic
700 5028 958 5083 laborare
986 5027 1344 5091 studuerunt,
1379 5035 1444 5083 ut
1469 5030 1828 5100 sempiternae
1855 5031 1972 5101 glo-
2051 5037 2264 5091 tionem
2285 5035 2512 5090 confiat.
2539 5031 2716 5086 Hodie
2738 5029 2922 5100 ipsum
2944 5024 3229 5095 voluptate
3251 5022 3442 5083 afﬁcit.
3457 5030 3513 5078 et
3526 5042 3652 5082 cras

372 5127 468 5182 riae
498 5126 782 5194 compotes
803 5121 1010 5171 essent
1031 5116 1528 5172 Ρθνιιιτδαῖίοηυω
1557 5127 1835 5189 expertes.
1855 5136 1967 5175 non
2051 5125 2311 5180 eumdem
2331 5122 2573 5178 luctibus
2594 5137 2658 5175 ac
2679 5116 2943 5174 lamentis
2962 5111 3203 5168 conﬁcit.
3222 5110 3535 5175 Quemnam
3552 5131 3649 5170 au-

367 5231 526 5271 secus
555 5220 726 5283 atque
756 5207 961 5279 αηεθιὶ,
984 5207 1231 5275 fuerunt;
1255 5223 1320 5262 ac
1365 5222 1515 5262 nunc
1542 5225 1669 5263 cum
1693 5209 1804 5264 illis
1833 5226 1969 5281 quo-
2049 5221 2164 5270 tem
2178 5214 2348 5269 etiam
2365 5213 2500 5285 ipsis
2521 5213 2692 5265 finem
2708 5209 2980 5278 imponat,
2997 5199 3372 5256 audi.Incolas
3392 5203 3648 5276 enimge-

366 5321 492 5359 rum
512 5301 686 5356 vitam
717 5295 922 5352 imitati
944 5301 1096 5361 sunt,
1130 5295 1363 5350 choreas
1393 5302 1587 5366 agunt.
1609 5297 1769 5352 Beati
1793 5299 1875 5352 illi
1898 5316 1962 5354 ac
2045 5304 2246 5359 henne
2275 5320 2370 5358 eos
2399 5319 2433 5357 a
2463 5300 2665 5372 quibus
2707 5297 3002 5351 adamatus
3041 5297 3126 5345 est
3173 5288 3554 5346 miserandum
3586 5293 3647 5348 in

361 5400 452 5448 ter
475 5391 641 5455 beati,
665 5386 933 5460 quoniam
961 5384 1138 5439 firmis
1165 5384 1370 5439 mentis
1399 5385 1574 5440 oculis
1597 5389 1960 5457 praesentium
2044 5392 2275 5447 modum
2304 5391 2474 5446 efﬁcit
2509 5390 2637 5444 Haec
2656 5400 2877 5457 semper
2897 5381 3076 5454 ipsius
3095 5393 3253 5432 mens
3275 5394 3339 5431 ac
3359 5382 3640 5436 sententia

360 5496 552 5539 rerum
572 5478 898 5540 vanitatem,
915 5480 1084 5546 atque
1095 5473 1357 5528 humanm
1378 5475 1768 5546 prosperitatis
1784 5478 1960 5534 incer-
2043 5487 2146 5548 est,
2174 5482 2279 5536 hoc
2293 5479 2634 5536 institutum.
2657 5478 2774 5532 Nec
2797 5490 2892 5530 eos
2915 5470 3010 5544 qui
3039 5466 3435 5542 praeterierunt
3461 5469 3631 5542 luget,

357 5569 662 5628 titudinem
685 5571 744 5622 et
764 5561 1204 5621 inconstantiam
1224 5569 1648 5634 perspexerant,
1675 5581 1853 5640 eaque
1871 5584 1960 5624 re»
2040 5585 2144 5627 nec
2172 5583 2368 5626 eorum
2397 5568 2494 5643 qui
2513 5565 2694 5624 relicti
2711 5567 2846 5622 sunt
2863 5554 3350 5643 commiseratione
3371 5556 3633 5615 afficitur.

351 5666 522 5735 jecta,
551 5652 896 5726 sempiterna
915 5647 1065 5711 bona
1082 5646 1190 5708 sibi
1219 5648 1359 5723 ipsis
1385 5649 1780 5726 condiderunt,
1791 5669 1858 5715 ac
1877 5655 1958 5715 vi-
2039 5655 2158 5718 Illis
2176 5655 2326 5719 enim
2335 5641 2842 5734 gravidetrimento
2854 5645 3156 5717 mulctatis,
3177 5641 3504 5719 retibusque
3517 5661 3605 5711 sui
