3878 6434
81 413 163 473 493
433 405 604 462 VITA
642 400 1083 460 SANCTORUM
1118 400 1458 459 BARLAAM
1500 402 1838 458 EREMITIE
1877 404 1964 459 ET
2001 403 2368 460 JOSAPHAT
2408 403 2639 460 INDIZE
2678 403 2910 460 REGIS.
3201 406 3304 464 494

80 538 292 603 inclusis,
323 534 387 589 ad
426 533 529 588 hos
565 548 761 587 rursus
781 536 961 585 artem
998 548 1156 585 suam
1177 530 1486 586 transferre
1503 528 1696 588 niti-A
1716 529 1911 584 mundi
1957 530 2371 600 jucunditatem
2398 535 2455 583 et
2482 529 2836 585 dulcedinem
2877 530 3174 602 signiﬁcat,
3208 545 3312 603 per

80 638 171 693 tur,
205 624 471 681 neminem
517 621 786 685 videlicet,
828 620 924 690 qui
956 620 1295 691 periculosos
1334 617 1511 689 ipsius
1548 618 1632 672 la-
1717 636 1883 690 quam
1918 620 2011 673 ille
2053 621 2261 674 amicos
2319 636 2451 673 suos
2480 619 2792 688 ludificans,
2852 638 2947 675 eos
2988 621 3157 675 saluti
3195 638 3310 676 suae

79 732 224 789 queos
249 712 467 782 eﬁugiat
486 726 608 765 esse
634 710 881 781 cupiens.
1715 709 2032 780 prospicere
2061 708 2292 763 minime
2322 709 2474 763 sinit.

138 801 485 870 Quamobrem
516 816 609 854 eos
643 799 738 870 qui
772 805 891 853 tam
912 797 1177 869 pestifero
1203 814 1267 851 ac
1295 801 1483 862 πται
1509 813 1631 851 cru-
1785 799 1914 853 CAP.
1929 799 2080 853 XIII.
2097 829 2161 839 —
2177 800 2334 853 Hanc
2355 797 2679 870 parabolam
2700 801 2970 871 majorem
2988 800 3047 854 in
3077 799 3310 855 modum

78 895 167 950 deli
190 891 404 946 domino
428 888 696 952 serviunt,
742 888 949 958 quique
964 886 1151 941 abono
1179 902 1243 941 ac
1269 886 1507 957 benigno
1528 902 1631 957 per
1712 887 2081 959 comprobans
2108 889 2395 959 Josaphat,
2428 888 2597 942 dixit:
2615 889 2795 953 Quam
2812 907 2975 944 verus
3005 890 3094 943 hic
3121 905 3309 944 sermo

77 997 318 1038 summam
373 978 713 1032 dementiam
769 977 982 1048 seipsos
1034 982 1400 1041 removentes,
1461 976 1627 1030 rebus

76 1068 400 1143 praesentibus
418 1066 639 1121 inhiant
665 1072 722 1120 et
741 1065 1112 1132 intabescant,
1147 1082 1248 1119 nec
1284 1066 1477 1120 futura
1513 1066 1626 1119 ullo

75 1160 213 1214 modo
231 1158 486 1228 cogitant,
524 1172 715 1210 verum
738 1155 809 1209 ad
830 1171 1126 1226 corporeas
1138 1155 1365 1225 quidem
1382 1155 1632 1225 volupta-

75 1257 142 1304 tes
162 1249 272 1302 sine
299 1246 412 1301 ulla
451 1244 867 1299 intermissione
906 1261 1028 1297 sese
1063 1244 1376 1309 conferunt,
1410 1244 1629 1297 animas

74 1340 235 1392 autem
251 1350 377 1389 suas
396 1332 547 1387 fame
576 1332 791 1399 conﬁci,
831 1338 888 1386 et
914 1332 1226 1386 innumeris
1247 1332 1410 1386 malis
1442 1332 1632 1386 confli-

73 1425 189 1479 ctari
215 1424 414 1487 sinunt,
449 1421 666 1477 homini
712 1438 747 1475 a
773 1421 1011 1475 furentis
1039 1421 1325 1476 unicornis
1365 1421 1505 1475 facie
1550 1420 1632 1474 fu-

70 1514 219 1585 gienti
230 1512 432 1567 similes
457 1527 579 1566 esse
593 1526 810 1574 censeo,
833 1510 928 1581 qui
945 1526 1073 1564 cum
1087 1510 1349 1564 clamoris
1363 1510 1537 1582 ipsius
1549 1526 1633 1564 so-

70 1619 183 1656 num
198 1606 357 1673 atque
384 1600 696 1655 horrendos
721 1599 969 1669 mugitus
986 1599 1128 1654 ferre
1155 1606 1630 1671 nequeat,magno

69 1693 270 1761 impetu,
299 1706 368 1743 ne
395 1689 503 1760 ipsi
530 1689 590 1743 in
617 1688 863 1759 praedam
891 1689 1071 1751 cedat,
1102 1688 1340 1759 aufugit.
1360 1690 1506 1743 Dum
1536 1704 1632 1743 au-

71 1785 165 1833 tem
185 1778 430 1833 celeriter
458 1777 651 1843 currit,
676 1778 735 1831 in
763 1778 1048 1847 ingentem
1064 1778 1365 1848 quamdam
1378 1777 1631 1832 scrobem

1709 981 1812 1043 est,
1834 993 1898 1031 ac
1917 978 2310 1032 concinnitatis
2337 977 2520 1032 omnis
2544 978 2741 1048 plenus
2766 979 2779 1031 l
2833 978 3209 1043 Quamobrem
3240 995 3313 1034 ne

1711 1070 1784 1129 te,
1823 1081 2029 1135 quaeso,
2069 1065 2391 1136 hujusmodi
2424 1066 2633 1135 ﬁguras
2665 1066 2802 1120 mihi
2824 1066 3045 1121 assidue
3076 1068 3309 1122 demon-

1713 1158 1893 1207 strare
1949 1155 2158 1225 pigeat,
2214 1170 2323 1225 quo
2351 1160 2503 1209 certo
2540 1155 2856 1226 intelligam
2899 1157 3079 1227 qualis
3115 1162 3312 1211 nostra

1712 1242 1826 1296 vita
1849 1242 1940 1308 sit,
1967 1249 2024 1296 et
2046 1260 2185 1314 quas
2218 1260 2306 1297 res
2336 1243 2528 1297 amicis
2573 1244 2687 1298 suis
2734 1249 3001 1299 accersat.
3034 1245 3186 1299 Dixit
3215 1261 3312 1299 au-

1714 1336 1830 1386 tem
1859 1348 2029 1386 senex
2060 1350 2070 1385 :
2102 1332 2325 1387 Similes
2353 1349 2581 1387 rursum
2609 1338 2743 1388 sunt
2760 1333 2801 1387 ii
2831 1335 2929 1405 qui
2959 1334 3313 1405 voluptatum

1715 1421 1883 1492 hujus
1903 1422 2027 1475 vitae
2046 1438 2238 1476 amore
2257 1421 2426 1493 capti,
2454 1438 2761 1493 earumque
2772 1422 3047 1477 suavitate
3071 1422 3311 1489 deliniti,

1714 1527 1803 1564 res
1835 1512 2012 1564 ﬂuxas
2041 1515 2099 1564 et
2127 1510 2431 1565 imbecilles
2469 1510 2673 1565 futuris
2726 1516 2896 1582 atque
2941 1528 2974 1566 a
3007 1511 3316 1582 jactatione

1714 1599 1913 1653 alienis
1960 1600 2308 1671 antiquiores
2360 1598 2701 1665 habuerunt,
2763 1601 2999 1667 homini,
3061 1602 3157 1672 qui
3196 1606 3311 1655 tres

1714 1688 1920 1743 amicos
1943 1688 2160 1754 habuit,
2195 1705 2260 1742 ex
2289 1688 2492 1761 quibus
2519 1690 2661 1744 duos
2690 1689 2919 1760 quidem
2950 1690 3166 1761 ingenti
3188 1691 3315 1745 ani-

1712 1777 1790 1831 mi
1824 1778 2027 1831 atl‘ectu
2045 1777 2281 1845 colebat,
2313 1794 2379 1833 ac
2406 1779 2767 1833 vehementer
2807 1778 3053 1844 amabat,
3086 1780 3226 1834 adeo
3247 1785 3313 1835 ut

67 1869 177 1933 ruit,
202 1884 261 1922 ac
274 1867 485 1922 ruendo
502 1882 703 1921 manus
720 1866 1307 1931 extendens,arborem
1324 1868 1628 1938 quamdam
1651 1853 1697 1913 Β
1712 1867 1782 1921 ad
1811 1872 2049 1921 mortem
2072 1883 2250 1938 usque
2261 1884 2362 1938 pro
2378 1867 2512 1938 ipsis
2536 1867 2805 1921 dimicare
2818 1884 2882 1922 ac
2893 1868 3140 1939 pericula
3158 1885 3312 1939 qua:-

67 1957 496 2027 arripit,eamque
512 1955 823 2010 arctissime
848 1955 1071 2020 retinet,
1098 1960 1267 2027 atque
1294 1957 1474 2025 gradu
1498 1973 1630 2027 quo-

63 2046 172 2099 dam
182 2045 470 2100 afﬁrmatis
487 2044 738 2116 pedibus,
754 2049 951 2115 pacata
969 2044 1234 2115 deinceps
1248 2046 1633 2116 omnia,atque

63 2133 120 2187 ab
144 2135 285 2189 omni
310 2134 559 2205 periculo
588 2134 772 2187 aliena
792 2150 912 2187 esse
947 2132 1275 2189 arbitratur.
1310 2134 1631 2206 Respiciens

62 2228 244 2288 autem,
273 2223 411 2277 duos
434 2238 627 2276 mures
651 2221 848 2288 cernit,
882 2222 1122 2276 alterum
1154 2223 1473 2289 candidum,
1498 2225 1634 2278 alte-

63 2327 170 2364 rum
191 2315 388 2377 atrum,
418 2309 639 2369 arboris
658 2310 809 2365 illius
828 2327 999 2381 quam
1043 2311 1359 2383 arripuerat
1386 2313 1632 2367 radicem

64 2403 304 2470 perpetuo
331 2399 715 2461 corradentes,
741 2400 972 2470 jamque
1004 2416 1145 2470 pene
1175 2417 1299 2455 eam
1330 2408 1630 2473 amputan-

61 2492 149 2543 tes.
177 2489 353 2559 Atque
371 2488 622 2559 insuper,
648 2488 914 2558 conjectis
944 2489 1003 2541 in
1030 2489 1203 2544 imam
1225 2490 1479 2545 scrobem
1508 2508 1635 2546 ocu-

59 2576 133 2632 lis.
164 2577 505 2631 horrendum
546 2576 844 2631 draconem
898 2578 1193 2649 conspicit,
1245 2584 1473 2650 aspectu
1511 2580 1632 2651 ipso

60 2664 225 2734 ignem
243 2666 574 2736 spirantem,
600 2682 665 2719 ac
687 2665 862 2720 torvis
888 2666 1065 2720 oculis
1078 2666 1263 2738 ipsum
1292 2668 1629 2735 intuentem,

60 2753 424 2825 horrendeque
453 2753 565 2824 ipsi
586 2753 903 2808 devorando
927 2755 1261 2810 inhiantem.
1299 2758 1378 2810 Ac
1409 2774 1634 2812 rursum

60 2842 108 2895 in
130 2843 301 2913 gradu
329 2843 449 2909 illo,
482 2842 573 2897 cui
595 2843 765 2913 pedes
792 2843 967 2914 ipsius
994 2844 1400 2912 innitebantur,
1445 2847 1634 2901 oculo-

61 2946 169 2984 rum
189 2931 304 2986 acie
333 2932 953 3003 detixa,quatuoraspid
962 2939 1055 2987 um
1075 2935 1262 3005 capita
1279 2936 1449 3002 videt,
1484 2954 1515 2990 e
1534 2952 1634 3006 pa-

57 3019 196 3080 riete,
218 3020 276 3075 in
305 3037 418 3091 quo
433 3019 797 3083 consistebat.
829 3022 1223 3092 prominentia.
1272 3025 1509 3078 Sursum
1543 3041 1638 3078 au-

58 3115 156 3161 tem
175 3110 360 3164 oculos
389 3114 743 3176 convertens,
788 3111 1044 3165 nonnihil
1097 3112 1278 3166 mellis
1308 3129 1375 3166 ex
1420 3112 1637 3167 arboris

1713 1955 1795 2009 vis
1820 1956 1976 2009 adire
1988 1956 2216 2010 minime
2229 1961 2534 2023 recusaret,
2556 1956 2790 2011 tertium
2804 1962 2995 2011 autem
3006 1956 3315 2012 admodum

1714 2044 2139 2115 aspernabatur,
2198 2045 2279 2100 ita
2310 2050 2375 2100 ut
2427 2062 2531 2099 nec
2580 2045 2851 2100 honorem
2904 2062 3175 2117 unquam,
3208 2062 3313 2101 nec

1716 2151 1885 2205 quam
1909 2151 2011 2205 par
2029 2139 2152 2189 erat
2178 2133 2622 2188 benevolentiam
2638 2133 2747 2205 ipsi
2766 2135 3185 2205 praestaret,sed
3202 2135 3316 2189 exi-

1711 2240 1882 2293 guam
1908 2223 2211 2294 quamdam
2240 2223 2535 2290 duntaxat,
2570 2240 2808 2294 eamque
2833 2224 3021 2278 fictam
3051 2240 3115 2278 ac
3144 2224 3317 2280 simu-

1714 2313 1888 2366 latam
1914 2312 2219 2366 amicitiam
2240 2312 2544 2367 exhiberet.
2561 2312 2856 2368 Venerunt
2865 2319 3055 2368 autem
3069 2312 3311 2385 quodam

1716 2400 1805 2455 die
1832 2400 2106 2455 immanes
2127 2406 2297 2472 atque
2323 2402 2590 2456 horrendi
2621 2402 2847 2468 milites,
2873 2402 2970 2474 qui
3001 2418 3129 2457 eum
3159 2419 3316 2458 sum-

1716 2507 1809 2544 ma
1837 2507 1964 2545 cum
1992 2490 2349 2545 festinatione
2378 2491 2449 2545 ad
2479 2507 2670 2561 regem
2690 2492 3001 2558 traherent,
3035 2498 3101 2546 ut
3121 2493 3317 2547 decem

1716 2579 1955 2639 millium
1982 2580 2341 2643 talentorum,
2368 2597 2490 2651 quae
2520 2579 2777 2645 debebat,
2809 2580 3090 2635 rationem
3110 2581 3313 2636 redde-

1716 2673 1821 2721 ret.
1856 2668 1956 2722 Ille
1984 2667 2161 2738 igitur
2178 2668 2237 2722 in
2267 2684 2549 2722 summam
2569 2668 2892 2739 angustiam
2914 2664 3193 2736 redactus,
3218 2670 3319 2724 ali-

1718 2772 1885 2827 quem
1918 2756 2220 2827 quaarebat,
2247 2756 2344 2828 qui
2370 2757 2430 2811 in
2441 2757 2743 2812 metuenda
2755 2757 2854 2811 illa
2873 2758 3158 2813 rationum
3169 2757 3320 2829 apud

1717 2862 1908 2915 regem
1938 2846 2251 2900 redditione
2282 2863 2446 2917 opem
2486 2846 2597 2917 ipsi
2631 2847 2821 2901 ferret.
2857 2847 3103 2902 Currens
3127 2845 3344 2918 itaque

1719 2933 1789 2987 ad
1820 2934 2086 3005 primum,
2109 2935 2476 3007 omniumque
2496 2935 2740 2990 aliorum
2769 2936 3164 2991 charissimum
3180 2936 3320 2990 ami-

1718 3023 1942 3090 cum,ad
1963 3040 2092 3078 eum
2113 3024 2222 3077 ait:
2259 3024 2385 3078 Non
2409 3030 2465 3079 te
2492 3023 2656 3095 fugit,
2679 3041 2711 3078 o
2728 3024 2927 3091 amice,
2960 3025 3322 3095 quemadmo-

1718 3113 1855 3167 dum
1879 3119 1979 3166 tua
2007 3129 2177 3167 causa
2226 3112 2398 3167 vitam
2447 3129 2628 3168 meam
2680 3130 2904 3184 semper
2930 3114 2991 3168 in
3019 3113 3321 3168 discrimen

56 3196 187 3252 illius
213 3199 386 3253 ramis
415 3198 637 3253 stillans
666 3199 948 3271 perspicit.
969 3200 2085 3272 QuocircacalamitatumCadduxerim;
2141 3217 2291 3255 nunc
2342 3207 2533 3256 autem
2591 3201 2861 3257 hodierno
2916 3202 3022 3269 die,
3082 3207 3319 3271 urgente

56 3301 230 3340 earum
286 3286 497 3357 quibus
531 3286 779 3358 undique
830 3287 1189 3344 obsidebatur
1224 3300 1282 3345 et
1308 3290 1634 3362 urgebatur,

53 3374 241 3429 omissa
265 3375 741 3440 consideratione,
786 3377 1056 3433 nimirum
1088 3396 1333 3449 quonam
1354 3386 1517 3451 pacto
1550 3397 1639 3434 ex-

52 3469 195 3518 terne
234 3465 468 3536 quidem
515 3465 801 3520 unicornis
829 3467 1142 3522 vehementi
1171 3468 1361 3523 furore
1390 3470 1634 3539 percitus

53 3568 168 3607 eum
214 3554 490 3609 devorare
523 3560 817 3625 quaereret,
849 3555 919 3609 ab
949 3556 1213 3611 inferiore
1246 3563 1436 3612 autem
1479 3563 1639 3629 parte

52 3641 267 3697 acerbus
285 3643 461 3698 draco
491 3659 623 3697 eum
642 3643 919 3714 deglutire
946 3646 1309 3701 vehementer
1336 3651 1638 3718 eXpeteret,

50 3746 106 3784 ac
131 3747 325 3786 rursus
353 3731 529 3787 arbor
568 3748 635 3786 ea
663 3748 832 3803 quam
879 3733 1198 3805 arripuerat
1249 3737 1370 3806 jam
1411 3737 1644 3806 jamque

52 3820 385 3890 amputanda
413 3826 584 3887 esset,
620 3821 791 3893 pedes
842 3822 1085 3894 denique
1125 3824 1301 3894 ipsius
1338 3823 1553 3878 lubrico
1586 3828 1642 3879 et

48 3907 204 3964 infido
214 3910 424 3981 gradui
440 3910 849 3978 inniterentur;
871 3912 1072 3967 horum
1095 3912 1325 3984 inquam
1355 3917 1641 3968 tantorum

52 3998 419 4065 periculorum
445 3998 674 4066 oblitus,
703 4000 763 4054 in
793 4001 979 4071 exigui
1006 4001 1157 4057 illius
1185 4002 1367 4057 mellis
1399 4002 1644 4057 dulcedi-

48 4100 109 4139 ne
127 4087 495 4160 percipienda
516 4088 763 4160 seipsum
789 4090 1094 4161 occupavit.

110 4175 233 4231 Haec
242 4194 449 4233 eorum
462 4177 560 4249 qui
574 4178 866 4249 praesentis
877 4179 1002 4234 vitae
1023 4179 1279 4234 ludibriis
1289 4179 1647 4234 intabescunt

49 4262 217 4333 ﬁgura
251 4271 379 4321 est:
439 4267 604 4337 cujus
630 4267 854 4337 quidem
901 4269 1350 4339 explanationem
1388 4268 1646 4340 protinus

46 4351 139 4405 tibi
167 4370 472 4426 exponam.
506 4354 802 4410 Unicornis
827 4357 1002 4427 igitur
1029 4358 1227 4413 mortis
1246 4364 1444 4430 typum
1474 4358 1642 4429 gerit,

48 4455 158 4510 qua
185 4458 421 4515 semper
436 4444 763 4499 mortalium
781 4462 961 4516 genus
976 4448 1350 4518 persequitur,
1370 4453 1539 4519 atque
1552 4464 1644 4502 ar-

1719 3290 2071 3356 necessitate,
2100 3290 2209 3360 ‘ope
2238 3295 2339 3345 tua
2358 3295 2529 3361 atque
2566 3290 2771 3345 auxilio
2814 3290 3057 3358 indigeo.
3102 3290 3319 3361 Ecquid

1721 3395 1852 3450 ergo
1876 3384 1933 3433 te
1961 3378 2102 3432 mihi
2130 3378 2336 3433 auxilio
2362 3378 2507 3433 forte
2537 3378 2860 3449 polliceris?
2889 3385 2945 3433 et
2975 3395 3233 3450 quamam
3256 3379 3318 3433 in

1722 3474 1797 3534 te,
1820 3468 1905 3522 vir
1923 3467 2268 3533 charissime,
2313 3484 2440 3538 spes
2482 3467 2621 3521 mihi
2670 3467 2977 3521 constituta
3030 3467 3161 3521 est?
3214 3467 3321 3522 Re-

1724 3557 2003 3629 spondens
2033 3562 2224 3611 autem
2266 3556 2381 3623 ille,
2416 3561 2498 3611 ait
2518 3560 2533 3610 ξ
2556 3557 2787 3611 Amicus
2816 3563 2947 3611 tuus
2972 3573 3084 3610 non
3105 3562 3252 3623 sum,
3286 3572 3319 3611 ο

1724 3647 1912 3710 homo,
1954 3662 2057 3700 nec
2076 3646 2173 3717 qui
2193 3646 2269 3700 sis
2298 3645 2446 3701 novi.
2477 3646 2622 3700 Sunt
2662 3644 2812 3699 enim
2840 3644 2978 3699 mihi
3004 3644 3100 3699 alii
3128 3644 3315 3712 amici,
3372 3670 3378 3677 α

1726 3734 2057 3806 quibuscum
2086 3734 2253 3788 hodie
2275 3733 2541 3787 obiectari
2564 3749 2654 3788 me
2683 3739 2922 3805 oportet,
2957 3750 3208 3804 quosque
3255 3733 3318 3787 in

1725 3827 2011 3895 posterum
2034 3839 2132 3895 pro
2161 3822 2353 3876 amicis
2378 3821 2681 3876 habiturus
2693 3838 2839 3876 sum.
2855 3821 3042 3885 Quare
3062 3821 3173 3875 duo
3192 3827 3317 3875 tan-

1724 3916 1849 3967 tum
1876 3910 2057 3966 cilicia
2078 3910 2180 3965 tibi
2212 3910 2456 3982 porrigo,
2476 3916 2540 3965 ut
2561 3922 2629 3965 ea
2655 3910 2716 3964 in
2745 3910 2836 3964 via
2864 3925 2976 3981 qua
3004 3909 3193 3981 pergis
3222 3909 3323 3963 ha-

1724 4000 1875 4068 beas,
1901 4016 2024 4072 quaa
2044 4001 2215 4055 etiam
2244 4000 2366 4072 ipsa
2394 3999 2533 4054 nihil
2556 3998 2661 4054 tibi
2691 3998 3057 4054 emolumenti
3078 3997 3324 4053 allatura

1726 4095 1859 4145 sunt
1880 4108 1892 4157 ;
1926 4106 2030 4144 nec
2056 4095 2139 4144 est
2161 4088 2310 4160 quod
2324 4105 2359 4142 a
2372 4105 2461 4143 me
2482 4088 2791 4159 quidquam
2809 4093 2997 4155 ﬁlia
3009 4096 3296 4161 exspectes
3309 4126 3324 4142 .

1726 4179 1856 4233 Haec
1884 4178 1978 4233 ille
2005 4178 2258 4245 audiens,
2283 4194 2348 4233 ac
2394 4178 2463 4233 de
2505 4178 2732 4245 auxilio,
2768 4177 2917 4249 quod
2942 4176 3012 4231 ab
3042 4194 3109 4232 eo
3138 4164 3328 4250 exspe-

1728 4267 1933 4334 ctabat,
1968 4284 2124 4339 spem
2150 4284 2373 4322 omnem
2426 4267 2715 4337 abjiciens,
2743 4267 2814 4321 ad
2843 4266 3152 4322 secundum
3190 4268 3332 4322 ami-

1729 4371 1856 4410 cum
1880 4372 1939 4411 se
1969 4356 2200 4424 confert,
2233 4356 2303 4411 ad
2334 4373 2575 4427 eumque
2614 4356 2723 4411 ait:
2754 4355 3089 4422 Retordare,
3124 4356 3325 4424 amice,

1729 4451 2004 4515 quantum
2043 4461 2079 4500 a
2105 4462 2196 4500 me
2223 4445 2452 4500 honoris
2484 4452 2542 4499 et
2569 4444 2968 4500 beneficiorum
3022 4444 3324 4515 acceperis.

46 4529 218 4600 ripere
257 4533 580 4588 contendit.
632 4533 833 4590 Scrobs
861 4541 1050 4590 autem
1096 4536 1339 4591 mundus
1390 4541 1493 4600 est,
1551 4536 1647 4608 qui
1665 4529 2011 4589 DHodierno
2023 4540 2214 4589 autem
2235 4535 2325 4589 die
2340 4534 2400 4588 in
2426 4533 2730 4588 maximam
2751 4532 3134 4587 calamitatem
3164 4538 3222 4587 et
3247 4532 3327 4586 af-

48 4619 216 4675 omnis
240 4622 485 4693 generis
512 4623 677 4678 malis
717 4640 782 4678 ac
826 4624 1129 4679 mortiferis
1185 4625 1403 4697 laqueis
1447 4632 1641 4681 scatet.

46 4707 214 4763 Arbor
241 4727 311 4766 ea
340 4727 525 4785 quam
535 4712 871 4785 compressis
882 4714 1143 4769 manibus
1162 4720 1440 4781 tenemus,
1458 4720 1515 4770 et
1526 4730 1648 4787 quae

48 4812 78 4849 a
103 4797 320 4856 duobus
347 4800 616 4857 muribus
645 4801 1030 4858 indesinenter
1048 4804 1349 4867 arroditur,
1377 4806 1648 4875 cujusque

43 4884 277 4944 hominis
305 4891 445 4946 vita
480 4890 823 4947 curriculum
853 4897 970 4947 est:
1008 4893 1155 4964 quod
1186 4892 1646 4965 quidemperdiei

45 4989 101 5028 ac
125 4979 308 5034 noctis
318 4980 504 5035 horas
525 4978 842 5036 absumitur
855 4987 912 5036 et
930 4982 1241 5048 conﬁcitur,
1277 4998 1341 5036 ac
1369 4981 1644 5054 paulatim

42 5064 103 5119 ad
126 5068 486 5124 excisionem
506 5069 739 5124 accedit.
767 5070 1021 5134 Quatuor
1046 5077 1236 5125 autem
1262 5070 1503 5142 aspides,
1529 5071 1645 5125 hu-

42 5156 180 5210 mani
204 5158 478 5230 corporis
531 5176 701 5230 super
748 5166 990 5230 quatuor
1016 5160 1231 5214 lubrica
1271 5165 1330 5213 et
1364 5158 1650 5216 instabilia

40 5242 311 5302 elementa
336 5248 1117 5320 constitutionemdesignant
1136 5268 1147 5303 :
1169 5249 1266 5320 qui
1294 5265 1420 5303 cum
1450 5249 1648 5303 immo-

43 5332 221 5390 derate
246 5353 311 5391 se
343 5336 570 5391 habent
595 5354 660 5392 ac
696 5337 1118 5409 perturbantur,
1154 5338 1401 5409 corporis
1431 5354 1650 5409 compa-

38 5437 126 5489 ges
179 5424 547 5481 dissolvitur.
603 5426 687 5481 Ad
718 5426 835 5481 haec
860 5427 1059 5498 igneus
1089 5427 1183 5481 ille
1212 5444 1277 5481 ac
1299 5427 1651 5481 truculentus

42 5509 215 5581 draco,
258 5514 629 5570 horrendum
658 5515 864 5571 inferni
904 5522 1159 5571 ventrem
1197 5516 1512 5583 adumbrat,
1556 5517 1652 5587 qui

40 5613 123 5655 eos
158 5604 467 5678 suscipere
505 5603 679 5675 gestit
711 5605 809 5677 qui
834 5613 1141 5677 praesentes
1169 5606 1484 5677 voluptates
1504 5604 1653 5661 futu-

42 5688 112 5744 ris
138 5690 304 5761 bonis
328 5699 716 5765 anteponunt.
745 5694 927 5751 Mollis
949 5711 1079 5751 vero
1103 5693 1326 5769 guttula
1349 5693 1648 5763 distillans,

1729 4623 2033 4679 ﬂictionem
2054 4624 2368 4695 prolapsus,
2401 4622 2738 4693 opitulatore
2766 4621 2954 4692 aliquo
2967 4636 3106 4692 opus
3122 4619 3324 4675 habeo.

1730 4712 2009 4776 Quidnam
2025 4711 2200 4782 igitur
2218 4711 2307 4781 adj
2316 4711 2535 4765 umenti
2559 4726 2710 4765 nunc
2744 4708 2885 4764 mihi
2906 4708 3107 4763 aﬁ'erre
3126 4725 3320 4780 queas,

1730 4800 1815 4855 fac
1830 4800 2020 4854 sciam.
2052 4799 2153 4854 Ille
2167 4804 2358 4854 autem
2377 4798 2458 4853 ait
2489 4817 2500 4852 :
2526 4798 2705 4853 Hodie
2735 4797 2875 4852 mihi
2888 4814 2989 4869 per
2998 4797 3228 4869 negotia
3246 4802 3329 4854 te-

1731 4905 1857 4944 cum
1879 4893 2165 4943 certamen
2182 4887 2369 4943 subire
2383 4886 2616 4943 minime
2627 4886 2949 4942 licet.Curis
2966 4885 3116 4942 enim
3137 4892 3195 4942 et
3212 4887 3328 4943 sol-

1728 4977 2111 5033 licitudinibus
2140 4976 2389 5049 undique
2425 4992 2650 5047 urgeor,
2686 4980 2857 5048 atque
2903 4974 2965 5030 in
3024 4975 3327 5031 afﬂictione

1728 5084 1873 5123 sum.
1906 5066 2145 5122 Paulum
2171 5071 2363 5121 tamen
2391 5070 2577 5119 tecum
2605 5081 2855 5137 pergam,
2901 5064 3156 5136 quamvis
3188 5064 3330 5119 nihil

1729 5157 1859 5211 hinc
1886 5156 2162 5212 commodi
2186 5156 2257 5210 ad
2280 5160 2338 5209 te
2368 5154 2685 5210 rediturum
2714 5155 2821 5222 sit;
2863 5169 2929 5209 ac
2966 5158 3093 5225 post
3136 5152 3328 5207 statim

1729 5246 1959 5301 domum
1986 5262 2262 5311 reversus,
2295 5243 2536 5315 negotiis
2563 5244 2705 5298 meis
2732 5258 2961 5315 operam
2991 5240 3155 5296 dabo.

1802 5335 2069 5392 Inanibus
2081 5335 2256 5406 igitur
2270 5333 2529 5388 manibus
2540 5332 2708 5387 homo
2725 5332 2857 5387 inde
2877 5333 3329 5400 reversus,atque

1734 5426 1887 5480 omni
1915 5442 1980 5479 ex
1999 5431 2160 5496 parte
2184 5423 2388 5478 auxilio
2417 5421 2741 5487 destitutus,
2774 5420 2844 5474 de
2874 5435 3018 5474 vana
3040 5435 3137 5490 spe
3158 5434 3329 5489 quam

1733 5514 1793 5569 in
1832 5513 2061 5586 perﬁdis
2088 5519 2145 5568 et
2165 5513 2402 5585 ingratis
2431 5510 2626 5565 amicis
2676 5508 2792 5564 suis
2823 5508 3143 5574 collocarat,
3174 5512 3233 5561 et
3260 5506 3333 5562 de

1734 5602 2025 5659 inutilibus
2065 5601 2371 5669 laboribus,
2408 5618 2546 5672 quos
2599 5615 2700 5671 pro
2730 5615 2833 5654 suo
2890 5614 3026 5671 erga
3056 5613 3151 5652 eos
3179 5612 3331 5651 amo-

1734 5709 1797 5747 re
1846 5695 2188 5763 susceperat,
2228 5690 2476 5763 seipsum
2504 5684 2850 5761 deplorabat.
2900 5686 3094 5759 Pergit
3140 5690 3334 5742 autem
