  <div class='ocr_page' id='page_1' title='image "/cluster/home/n/w/nwhite01/storage/ocr_20150623/73/umn.31951002477366m/253.png"; bbox 0 0 3878 6414; ppageno 0'>
   <div class='ocr_carea' id='block_1_1' title="bbox 514 358 621 419">
    <p class='ocr_par' dir='ltr' id='par_1_1' title="bbox 514 358 621 419">
     <span class='ocr_line' id='line_1_1' title="bbox 514 358 621 419; baseline -0.019 0"><span class='ocrx_word' id='word_1_1' title='bbox 514 358 621 419; x_wconf 77' lang='grc'>495</span> 
     </span>
    </p>
   </div>
   <div class='ocr_carea' id='block_1_2' title="bbox 1531 315 2768 420">
    <p class='ocr_par' dir='ltr' id='par_1_2' title="bbox 1531 315 2768 420">
     <span class='ocr_line' id='line_1_2' title="bbox 1531 315 2768 420; baseline 0.005 -6"><span class='ocrx_word' id='word_1_2' title='bbox 1531 355 1626 414; x_wconf 84' lang='lat' dir='ltr'>DE</span> <span class='ocrx_word' id='word_1_3' title='bbox 1661 354 1852 414; x_wconf 81' lang='lat' dir='ltr'>vms</span> <span class='ocrx_word' id='word_1_4' title='bbox 1891 348 2190 412; x_wconf 74' lang='lat' dir='ltr'>PATRUM</span> <span class='ocrx_word' id='word_1_5' title='bbox 2225 315 2440 413; x_wconf 77' lang='lat' dir='ltr'>uasa</span> <span class='ocrx_word' id='word_1_6' title='bbox 2475 357 2768 420; x_wconf 69' lang='lat' dir='ltr'>ramus.</span> 
     </span>
    </p>
   </div>
   <div class='ocr_carea' id='block_1_3' title="bbox 3683 373 3780 434">
    <p class='ocr_par' dir='ltr' id='par_1_3' title="bbox 3683 373 3780 434">
     <span class='ocr_line' id='line_1_3' title="bbox 3683 373 3780 434; baseline 0.031 -3"><span class='ocrx_word' id='word_1_7' title='bbox 3683 373 3780 434; x_wconf 78' lang='lat'><strong>496</strong></span> 
     </span>
    </p>
   </div>
   <div class='ocr_carea' id='block_1_4' title="bbox 514 479 3776 556">
    <p class='ocr_par' dir='ltr' id='par_1_4' title="bbox 514 479 3776 556">
     <span class='ocr_line' id='line_1_4' title="bbox 514 479 3776 556; baseline 0.004 -14"><span class='ocrx_word' id='word_1_8' title='bbox 514 485 685 542; x_wconf 88' lang='lat' dir='ltr'>etiam</span> <span class='ocrx_word' id='word_1_9' title='bbox 714 484 784 540; x_wconf 86' lang='lat' dir='ltr'>ad</span> <span class='ocrx_word' id='word_1_10' title='bbox 815 483 1044 542; x_wconf 85' lang='lat' dir='ltr'>tertium</span> <span class='ocrx_word' id='word_1_11' title='bbox 1073 482 1338 547; x_wconf 77' lang='lat' dir='ltr'>amicum,</span> <span class='ocrx_word' id='word_1_12' title='bbox 1373 499 1541 553; x_wconf 86' lang='lat' dir='ltr'><strong>quem</strong></span> <span class='ocrx_word' id='word_1_13' title='bbox 1572 499 1675 540; x_wconf 89' lang='lat' dir='ltr'>nec</span> <span class='ocrx_word' id='word_1_14' title='bbox 1701 483 1817 540; x_wconf 91' lang='lat' dir='ltr'>ullo</span> <span class='ocrx_word' id='word_1_15' title='bbox 1847 497 2099 554; x_wconf 83' lang='lat' dir='ltr'>unquam</span> <span class='ocrx_word' id='word_1_16' title='bbox 2118 479 2446 554; x_wconf 88' lang='lat' dir='ltr'>Aaptisque</span> <span class='ocrx_word' id='word_1_17' title='bbox 2497 487 2849 544; x_wconf 84' lang='lat' dir='ltr'>sermonibus</span> <span class='ocrx_word' id='word_1_18' title='bbox 2898 491 3152 547; x_wconf 86' lang='lat' dir='ltr'>animum</span> <span class='ocrx_word' id='word_1_19' title='bbox 3191 509 3382 550; x_wconf 90' lang='lat' dir='ltr'>meum</span> <span class='ocrx_word' id='word_1_20' title='bbox 3437 497 3776 556; x_wconf 84' lang='lat' dir='ltr'>exhilarasti.</span> 
     </span>
    </p>
   </div>
   <div class='ocr_carea' id='block_1_5' title="bbox 513 571 2106 638">
    <p class='ocr_par' dir='ltr' id='par_1_5' title="bbox 513 571 2106 638">
     <span class='ocr_line' id='line_1_5' title="bbox 513 571 2106 638; baseline -0.003 -10"><span class='ocrx_word' id='word_1_21' title='bbox 513 575 635 630; x_wconf 90' lang='lat' dir='ltr'>loco</span> <span class='ocrx_word' id='word_1_22' title='bbox 661 573 952 638; x_wconf 81' lang='lat' dir='ltr'>habuerat,</span> <span class='ocrx_word' id='word_1_23' title='bbox 978 572 1296 629; x_wconf 70' lang='lat' dir='ltr'>neclzetitie</span> <span class='ocrx_word' id='word_1_24' title='bbox 1318 589 1432 631; x_wconf 85' lang='lat' dir='ltr'>suae</span> <span class='ocrx_word' id='word_1_25' title='bbox 1452 572 1664 628; x_wconf 88' lang='lat' dir='ltr'>socium</span> <span class='ocrx_word' id='word_1_26' title='bbox 1687 571 1976 628; x_wconf 87' lang='lat' dir='ltr'>asciverat.</span> <span class='ocrx_word' id='word_1_27' title='bbox 2009 572 2106 625; x_wconf 84' lang='lat' dir='ltr'>At-</span> 
     </span>
    </p>
   </div>
   <div class='ocr_carea' id='block_1_6' title="bbox 510 659 2104 735">
    <p class='ocr_par' dir='ltr' id='par_1_6' title="bbox 510 659 2104 735">
     <span class='ocr_line' id='line_1_6' title="bbox 510 659 2104 735; baseline -0.003 -17"><span class='ocrx_word' id='word_1_28' title='bbox 510 680 618 735; x_wconf 86' lang='lat' dir='ltr'>que</span> <span class='ocrx_word' id='word_1_29' title='bbox 643 663 713 717; x_wconf 89' lang='lat' dir='ltr'>ad</span> <span class='ocrx_word' id='word_1_30' title='bbox 735 680 864 717; x_wconf 91' lang='lat' dir='ltr'>eum</span> <span class='ocrx_word' id='word_1_31' title='bbox 889 661 1213 733; x_wconf 85' lang='lat' dir='ltr'>pudibundo</span> <span class='ocrx_word' id='word_1_32' title='bbox 1226 662 1351 716; x_wconf 86' lang='lat' dir='ltr'>etin</span> <span class='ocrx_word' id='word_1_33' title='bbox 1374 667 1584 718; x_wconf 84' lang='lat' dir='ltr'>terram</span> <span class='ocrx_word' id='word_1_34' title='bbox 1606 662 1821 734; x_wconf 88' lang='lat' dir='ltr'>dcjecto</span> <span class='ocrx_word' id='word_1_35' title='bbox 1848 661 2003 714; x_wconf 90' lang='lat' dir='ltr'>vultu</span> <span class='ocrx_word' id='word_1_36' title='bbox 2019 659 2104 714; x_wconf 86' lang='lat' dir='ltr'>his</span> 
     </span>
    </p>
   </div>
   <div class='ocr_carea' id='block_1_7' title="bbox 504 750 2103 822">
    <p class='ocr_par' dir='ltr' id='par_1_7' title="bbox 504 750 2103 822">
     <span class='ocr_line' id='line_1_7' title="bbox 504 750 2103 822; baseline -0.002 -17"><span class='ocrx_word' id='word_1_37' title='bbox 504 751 685 808; x_wconf 80' lang='lat' dir='ltr'>verbis</span> <span class='ocrx_word' id='word_1_38' title='bbox 715 768 850 808; x_wconf 88' lang='lat' dir='ltr'>usus</span> <span class='ocrx_word' id='word_1_39' title='bbox 878 757 964 807; x_wconf 90' lang='lat' dir='ltr'>est</span> <span class='ocrx_word' id='word_1_40' title='bbox 989 769 1000 805; x_wconf 95' lang='lat'><strong>:</strong></span> <span class='ocrx_word' id='word_1_41' title='bbox 1023 751 1128 806; x_wconf 83' lang='lat' dir='ltr'>Vix</span> <span class='ocrx_word' id='word_1_42' title='bbox 1155 751 1295 806; x_wconf 88' lang='lat' dir='ltr'>mihi</span> <span class='ocrx_word' id='word_1_43' title='bbox 1309 751 1381 806; x_wconf 89' lang='lat' dir='ltr'>ad</span> <span class='ocrx_word' id='word_1_44' title='bbox 1409 756 1465 805; x_wconf 89' lang='lat' dir='ltr'>te</span> <span class='ocrx_word' id='word_1_45' title='bbox 1493 751 1758 822; x_wconf 81' lang='lat' dir='ltr'>loquendi</span> <span class='ocrx_word' id='word_1_46' title='bbox 1780 750 2103 804; x_wconf 80' lang='lat' dir='ltr'>facultatem</span> 
     </span>
    </p>
   </div>
   <div class='ocr_carea' id='block_1_8' title="bbox 503 839 2102 912">
    <p class='ocr_par' dir='ltr' id='par_1_8' title="bbox 503 839 2102 912">
     <span class='ocr_line' id='line_1_8' title="bbox 503 839 2102 912; baseline -0.001 -16"><span class='ocrx_word' id='word_1_47' title='bbox 503 857 565 896; x_wconf 81' lang='lat' dir='ltr'>os</span> <span class='ocrx_word' id='word_1_48' title='bbox 578 841 1079 898; x_wconf 89' lang='lat' dir='ltr'>concedit.Etenim</span> <span class='ocrx_word' id='word_1_49' title='bbox 1095 840 1230 895; x_wconf 92' lang='lat' dir='ltr'>illud</span> <span class='ocrx_word' id='word_1_50' title='bbox 1247 840 1754 912; x_wconf 77' lang='lat' dir='ltr'>perspectissimum</span> <span class='ocrx_word' id='word_1_51' title='bbox 1776 839 1975 906; x_wconf 83' lang='lat' dir='ltr'>habeo,</span> <span class='ocrx_word' id='word_1_52' title='bbox 2011 855 2102 894; x_wconf 91' lang='lat' dir='ltr'>me</span> 
     </span>
    </p>
   </div>
   <div class='ocr_carea' id='block_1_9' title="bbox 499 929 2103 1004">
    <p class='ocr_par' dir='ltr' id='par_1_9' title="bbox 499 929 2103 1004">
     <span class='ocr_line' id='line_1_9' title="bbox 499 929 2103 1004; baseline -0.002 -18"><span class='ocrx_word' id='word_1_53' title='bbox 499 945 790 1004; x_wconf 84' lang='lat' dir='ltr'>nunquam</span> <span class='ocrx_word' id='word_1_54' title='bbox 810 930 912 985; x_wconf 83' lang='lat' dir='ltr'>tibi</span> <span class='ocrx_word' id='word_1_55' title='bbox 931 929 1170 1004; x_wconf 79' lang='lat' dir='ltr'>benigne</span> <span class='ocrx_word' id='word_1_56' title='bbox 1187 930 1402 997; x_wconf 87' lang='lat' dir='ltr'>fecisse,</span> <span class='ocrx_word' id='word_1_57' title='bbox 1436 929 1728 986; x_wconf 88' lang='lat' dir='ltr'>necamico</span> <span class='ocrx_word' id='word_1_58' title='bbox 1756 946 1892 1000; x_wconf 85' lang='lat' dir='ltr'>erga</span> <span class='ocrx_word' id='word_1_59' title='bbox 1909 934 1964 982; x_wconf 88' lang='lat' dir='ltr'>te</span> <span class='ocrx_word' id='word_1_60' title='bbox 1983 929 2103 984; x_wconf 88' lang='lat' dir='ltr'>ani-</span> 
     </span>
    </p>
   </div>
   <div class='ocr_carea' id='block_1_10' title="bbox 498 1018 2098 1091">
    <p class='ocr_par' dir='ltr' id='par_1_10' title="bbox 498 1018 2098 1091">
     <span class='ocr_line' id='line_1_10' title="bbox 498 1018 2098 1091; baseline -0.002 -17"><span class='ocrx_word' id='word_1_61' title='bbox 498 1035 591 1074; x_wconf 94' lang='lat' dir='ltr'>mo</span> <span class='ocrx_word' id='word_1_62' title='bbox 619 1019 810 1076; x_wconf 89' lang='lat' dir='ltr'>fuisse.</span> <span class='ocrx_word' id='word_1_63' title='bbox 831 1019 1400 1091; x_wconf 69' lang='lat' dir='ltr'>Caeterum,quoniam</span> <span class='ocrx_word' id='word_1_64' title='bbox 1413 1018 1747 1091; x_wconf 88' lang='lat' dir='ltr'>gravissima</span> <span class='ocrx_word' id='word_1_65' title='bbox 1775 1019 2098 1073; x_wconf 83' lang='lat' dir='ltr'>calamitate</span> 
     </span>
    </p>
   </div>
   <div class='ocr_carea' id='block_1_11' title="bbox 498 1106 2098 1184">
    <p class='ocr_par' dir='ltr' id='par_1_11' title="bbox 498 1106 2098 1184">
     <span class='ocr_line' id='line_1_11' title="bbox 498 1106 2098 1184; baseline -0.003 -19"><span class='ocrx_word' id='word_1_66' title='bbox 498 1126 798 1184; x_wconf 90' lang='lat' dir='ltr'>oppressus</span> <span class='ocrx_word' id='word_1_67' title='bbox 825 1110 882 1165; x_wconf 91' lang='lat' dir='ltr'>in</span> <span class='ocrx_word' id='word_1_68' title='bbox 927 1109 1160 1182; x_wconf 86' lang='lat' dir='ltr'>reliquis</span> <span class='ocrx_word' id='word_1_69' title='bbox 1208 1106 1348 1166; x_wconf 88' lang='lat' dir='ltr'>meis</span> <span class='ocrx_word' id='word_1_70' title='bbox 1401 1109 1595 1166; x_wconf 84' lang='lat' dir='ltr'>amicis</span> <span class='ocrx_word' id='word_1_71' title='bbox 1635 1108 1846 1163; x_wconf 89' lang='lat' dir='ltr'>nullam</span> <span class='ocrx_word' id='word_1_72' title='bbox 1901 1107 2098 1162; x_wconf 84' lang='lat' dir='ltr'>salutis</span> 
     </span>
    </p>
   </div>
   <div class='ocr_carea' id='block_1_12' title="bbox 496 1196 2092 1270">
    <p class='ocr_par' dir='ltr' id='par_1_12' title="bbox 496 1196 2092 1270">
     <span class='ocr_line' id='line_1_12' title="bbox 496 1196 2092 1270; baseline -0.003 -16"><span class='ocrx_word' id='word_1_73' title='bbox 496 1216 655 1270; x_wconf 85' lang='lat' dir='ltr'>spem</span> <span class='ocrx_word' id='word_1_74' title='bbox 684 1199 968 1264; x_wconf 88' lang='lat' dir='ltr'>inveni,ad</span> <span class='ocrx_word' id='word_1_75' title='bbox 990 1200 1458 1270; x_wconf 79' lang='lat' dir='ltr'>teaccedo,teque</span> <span class='ocrx_word' id='word_1_76' title='bbox 1487 1215 1624 1270; x_wconf 87' lang='lat' dir='ltr'>rogo</span> <span class='ocrx_word' id='word_1_77' title='bbox 1643 1203 1812 1268; x_wconf 86' lang='lat' dir='ltr'>atque</span> <span class='ocrx_word' id='word_1_78' title='bbox 1843 1196 2092 1262; x_wconf 90' lang='lat' dir='ltr'>obsecro,</span> 
     </span>
    </p>
   </div>
   <div class='ocr_carea' id='block_1_13' title="bbox 494 1288 2094 1361">
    <p class='ocr_par' dir='ltr' id='par_1_13' title="bbox 494 1288 2094 1361">
     <span class='ocr_line' id='line_1_13' title="bbox 494 1288 2094 1361; baseline -0.002 -18"><span class='ocrx_word' id='word_1_79' title='bbox 494 1295 561 1348; x_wconf 82' lang='lat' dir='ltr'>ut</span> <span class='ocrx_word' id='word_1_80' title='bbox 589 1289 637 1344; x_wconf 91' lang='lat' dir='ltr'>si</span> <span class='ocrx_word' id='word_1_81' title='bbox 666 1290 924 1360; x_wconf 77' lang='lat' dir='ltr'>exiguam</span> <span class='ocrx_word' id='word_1_82' title='bbox 960 1288 1208 1361; x_wconf 84' lang='lat' dir='ltr'>aliquam</span> <span class='ocrx_word' id='word_1_83' title='bbox 1230 1305 1393 1360; x_wconf 89' lang='lat' dir='ltr'>opem</span> <span class='ocrx_word' id='word_1_84' title='bbox 1410 1288 1550 1343; x_wconf 90' lang='lat' dir='ltr'>mihi</span> <span class='ocrx_word' id='word_1_85' title='bbox 1577 1289 1777 1342; x_wconf 75' lang='lat' dir='ltr'>afferre</span> <span class='ocrx_word' id='word_1_86' title='bbox 1798 1304 1990 1358; x_wconf 84' lang='lat' dir='ltr'>queas.</span> <span class='ocrx_word' id='word_1_87' title='bbox 2025 1303 2094 1341; x_wconf 92' lang='lat' dir='ltr'>ne</span> 
     </span>
    </p>
   </div>
   <div class='ocr_carea' id='block_1_14' title="bbox 494 1377 2094 1450">
    <p class='ocr_par' dir='ltr' id='par_1_14' title="bbox 494 1377 2094 1450">
     <span class='ocr_line' id='line_1_14' title="bbox 494 1377 2094 1450; baseline -0.001 -18"><span class='ocrx_word' id='word_1_88' title='bbox 494 1378 571 1444; x_wconf 90' lang='lat' dir='ltr'>id,</span> <span class='ocrx_word' id='word_1_89' title='bbox 597 1378 1024 1450; x_wconf 88' lang='lat' dir='ltr'>ingratitudinis</span> <span class='ocrx_word' id='word_1_90' title='bbox 1051 1396 1191 1434; x_wconf 67' lang='lat' dir='ltr'>meae</span> <span class='ocrx_word' id='word_1_91' title='bbox 1218 1395 1454 1445; x_wconf 89' lang='lat' dir='ltr'>memor,</span> <span class='ocrx_word' id='word_1_92' title='bbox 1501 1378 1682 1434; x_wconf 87' lang='lat' dir='ltr'>facere</span> <span class='ocrx_word' id='word_1_93' title='bbox 1711 1393 1953 1432; x_wconf 81' lang='lat' dir='ltr'>recuses.</span> <span class='ocrx_word' id='word_1_94' title='bbox 1991 1377 2094 1431; x_wconf 87' lang='lat' dir='ltr'>Ille</span> 
     </span>
    </p>
   </div>
   <div class='ocr_carea' id='block_1_15' title="bbox 493 1466 2095 1528">
    <p class='ocr_par' dir='ltr' id='par_1_15' title="bbox 493 1466 2095 1528">
     <span class='ocr_line' id='line_1_15' title="bbox 493 1466 2095 1528; baseline -0.002 -4"><span class='ocrx_word' id='word_1_95' title='bbox 493 1475 684 1524; x_wconf 85' lang='lat' dir='ltr'>autem</span> <span class='ocrx_word' id='word_1_96' title='bbox 716 1469 880 1523; x_wconf 86' lang='lat' dir='ltr'>hilari</span> <span class='ocrx_word' id='word_1_97' title='bbox 909 1474 968 1523; x_wconf 91' lang='lat' dir='ltr'>et</span> <span class='ocrx_word' id='word_1_98' title='bbox 1002 1485 1224 1524; x_wconf 85' lang='lat' dir='ltr'>amoeno</span> <span class='ocrx_word' id='word_1_99' title='bbox 1252 1468 1408 1528; x_wconf 90' lang='lat' dir='ltr'>vultu</span> <span class='ocrx_word' id='word_1_100' title='bbox 1428 1467 1536 1523; x_wconf 88' lang='lat' dir='ltr'>ait:</span> <span class='ocrx_word' id='word_1_101' title='bbox 1590 1468 1736 1522; x_wconf 91' lang='lat' dir='ltr'>Sane</span> <span class='ocrx_word' id='word_1_102' title='bbox 1785 1466 2095 1522; x_wconf 86' lang='lat' dir='ltr'>sincerissi-</span> 
     </span>
    </p>
   </div>
   <div class='ocr_carea' id='block_1_16' title="bbox 493 1556 2091 1628">
    <p class='ocr_par' dir='ltr' id='par_1_16' title="bbox 493 1556 2091 1628">
     <span class='ocr_line' id='line_1_16' title="bbox 493 1556 2091 1628; baseline -0.001 -16"><span class='ocrx_word' id='word_1_103' title='bbox 493 1575 652 1613; x_wconf 90' lang='lat' dir='ltr'>mum</span> <span class='ocrx_word' id='word_1_104' title='bbox 673 1558 916 1612; x_wconf 89' lang='lat' dir='ltr'>amicum</span> <span class='ocrx_word' id='word_1_105' title='bbox 938 1575 1127 1614; x_wconf 88' lang='lat' dir='ltr'>meum</span> <span class='ocrx_word' id='word_1_106' title='bbox 1152 1565 1207 1612; x_wconf 90' lang='lat' dir='ltr'>te</span> <span class='ocrx_word' id='word_1_107' title='bbox 1223 1575 1345 1614; x_wconf 84' lang='lat' dir='ltr'>esse</span> <span class='ocrx_word' id='word_1_108' title='bbox 1360 1558 1647 1628; x_wconf 87' lang='lat' dir='ltr'>proﬁteor,</span> <span class='ocrx_word' id='word_1_109' title='bbox 1679 1563 1849 1628; x_wconf 88' lang='lat' dir='ltr'>atque</span> <span class='ocrx_word' id='word_1_110' title='bbox 1879 1556 2091 1626; x_wconf 78' lang='lat' dir='ltr'>exiguae</span> 
     </span>
    </p>
   </div>
   <div class='ocr_carea' id='block_1_17' title="bbox 492 1644 2091 1718">
    <p class='ocr_par' dir='ltr' id='par_1_17' title="bbox 492 1644 2091 1718">
     <span class='ocr_line' id='line_1_17' title="bbox 492 1644 2091 1718; baseline -0.003 -16"><span class='ocrx_word' id='word_1_111' title='bbox 492 1647 644 1704; x_wconf 90' lang='lat' dir='ltr'>illius</span> <span class='ocrx_word' id='word_1_112' title='bbox 672 1655 785 1703; x_wconf 59' lang='lat' dir='ltr'>tua;</span> <span class='ocrx_word' id='word_1_113' title='bbox 838 1664 972 1718; x_wconf 89' lang='lat' dir='ltr'>erga</span> <span class='ocrx_word' id='word_1_114' title='bbox 1018 1664 1108 1702; x_wconf 90' lang='lat' dir='ltr'>me</span> <span class='ocrx_word' id='word_1_115' title='bbox 1141 1647 1525 1704; x_wconf 68' lang='lat' dir='ltr'>beneﬁcentiae</span> <span class='ocrx_word' id='word_1_116' title='bbox 1554 1663 1788 1712; x_wconf 87' lang='lat' dir='ltr'>memor,</span> <span class='ocrx_word' id='word_1_117' title='bbox 1833 1662 1956 1700; x_wconf 88' lang='lat' dir='ltr'>eam</span> <span class='ocrx_word' id='word_1_118' title='bbox 1988 1644 2091 1698; x_wconf 89' lang='lat' dir='ltr'>tibi</span> 
     </span>
    </p>
   </div>
   <div class='ocr_carea' id='block_1_18' title="bbox 489 1735 2091 1808">
    <p class='ocr_par' dir='ltr' id='par_1_18' title="bbox 489 1735 2091 1808">
     <span class='ocr_line' id='line_1_18' title="bbox 489 1735 2091 1808; baseline -0.003 -16"><span class='ocrx_word' id='word_1_119' title='bbox 489 1737 764 1802; x_wconf 86' lang='lat' dir='ltr'>hodierno</span> <span class='ocrx_word' id='word_1_120' title='bbox 786 1736 876 1792; x_wconf 91' lang='lat' dir='ltr'>die</span> <span class='ocrx_word' id='word_1_121' title='bbox 889 1753 1016 1792; x_wconf 90' lang='lat' dir='ltr'>cum</span> <span class='ocrx_word' id='word_1_122' title='bbox 1045 1736 1236 1794; x_wconf 88' lang='lat' dir='ltr'>fenore</span> <span class='ocrx_word' id='word_1_123' title='bbox 1252 1735 1856 1808; x_wconf 85' lang='lat' dir='ltr'>rependam.Quocirca</span> <span class='ocrx_word' id='word_1_124' title='bbox 1875 1751 1946 1790; x_wconf 93' lang='lat' dir='ltr'>ne</span> <span class='ocrx_word' id='word_1_125' title='bbox 1970 1751 2091 1788; x_wconf 91' lang='lat' dir='ltr'>me-</span> 
     </span>
    </p>
   </div>
   <div class='ocr_carea' id='block_1_19' title="bbox 2189 570 3777 658">
    <p class='ocr_par' dir='ltr' id='par_1_19' title="bbox 2189 570 3777 658">
     <span class='ocr_line' id='line_1_19' title="bbox 2189 570 3777 658; baseline 0.013 -34"><span class='ocrx_word' id='word_1_126' title='bbox 2189 570 2458 634; x_wconf 85' lang='lat' dir='ltr'>Quocirca</span> <span class='ocrx_word' id='word_1_127' title='bbox 2508 576 2772 632; x_wconf 77' lang='lat' dir='ltr'>vanitatis</span> <span class='ocrx_word' id='word_1_128' title='bbox 2800 577 2970 650; x_wconf 85' lang='lat' dir='ltr'><strong>hujus</strong></span> <span class='ocrx_word' id='word_1_129' title='bbox 2997 581 3192 636; x_wconf 91' lang='lat' dir='ltr'>mundi</span> <span class='ocrx_word' id='word_1_130' title='bbox 3221 600 3446 640; x_wconf 85' lang='lat' dir='ltr'>rursum</span> <span class='ocrx_word' id='word_1_131' title='bbox 3477 587 3777 658; x_wconf 81' lang='lat' dir='ltr'>imaginem</span> 
     </span>
    </p>
   </div>
   <div class='ocr_carea' id='block_1_20' title="bbox 2187 661 3779 747">
    <p class='ocr_par' dir='ltr' id='par_1_20' title="bbox 2187 661 3779 747">
     <span class='ocr_line' id='line_1_20' title="bbox 2187 661 3779 747; baseline 0.014 -35"><span class='ocrx_word' id='word_1_132' title='bbox 2187 661 2323 714; x_wconf 90' lang='lat' dir='ltr'>mihi</span> <span class='ocrx_word' id='word_1_133' title='bbox 2354 663 2624 734; x_wconf 84' lang='lat' dir='ltr'>exprime,</span> <span class='ocrx_word' id='word_1_134' title='bbox 2658 672 2715 719; x_wconf 91' lang='lat' dir='ltr'>et</span> <span class='ocrx_word' id='word_1_135' title='bbox 2735 683 2846 738; x_wconf 91' lang='lat' dir='ltr'>qua</span> <span class='ocrx_word' id='word_1_136' title='bbox 2866 668 3083 724; x_wconf 86' lang='lat' dir='ltr'>ratione</span> <span class='ocrx_word' id='word_1_137' title='bbox 3105 671 3249 727; x_wconf 88' lang='lat' dir='ltr'>hanc</span> <span class='ocrx_word' id='word_1_138' title='bbox 3277 673 3450 730; x_wconf 85' lang='lat' dir='ltr'>vitam</span> <span class='ocrx_word' id='word_1_139' title='bbox 3476 675 3539 730; x_wconf 89' lang='lat' dir='ltr'>in</span> <span class='ocrx_word' id='word_1_140' title='bbox 3556 693 3695 747; x_wconf 88' lang='lat' dir='ltr'>pace</span> <span class='ocrx_word' id='word_1_141' title='bbox 3722 695 3779 733; x_wconf 85' lang='lat' dir='ltr'>ac</span> 
     </span>
    </p>
   </div>
   <div class='ocr_carea' id='block_1_21' title="bbox 2187 751 3075 828">
    <p class='ocr_par' dir='ltr' id='par_1_21' title="bbox 2187 751 3075 828">
     <span class='ocr_line' id='line_1_21' title="bbox 2187 751 3075 828; baseline 0.014 -27"><span class='ocrx_word' id='word_1_142' title='bbox 2187 751 2486 806; x_wconf 87' lang='lat' dir='ltr'>securitate</span> <span class='ocrx_word' id='word_1_143' title='bbox 2515 770 2818 824; x_wconf 84' lang='lat' dir='ltr'>peragrare</span> <span class='ocrx_word' id='word_1_144' title='bbox 2849 773 3075 828; x_wconf 84' lang='lat' dir='ltr'>queam.</span> 
     </span>
    </p>
   </div>
   <div class='ocr_carea' id='block_1_22' title="bbox 2257 839 3777 926">
    <p class='ocr_par' dir='ltr' id='par_1_22' title="bbox 2257 839 3777 926">
     <span class='ocr_line' id='line_1_22' title="bbox 2257 839 3777 926; baseline 0.013 -34"><span class='ocrx_word' id='word_1_145' title='bbox 2257 839 2548 911; x_wconf 84' lang='lat' dir='ltr'>Excipiens</span> <span class='ocrx_word' id='word_1_146' title='bbox 2572 843 2746 914; x_wconf 84' lang='lat' dir='ltr'>igitur</span> <span class='ocrx_word' id='word_1_147' title='bbox 2769 861 3087 902; x_wconf 89' lang='lat' dir='ltr'>sermonem</span> <span class='ocrx_word' id='word_1_148' title='bbox 3115 850 3508 922; x_wconf 56' lang='lat' dir='ltr'>Josaphauait:</span> <span class='ocrx_word' id='word_1_149' title='bbox 3533 854 3777 926; x_wconf 86' lang='lat' dir='ltr'>Hujusce</span> 
     </span>
    </p>
   </div>
   <div class='ocr_carea' id='block_1_23' title="bbox 2184 933 3774 1014">
    <p class='ocr_par' dir='ltr' id='par_1_23' title="bbox 2184 933 3774 1014">
     <span class='ocr_line' id='line_1_23' title="bbox 2184 933 3774 1014; baseline 0.011 -31"><span class='ocrx_word' id='word_1_150' title='bbox 2184 945 2406 1001; x_wconf 91' lang='lat' dir='ltr'>quoque</span> <span class='ocrx_word' id='word_1_151' title='bbox 2419 933 2744 1002; x_wconf 77' lang='lat' dir='ltr'>quaestionis</span> <span class='ocrx_word' id='word_1_152' title='bbox 2754 934 3180 992; x_wconf 86' lang='lat' dir='ltr'>similitudinem</span> <span class='ocrx_word' id='word_1_153' title='bbox 3195 940 3345 996; x_wconf 86' lang='lat' dir='ltr'>audi.</span> <span class='ocrx_word' id='word_1_154' title='bbox 3354 941 3559 998; x_wconf 88' lang='lat' dir='ltr'>Urbem</span> <span class='ocrx_word' id='word_1_155' title='bbox 3579 960 3774 1014; x_wconf 85' lang='lat' dir='ltr'>quam-</span> 
     </span>
    </p>
   </div>
   <div class='ocr_carea' id='block_1_24' title="bbox 2182 1017 3776 1102">
    <p class='ocr_par' dir='ltr' id='par_1_24' title="bbox 2182 1017 3776 1102">
     <span class='ocr_line' id='line_1_24' title="bbox 2182 1017 3776 1102; baseline 0.011 -30"><span class='ocrx_word' id='word_1_156' title='bbox 2182 1017 2310 1073; x_wconf 86' lang='lat' dir='ltr'>dam</span> <span class='ocrx_word' id='word_1_157' title='bbox 2341 1036 2604 1092; x_wconf 82' lang='lat' dir='ltr'>magnam</span> <span class='ocrx_word' id='word_1_158' title='bbox 2650 1023 2929 1080; x_wconf 85' lang='lat' dir='ltr'>exstitisse</span> <span class='ocrx_word' id='word_1_159' title='bbox 2969 1028 3174 1098; x_wconf 87' lang='lat' dir='ltr'>accepi,</span> <span class='ocrx_word' id='word_1_160' title='bbox 3203 1028 3262 1082; x_wconf 90' lang='lat' dir='ltr'>in</span> <span class='ocrx_word' id='word_1_161' title='bbox 3290 1046 3404 1102; x_wconf 85' lang='lat' dir='ltr'>qua</span> <span class='ocrx_word' id='word_1_162' title='bbox 3425 1031 3575 1088; x_wconf 85' lang='lat' dir='ltr'>cives</span> <span class='ocrx_word' id='word_1_163' title='bbox 3593 1035 3702 1088; x_wconf 84' lang='lat' dir='ltr'>hoc</span> <span class='ocrx_word' id='word_1_164' title='bbox 3720 1033 3776 1090; x_wconf 91' lang='lat' dir='ltr'>in</span> 
     </span>
    </p>
   </div>
   <div class='ocr_carea' id='block_1_25' title="bbox 2180 1112 3776 1194">
    <p class='ocr_par' dir='ltr' id='par_1_25' title="bbox 2180 1112 3776 1194">
     <span class='ocr_line' id='line_1_25' title="bbox 2180 1112 3776 1194; baseline 0.011 -33"><span class='ocrx_word' id='word_1_165' title='bbox 2180 1125 2337 1163; x_wconf 90' lang='lat' dir='ltr'>more</span> <span class='ocrx_word' id='word_1_166' title='bbox 2365 1116 2536 1182; x_wconf 89' lang='lat' dir='ltr'>atque</span> <span class='ocrx_word' id='word_1_167' title='bbox 2559 1112 2818 1168; x_wconf 89' lang='lat' dir='ltr'>instituto</span> <span class='ocrx_word' id='word_1_168' title='bbox 2847 1115 3091 1185; x_wconf 88' lang='lat' dir='ltr'>positum</span> <span class='ocrx_word' id='word_1_169' title='bbox 3117 1117 3417 1186; x_wconf 82' lang='lat' dir='ltr'>habebant,</span> <span class='ocrx_word' id='word_1_170' title='bbox 3449 1127 3518 1176; x_wconf 92' lang='lat' dir='ltr'>ut</span> <span class='ocrx_word' id='word_1_171' title='bbox 3535 1125 3776 1194; x_wconf 77' lang='lat' dir='ltr'>peregri-</span> 
     </span>
    </p>
   </div>
   <div class='ocr_carea' id='block_1_26' title="bbox 2179 1201 3773 1281">
    <p class='ocr_par' dir='ltr' id='par_1_26' title="bbox 2179 1201 3773 1281">
     <span class='ocr_line' id='line_1_26' title="bbox 2179 1201 3773 1281; baseline 0.01 -29"><span class='ocrx_word' id='word_1_172' title='bbox 2179 1215 2313 1253; x_wconf 90' lang='lat' dir='ltr'>num</span> <span class='ocrx_word' id='word_1_173' title='bbox 2345 1201 2645 1270; x_wconf 89' lang='lat' dir='ltr'>quemdam</span> <span class='ocrx_word' id='word_1_174' title='bbox 2676 1208 2735 1256; x_wconf 92' lang='lat' dir='ltr'>et</span> <span class='ocrx_word' id='word_1_175' title='bbox 2762 1203 3016 1273; x_wconf 88' lang='lat' dir='ltr'>ignotum</span> <span class='ocrx_word' id='word_1_176' title='bbox 3033 1206 3236 1273; x_wconf 87' lang='lat' dir='ltr'>virum,</span> <span class='ocrx_word' id='word_1_177' title='bbox 3267 1225 3332 1263; x_wconf 87' lang='lat' dir='ltr'>ac</span> <span class='ocrx_word' id='word_1_178' title='bbox 3359 1209 3549 1281; x_wconf 86' lang='lat' dir='ltr'>legum</span> <span class='ocrx_word' id='word_1_179' title='bbox 3571 1218 3630 1266; x_wconf 92' lang='lat' dir='ltr'>et</span> <span class='ocrx_word' id='word_1_180' title='bbox 3651 1229 3773 1268; x_wconf 82' lang='lat' dir='ltr'>con-</span> 
     </span>
    </p>
   </div>
   <div class='ocr_carea' id='block_1_27' title="bbox 2177 1289 3773 1371">
    <p class='ocr_par' dir='ltr' id='par_1_27' title="bbox 2177 1289 3773 1371">
     <span class='ocr_line' id='line_1_27' title="bbox 2177 1289 3773 1371; baseline 0.011 -30"><span class='ocrx_word' id='word_1_181' title='bbox 2177 1289 2539 1345; x_wconf 87' lang='lat' dir='ltr'>suetudinum</span> <span class='ocrx_word' id='word_1_182' title='bbox 2578 1292 2820 1347; x_wconf 83' lang='lat' dir='ltr'>civitatis</span> <span class='ocrx_word' id='word_1_183' title='bbox 2874 1294 3103 1351; x_wconf 87' lang='lat' dir='ltr'>omnino</span> <span class='ocrx_word' id='word_1_184' title='bbox 3156 1297 3354 1352; x_wconf 86' lang='lat' dir='ltr'>rudem</span> <span class='ocrx_word' id='word_1_185' title='bbox 3407 1306 3465 1354; x_wconf 90' lang='lat' dir='ltr'>et</span> <span class='ocrx_word' id='word_1_186' title='bbox 3513 1300 3773 1371; x_wconf 73' lang='lat' dir='ltr'>ignarum</span> 
     </span>
    </p>
   </div>
   <div class='ocr_carea' id='block_1_28' title="bbox 2175 1378 3769 1457">
    <p class='ocr_par' dir='ltr' id='par_1_28' title="bbox 2175 1378 3769 1457">
     <span class='ocr_line' id='line_1_28' title="bbox 2175 1378 3769 1457; baseline 0.01 -26"><span class='ocrx_word' id='word_1_187' title='bbox 2175 1378 2507 1449; x_wconf 89' lang='lat' dir='ltr'>acciperent,</span> <span class='ocrx_word' id='word_1_188' title='bbox 2540 1398 2781 1454; x_wconf 91' lang='lat' dir='ltr'>eumque</span> <span class='ocrx_word' id='word_1_189' title='bbox 2809 1381 3054 1454; x_wconf 89' lang='lat' dir='ltr'>sibiipsis</span> <span class='ocrx_word' id='word_1_190' title='bbox 3100 1403 3289 1457; x_wconf 85' lang='lat' dir='ltr'>regem</span> <span class='ocrx_word' id='word_1_191' title='bbox 3341 1389 3769 1456; x_wconf 78' lang='lat' dir='ltr'>constituerent,</span> 
     </span>
    </p>
   </div>
   <div class='ocr_carea' id='block_1_29' title="bbox 2181 1472 3771 1542">
    <p class='ocr_par' dir='ltr' id='par_1_29' title="bbox 2181 1472 3771 1542">
     <span class='ocr_line' id='line_1_29' title="bbox 2181 1472 3771 1542; baseline 0.009 -21"><span class='ocrx_word' id='word_1_192' title='bbox 2181 1485 2348 1538; x_wconf 87' lang='lat' dir='ltr'>penes</span> <span class='ocrx_word' id='word_1_193' title='bbox 2377 1487 2545 1541; x_wconf 85' lang='lat' dir='ltr'>quem</span> <span class='ocrx_word' id='word_1_194' title='bbox 2576 1488 2677 1542; x_wconf 91' lang='lat' dir='ltr'>per</span> <span class='ocrx_word' id='word_1_195' title='bbox 2699 1472 2867 1528; x_wconf 91' lang='lat' dir='ltr'>unius</span> <span class='ocrx_word' id='word_1_196' title='bbox 2892 1473 3025 1528; x_wconf 90' lang='lat' dir='ltr'>anni</span> <span class='ocrx_word' id='word_1_197' title='bbox 3049 1475 3389 1532; x_wconf 78' lang='lat' dir='ltr'>cuniculum</span> <span class='ocrx_word' id='word_1_198' title='bbox 3427 1495 3622 1534; x_wconf 75' lang='lat' dir='ltr'>rerum</span> <span class='ocrx_word' id='word_1_199' title='bbox 3655 1497 3771 1535; x_wconf 89' lang='lat' dir='ltr'>om-</span> 
     </span>
    </p>
   </div>
   <div class='ocr_carea' id='block_1_30' title="bbox 2175 1558 3775 1633">
    <p class='ocr_par' dir='ltr' id='par_1_30' title="bbox 2175 1558 3775 1633">
     <span class='ocr_line' id='line_1_30' title="bbox 2175 1558 3775 1633; baseline 0.008 -22"><span class='ocrx_word' id='word_1_200' title='bbox 2175 1558 2332 1612; x_wconf 90' lang='lat' dir='ltr'>nium</span> <span class='ocrx_word' id='word_1_201' title='bbox 2358 1564 2606 1629; x_wconf 85' lang='lat' dir='ltr'>potestas</span> <span class='ocrx_word' id='word_1_202' title='bbox 2637 1567 2803 1625; x_wconf 88' lang='lat' dir='ltr'>esset,</span> <span class='ocrx_word' id='word_1_203' title='bbox 2836 1563 3045 1633; x_wconf 88' lang='lat' dir='ltr'>quique</span> <span class='ocrx_word' id='word_1_204' title='bbox 3096 1563 3270 1619; x_wconf 87' lang='lat' dir='ltr'>libere</span> <span class='ocrx_word' id='word_1_205' title='bbox 3294 1573 3351 1621; x_wconf 92' lang='lat' dir='ltr'>et</span> <span class='ocrx_word' id='word_1_206' title='bbox 3373 1565 3494 1621; x_wconf 89' lang='lat' dir='ltr'>sine</span> <span class='ocrx_word' id='word_1_207' title='bbox 3524 1568 3643 1622; x_wconf 91' lang='lat' dir='ltr'>ullo</span> <span class='ocrx_word' id='word_1_208' title='bbox 3671 1570 3775 1624; x_wconf 90' lang='lat' dir='ltr'>im-</span> 
     </span>
    </p>
   </div>
   <div class='ocr_carea' id='block_1_31' title="bbox 2175 1647 3774 1721">
    <p class='ocr_par' dir='ltr' id='par_1_31' title="bbox 2175 1647 3774 1721">
     <span class='ocr_line' id='line_1_31' title="bbox 2175 1647 3774 1721; baseline 0.008 -21"><span class='ocrx_word' id='word_1_209' title='bbox 2175 1647 2496 1716; x_wconf 89' lang='lat' dir='ltr'>pedimento</span> <span class='ocrx_word' id='word_1_210' title='bbox 2510 1650 2780 1721; x_wconf 90' lang='lat' dir='ltr'>quidquid</span> <span class='ocrx_word' id='word_1_211' title='bbox 2811 1652 2996 1714; x_wconf 89' lang='lat' dir='ltr'>vellet,</span> <span class='ocrx_word' id='word_1_212' title='bbox 3013 1653 3239 1709; x_wconf 85' lang='lat' dir='ltr'>faceret.</span> <span class='ocrx_word' id='word_1_213' title='bbox 3261 1655 3394 1710; x_wconf 87' lang='lat' dir='ltr'>Post</span> <span class='ocrx_word' id='word_1_214' title='bbox 3420 1658 3774 1720; x_wconf 83' lang='lat' dir='ltr'>autem,dum</span> 
     </span>
    </p>
   </div>
   <div class='ocr_carea' id='block_1_32' title="bbox 2174 1735 3774 1816">
    <p class='ocr_par' dir='ltr' id='par_1_32' title="bbox 2174 1735 3774 1816">
     <span class='ocr_line' id='line_1_32' title="bbox 2174 1735 3774 1816; baseline 0.009 -28"><span class='ocrx_word' id='word_1_215' title='bbox 2174 1735 2268 1790; x_wconf 93' lang='lat' dir='ltr'>ille</span> <span class='ocrx_word' id='word_1_216' title='bbox 2295 1737 2447 1792; x_wconf 91' lang='lat' dir='ltr'>omni</span> <span class='ocrx_word' id='word_1_217' title='bbox 2475 1755 2705 1809; x_wconf 86' lang='lat' dir='ltr'>prorsus</span> <span class='ocrx_word' id='word_1_218' title='bbox 2734 1757 2870 1794; x_wconf 88' lang='lat' dir='ltr'>cura</span> <span class='ocrx_word' id='word_1_219' title='bbox 2890 1757 3095 1798; x_wconf 88' lang='lat' dir='ltr'>vacuus</span> <span class='ocrx_word' id='word_1_220' title='bbox 3109 1743 3356 1814; x_wconf 84' lang='lat' dir='ltr'>degeret,</span> <span class='ocrx_word' id='word_1_221' title='bbox 3377 1750 3552 1816; x_wconf 86' lang='lat' dir='ltr'>atque</span> <span class='ocrx_word' id='word_1_222' title='bbox 3569 1746 3631 1801; x_wconf 89' lang='lat' dir='ltr'>in</span> <span class='ocrx_word' id='word_1_223' title='bbox 3645 1747 3774 1802; x_wconf 88' lang='lat' dir='ltr'>luxu</span> 
     </span>
    </p>
   </div>
   <div class='ocr_carea' id='block_1_33' title="bbox 487 1823 3775 1906">
    <p class='ocr_par' dir='ltr' id='par_1_33' title="bbox 487 1823 3775 1906">
     <span class='ocr_line' id='line_1_33' title="bbox 487 1823 3775 1906; baseline 0.004 -26"><span class='ocrx_word' id='word_1_224' title='bbox 487 1830 617 1882; x_wconf 90' lang='lat' dir='ltr'>tuas</span> <span class='ocrx_word' id='word_1_225' title='bbox 637 1843 704 1881; x_wconf 87' lang='lat' dir='ltr'>ac</span> <span class='ocrx_word' id='word_1_226' title='bbox 730 1825 1113 1898; x_wconf 85' lang='lat' dir='ltr'>pertimescas.</span> <span class='ocrx_word' id='word_1_227' title='bbox 1139 1826 1283 1879; x_wconf 87' lang='lat' dir='ltr'>Nam</span> <span class='ocrx_word' id='word_1_228' title='bbox 1304 1842 1408 1896; x_wconf 89' lang='lat' dir='ltr'>ego</span> <span class='ocrx_word' id='word_1_229' title='bbox 1429 1831 1562 1880; x_wconf 86' lang='lat' dir='ltr'>ante</span> <span class='ocrx_word' id='word_1_230' title='bbox 1576 1830 1632 1879; x_wconf 91' lang='lat' dir='ltr'>te</span> <span class='ocrx_word' id='word_1_231' title='bbox 1649 1823 1986 1896; x_wconf 87' lang='lat' dir='ltr'>proﬁciscar,</span> <span class='ocrx_word' id='word_1_232' title='bbox 2009 1839 2092 1876; x_wconf 89' lang='lat' dir='ltr'>re-</span> <span class='ocrx_word' id='word_1_233' title='bbox 2108 1833 2155 1894; x_wconf 84' lang='lat' dir='ltr'><strong>B</strong></span> <span class='ocrx_word' id='word_1_234' title='bbox 2174 1830 2232 1878; x_wconf 91' lang='lat' dir='ltr'>et</span> <span class='ocrx_word' id='word_1_235' title='bbox 2257 1825 2472 1882; x_wconf 84' lang='lat' dir='ltr'>deliciis</span> <span class='ocrx_word' id='word_1_236' title='bbox 2499 1828 2622 1882; x_wconf 86' lang='lat' dir='ltr'>sine</span> <span class='ocrx_word' id='word_1_237' title='bbox 2671 1830 2787 1884; x_wconf 90' lang='lat' dir='ltr'>ullo</span> <span class='ocrx_word' id='word_1_238' title='bbox 2825 1837 2981 1886; x_wconf 88' lang='lat' dir='ltr'>metu</span> <span class='ocrx_word' id='word_1_239' title='bbox 3036 1840 3374 1899; x_wconf 80' lang='lat' dir='ltr'>versaretur,</span> <span class='ocrx_word' id='word_1_240' title='bbox 3405 1842 3775 1906; x_wconf 89' lang='lat' dir='ltr'>perpetuum-</span> 
     </span>
    </p>
   </div>
   <div class='ocr_carea' id='block_1_34' title="bbox 485 1911 2089 1988">
    <p class='ocr_par' dir='ltr' id='par_1_34' title="bbox 485 1911 2089 1988">
     <span class='ocr_line' id='line_1_34' title="bbox 485 1911 2089 1988; baseline -0.004 -16"><span class='ocrx_word' id='word_1_241' title='bbox 485 1933 726 1988; x_wconf 87' lang='lat' dir='ltr'>gemque</span> <span class='ocrx_word' id='word_1_242' title='bbox 749 1922 846 1972; x_wconf 87' lang='lat' dir='ltr'>tuo</span> <span class='ocrx_word' id='word_1_243' title='bbox 863 1916 1090 1971; x_wconf 91' lang='lat' dir='ltr'>nomine</span> <span class='ocrx_word' id='word_1_244' title='bbox 1111 1913 1434 1980; x_wconf 85' lang='lat' dir='ltr'>obsecrabo,</span> <span class='ocrx_word' id='word_1_245' title='bbox 1453 1931 1525 1969; x_wconf 92' lang='lat' dir='ltr'>ne</span> <span class='ocrx_word' id='word_1_246' title='bbox 1547 1920 1604 1969; x_wconf 90' lang='lat' dir='ltr'>te</span> <span class='ocrx_word' id='word_1_247' title='bbox 1635 1913 1884 1968; x_wconf 89' lang='lat' dir='ltr'>hostium</span> <span class='ocrx_word' id='word_1_248' title='bbox 1905 1911 2089 1966; x_wconf 87' lang='lat' dir='ltr'>mani-</span> 
     </span>
    </p>
   </div>
   <div class='ocr_carea' id='block_1_35' title="bbox 484 2000 2091 2070">
    <p class='ocr_par' dir='ltr' id='par_1_35' title="bbox 484 2000 2091 2070">
     <span class='ocr_line' id='line_1_35' title="bbox 484 2000 2091 2070; baseline -0.003 -11"><span class='ocrx_word' id='word_1_249' title='bbox 484 2004 590 2070; x_wconf 84' lang='lat' dir='ltr'>bus</span> <span class='ocrx_word' id='word_1_250' title='bbox 625 2005 814 2070; x_wconf 88' lang='lat' dir='ltr'>dedat.</span> <span class='ocrx_word' id='word_1_251' title='bbox 833 2005 1018 2070; x_wconf 86' lang='lat' dir='ltr'>Quare</span> <span class='ocrx_word' id='word_1_252' title='bbox 1051 2005 1136 2060; x_wconf 87' lang='lat' dir='ltr'>fac</span> <span class='ocrx_word' id='word_1_253' title='bbox 1165 2003 1310 2060; x_wconf 92' lang='lat' dir='ltr'>bono</span> <span class='ocrx_word' id='word_1_254' title='bbox 1345 2004 1538 2060; x_wconf 83' lang='lat' dir='ltr'>animo</span> <span class='ocrx_word' id='word_1_255' title='bbox 1573 2004 1669 2069; x_wconf 83' lang='lat' dir='ltr'>sis,</span> <span class='ocrx_word' id='word_1_256' title='bbox 1711 2003 1796 2057; x_wconf 88' lang='lat' dir='ltr'>vir</span> <span class='ocrx_word' id='word_1_257' title='bbox 1825 2000 2091 2056; x_wconf 85' lang='lat' dir='ltr'>amicissi-</span> 
     </span>
    </p>
   </div>
   <div class='ocr_carea' id='block_1_36' title="bbox 484 2091 2088 2163">
    <p class='ocr_par' dir='ltr' id='par_1_36' title="bbox 484 2091 2088 2163">
     <span class='ocr_line' id='line_1_36' title="bbox 484 2091 2088 2163; baseline -0.004 -13"><span class='ocrx_word' id='word_1_258' title='bbox 484 2111 594 2162; x_wconf 89' lang='lat' dir='ltr'>me,</span> <span class='ocrx_word' id='word_1_259' title='bbox 626 2111 731 2151; x_wconf 89' lang='lat' dir='ltr'>nec</span> <span class='ocrx_word' id='word_1_260' title='bbox 753 2101 812 2150; x_wconf 92' lang='lat' dir='ltr'>te</span> <span class='ocrx_word' id='word_1_261' title='bbox 840 2111 1080 2150; x_wconf 64' lang='lat' dir='ltr'>maerore</span> <span class='ocrx_word' id='word_1_262' title='bbox 1109 2095 1408 2150; x_wconf 83' lang='lat' dir='ltr'>excrucies.</span> <span class='ocrx_word' id='word_1_263' title='bbox 1431 2095 1576 2150; x_wconf 88' lang='lat' dir='ltr'>Tum</span> <span class='ocrx_word' id='word_1_264' title='bbox 1595 2093 1689 2148; x_wconf 89' lang='lat' dir='ltr'>ille</span> <span class='ocrx_word' id='word_1_265' title='bbox 1709 2091 2088 2163; x_wconf 85' lang='lat' dir='ltr'>compunctio-</span> 
     </span>
    </p>
   </div>
   <div class='ocr_carea' id='block_1_37' title="bbox 483 2181 2086 2255">
    <p class='ocr_par' dir='ltr' id='par_1_37' title="bbox 483 2181 2086 2255">
     <span class='ocr_line' id='line_1_37' title="bbox 483 2181 2086 2255; baseline -0.004 -15"><span class='ocrx_word' id='word_1_266' title='bbox 483 2200 554 2240; x_wconf 90' lang='lat' dir='ltr'>ne</span> <span class='ocrx_word' id='word_1_267' title='bbox 568 2185 821 2251; x_wconf 70' lang='lat' dir='ltr'>alfectus,</span> <span class='ocrx_word' id='word_1_268' title='bbox 853 2189 912 2240; x_wconf 91' lang='lat' dir='ltr'>et</span> <span class='ocrx_word' id='word_1_269' title='bbox 947 2184 1212 2255; x_wconf 85' lang='lat' dir='ltr'>lacrymis</span> <span class='ocrx_word' id='word_1_270' title='bbox 1225 2184 1503 2254; x_wconf 88' lang='lat' dir='ltr'>perfusus,</span> <span class='ocrx_word' id='word_1_271' title='bbox 1546 2181 1792 2237; x_wconf 88' lang='lat' dir='ltr'>dicebat:</span> <span class='ocrx_word' id='word_1_272' title='bbox 1828 2182 1950 2236; x_wconf 89' lang='lat' dir='ltr'>Heu</span> <span class='ocrx_word' id='word_1_273' title='bbox 1996 2196 2086 2234; x_wconf 89' lang='lat' dir='ltr'>me</span> 
     </span>
    </p>
   </div>
   <div class='ocr_carea' id='block_1_38' title="bbox 482 2271 2086 2346">
    <p class='ocr_par' dir='ltr' id='par_1_38' title="bbox 482 2271 2086 2346">
     <span class='ocr_line' id='line_1_38' title="bbox 482 2271 2086 2346; baseline -0.002 -16"><span class='ocrx_word' id='word_1_274' title='bbox 482 2275 772 2342; x_wconf 76' lang='lat' dir='ltr'>miserum,</span> <span class='ocrx_word' id='word_1_275' title='bbox 805 2274 1074 2346; x_wconf 86' lang='lat' dir='ltr'>quidnam</span> <span class='ocrx_word' id='word_1_276' title='bbox 1091 2271 1476 2344; x_wconf 82' lang='lat' dir='ltr'>priusdeilebo</span> <span class='ocrx_word' id='word_1_277' title='bbox 1491 2271 1920 2328; x_wconf 89' lang='lat' dir='ltr'>aclamentabor</span> <span class='ocrx_word' id='word_1_278' title='bbox 1940 2272 1962 2324; x_wconf 73' lang='grc'><strong><em>7</em></strong></span> <span class='ocrx_word' id='word_1_279' title='bbox 1986 2271 2086 2326; x_wconf 88' lang='lat' dir='ltr'>Va-</span> 
     </span>
    </p>
   </div>
   <div class='ocr_carea' id='block_1_39' title="bbox 481 2361 2084 2432">
    <p class='ocr_par' dir='ltr' id='par_1_39' title="bbox 481 2361 2084 2432">
     <span class='ocr_line' id='line_1_39' title="bbox 481 2361 2084 2432; baseline -0.003 -13"><span class='ocrx_word' id='word_1_280' title='bbox 481 2381 690 2422; x_wconf 88' lang='lat' dir='ltr'>namne</span> <span class='ocrx_word' id='word_1_281' title='bbox 715 2380 900 2419; x_wconf 88' lang='lat' dir='ltr'>meam</span> <span class='ocrx_word' id='word_1_282' title='bbox 936 2364 996 2418; x_wconf 90' lang='lat' dir='ltr'>in</span> <span class='ocrx_word' id='word_1_283' title='bbox 1013 2363 1372 2424; x_wconf 85' lang='lat' dir='ltr'>immemores</span> <span class='ocrx_word' id='word_1_284' title='bbox 1408 2368 1466 2416; x_wconf 91' lang='lat' dir='ltr'>et</span> <span class='ocrx_word' id='word_1_285' title='bbox 1494 2362 1745 2432; x_wconf 86' lang='lat' dir='ltr'>ingratos</span> <span class='ocrx_word' id='word_1_286' title='bbox 1775 2361 1940 2416; x_wconf 85' lang='lat' dir='ltr'>falsos</span> <span class='ocrx_word' id='word_1_287' title='bbox 1962 2361 2084 2415; x_wconf 90' lang='lat' dir='ltr'>illos</span> 
     </span>
    </p>
   </div>
   <div class='ocr_carea' id='block_1_40' title="bbox 482 2450 2085 2522">
    <p class='ocr_par' dir='ltr' id='par_1_40' title="bbox 482 2450 2085 2522">
     <span class='ocr_line' id='line_1_40' title="bbox 482 2450 2085 2522; baseline -0.002 -14"><span class='ocrx_word' id='word_1_288' title='bbox 482 2455 693 2510; x_wconf 89' lang='lat' dir='ltr'>amicos</span> <span class='ocrx_word' id='word_1_289' title='bbox 711 2452 1158 2509; x_wconf 85' lang='lat' dir='ltr'>benevolentiam</span> <span class='ocrx_word' id='word_1_290' title='bbox 1175 2451 1597 2513; x_wconf 83' lang='lat' dir='ltr'>condemnabo?</span> <span class='ocrx_word' id='word_1_291' title='bbox 1624 2467 1698 2508; x_wconf 88' lang='lat' dir='ltr'>an</span> <span class='ocrx_word' id='word_1_292' title='bbox 1728 2450 1916 2522; x_wconf 86' lang='lat' dir='ltr'>potius</span> <span class='ocrx_word' id='word_1_293' title='bbox 1936 2450 2085 2505; x_wconf 88' lang='lat' dir='ltr'>insa-</span> 
     </span>
    </p>
   </div>
   <div class='ocr_carea' id='block_1_41' title="bbox 481 2540 2079 2614">
    <p class='ocr_par' dir='ltr' id='par_1_41' title="bbox 481 2540 2079 2614">
     <span class='ocr_line' id='line_1_41' title="bbox 481 2540 2079 2614; baseline -0.003 -16"><span class='ocrx_word' id='word_1_294' title='bbox 481 2559 616 2600; x_wconf 92' lang='lat' dir='ltr'>nam</span> <span class='ocrx_word' id='word_1_295' title='bbox 647 2560 773 2599; x_wconf 87' lang='lat' dir='ltr'>eam</span> <span class='ocrx_word' id='word_1_296' title='bbox 800 2541 1284 2614; x_wconf 83' lang='lat' dir='ltr'>ingratitudinem,</span> <span class='ocrx_word' id='word_1_297' title='bbox 1303 2557 1413 2613; x_wconf 87' lang='lat' dir='ltr'>qua</span> <span class='ocrx_word' id='word_1_298' title='bbox 1433 2541 1491 2596; x_wconf 91' lang='lat' dir='ltr'>in</span> <span class='ocrx_word' id='word_1_299' title='bbox 1505 2541 1654 2597; x_wconf 91' lang='lat' dir='ltr'>hunc</span> <span class='ocrx_word' id='word_1_300' title='bbox 1671 2557 1866 2596; x_wconf 87' lang='lat' dir='ltr'>verum</span> <span class='ocrx_word' id='word_1_301' title='bbox 1888 2544 1945 2595; x_wconf 91' lang='lat' dir='ltr'>et</span> <span class='ocrx_word' id='word_1_302' title='bbox 1961 2540 2079 2595; x_wconf 91' lang='lat' dir='ltr'>sin-</span> 
     </span>
    </p>
   </div>
   <div class='ocr_carea' id='block_1_42' title="bbox 421 2629 1660 2706">
    <p class='ocr_par' dir='ltr' id='par_1_42' title="bbox 421 2629 1660 2706">
     <span class='ocr_line' id='line_1_42' title="bbox 421 2629 1660 2706; baseline -0.003 -18"><span class='ocrx_word' id='word_1_303' title='bbox 421 2693 425 2706; x_wconf 46' lang='grc' dir='ltr'>ι</span> <span class='ocrx_word' id='word_1_304' title='bbox 483 2649 676 2695; x_wconf 78' lang='lat' dir='ltr'>cerum</span> <span class='ocrx_word' id='word_1_305' title='bbox 705 2632 950 2688; x_wconf 88' lang='lat' dir='ltr'>amicum</span> <span class='ocrx_word' id='word_1_306' title='bbox 979 2648 1113 2688; x_wconf 85' lang='lat' dir='ltr'>usus</span> <span class='ocrx_word' id='word_1_307' title='bbox 1133 2647 1280 2698; x_wconf 86' lang='lat' dir='ltr'>sum,</span> <span class='ocrx_word' id='word_1_308' title='bbox 1310 2629 1660 2686; x_wconf 81' lang='lat' dir='ltr'>insectabor?</span> 
     </span>
    </p>
   </div>
   <div class='ocr_carea' id='block_1_43' title="bbox 551 2719 2077 2795">
    <p class='ocr_par' dir='ltr' id='par_1_43' title="bbox 551 2719 2077 2795">
     <span class='ocr_line' id='line_1_43' title="bbox 551 2719 2077 2795; baseline -0.004 -15"><span class='ocrx_word' id='word_1_309' title='bbox 551 2723 824 2795; x_wconf 81' lang='lat' dir='ltr'>Josaphat</span> <span class='ocrx_word' id='word_1_310' title='bbox 837 2729 1025 2780; x_wconf 86' lang='lat' dir='ltr'>autem</span> <span class='ocrx_word' id='word_1_311' title='bbox 1041 2723 1192 2779; x_wconf 89' lang='lat' dir='ltr'>hunc</span> <span class='ocrx_word' id='word_1_312' title='bbox 1205 2737 1525 2778; x_wconf 85' lang='lat' dir='ltr'>sermonem</span> <span class='ocrx_word' id='word_1_313' title='bbox 1542 2736 1657 2776; x_wconf 90' lang='lat' dir='ltr'>non</span> <span class='ocrx_word' id='word_1_314' title='bbox 1676 2719 1798 2776; x_wconf 85' lang='lat' dir='ltr'>sine</span> <span class='ocrx_word' id='word_1_315' title='bbox 1828 2719 2077 2775; x_wconf 90' lang='lat' dir='ltr'>admira-</span> 
     </span>
    </p>
   </div>
   <div class='ocr_carea' id='block_1_44' title="bbox 481 2808 2082 2884">
    <p class='ocr_par' dir='ltr' id='par_1_44' title="bbox 481 2808 2082 2884">
     <span class='ocr_line' id='line_1_44' title="bbox 481 2808 2082 2884; baseline -0.002 -17"><span class='ocrx_word' id='word_1_316' title='bbox 481 2813 636 2870; x_wconf 86' lang='lat' dir='ltr'>tione</span> <span class='ocrx_word' id='word_1_317' title='bbox 648 2812 975 2884; x_wconf 87' lang='lat' dir='ltr'>suscipiens,</span> <span class='ocrx_word' id='word_1_318' title='bbox 995 2813 1045 2884; x_wconf 88' lang='lat' dir='ltr'>ej</span> <span class='ocrx_word' id='word_1_319' title='bbox 1053 2829 1118 2867; x_wconf 92' lang='lat' dir='ltr'>us</span> <span class='ocrx_word' id='word_1_320' title='bbox 1147 2811 1574 2883; x_wconf 84' lang='lat' dir='ltr'>explicationem</span> <span class='ocrx_word' id='word_1_321' title='bbox 1585 2808 2082 2881; x_wconf 67' lang='lat' dir='ltr'>requirebatDixit</span> 
     </span>
    </p>
   </div>
   <div class='ocr_carea' id='block_1_45' title="bbox 482 2899 2078 2973">
    <p class='ocr_par' dir='ltr' id='par_1_45' title="bbox 482 2899 2078 2973">
     <span class='ocr_line' id='line_1_45' title="bbox 482 2899 2078 2973; baseline -0.003 -17"><span class='ocrx_word' id='word_1_322' title='bbox 482 2902 675 2973; x_wconf 85' lang='lat' dir='ltr'>itaque</span> <span class='ocrx_word' id='word_1_323' title='bbox 703 2902 987 2959; x_wconf 86' lang='lat' dir='ltr'>Barlaam:</span> <span class='ocrx_word' id='word_1_324' title='bbox 1009 2900 1234 2958; x_wconf 80' lang='lat' dir='ltr'>Primus</span> <span class='ocrx_word' id='word_1_325' title='bbox 1255 2900 1489 2964; x_wconf 88' lang='lat' dir='ltr'>amicus,</span> <span class='ocrx_word' id='word_1_326' title='bbox 1523 2915 1694 2971; x_wconf 89' lang='lat' dir='ltr'>opum</span> <span class='ocrx_word' id='word_1_327' title='bbox 1714 2899 1873 2969; x_wconf 89' lang='lat' dir='ltr'>copia</span> <span class='ocrx_word' id='word_1_328' title='bbox 1896 2904 1998 2964; x_wconf 89' lang='lat' dir='ltr'>est,</span> <span class='ocrx_word' id='word_1_329' title='bbox 2021 2903 2078 2952; x_wconf 93' lang='lat' dir='ltr'>et</span> 
     </span>
    </p>
   </div>
   <div class='ocr_carea' id='block_1_46' title="bbox 480 2987 2077 3061">
    <p class='ocr_par' dir='ltr' id='par_1_46' title="bbox 480 2987 2077 3061">
     <span class='ocr_line' id='line_1_46' title="bbox 480 2987 2077 3061; baseline -0.004 -13"><span class='ocrx_word' id='word_1_330' title='bbox 480 2991 802 3048; x_wconf 79' lang='lat' dir='ltr'>divitiarum</span> <span class='ocrx_word' id='word_1_331' title='bbox 832 3008 1013 3056; x_wconf 88' lang='lat' dir='ltr'>amor,</span> <span class='ocrx_word' id='word_1_332' title='bbox 1065 2990 1136 3046; x_wconf 91' lang='lat' dir='ltr'>ob</span> <span class='ocrx_word' id='word_1_333' title='bbox 1164 3006 1330 3061; x_wconf 88' lang='lat' dir='ltr'>quem</span> <span class='ocrx_word' id='word_1_334' title='bbox 1359 2989 1528 3044; x_wconf 89' lang='lat' dir='ltr'>homo</span> <span class='ocrx_word' id='word_1_335' title='bbox 1544 2989 1602 3044; x_wconf 91' lang='lat' dir='ltr'>in</span> <span class='ocrx_word' id='word_1_336' title='bbox 1631 2992 1894 3044; x_wconf 81' lang='lat' dir='ltr'>sexcenta</span> <span class='ocrx_word' id='word_1_337' title='bbox 1924 2987 2077 3058; x_wconf 83' lang='lat' dir='ltr'>peri-</span> 
     </span>
    </p>
   </div>
   <div class='ocr_carea' id='block_1_47' title="bbox 480 3077 2076 3149">
    <p class='ocr_par' dir='ltr' id='par_1_47' title="bbox 480 3077 2076 3149">
     <span class='ocr_line' id='line_1_47' title="bbox 480 3077 2076 3149; baseline -0.004 -12"><span class='ocrx_word' id='word_1_338' title='bbox 480 3081 608 3138; x_wconf 89' lang='lat' dir='ltr'>cula</span> <span class='ocrx_word' id='word_1_339' title='bbox 635 3081 920 3145; x_wconf 87' lang='lat' dir='ltr'>incidit,ac</span> <span class='ocrx_word' id='word_1_340' title='bbox 937 3080 1144 3136; x_wconf 87' lang='lat' dir='ltr'>multas</span> <span class='ocrx_word' id='word_1_341' title='bbox 1160 3094 1442 3134; x_wconf 64' lang='lat' dir='ltr'>aerumnas</span> <span class='ocrx_word' id='word_1_342' title='bbox 1463 3077 1690 3149; x_wconf 85' lang='lat' dir='ltr'>perfert.</span> <span class='ocrx_word' id='word_1_343' title='bbox 1722 3078 1864 3132; x_wconf 89' lang='lat' dir='ltr'>Cum</span> <span class='ocrx_word' id='word_1_344' title='bbox 1884 3083 2076 3131; x_wconf 88' lang='lat' dir='ltr'>autem</span> 
     </span>
    </p>
   </div>
   <div class='ocr_carea' id='block_1_48' title="bbox 2173 1915 3774 1994">
    <p class='ocr_par' dir='ltr' id='par_1_48' title="bbox 2173 1915 3774 1994">
     <span class='ocr_line' id='line_1_48' title="bbox 2173 1915 3774 1994; baseline 0.009 -26"><span class='ocrx_word' id='word_1_345' title='bbox 2173 1931 2282 1985; x_wconf 91' lang='lat' dir='ltr'>que</span> <span class='ocrx_word' id='word_1_346' title='bbox 2303 1915 2408 1969; x_wconf 90' lang='lat' dir='ltr'>sibi</span> <span class='ocrx_word' id='word_1_347' title='bbox 2429 1933 2668 1988; x_wconf 76' lang='lat' dir='ltr'>regnum</span> <span class='ocrx_word' id='word_1_348' title='bbox 2713 1919 2831 1974; x_wconf 85' lang='lat' dir='ltr'>fore</span> <span class='ocrx_word' id='word_1_349' title='bbox 2855 1921 3218 1986; x_wconf 82' lang='lat' dir='ltr'>existimaret,</span> <span class='ocrx_word' id='word_1_350' title='bbox 3251 1930 3483 1994; x_wconf 89' lang='lat' dir='ltr'>repente</span> <span class='ocrx_word' id='word_1_351' title='bbox 3509 1925 3774 1982; x_wconf 82' lang='lat' dir='ltr'>adversus</span> 
     </span>
    </p>
   </div>
   <div class='ocr_carea' id='block_1_49' title="bbox 2173 2005 3775 2082">
    <p class='ocr_par' dir='ltr' id='par_1_49' title="bbox 2173 2005 3775 2082">
     <span class='ocr_line' id='line_1_49' title="bbox 2173 2005 3775 2082; baseline 0.008 -24"><span class='ocrx_word' id='word_1_352' title='bbox 2173 2021 2301 2059; x_wconf 90' lang='lat' dir='ltr'>eum</span> <span class='ocrx_word' id='word_1_353' title='bbox 2331 2005 2705 2077; x_wconf 86' lang='lat' dir='ltr'>insurgentes,</span> <span class='ocrx_word' id='word_1_354' title='bbox 2742 2009 3067 2081; x_wconf 87' lang='lat' dir='ltr'>regiamque</span> <span class='ocrx_word' id='word_1_355' title='bbox 3108 2011 3215 2082; x_wconf 90' lang='lat' dir='ltr'>ipsi</span> <span class='ocrx_word' id='word_1_356' title='bbox 3237 2018 3447 2067; x_wconf 82' lang='lat' dir='ltr'>vestem</span> <span class='ocrx_word' id='word_1_357' title='bbox 3475 2013 3775 2070; x_wconf 83' lang='lat' dir='ltr'>detrahen-</span> 
     </span>
    </p>
   </div>
   <div class='ocr_carea' id='block_1_50' title="bbox 2171 2096 3775 2172">
    <p class='ocr_par' dir='ltr' id='par_1_50' title="bbox 2171 2096 3775 2172">
     <span class='ocr_line' id='line_1_50' title="bbox 2171 2096 3775 2172; baseline 0.007 -24"><span class='ocrx_word' id='word_1_358' title='bbox 2171 2099 2274 2159; x_wconf 90' lang='lat' dir='ltr'>tes,</span> <span class='ocrx_word' id='word_1_359' title='bbox 2307 2111 2372 2149; x_wconf 87' lang='lat' dir='ltr'>ac</span> <span class='ocrx_word' id='word_1_360' title='bbox 2401 2096 2617 2152; x_wconf 89' lang='lat' dir='ltr'>nudum</span> <span class='ocrx_word' id='word_1_361' title='bbox 2642 2114 2744 2168; x_wconf 92' lang='lat' dir='ltr'>per</span> <span class='ocrx_word' id='word_1_362' title='bbox 2768 2104 2946 2153; x_wconf 77' lang='lat' dir='ltr'>totam</span> <span class='ocrx_word' id='word_1_363' title='bbox 2971 2099 3167 2154; x_wconf 89' lang='lat' dir='ltr'>urbem</span> <span class='ocrx_word' id='word_1_364' title='bbox 3187 2107 3458 2172; x_wconf 83' lang='lat' dir='ltr'>tanquam</span> <span class='ocrx_word' id='word_1_365' title='bbox 3485 2103 3546 2158; x_wconf 91' lang='lat' dir='ltr'>in</span> <span class='ocrx_word' id='word_1_366' title='bbox 3576 2105 3775 2159; x_wconf 88' lang='lat' dir='ltr'>trium-</span> 
     </span>
    </p>
   </div>
   <div class='ocr_carea' id='block_1_51' title="bbox 2169 2185 3768 2262">
    <p class='ocr_par' dir='ltr' id='par_1_51' title="bbox 2169 2185 3768 2262">
     <span class='ocr_line' id='line_1_51' title="bbox 2169 2185 3768 2262; baseline 0.008 -25"><span class='ocrx_word' id='word_1_367' title='bbox 2169 2185 2345 2254; x_wconf 90' lang='lat' dir='ltr'>phum</span> <span class='ocrx_word' id='word_1_368' title='bbox 2357 2192 2608 2255; x_wconf 85' lang='lat' dir='ltr'>agentes,</span> <span class='ocrx_word' id='word_1_369' title='bbox 2639 2187 2696 2241; x_wconf 89' lang='lat' dir='ltr'>in</span> <span class='ocrx_word' id='word_1_370' title='bbox 2713 2203 2976 2258; x_wconf 90' lang='lat' dir='ltr'>magnam</span> <span class='ocrx_word' id='word_1_371' title='bbox 2998 2190 3302 2260; x_wconf 87' lang='lat' dir='ltr'>quamdam</span> <span class='ocrx_word' id='word_1_372' title='bbox 3317 2191 3558 2262; x_wconf 88' lang='lat' dir='ltr'>aclonge</span> <span class='ocrx_word' id='word_1_373' title='bbox 3579 2200 3768 2260; x_wconf 58' lang='grc'>914</span> 
     </span>
    </p>
   </div>
   <div class='ocr_carea' id='block_1_52' title="bbox 2169 2275 3770 2350">
    <p class='ocr_par' dir='ltr' id='par_1_52' title="bbox 2169 2275 3770 2350">
     <span class='ocr_line' id='line_1_52' title="bbox 2169 2275 3770 2350; baseline 0.006 -23"><span class='ocrx_word' id='word_1_374' title='bbox 2169 2279 2440 2328; x_wconf 89' lang='lat' dir='ltr'>remotam</span> <span class='ocrx_word' id='word_1_375' title='bbox 2472 2275 2715 2330; x_wconf 90' lang='lat' dir='ltr'>insulam</span> <span class='ocrx_word' id='word_1_376' title='bbox 2774 2293 2904 2331; x_wconf 89' lang='lat' dir='ltr'>eum</span> <span class='ocrx_word' id='word_1_377' title='bbox 2933 2277 3280 2348; x_wconf 85' lang='lat' dir='ltr'>relegabant,</span> <span class='ocrx_word' id='word_1_378' title='bbox 3313 2278 3371 2333; x_wconf 93' lang='lat' dir='ltr'>in</span> <span class='ocrx_word' id='word_1_379' title='bbox 3406 2296 3524 2350; x_wconf 88' lang='lat' dir='ltr'>qua</span> <span class='ocrx_word' id='word_1_380' title='bbox 3549 2297 3656 2336; x_wconf 90' lang='lat' dir='ltr'>nec</span> <span class='ocrx_word' id='word_1_381' title='bbox 3695 2283 3770 2336; x_wconf 89' lang='lat' dir='ltr'>vi-</span> 
     </span>
    </p>
   </div>
   <div class='ocr_carea' id='block_1_53' title="bbox 2167 2364 3768 2438">
    <p class='ocr_par' dir='ltr' id='par_1_53' title="bbox 2167 2364 3768 2438">
     <span class='ocr_line' id='line_1_53' title="bbox 2167 2364 3768 2438; baseline 0.005 -21"><span class='ocrx_word' id='word_1_382' title='bbox 2167 2369 2260 2417; x_wconf 90' lang='lat' dir='ltr'>ctu</span> <span class='ocrx_word' id='word_1_383' title='bbox 2293 2380 2395 2418; x_wconf 92' lang='lat' dir='ltr'>nec</span> <span class='ocrx_word' id='word_1_384' title='bbox 2417 2364 2760 2420; x_wconf 87' lang='lat' dir='ltr'>indumentis</span> <span class='ocrx_word' id='word_1_385' title='bbox 2781 2366 3231 2438; x_wconf 90' lang='lat' dir='ltr'>suppetentibus,</span> <span class='ocrx_word' id='word_1_386' title='bbox 3255 2367 3402 2422; x_wconf 88' lang='lat' dir='ltr'>fame</span> <span class='ocrx_word' id='word_1_387' title='bbox 3425 2385 3491 2424; x_wconf 89' lang='lat' dir='ltr'>ac</span> <span class='ocrx_word' id='word_1_388' title='bbox 3508 2370 3768 2425; x_wconf 81' lang='lat' dir='ltr'>nuditate</span> 
     </span>
    </p>
   </div>
   <div class='ocr_carea' id='block_1_54' title="bbox 2168 2453 3770 2530">
    <p class='ocr_par' dir='ltr' id='par_1_54' title="bbox 2168 2453 3770 2530">
     <span class='ocr_line' id='line_1_54' title="bbox 2168 2453 3770 2530; baseline 0.006 -24"><span class='ocrx_word' id='word_1_389' title='bbox 2168 2453 2480 2508; x_wconf 88' lang='lat' dir='ltr'>miserrime</span> <span class='ocrx_word' id='word_1_390' title='bbox 2510 2453 2889 2525; x_wconf 89' lang='lat' dir='ltr'>premebatur,</span> <span class='ocrx_word' id='word_1_391' title='bbox 2910 2456 3195 2528; x_wconf 86' lang='lat' dir='ltr'>voluptate</span> <span class='ocrx_word' id='word_1_392' title='bbox 3216 2457 3428 2512; x_wconf 90' lang='lat' dir='ltr'>scilicet</span> <span class='ocrx_word' id='word_1_393' title='bbox 3453 2465 3626 2530; x_wconf 89' lang='lat' dir='ltr'>atque</span> <span class='ocrx_word' id='word_1_394' title='bbox 3654 2461 3770 2514; x_wconf 83' lang='lat' dir='ltr'>ani-</span> 
     </span>
    </p>
   </div>
   <div class='ocr_carea' id='block_1_55' title="bbox 2165 2541 3767 2617">
    <p class='ocr_par' dir='ltr' id='par_1_55' title="bbox 2165 2541 3767 2617">
     <span class='ocr_line' id='line_1_55' title="bbox 2165 2541 3767 2617; baseline 0.006 -22"><span class='ocrx_word' id='word_1_395' title='bbox 2165 2541 2241 2596; x_wconf 92' lang='lat' dir='ltr'>mi</span> <span class='ocrx_word' id='word_1_396' title='bbox 2271 2542 2572 2611; x_wconf 88' lang='lat' dir='ltr'>hilaritate,</span> <span class='ocrx_word' id='word_1_397' title='bbox 2600 2560 2722 2615; x_wconf 67' lang='lat' dir='ltr'>qua;</span> <span class='ocrx_word' id='word_1_398' title='bbox 2749 2549 2954 2616; x_wconf 60' lang='lat' dir='ltr'>prater</span> <span class='ocrx_word' id='word_1_399' title='bbox 2974 2560 3135 2616; x_wconf 90' lang='lat' dir='ltr'>spem</span> <span class='ocrx_word' id='word_1_400' title='bbox 3169 2545 3274 2617; x_wconf 85' lang='lat' dir='ltr'>ipsi</span> <span class='ocrx_word' id='word_1_401' title='bbox 3302 2562 3564 2602; x_wconf 83' lang='lat' dir='ltr'>concessa</span> <span class='ocrx_word' id='word_1_402' title='bbox 3584 2548 3767 2604; x_wconf 86' lang='lat' dir='ltr'>fuerat</span> 
     </span>
    </p>
   </div>
   <div class='ocr_carea' id='block_1_56' title="bbox 2163 2629 3765 2710">
    <p class='ocr_par' dir='ltr' id='par_1_56' title="bbox 2163 2629 3765 2710">
     <span class='ocr_line' id='line_1_56' title="bbox 2163 2629 3765 2710; baseline 0.005 -25"><span class='ocrx_word' id='word_1_403' title='bbox 2163 2629 2219 2684; x_wconf 87' lang='lat' dir='ltr'>in</span> <span class='ocrx_word' id='word_1_404' title='bbox 2252 2648 2550 2687; x_wconf 82' lang='lat' dir='ltr'>maerorem</span> <span class='ocrx_word' id='word_1_405' title='bbox 2584 2650 2778 2688; x_wconf 88' lang='lat' dir='ltr'>rursus</span> <span class='ocrx_word' id='word_1_406' title='bbox 2805 2638 3011 2705; x_wconf 68' lang='lat' dir='ltr'>praeter</span> <span class='ocrx_word' id='word_1_407' title='bbox 3027 2651 3185 2706; x_wconf 91' lang='lat' dir='ltr'>spem</span> <span class='ocrx_word' id='word_1_408' title='bbox 3216 2651 3440 2691; x_wconf 88' lang='lat' dir='ltr'>omnem</span> <span class='ocrx_word' id='word_1_409' title='bbox 3484 2643 3543 2692; x_wconf 92' lang='lat' dir='ltr'>et</span> <span class='ocrx_word' id='word_1_410' title='bbox 3568 2654 3765 2710; x_wconf 82' lang='lat' dir='ltr'>exspe-</span> 
     </span>
    </p>
   </div>
   <div class='ocr_carea' id='block_1_57' title="bbox 2163 2721 2855 2778">
    <p class='ocr_par' dir='ltr' id='par_1_57' title="bbox 2163 2721 2855 2778">
     <span class='ocr_line' id='line_1_57' title="bbox 2163 2721 2855 2778; baseline 0.004 -5"><span class='ocrx_word' id='word_1_411' title='bbox 2163 2721 2466 2777; x_wconf 88' lang='lat' dir='ltr'>ctationem</span> <span class='ocrx_word' id='word_1_412' title='bbox 2491 2728 2855 2778; x_wconf 86' lang='lat' dir='ltr'>commutata.</span> 
     </span>
    </p>
   </div>
   <div class='ocr_carea' id='block_1_58' title="bbox 2237 2810 3764 2884">
    <p class='ocr_par' dir='ltr' id='par_1_58' title="bbox 2237 2810 3764 2884">
     <span class='ocr_line' id='line_1_58' title="bbox 2237 2810 3764 2884; baseline 0.005 -20"><span class='ocrx_word' id='word_1_413' title='bbox 2237 2810 2488 2881; x_wconf 84' lang='lat' dir='ltr'>Contigit</span> <span class='ocrx_word' id='word_1_414' title='bbox 2509 2828 2641 2882; x_wconf 90' lang='lat' dir='ltr'>ergo</span> <span class='ocrx_word' id='word_1_415' title='bbox 2661 2818 2726 2866; x_wconf 91' lang='lat' dir='ltr'>ut</span> <span class='ocrx_word' id='word_1_416' title='bbox 2752 2829 2854 2883; x_wconf 88' lang='lat' dir='ltr'>pro</span> <span class='ocrx_word' id='word_1_417' title='bbox 2882 2813 3116 2884; x_wconf 87' lang='lat' dir='ltr'>antiquo</span> <span class='ocrx_word' id='word_1_418' title='bbox 3138 2811 3338 2867; x_wconf 90' lang='lat' dir='ltr'>civium</span> <span class='ocrx_word' id='word_1_419' title='bbox 3358 2813 3585 2870; x_wconf 88' lang='lat' dir='ltr'>illorum</span> <span class='ocrx_word' id='word_1_420' title='bbox 3606 2833 3764 2872; x_wconf 89' lang='lat' dir='ltr'>more</span> 
     </span>
    </p>
   </div>
   <div class='ocr_carea' id='block_1_59' title="bbox 2163 2901 3760 2976">
    <p class='ocr_par' dir='ltr' id='par_1_59' title="bbox 2163 2901 3760 2976">
     <span class='ocr_line' id='line_1_59' title="bbox 2163 2901 3760 2976; baseline 0.006 -24"><span class='ocrx_word' id='word_1_421' title='bbox 2163 2904 2331 2970; x_wconf 90' lang='lat' dir='ltr'>atque</span> <span class='ocrx_word' id='word_1_422' title='bbox 2360 2901 2638 2968; x_wconf 79' lang='lat' dir='ltr'>instituto,</span> <span class='ocrx_word' id='word_1_423' title='bbox 2673 2902 2756 2957; x_wconf 90' lang='lat' dir='ltr'>vir</span> <span class='ocrx_word' id='word_1_424' title='bbox 2783 2903 3012 2974; x_wconf 90' lang='lat' dir='ltr'>quidam</span> <span class='ocrx_word' id='word_1_425' title='bbox 3031 2920 3236 2975; x_wconf 82' lang='lat' dir='ltr'>magno</span> <span class='ocrx_word' id='word_1_426' title='bbox 3264 2904 3475 2976; x_wconf 86' lang='lat' dir='ltr'>ingenii</span> <span class='ocrx_word' id='word_1_427' title='bbox 3503 2907 3760 2962; x_wconf 88' lang='lat' dir='ltr'>acumine</span> 
     </span>
    </p>
   </div>
   <div class='ocr_carea' id='block_1_60' title="bbox 2160 2989 3760 3061">
    <p class='ocr_par' dir='ltr' id='par_1_60' title="bbox 2160 2989 3760 3061">
     <span class='ocr_line' id='line_1_60' title="bbox 2160 2989 3760 3061; baseline 0.004 -19"><span class='ocrx_word' id='word_1_428' title='bbox 2160 2989 2426 3059; x_wconf 66' lang='lat' dir='ltr'>praeditus</span> <span class='ocrx_word' id='word_1_429' title='bbox 2449 2991 2520 3044; x_wconf 90' lang='lat' dir='ltr'>ad</span> <span class='ocrx_word' id='word_1_430' title='bbox 2551 3007 2788 3061; x_wconf 87' lang='lat' dir='ltr'>regnum</span> <span class='ocrx_word' id='word_1_431' title='bbox 2814 2992 3199 3054; x_wconf 78' lang='lat' dir='ltr'>ascisceretur.</span> <span class='ocrx_word' id='word_1_432' title='bbox 3224 2993 3331 3057; x_wconf 87' lang='lat' dir='ltr'>Qui</span> <span class='ocrx_word' id='word_1_433' title='bbox 3352 2993 3546 3048; x_wconf 84' lang='lat' dir='ltr'>statim</span> <span class='ocrx_word' id='word_1_434' title='bbox 3575 2994 3760 3049; x_wconf 87' lang='lat' dir='ltr'>subita</span> 
     </span>
    </p>
   </div>
   <div class='ocr_carea' id='block_1_61' title="bbox 2160 3077 3758 3155">
    <p class='ocr_par' dir='ltr' id='par_1_61' title="bbox 2160 3077 3758 3155">
     <span class='ocr_line' id='line_1_61' title="bbox 2160 3077 3758 3155; baseline 0.005 -24"><span class='ocrx_word' id='word_1_435' title='bbox 2160 3093 2228 3131; x_wconf 88' lang='lat' dir='ltr'>ea</span> <span class='ocrx_word' id='word_1_436' title='bbox 2251 3077 2532 3146; x_wconf 87' lang='lat' dir='ltr'>felicitate,</span> <span class='ocrx_word' id='word_1_437' title='bbox 2558 3097 2681 3151; x_wconf 73' lang='lat' dir='ltr'>qum</span> <span class='ocrx_word' id='word_1_438' title='bbox 2703 3081 2809 3152; x_wconf 90' lang='lat' dir='ltr'>ipsi</span> <span class='ocrx_word' id='word_1_439' title='bbox 2830 3081 3125 3152; x_wconf 88' lang='lat' dir='ltr'>obtigerat,</span> <span class='ocrx_word' id='word_1_440' title='bbox 3145 3082 3295 3137; x_wconf 86' lang='lat' dir='ltr'>haud</span> <span class='ocrx_word' id='word_1_441' title='bbox 3309 3099 3594 3154; x_wconf 87' lang='lat' dir='ltr'>quaquam</span> <span class='ocrx_word' id='word_1_442' title='bbox 3621 3101 3758 3155; x_wconf 63' lang='lat' dir='ltr'>pre—</span> 
     </span>
    </p>
   </div>
   <div class='ocr_carea' id='block_1_62' title="bbox 479 3156 3755 3246">
    <p class='ocr_par' dir='ltr' id='par_1_62' title="bbox 479 3156 3755 3246">
     <span class='ocr_line' id='line_1_62' title="bbox 479 3156 3755 3246; baseline 0 -20"><span class='ocrx_word' id='word_1_443' title='bbox 479 3177 762 3227; x_wconf 84' lang='lat' dir='ltr'>extremus</span> <span class='ocrx_word' id='word_1_444' title='bbox 783 3171 908 3226; x_wconf 73' lang='lat' dir='ltr'>vitae</span> <span class='ocrx_word' id='word_1_445' title='bbox 939 3169 1059 3225; x_wconf 91' lang='lat' dir='ltr'>dies</span> <span class='ocrx_word' id='word_1_446' title='bbox 1077 3169 1300 3224; x_wconf 78' lang='lat' dir='ltr'>clausus</span> <span class='ocrx_word' id='word_1_447' title='bbox 1329 3156 1432 3234; x_wconf 85' lang='lat' dir='ltr'>est,</span> <span class='ocrx_word' id='word_1_448' title='bbox 1461 3184 1527 3222; x_wconf 84' lang='lat' dir='ltr'>ex</span> <span class='ocrx_word' id='word_1_449' title='bbox 1553 3166 1664 3222; x_wconf 87' lang='lat' dir='ltr'>illis</span> <span class='ocrx_word' id='word_1_450' title='bbox 1680 3165 1939 3222; x_wconf 87' lang='lat' dir='ltr'>omnibus</span> <span class='ocrx_word' id='word_1_451' title='bbox 1959 3165 2076 3236; x_wconf 87' lang='lat' dir='ltr'>opi-</span> <span class='ocrx_word' id='word_1_452' title='bbox 2095 3185 2138 3246; x_wconf 76' lang='grc' dir='ltr'>ο</span> <span class='ocrx_word' id='word_1_453' title='bbox 2159 3183 2288 3238; x_wconf 90' lang='lat' dir='ltr'>ceps</span> <span class='ocrx_word' id='word_1_454' title='bbox 2315 3167 2599 3240; x_wconf 88' lang='lat' dir='ltr'>abreptus,</span> <span class='ocrx_word' id='word_1_455' title='bbox 2618 3186 2720 3225; x_wconf 91' lang='lat' dir='ltr'>nec</span> <span class='ocrx_word' id='word_1_456' title='bbox 2749 3187 2943 3226; x_wconf 91' lang='lat' dir='ltr'>eorum</span> <span class='ocrx_word' id='word_1_457' title='bbox 2974 3171 3214 3242; x_wconf 89' lang='lat' dir='ltr'>quiante</span> <span class='ocrx_word' id='word_1_458' title='bbox 3240 3188 3300 3225; x_wconf 91' lang='lat' dir='ltr'>se</span> <span class='ocrx_word' id='word_1_459' title='bbox 3327 3172 3542 3242; x_wconf 85' lang='lat' dir='ltr'>regiam</span> <span class='ocrx_word' id='word_1_460' title='bbox 3570 3172 3755 3243; x_wconf 89' lang='lat' dir='ltr'>digni-</span> 
     </span>
    </p>
   </div>
   <div class='ocr_carea' id='block_1_63' title="bbox 476 3253 2075 3334">
    <p class='ocr_par' dir='ltr' id='par_1_63' title="bbox 476 3253 2075 3334">
     <span class='ocr_line' id='line_1_63' title="bbox 476 3253 2075 3334; baseline -0.004 -19"><span class='ocrx_word' id='word_1_461' title='bbox 476 3259 600 3326; x_wconf 88' lang='lat' dir='ltr'>bus,</span> <span class='ocrx_word' id='word_1_462' title='bbox 633 3266 836 3334; x_wconf 65' lang='lat' dir='ltr'>praeter</span> <span class='ocrx_word' id='word_1_463' title='bbox 853 3259 1081 3315; x_wconf 90' lang='lat' dir='ltr'>inutiles</span> <span class='ocrx_word' id='word_1_464' title='bbox 1101 3258 1373 3330; x_wconf 87' lang='lat' dir='ltr'>quosdam</span> <span class='ocrx_word' id='word_1_465' title='bbox 1400 3273 1634 3330; x_wconf 85' lang='lat' dir='ltr'>pannos,</span> <span class='ocrx_word' id='word_1_466' title='bbox 1667 3256 1765 3327; x_wconf 88' lang='lat' dir='ltr'>qui</span> <span class='ocrx_word' id='word_1_467' title='bbox 1797 3255 1869 3310; x_wconf 84' lang='lat' dir='ltr'>ad</span> <span class='ocrx_word' id='word_1_468' title='bbox 1906 3253 2075 3309; x_wconf 85' lang='lat' dir='ltr'>funus</span> 
     </span>
    </p>
   </div>
   <div class='ocr_carea' id='block_1_64' title="bbox 478 3343 2074 3416">
    <p class='ocr_par' dir='ltr' id='par_1_64' title="bbox 478 3343 2074 3416">
     <span class='ocr_line' id='line_1_64' title="bbox 478 3343 2074 3416; baseline -0.005 -11"><span class='ocrx_word' id='word_1_469' title='bbox 478 3349 833 3414; x_wconf 81' lang='lat' dir='ltr'>adhibentur,</span> <span class='ocrx_word' id='word_1_470' title='bbox 864 3349 1004 3404; x_wconf 89' lang='lat' dir='ltr'>nihil</span> <span class='ocrx_word' id='word_1_471' title='bbox 1031 3348 1258 3404; x_wconf 87' lang='lat' dir='ltr'>omnino</span> <span class='ocrx_word' id='word_1_472' title='bbox 1302 3363 1492 3402; x_wconf 88' lang='lat' dir='ltr'>secum</span> <span class='ocrx_word' id='word_1_473' title='bbox 1523 3345 1740 3416; x_wconf 87' lang='lat' dir='ltr'>accipit.</span> <span class='ocrx_word' id='word_1_474' title='bbox 1785 3343 2074 3400; x_wconf 88' lang='lat' dir='ltr'>Secundus</span> 
     </span>
    </p>
   </div>
   <div class='ocr_carea' id='block_1_65' title="bbox 479 3433 2076 3505">
    <p class='ocr_par' dir='ltr' id='par_1_65' title="bbox 479 3433 2076 3505">
     <span class='ocr_line' id='line_1_65' title="bbox 479 3433 2076 3505; baseline -0.005 -10"><span class='ocrx_word' id='word_1_475' title='bbox 479 3446 670 3494; x_wconf 81' lang='lat' dir='ltr'>autem</span> <span class='ocrx_word' id='word_1_476' title='bbox 689 3439 925 3503; x_wconf 78' lang='lat' dir='ltr'>amicus,</span> <span class='ocrx_word' id='word_1_477' title='bbox 943 3455 1083 3494; x_wconf 83' lang='lat' dir='ltr'>uxor</span> <span class='ocrx_word' id='word_1_478' title='bbox 1101 3455 1166 3493; x_wconf 89' lang='lat' dir='ltr'>ac</span> <span class='ocrx_word' id='word_1_479' title='bbox 1184 3436 1346 3492; x_wconf 89' lang='lat' dir='ltr'>liberi</span> <span class='ocrx_word' id='word_1_480' title='bbox 1367 3440 1520 3501; x_wconf 88' lang='lat' dir='ltr'>sunt,</span> <span class='ocrx_word' id='word_1_481' title='bbox 1537 3433 1835 3505; x_wconf 70' lang='lat' dir='ltr'>casterique</span> <span class='ocrx_word' id='word_1_482' title='bbox 1851 3433 2076 3504; x_wconf 86' lang='lat' dir='ltr'>cognati</span> 
     </span>
    </p>
   </div>
   <div class='ocr_carea' id='block_1_66' title="bbox 479 3523 2078 3599">
    <p class='ocr_par' dir='ltr' id='par_1_66' title="bbox 479 3523 2078 3599">
     <span class='ocr_line' id='line_1_66' title="bbox 479 3523 2078 3599; baseline -0.004 -15"><span class='ocrx_word' id='word_1_483' title='bbox 479 3533 539 3584; x_wconf 91' lang='lat' dir='ltr'>et</span> <span class='ocrx_word' id='word_1_484' title='bbox 559 3528 884 3591; x_wconf 85' lang='lat' dir='ltr'>familiares,</span> <span class='ocrx_word' id='word_1_485' title='bbox 903 3543 1142 3599; x_wconf 90' lang='lat' dir='ltr'>quorum</span> <span class='ocrx_word' id='word_1_486' title='bbox 1162 3524 1456 3581; x_wconf 71' lang='lat' dir='ltr'>aﬂectione</span> <span class='ocrx_word' id='word_1_487' title='bbox 1469 3541 1533 3580; x_wconf 89' lang='lat' dir='ltr'>ac</span> <span class='ocrx_word' id='word_1_488' title='bbox 1550 3523 1939 3579; x_wconf 88' lang='lat' dir='ltr'>benevolentia</span> <span class='ocrx_word' id='word_1_489' title='bbox 1949 3539 2078 3578; x_wconf 89' lang='lat' dir='ltr'>con-</span> 
     </span>
    </p>
   </div>
   <div class='ocr_carea' id='block_1_67' title="bbox 479 3613 2076 3685">
    <p class='ocr_par' dir='ltr' id='par_1_67' title="bbox 479 3613 2076 3685">
     <span class='ocr_line' id='line_1_67' title="bbox 479 3613 2076 3685; baseline -0.005 -11"><span class='ocrx_word' id='word_1_490' title='bbox 479 3617 660 3674; x_wconf 80' lang='lat' dir='ltr'>stricti</span> <span class='ocrx_word' id='word_1_491' title='bbox 678 3623 958 3683; x_wconf 89' lang='lat' dir='ltr'>tenemur,</span> <span class='ocrx_word' id='word_1_492' title='bbox 975 3621 1040 3671; x_wconf 90' lang='lat' dir='ltr'>ut</span> <span class='ocrx_word' id='word_1_493' title='bbox 1054 3614 1127 3670; x_wconf 86' lang='lat' dir='ltr'>ab</span> <span class='ocrx_word' id='word_1_494' title='bbox 1155 3615 1244 3670; x_wconf 86' lang='lat' dir='ltr'>his</span> <span class='ocrx_word' id='word_1_495' title='bbox 1257 3613 1444 3670; x_wconf 88' lang='lat' dir='ltr'>divelli</span> <span class='ocrx_word' id='word_1_496' title='bbox 1459 3613 1549 3668; x_wconf 84' lang='lat' dir='ltr'>vix</span> <span class='ocrx_word' id='word_1_497' title='bbox 1566 3629 1855 3685; x_wconf 82' lang='lat' dir='ltr'>queamus,</span> <span class='ocrx_word' id='word_1_498' title='bbox 1883 3629 1947 3667; x_wconf 89' lang='lat' dir='ltr'>ac</span> <span class='ocrx_word' id='word_1_499' title='bbox 1963 3629 2076 3682; x_wconf 68' lang='lat' dir='ltr'>prae</span> 
     </span>
    </p>
   </div>
   <div class='ocr_carea' id='block_1_68' title="bbox 479 3703 2073 3779">
    <p class='ocr_par' dir='ltr' id='par_1_68' title="bbox 479 3703 2073 3779">
     <span class='ocr_line' id='line_1_68' title="bbox 479 3703 2073 3779; baseline -0.005 -15"><span class='ocrx_word' id='word_1_500' title='bbox 479 3725 677 3764; x_wconf 85' lang='lat' dir='ltr'>eorum</span> <span class='ocrx_word' id='word_1_501' title='bbox 703 3724 896 3765; x_wconf 88' lang='lat' dir='ltr'>amore</span> <span class='ocrx_word' id='word_1_502' title='bbox 916 3722 1119 3779; x_wconf 87' lang='lat' dir='ltr'>corpus</span> <span class='ocrx_word' id='word_1_503' title='bbox 1143 3705 1313 3760; x_wconf 88' lang='lat' dir='ltr'>etiam</span> <span class='ocrx_word' id='word_1_504' title='bbox 1343 3709 1402 3759; x_wconf 88' lang='lat' dir='ltr'>et</span> <span class='ocrx_word' id='word_1_505' title='bbox 1429 3703 1675 3758; x_wconf 88' lang='lat' dir='ltr'>animam</span> <span class='ocrx_word' id='word_1_506' title='bbox 1706 3707 1958 3758; x_wconf 86' lang='lat' dir='ltr'>nostram</span> <span class='ocrx_word' id='word_1_507' title='bbox 1973 3718 2073 3757; x_wconf 90' lang='lat' dir='ltr'>ne-</span> 
     </span>
    </p>
   </div>
   <div class='ocr_carea' id='block_1_69' title="bbox 476 3791 2076 3871">
    <p class='ocr_par' dir='ltr' id='par_1_69' title="bbox 476 3791 2076 3871">
     <span class='ocr_line' id='line_1_69' title="bbox 476 3791 2076 3871; baseline -0.006 -17"><span class='ocrx_word' id='word_1_508' title='bbox 476 3798 776 3871; x_wconf 78' lang='lat' dir='ltr'>gligemus.</span> <span class='ocrx_word' id='word_1_509' title='bbox 799 3799 877 3853; x_wconf 88' lang='lat' dir='ltr'>Ex</span> <span class='ocrx_word' id='word_1_510' title='bbox 904 3796 1042 3869; x_wconf 84' lang='lat' dir='ltr'>ipsis</span> <span class='ocrx_word' id='word_1_511' title='bbox 1061 3812 1228 3868; x_wconf 89' lang='lat' dir='ltr'>porro</span> <span class='ocrx_word' id='word_1_512' title='bbox 1255 3810 1422 3850; x_wconf 87' lang='lat' dir='ltr'>nemo</span> <span class='ocrx_word' id='word_1_513' title='bbox 1439 3793 1499 3848; x_wconf 91' lang='lat' dir='ltr'>in</span> <span class='ocrx_word' id='word_1_514' title='bbox 1531 3793 1728 3848; x_wconf 91' lang='lat' dir='ltr'>mortis</span> <span class='ocrx_word' id='word_1_515' title='bbox 1758 3792 1902 3848; x_wconf 82' lang='lat' dir='ltr'>hora</span> <span class='ocrx_word' id='word_1_516' title='bbox 1925 3791 2076 3846; x_wconf 88' lang='lat' dir='ltr'>utili-</span> 
     </span>
    </p>
   </div>
   <div class='ocr_carea' id='block_1_70' title="bbox 477 3885 2074 3963">
    <p class='ocr_par' dir='ltr' id='par_1_70' title="bbox 477 3885 2074 3963">
     <span class='ocr_line' id='line_1_70' title="bbox 477 3885 2074 3963; baseline -0.006 -16"><span class='ocrx_word' id='word_1_517' title='bbox 477 3891 612 3946; x_wconf 84' lang='lat' dir='ltr'>tatis</span> <span class='ocrx_word' id='word_1_518' title='bbox 637 3889 849 3963; x_wconf 88' lang='lat' dir='ltr'>aliquid</span> <span class='ocrx_word' id='word_1_519' title='bbox 869 3887 1117 3962; x_wconf 84' lang='lat' dir='ltr'>percipit,</span> <span class='ocrx_word' id='word_1_520' title='bbox 1149 3886 1259 3942; x_wconf 87' lang='lat' dir='ltr'>nisi</span> <span class='ocrx_word' id='word_1_521' title='bbox 1281 3887 1431 3958; x_wconf 89' lang='lat' dir='ltr'>quod</span> <span class='ocrx_word' id='word_1_522' title='bbox 1462 3885 1534 3942; x_wconf 88' lang='lat' dir='ltr'>ad</span> <span class='ocrx_word' id='word_1_523' title='bbox 1552 3885 1874 3957; x_wconf 88' lang='lat' dir='ltr'>sepulcrum</span> <span class='ocrx_word' id='word_1_524' title='bbox 1892 3899 2074 3954; x_wconf 89' lang='lat' dir='ltr'>usque</span> 
     </span>
    </p>
   </div>
   <div class='ocr_carea' id='block_1_71' title="bbox 477 3977 2074 4050">
    <p class='ocr_par' dir='ltr' id='par_1_71' title="bbox 477 3977 2074 4050">
     <span class='ocr_line' id='line_1_71' title="bbox 477 3977 2074 4050; baseline -0.005 -11"><span class='ocrx_word' id='word_1_525' title='bbox 477 3983 753 4039; x_wconf 82' lang='lat' dir='ltr'>duntaxat</span> <span class='ocrx_word' id='word_1_526' title='bbox 789 3982 1029 4036; x_wconf 84' lang='lat' dir='ltr'>cadaver</span> <span class='ocrx_word' id='word_1_527' title='bbox 1071 3979 1432 4045; x_wconf 86' lang='lat' dir='ltr'>comitantur,</span> <span class='ocrx_word' id='word_1_528' title='bbox 1465 3995 1530 4034; x_wconf 88' lang='lat' dir='ltr'>ac</span> <span class='ocrx_word' id='word_1_529' title='bbox 1564 3979 1822 4050; x_wconf 88' lang='lat' dir='ltr'>protinus</span> <span class='ocrx_word' id='word_1_530' title='bbox 1842 3977 2074 4032; x_wconf 89' lang='lat' dir='ltr'>domum</span> 
     </span>
    </p>
   </div>
   <div class='ocr_carea' id='block_1_72' title="bbox 477 4067 2077 4140">
    <p class='ocr_par' dir='ltr' id='par_1_72' title="bbox 477 4067 2077 4140">
     <span class='ocr_line' id='line_1_72' title="bbox 477 4067 2077 4140; baseline -0.004 -14"><span class='ocrx_word' id='word_1_531' title='bbox 477 4071 857 4137; x_wconf 80' lang='lat' dir='ltr'>reversis,suis</span> <span class='ocrx_word' id='word_1_532' title='bbox 881 4069 1030 4124; x_wconf 85' lang='lat' dir='ltr'>curis</span> <span class='ocrx_word' id='word_1_533' title='bbox 1061 4085 1126 4123; x_wconf 88' lang='lat' dir='ltr'>ac</span> <span class='ocrx_word' id='word_1_534' title='bbox 1151 4069 1394 4140; x_wconf 81' lang='lat' dir='ltr'>negotiis</span> <span class='ocrx_word' id='word_1_535' title='bbox 1420 4084 1650 4139; x_wconf 82' lang='lat' dir='ltr'>operam</span> <span class='ocrx_word' id='word_1_536' title='bbox 1669 4067 1825 4133; x_wconf 90' lang='lat' dir='ltr'>dant,</span> <span class='ocrx_word' id='word_1_537' title='bbox 1861 4082 2077 4121; x_wconf 84' lang='lat' dir='ltr'>memo-</span> 
     </span>
    </p>
   </div>
   <div class='ocr_carea' id='block_1_73' title="bbox 477 4155 2072 4231">
    <p class='ocr_par' dir='ltr' id='par_1_73' title="bbox 477 4155 2072 4231">
     <span class='ocr_line' id='line_1_73' title="bbox 477 4155 2072 4231; baseline -0.004 -15"><span class='ocrx_word' id='word_1_538' title='bbox 477 4161 623 4216; x_wconf 85' lang='lat' dir='ltr'>riam</span> <span class='ocrx_word' id='word_1_539' title='bbox 651 4161 792 4231; x_wconf 84' lang='lat' dir='ltr'>ejus,</span> <span class='ocrx_word' id='word_1_540' title='bbox 827 4159 924 4230; x_wconf 91' lang='lat' dir='ltr'>qui</span> <span class='ocrx_word' id='word_1_541' title='bbox 936 4157 1218 4229; x_wconf 81' lang='lat' dir='ltr'>quondam</span> <span class='ocrx_word' id='word_1_542' title='bbox 1251 4157 1388 4229; x_wconf 83' lang='lat' dir='ltr'>ipsis</span> <span class='ocrx_word' id='word_1_543' title='bbox 1416 4157 1619 4213; x_wconf 87' lang='lat' dir='ltr'>charus</span> <span class='ocrx_word' id='word_1_544' title='bbox 1647 4162 1787 4222; x_wconf 89' lang='lat' dir='ltr'>erat,</span> <span class='ocrx_word' id='word_1_545' title='bbox 1816 4171 1928 4210; x_wconf 91' lang='lat' dir='ltr'>non</span> <span class='ocrx_word' id='word_1_546' title='bbox 1962 4155 2072 4209; x_wconf 90' lang='lat' dir='ltr'>mi-</span> 
     </span>
    </p>
   </div>
   <div class='ocr_carea' id='block_1_74' title="bbox 475 4245 2070 4318">
    <p class='ocr_par' dir='ltr' id='par_1_74' title="bbox 475 4245 2070 4318">
     <span class='ocr_line' id='line_1_74' title="bbox 475 4245 2070 4318; baseline -0.003 -14"><span class='ocrx_word' id='word_1_547' title='bbox 475 4263 586 4304; x_wconf 90' lang='lat' dir='ltr'>nus</span> <span class='ocrx_word' id='word_1_548' title='bbox 607 4246 890 4313; x_wconf 84' lang='lat' dir='ltr'>oblivioni,</span> <span class='ocrx_word' id='word_1_549' title='bbox 914 4261 1084 4318; x_wconf 86' lang='lat' dir='ltr'>quam</span> <span class='ocrx_word' id='word_1_550' title='bbox 1111 4261 1314 4318; x_wconf 88' lang='lat' dir='ltr'>corpus</span> <span class='ocrx_word' id='word_1_551' title='bbox 1361 4246 1618 4318; x_wconf 86' lang='lat' dir='ltr'>sepulcro</span> <span class='ocrx_word' id='word_1_552' title='bbox 1664 4245 2070 4316; x_wconf 86' lang='lat' dir='ltr'>relinquentes.</span> 
     </span>
    </p>
   </div>
   <div class='ocr_carea' id='block_1_75' title="bbox 471 4333 2067 4406">
    <p class='ocr_par' dir='ltr' id='par_1_75' title="bbox 471 4333 2067 4406">
     <span class='ocr_line' id='line_1_75' title="bbox 471 4333 2067 4406; baseline -0.005 -11"><span class='ocrx_word' id='word_1_553' title='bbox 471 4339 550 4395; x_wconf 84' lang='lat' dir='ltr'>At</span> <span class='ocrx_word' id='word_1_554' title='bbox 564 4355 696 4393; x_wconf 85' lang='lat' dir='ltr'>vero</span> <span class='ocrx_word' id='word_1_555' title='bbox 721 4336 925 4392; x_wconf 78' lang='lat' dir='ltr'>tertius</span> <span class='ocrx_word' id='word_1_556' title='bbox 955 4335 1189 4398; x_wconf 84' lang='lat' dir='ltr'>amicus,</span> <span class='ocrx_word' id='word_1_557' title='bbox 1221 4335 1317 4406; x_wconf 88' lang='lat' dir='ltr'>qui</span> <span class='ocrx_word' id='word_1_558' title='bbox 1355 4334 1701 4406; x_wconf 84' lang='lat' dir='ltr'>contemptui</span> <span class='ocrx_word' id='word_1_559' title='bbox 1737 4351 1803 4389; x_wconf 89' lang='lat' dir='ltr'>ac</span> <span class='ocrx_word' id='word_1_560' title='bbox 1842 4333 2067 4390; x_wconf 83' lang='lat' dir='ltr'>fastidio</span> 
     </span>
    </p>
   </div>
   <div class='ocr_carea' id='block_1_76' title="bbox 471 4423 2074 4499">
    <p class='ocr_par' dir='ltr' id='par_1_76' title="bbox 471 4423 2074 4499">
     <span class='ocr_line' id='line_1_76' title="bbox 471 4423 2074 4499; baseline -0.004 -16"><span class='ocrx_word' id='word_1_561' title='bbox 471 4433 612 4494; x_wconf 90' lang='lat' dir='ltr'>erat,</span> <span class='ocrx_word' id='word_1_562' title='bbox 645 4427 917 4499; x_wconf 87' lang='lat' dir='ltr'>cujusque</span> <span class='ocrx_word' id='word_1_563' title='bbox 937 4425 1148 4480; x_wconf 88' lang='lat' dir='ltr'>aditum</span> <span class='ocrx_word' id='word_1_564' title='bbox 1169 4425 1466 4481; x_wconf 86' lang='lat' dir='ltr'>horremus</span> <span class='ocrx_word' id='word_1_565' title='bbox 1480 4430 1538 4479; x_wconf 93' lang='lat' dir='ltr'>et</span> <span class='ocrx_word' id='word_1_566' title='bbox 1555 4441 1898 4486; x_wconf 89' lang='lat' dir='ltr'>aversamur,</span> <span class='ocrx_word' id='word_1_567' title='bbox 1931 4423 2074 4495; x_wconf 87' lang='lat' dir='ltr'>opti-</span> 
     </span>
    </p>
   </div>
   <div class='ocr_carea' id='block_1_77' title="bbox 2159 3255 3754 3331">
    <p class='ocr_par' dir='ltr' id='par_1_77' title="bbox 2159 3255 3754 3331">
     <span class='ocr_line' id='line_1_77' title="bbox 2159 3255 3754 3331; baseline 0.004 -23"><span class='ocrx_word' id='word_1_568' title='bbox 2159 3260 2334 3310; x_wconf 88' lang='lat' dir='ltr'>tatem</span> <span class='ocrx_word' id='word_1_569' title='bbox 2368 3255 2749 3322; x_wconf 83' lang='lat' dir='ltr'>obtinuerant,</span> <span class='ocrx_word' id='word_1_570' title='bbox 2777 3259 3092 3331; x_wconf 87' lang='lat' dir='ltr'>misereque</span> <span class='ocrx_word' id='word_1_571' title='bbox 3137 3259 3300 3330; x_wconf 90' lang='lat' dir='ltr'>ejecti</span> <span class='ocrx_word' id='word_1_572' title='bbox 3328 3259 3571 3323; x_wconf 81' lang='lat' dir='ltr'>fuerant,</span> <span class='ocrx_word' id='word_1_573' title='bbox 3604 3260 3754 3314; x_wconf 89' lang='lat' dir='ltr'>incu-</span> 
     </span>
    </p>
   </div>
   <div class='ocr_carea' id='block_1_78' title="bbox 2160 3343 3747 3419">
    <p class='ocr_par' dir='ltr' id='par_1_78' title="bbox 2160 3343 3747 3419">
     <span class='ocr_line' id='line_1_78' title="bbox 2160 3343 3747 3419; baseline 0.004 -22"><span class='ocrx_word' id='word_1_574' title='bbox 2160 3343 2302 3398; x_wconf 87' lang='lat' dir='ltr'>riam</span> <span class='ocrx_word' id='word_1_575' title='bbox 2321 3345 2598 3414; x_wconf 88' lang='lat' dir='ltr'>imitatus,</span> <span class='ocrx_word' id='word_1_576' title='bbox 2625 3348 2813 3403; x_wconf 90' lang='lat' dir='ltr'>animo</span> <span class='ocrx_word' id='word_1_577' title='bbox 2841 3349 3008 3404; x_wconf 87' lang='lat' dir='ltr'>anxio</span> <span class='ocrx_word' id='word_1_578' title='bbox 3036 3365 3101 3403; x_wconf 88' lang='lat' dir='ltr'>ac</span> <span class='ocrx_word' id='word_1_579' title='bbox 3125 3348 3362 3403; x_wconf 88' lang='lat' dir='ltr'>sollicito</span> <span class='ocrx_word' id='word_1_580' title='bbox 3386 3347 3443 3402; x_wconf 91' lang='lat' dir='ltr'>id</span> <span class='ocrx_word' id='word_1_581' title='bbox 3480 3348 3747 3419; x_wconf 84' lang='lat' dir='ltr'>agitabat,</span> 
     </span>
    </p>
   </div>
   <div class='ocr_carea' id='block_1_79' title="bbox 2160 3437 3752 3510">
    <p class='ocr_par' dir='ltr' id='par_1_79' title="bbox 2160 3437 3752 3510">
     <span class='ocr_line' id='line_1_79' title="bbox 2160 3437 3752 3510; baseline 0.004 -23"><span class='ocrx_word' id='word_1_582' title='bbox 2160 3450 2404 3503; x_wconf 88' lang='lat' dir='ltr'>quonam</span> <span class='ocrx_word' id='word_1_583' title='bbox 2429 3443 2590 3507; x_wconf 79' lang='lat' dir='ltr'>pacto</span> <span class='ocrx_word' id='word_1_584' title='bbox 2611 3437 2777 3492; x_wconf 90' lang='lat' dir='ltr'>rebus</span> <span class='ocrx_word' id='word_1_585' title='bbox 2807 3438 2928 3493; x_wconf 88' lang='lat' dir='ltr'>suis</span> <span class='ocrx_word' id='word_1_586' title='bbox 2956 3437 3166 3510; x_wconf 88' lang='lat' dir='ltr'>optime</span> <span class='ocrx_word' id='word_1_587' title='bbox 3225 3438 3558 3493; x_wconf 87' lang='lat' dir='ltr'>consuleret.</span> <span class='ocrx_word' id='word_1_588' title='bbox 3607 3439 3752 3494; x_wconf 89' lang='lat' dir='ltr'>Dum</span> 
     </span>
    </p>
   </div>
   <div class='ocr_carea' id='block_1_80' title="bbox 2161 3525 3755 3600">
    <p class='ocr_par' dir='ltr' id='par_1_80' title="bbox 2161 3525 3755 3600">
     <span class='ocr_line' id='line_1_80' title="bbox 2161 3525 3755 3600; baseline 0.004 -24"><span class='ocrx_word' id='word_1_589' title='bbox 2161 3539 2295 3594; x_wconf 85' lang='lat' dir='ltr'>ergo</span> <span class='ocrx_word' id='word_1_590' title='bbox 2323 3525 2519 3580; x_wconf 89' lang='lat' dir='ltr'>crebra</span> <span class='ocrx_word' id='word_1_591' title='bbox 2545 3527 2910 3582; x_wconf 88' lang='lat' dir='ltr'>meditatione</span> <span class='ocrx_word' id='word_1_592' title='bbox 2946 3527 3062 3583; x_wconf 67' lang='lat' dir='ltr'>haec</span> <span class='ocrx_word' id='word_1_593' title='bbox 3091 3542 3280 3582; x_wconf 89' lang='lat' dir='ltr'>secum</span> <span class='ocrx_word' id='word_1_594' title='bbox 3329 3533 3598 3593; x_wconf 88' lang='lat' dir='ltr'>versaret,</span> <span class='ocrx_word' id='word_1_595' title='bbox 3656 3544 3755 3600; x_wconf 89' lang='lat' dir='ltr'>per</span> 
     </span>
    </p>
   </div>
   <div class='ocr_carea' id='block_1_81' title="bbox 2159 3614 3753 3688">
    <p class='ocr_par' dir='ltr' id='par_1_81' title="bbox 2159 3614 3753 3688">
     <span class='ocr_line' id='line_1_81' title="bbox 2159 3614 3753 3688; baseline 0.004 -22"><span class='ocrx_word' id='word_1_596' title='bbox 2159 3614 2638 3684; x_wconf 89' lang='lat' dir='ltr'>sapientissimum</span> <span class='ocrx_word' id='word_1_597' title='bbox 2685 3616 2984 3688; x_wconf 89' lang='lat' dir='ltr'>quemdam</span> <span class='ocrx_word' id='word_1_598' title='bbox 3014 3616 3414 3683; x_wconf 88' lang='lat' dir='ltr'>consiliarium,</span> <span class='ocrx_word' id='word_1_599' title='bbox 3448 3616 3519 3671; x_wconf 88' lang='lat' dir='ltr'>de</span> <span class='ocrx_word' id='word_1_600' title='bbox 3545 3617 3753 3672; x_wconf 88' lang='lat' dir='ltr'>civium</span> 
     </span>
    </p>
   </div>
   <div class='ocr_carea' id='block_1_82' title="bbox 2159 3705 3753 3778">
    <p class='ocr_par' dir='ltr' id='par_1_82' title="bbox 2159 3705 3753 3778">
     <span class='ocr_line' id='line_1_82' title="bbox 2159 3705 3753 3778; baseline 0.003 -22"><span class='ocrx_word' id='word_1_601' title='bbox 2159 3705 2563 3760; x_wconf 88' lang='lat' dir='ltr'>consuetudine</span> <span class='ocrx_word' id='word_1_602' title='bbox 2589 3722 2656 3760; x_wconf 89' lang='lat' dir='ltr'>ac</span> <span class='ocrx_word' id='word_1_603' title='bbox 2682 3706 2940 3778; x_wconf 89' lang='lat' dir='ltr'>perpetui</span> <span class='ocrx_word' id='word_1_604' title='bbox 2983 3706 3160 3761; x_wconf 88' lang='lat' dir='ltr'>exsilii</span> <span class='ocrx_word' id='word_1_605' title='bbox 3197 3706 3316 3761; x_wconf 90' lang='lat' dir='ltr'>loco</span> <span class='ocrx_word' id='word_1_606' title='bbox 3340 3705 3546 3760; x_wconf 89' lang='lat' dir='ltr'>certior</span> <span class='ocrx_word' id='word_1_607' title='bbox 3573 3706 3753 3761; x_wconf 84' lang='lat' dir='ltr'>factus</span> 
     </span>
    </p>
   </div>
   <div class='ocr_carea' id='block_1_83' title="bbox 2158 3794 3752 3867">
    <p class='ocr_par' dir='ltr' id='par_1_83' title="bbox 2158 3794 3752 3867">
     <span class='ocr_line' id='line_1_83' title="bbox 2158 3794 3752 3867; baseline 0.003 -21"><span class='ocrx_word' id='word_1_608' title='bbox 2158 3798 2262 3857; x_wconf 90' lang='lat' dir='ltr'>est,</span> <span class='ocrx_word' id='word_1_609' title='bbox 2289 3810 2535 3865; x_wconf 88' lang='lat' dir='ltr'>quonam</span> <span class='ocrx_word' id='word_1_610' title='bbox 2560 3800 2724 3866; x_wconf 88' lang='lat' dir='ltr'>pacto</span> <span class='ocrx_word' id='word_1_611' title='bbox 2753 3795 2874 3852; x_wconf 89' lang='lat' dir='ltr'>sine</span> <span class='ocrx_word' id='word_1_612' title='bbox 2903 3795 3016 3850; x_wconf 92' lang='lat' dir='ltr'>ullo</span> <span class='ocrx_word' id='word_1_613' title='bbox 3057 3811 3248 3850; x_wconf 89' lang='lat' dir='ltr'>errore</span> <span class='ocrx_word' id='word_1_614' title='bbox 3269 3795 3389 3867; x_wconf 87' lang='lat' dir='ltr'>ipse</span> <span class='ocrx_word' id='word_1_615' title='bbox 3412 3794 3519 3849; x_wconf 86' lang='lat' dir='ltr'>sibi</span> <span class='ocrx_word' id='word_1_616' title='bbox 3555 3811 3752 3851; x_wconf 89' lang='lat' dir='ltr'>cavere</span> 
     </span>
    </p>
   </div>
   <div class='ocr_carea' id='block_1_84' title="bbox 2158 3881 3752 3956">
    <p class='ocr_par' dir='ltr' id='par_1_84' title="bbox 2158 3881 3752 3956">
     <span class='ocr_line' id='line_1_84' title="bbox 2158 3881 3752 3956; baseline 0.003 -21"><span class='ocrx_word' id='word_1_617' title='bbox 2158 3881 2388 3938; x_wconf 91' lang='lat' dir='ltr'>deberet</span> <span class='ocrx_word' id='word_1_618' title='bbox 2409 3883 2701 3940; x_wconf 86' lang='lat' dir='ltr'>intellexit.</span> <span class='ocrx_word' id='word_1_619' title='bbox 2733 3885 2876 3940; x_wconf 90' lang='lat' dir='ltr'>Cum</span> <span class='ocrx_word' id='word_1_620' title='bbox 2907 3883 3087 3956; x_wconf 88' lang='lat' dir='ltr'>igitur</span> <span class='ocrx_word' id='word_1_621' title='bbox 3113 3884 3220 3938; x_wconf 90' lang='lat' dir='ltr'>hoc</span> <span class='ocrx_word' id='word_1_622' title='bbox 3249 3883 3616 3954; x_wconf 88' lang='lat' dir='ltr'>cognovisset,</span> <span class='ocrx_word' id='word_1_623' title='bbox 3666 3884 3752 3939; x_wconf 84' lang='lat' dir='ltr'>fu-</span> 
     </span>
    </p>
   </div>
   <div class='ocr_carea' id='block_1_85' title="bbox 2157 3972 3752 4045">
    <p class='ocr_par' dir='ltr' id='par_1_85' title="bbox 2157 3972 3752 4045">
     <span class='ocr_line' id='line_1_85' title="bbox 2157 3972 3752 4045; baseline 0.001 -21"><span class='ocrx_word' id='word_1_624' title='bbox 2157 3975 2462 4044; x_wconf 86' lang='lat' dir='ltr'>turumque</span> <span class='ocrx_word' id='word_1_625' title='bbox 2489 3990 2662 4045; x_wconf 91' lang='lat' dir='ltr'>prope</span> <span class='ocrx_word' id='word_1_626' title='bbox 2705 3973 2856 4028; x_wconf 92' lang='lat' dir='ltr'>diem</span> <span class='ocrx_word' id='word_1_627' title='bbox 2883 3979 2949 4028; x_wconf 92' lang='lat' dir='ltr'>ut</span> <span class='ocrx_word' id='word_1_628' title='bbox 2977 3973 3048 4028; x_wconf 90' lang='lat' dir='ltr'>ad</span> <span class='ocrx_word' id='word_1_629' title='bbox 3076 3973 3234 4027; x_wconf 90' lang='lat' dir='ltr'>illam</span> <span class='ocrx_word' id='word_1_630' title='bbox 3261 3973 3505 4028; x_wconf 90' lang='lat' dir='ltr'>insulam</span> <span class='ocrx_word' id='word_1_631' title='bbox 3530 3972 3752 4045; x_wconf 83' lang='lat' dir='ltr'>ablega-</span> 
     </span>
    </p>
   </div>
   <div class='ocr_carea' id='block_1_86' title="bbox 2157 4062 3752 4134">
    <p class='ocr_par' dir='ltr' id='par_1_86' title="bbox 2157 4062 3752 4134">
     <span class='ocr_line' id='line_1_86' title="bbox 2157 4062 3752 4134; baseline 0.002 -20"><span class='ocrx_word' id='word_1_632' title='bbox 2157 4067 2331 4129; x_wconf 89' lang='lat' dir='ltr'>retur,</span> <span class='ocrx_word' id='word_1_633' title='bbox 2365 4069 2534 4134; x_wconf 87' lang='lat' dir='ltr'>atque</span> <span class='ocrx_word' id='word_1_634' title='bbox 2573 4063 2941 4118; x_wconf 91' lang='lat' dir='ltr'>adventitium</span> <span class='ocrx_word' id='word_1_635' title='bbox 2988 4063 3126 4117; x_wconf 91' lang='lat' dir='ltr'>illud</span> <span class='ocrx_word' id='word_1_636' title='bbox 3155 4067 3212 4117; x_wconf 88' lang='lat' dir='ltr'>et</span> <span class='ocrx_word' id='word_1_637' title='bbox 3238 4062 3483 4117; x_wconf 89' lang='lat' dir='ltr'>alienum</span> <span class='ocrx_word' id='word_1_638' title='bbox 3513 4078 3752 4134; x_wconf 90' lang='lat' dir='ltr'>regnum</span> 
     </span>
    </p>
   </div>
   <div class='ocr_carea' id='block_1_87' title="bbox 2157 4149 3750 4224">
    <p class='ocr_par' dir='ltr' id='par_1_87' title="bbox 2157 4149 3750 4224">
     <span class='ocr_line' id='line_1_87' title="bbox 2157 4149 3750 4224; baseline 0 -18"><span class='ocrx_word' id='word_1_639' title='bbox 2157 4152 2282 4206; x_wconf 91' lang='lat' dir='ltr'>aliis</span> <span class='ocrx_word' id='word_1_640' title='bbox 2312 4152 2673 4223; x_wconf 90' lang='lat' dir='ltr'>relinqueret,</span> <span class='ocrx_word' id='word_1_641' title='bbox 2705 4151 2995 4224; x_wconf 83' lang='lat' dir='ltr'>patefactis</span> <span class='ocrx_word' id='word_1_642' title='bbox 3023 4150 3304 4206; x_wconf 86' lang='lat' dir='ltr'>thesauris</span> <span class='ocrx_word' id='word_1_643' title='bbox 3332 4149 3466 4215; x_wconf 88' lang='lat' dir='ltr'>suis,</span> <span class='ocrx_word' id='word_1_644' title='bbox 3510 4165 3750 4221; x_wconf 89' lang='lat' dir='ltr'>quorum</span> 
     </span>
    </p>
   </div>
   <div class='ocr_carea' id='block_1_88' title="bbox 2155 4237 3750 4313">
    <p class='ocr_par' dir='ltr' id='par_1_88' title="bbox 2155 4237 3750 4313">
     <span class='ocr_line' id='line_1_88' title="bbox 2155 4237 3750 4313; baseline -0.003 -17"><span class='ocrx_word' id='word_1_645' title='bbox 2155 4245 2290 4296; x_wconf 89' lang='lat' dir='ltr'>tunc</span> <span class='ocrx_word' id='word_1_646' title='bbox 2320 4247 2642 4313; x_wconf 89' lang='lat' dir='ltr'>promptum</span> <span class='ocrx_word' id='word_1_647' title='bbox 2669 4256 2735 4295; x_wconf 89' lang='lat' dir='ltr'>ac</span> <span class='ocrx_word' id='word_1_648' title='bbox 2763 4240 3002 4296; x_wconf 87' lang='lat' dir='ltr'>liberum</span> <span class='ocrx_word' id='word_1_649' title='bbox 3030 4255 3198 4295; x_wconf 87' lang='lat' dir='ltr'>usum</span> <span class='ocrx_word' id='word_1_650' title='bbox 3224 4237 3483 4297; x_wconf 80' lang='lat' dir='ltr'>habebat.</span> <span class='ocrx_word' id='word_1_651' title='bbox 3511 4238 3750 4310; x_wconf 88' lang='lat' dir='ltr'>aurique</span> 
     </span>
    </p>
   </div>
   <div class='ocr_carea' id='block_1_89' title="bbox 2154 4327 3748 4402">
    <p class='ocr_par' dir='ltr' id='par_1_89' title="bbox 2154 4327 3748 4402">
     <span class='ocr_line' id='line_1_89' title="bbox 2154 4327 3748 4402; baseline -0.002 -18"><span class='ocrx_word' id='word_1_652' title='bbox 2154 4335 2324 4402; x_wconf 90' lang='lat' dir='ltr'>atque</span> <span class='ocrx_word' id='word_1_653' title='bbox 2353 4330 2594 4402; x_wconf 90' lang='lat' dir='ltr'>argenti,</span> <span class='ocrx_word' id='word_1_654' title='bbox 2629 4330 3082 4402; x_wconf 69' lang='lat' dir='ltr'>acpretioSorum</span> <span class='ocrx_word' id='word_1_655' title='bbox 3095 4328 3341 4400; x_wconf 88' lang='lat' dir='ltr'>lapidum</span> <span class='ocrx_word' id='word_1_656' title='bbox 3368 4327 3588 4398; x_wconf 86' lang='lat' dir='ltr'>ingenti</span> <span class='ocrx_word' id='word_1_657' title='bbox 3603 4327 3748 4382; x_wconf 87' lang='lat' dir='ltr'>mole</span> 
     </span>
    </p>
   </div>
   <div class='ocr_carea' id='block_1_90' title="bbox 2153 4415 3747 4492">
    <p class='ocr_par' dir='ltr' id='par_1_90' title="bbox 2153 4415 3747 4492">
     <span class='ocr_line' id='line_1_90' title="bbox 2153 4415 3747 4492; baseline -0.001 -18"><span class='ocrx_word' id='word_1_658' title='bbox 2153 4419 2379 4476; x_wconf 84' lang='lat' dir='ltr'>famulis</span> <span class='ocrx_word' id='word_1_659' title='bbox 2409 4420 2766 4492; x_wconf 89' lang='lat' dir='ltr'>quibusdam,</span> <span class='ocrx_word' id='word_1_660' title='bbox 2820 4437 2959 4492; x_wconf 87' lang='lat' dir='ltr'>quos</span> <span class='ocrx_word' id='word_1_661' title='bbox 3003 4418 3302 4474; x_wconf 89' lang='lat' dir='ltr'>ﬁdissimos</span> <span class='ocrx_word' id='word_1_662' title='bbox 3342 4415 3604 4482; x_wconf 81' lang='lat' dir='ltr'>habebat,</span> <span class='ocrx_word' id='word_1_663' title='bbox 3637 4425 3747 4472; x_wconf 83' lang='lat' dir='ltr'>tra-</span> 
     </span>
    </p>
   </div>
   <div class='ocr_carea' id='block_1_91' title="bbox 470 4506 3746 4604">
    <p class='ocr_par' dir='ltr' id='par_1_91' title="bbox 470 4506 3746 4604">
     <span class='ocr_line' id='line_1_91' title="bbox 470 4506 3746 4604; baseline -0.004 -31"><span class='ocrx_word' id='word_1_664' title='bbox 470 4534 693 4573; x_wconf 88' lang='lat' dir='ltr'>morum</span> <span class='ocrx_word' id='word_1_665' title='bbox 722 4532 954 4589; x_wconf 81' lang='lat' dir='ltr'>Operum</span> <span class='ocrx_word' id='word_1_666' title='bbox 969 4515 1173 4571; x_wconf 88' lang='lat' dir='ltr'>chorus</span> <span class='ocrx_word' id='word_1_667' title='bbox 1192 4520 1296 4581; x_wconf 91' lang='lat' dir='ltr'>est,</span> <span class='ocrx_word' id='word_1_668' title='bbox 1315 4513 1422 4568; x_wconf 91' lang='lat' dir='ltr'>hoc</span> <span class='ocrx_word' id='word_1_669' title='bbox 1437 4520 1522 4570; x_wconf 90' lang='lat' dir='ltr'>est</span> <span class='ocrx_word' id='word_1_670' title='bbox 1550 4514 1861 4586; x_wconf 89' lang='lat' dir='ltr'>ﬁdes,spes,</span> <span class='ocrx_word' id='word_1_671' title='bbox 1886 4513 2133 4604; x_wconf 82' lang='lat' dir='ltr'>chari-D</span> <span class='ocrx_word' id='word_1_672' title='bbox 2153 4509 2290 4577; x_wconf 91' lang='lat' dir='ltr'>dita,</span> <span class='ocrx_word' id='word_1_673' title='bbox 2325 4511 2397 4565; x_wconf 91' lang='lat' dir='ltr'>ad</span> <span class='ocrx_word' id='word_1_674' title='bbox 2447 4527 2573 4565; x_wconf 90' lang='lat' dir='ltr'>eam</span> <span class='ocrx_word' id='word_1_675' title='bbox 2619 4509 2861 4565; x_wconf 88' lang='lat' dir='ltr'>insulam</span> <span class='ocrx_word' id='word_1_676' title='bbox 2891 4508 2961 4563; x_wconf 91' lang='lat' dir='ltr'>ad</span> <span class='ocrx_word' id='word_1_677' title='bbox 2989 4524 3158 4580; x_wconf 89' lang='lat' dir='ltr'>quam</span> <span class='ocrx_word' id='word_1_678' title='bbox 3215 4506 3576 4562; x_wconf 89' lang='lat' dir='ltr'>abducendus</span> <span class='ocrx_word' id='word_1_679' title='bbox 3625 4511 3746 4562; x_wconf 87' lang='lat' dir='ltr'>erat</span> 
     </span>
    </p>
   </div>
   <div class='ocr_carea' id='block_1_92' title="bbox 467 4603 2063 4676">
    <p class='ocr_par' dir='ltr' id='par_1_92' title="bbox 467 4603 2063 4676">
     <span class='ocr_line' id='line_1_92' title="bbox 467 4603 2063 4676; baseline -0.003 -13"><span class='ocrx_word' id='word_1_680' title='bbox 467 4612 575 4676; x_wconf 87' lang='lat' dir='ltr'>tas,</span> <span class='ocrx_word' id='word_1_681' title='bbox 611 4605 1014 4671; x_wconf 88' lang='lat' dir='ltr'>misericordia,</span> <span class='ocrx_word' id='word_1_682' title='bbox 1041 4603 1758 4676; x_wconf 85' lang='lat' dir='ltr'>benignitas,reliquusque</span> <span class='ocrx_word' id='word_1_683' title='bbox 1784 4604 2063 4659; x_wconf 89' lang='lat' dir='ltr'>virtutum</span> 
     </span>
    </p>
   </div>
   <div class='ocr_carea' id='block_1_93' title="bbox 467 4694 2064 4768">
    <p class='ocr_par' dir='ltr' id='par_1_93' title="bbox 467 4694 2064 4768">
     <span class='ocr_line' id='line_1_93' title="bbox 467 4694 2064 4768; baseline -0.001 -18"><span class='ocrx_word' id='word_1_684' title='bbox 467 4702 680 4752; x_wconf 84' lang='lat' dir='ltr'>coetus:</span> <span class='ocrx_word' id='word_1_685' title='bbox 713 4695 808 4768; x_wconf 88' lang='lat' dir='ltr'>qui</span> <span class='ocrx_word' id='word_1_686' title='bbox 832 4694 1060 4767; x_wconf 88' lang='lat' dir='ltr'>quidem</span> <span class='ocrx_word' id='word_1_687' title='bbox 1086 4699 1218 4748; x_wconf 89' lang='lat' dir='ltr'>ante</span> <span class='ocrx_word' id='word_1_688' title='bbox 1246 4710 1368 4760; x_wconf 89' lang='lat' dir='ltr'>nos,</span> <span class='ocrx_word' id='word_1_689' title='bbox 1400 4709 1530 4748; x_wconf 90' lang='lat' dir='ltr'>cum</span> <span class='ocrx_word' id='word_1_690' title='bbox 1561 4710 1593 4748; x_wconf 89' lang='lat' dir='ltr'>e</span> <span class='ocrx_word' id='word_1_691' title='bbox 1623 4709 1859 4766; x_wconf 87' lang='lat' dir='ltr'>corpore</span> <span class='ocrx_word' id='word_1_692' title='bbox 1897 4709 2064 4748; x_wconf 85' lang='lat' dir='ltr'>exce-</span> 
     </span>
    </p>
   </div>
   <div class='ocr_carea' id='block_1_94' title="bbox 467 4782 2064 4856">
    <p class='ocr_par' dir='ltr' id='par_1_94' title="bbox 467 4782 2064 4856">
     <span class='ocr_line' id='line_1_94' title="bbox 467 4782 2064 4856; baseline -0.001 -18"><span class='ocrx_word' id='word_1_693' title='bbox 467 4783 671 4852; x_wconf 89' lang='lat' dir='ltr'>dimus,</span> <span class='ocrx_word' id='word_1_694' title='bbox 694 4783 989 4856; x_wconf 85' lang='lat' dir='ltr'>proﬁcisci,</span> <span class='ocrx_word' id='word_1_695' title='bbox 1022 4799 1088 4838; x_wconf 88' lang='lat' dir='ltr'>ac</span> <span class='ocrx_word' id='word_1_696' title='bbox 1106 4787 1302 4838; x_wconf 89' lang='lat' dir='ltr'>nostra</span> <span class='ocrx_word' id='word_1_697' title='bbox 1321 4799 1493 4838; x_wconf 86' lang='lat' dir='ltr'>causa</span> <span class='ocrx_word' id='word_1_698' title='bbox 1505 4782 1681 4838; x_wconf 84' lang='lat' dir='ltr'>Deum</span> <span class='ocrx_word' id='word_1_699' title='bbox 1708 4782 1965 4854; x_wconf 88' lang='lat' dir='ltr'>precibus</span> <span class='ocrx_word' id='word_1_700' title='bbox 1981 4782 2064 4837; x_wconf 91' lang='lat' dir='ltr'>in-</span> 
     </span>
    </p>
   </div>
   <div class='ocr_carea' id='block_1_95' title="bbox 466 4863 2059 4944">
    <p class='ocr_par' dir='ltr' id='par_1_95' title="bbox 466 4863 2059 4944">
     <span class='ocr_line' id='line_1_95' title="bbox 466 4863 2059 4944; baseline -0.001 -16"><span class='ocrx_word' id='word_1_701' title='bbox 466 4863 711 4940; x_wconf 85' lang='lat' dir='ltr'>ﬂectere,</span> <span class='ocrx_word' id='word_1_702' title='bbox 770 4878 940 4944; x_wconf 89' lang='lat' dir='ltr'>atque</span> <span class='ocrx_word' id='word_1_703' title='bbox 979 4872 1052 4927; x_wconf 90' lang='lat' dir='ltr'>ab</span> <span class='ocrx_word' id='word_1_704' title='bbox 1097 4871 1351 4928; x_wconf 76' lang='lat' dir='ltr'>hostibus</span> <span class='ocrx_word' id='word_1_705' title='bbox 1396 4871 1604 4927; x_wconf 87' lang='lat' dir='ltr'>nostris</span> <span class='ocrx_word' id='word_1_706' title='bbox 1653 4876 1712 4927; x_wconf 89' lang='lat' dir='ltr'>et</span> <span class='ocrx_word' id='word_1_707' title='bbox 1764 4871 2059 4928; x_wconf 87' lang='lat' dir='ltr'>horrendis</span> 
     </span>
    </p>
   </div>
   <div class='ocr_carea' id='block_1_96' title="bbox 466 4960 2058 5032">
    <p class='ocr_par' dir='ltr' id='par_1_96' title="bbox 466 4960 2058 5032">
     <span class='ocr_line' id='line_1_96' title="bbox 466 4960 2058 5032; baseline 0 -15"><span class='ocrx_word' id='word_1_708' title='bbox 466 4960 834 5028; x_wconf 81' lang='lat' dir='ltr'>exactoribus,</span> <span class='ocrx_word' id='word_1_709' title='bbox 861 4961 957 5032; x_wconf 91' lang='lat' dir='ltr'>qui</span> <span class='ocrx_word' id='word_1_710' title='bbox 983 4961 1053 5016; x_wconf 91' lang='lat' dir='ltr'>de</span> <span class='ocrx_word' id='word_1_711' title='bbox 1082 4960 1391 5016; x_wconf 88' lang='lat' dir='ltr'>referendis</span> <span class='ocrx_word' id='word_1_712' title='bbox 1434 4960 1748 5016; x_wconf 88' lang='lat' dir='ltr'>rationibus</span> <span class='ocrx_word' id='word_1_713' title='bbox 1790 4960 2058 5017; x_wconf 84' lang='lat' dir='ltr'>acerbam</span> 
     </span>
    </p>
   </div>
   <div class='ocr_carea' id='block_1_97' title="bbox 462 5045 2058 5114">
    <p class='ocr_par' dir='ltr' id='par_1_97' title="bbox 462 5045 2058 5114">
     <span class='ocr_line' id='line_1_97' title="bbox 462 5045 2058 5114; baseline -0.001 -7"><span class='ocrx_word' id='word_1_714' title='bbox 462 5045 626 5107; x_wconf 87' lang='lat' dir='ltr'>nobis</span> <span class='ocrx_word' id='word_1_715' title='bbox 654 5051 711 5106; x_wconf 92' lang='lat' dir='ltr'>in</span> <span class='ocrx_word' id='word_1_716' title='bbox 736 5067 835 5106; x_wconf 90' lang='lat' dir='ltr'>aer</span> <span class='ocrx_word' id='word_1_717' title='bbox 859 5050 1020 5105; x_wconf 90' lang='lat' dir='ltr'>litem</span> <span class='ocrx_word' id='word_1_718' title='bbox 1050 5056 1294 5114; x_wconf 87' lang='lat' dir='ltr'>movent,</span> <span class='ocrx_word' id='word_1_719' title='bbox 1343 5067 1408 5105; x_wconf 90' lang='lat' dir='ltr'>ac</span> <span class='ocrx_word' id='word_1_720' title='bbox 1433 5050 1740 5106; x_wconf 87' lang='lat' dir='ltr'>crudeliter</span> <span class='ocrx_word' id='word_1_721' title='bbox 1764 5066 1868 5106; x_wconf 89' lang='lat' dir='ltr'>nos</span> <span class='ocrx_word' id='word_1_722' title='bbox 1921 5051 2058 5106; x_wconf 89' lang='lat' dir='ltr'>arri-</span> 
     </span>
    </p>
   </div>
   <div class='ocr_carea' id='block_1_98' title="bbox 459 5137 2058 5214">
    <p class='ocr_par' dir='ltr' id='par_1_98' title="bbox 459 5137 2058 5214">
     <span class='ocr_line' id='line_1_98' title="bbox 459 5137 2058 5214; baseline -0.001 -18"><span class='ocrx_word' id='word_1_723' title='bbox 459 5157 595 5214; x_wconf 89' lang='lat' dir='ltr'>pere</span> <span class='ocrx_word' id='word_1_724' title='bbox 627 5139 972 5195; x_wconf 83' lang='lat' dir='ltr'>contendunt</span> <span class='ocrx_word' id='word_1_725' title='bbox 1008 5137 1249 5194; x_wconf 87' lang='lat' dir='ltr'>liberare</span> <span class='ocrx_word' id='word_1_726' title='bbox 1293 5145 1495 5210; x_wconf 86' lang='lat' dir='ltr'>potest.</span> <span class='ocrx_word' id='word_1_727' title='bbox 1530 5140 1634 5193; x_wconf 88' lang='lat' dir='ltr'>Hic</span> <span class='ocrx_word' id='word_1_728' title='bbox 1657 5139 1926 5194; x_wconf 88' lang='lat' dir='ltr'>nimirum</span> <span class='ocrx_word' id='word_1_729' title='bbox 1971 5144 2058 5195; x_wconf 91' lang='lat' dir='ltr'>est</span> 
     </span>
    </p>
   </div>
   <div class='ocr_carea' id='block_1_99' title="bbox 457 5227 2052 5300">
    <p class='ocr_par' dir='ltr' id='par_1_99' title="bbox 457 5227 2052 5300">
     <span class='ocr_line' id='line_1_99' title="bbox 457 5227 2052 5300; baseline 0 -16"><span class='ocrx_word' id='word_1_730' title='bbox 457 5229 728 5284; x_wconf 87' lang='lat' dir='ltr'>candidus</span> <span class='ocrx_word' id='word_1_731' title='bbox 748 5229 843 5284; x_wconf 88' lang='lat' dir='ltr'>ille</span> <span class='ocrx_word' id='word_1_732' title='bbox 871 5245 935 5283; x_wconf 90' lang='lat' dir='ltr'>ac</span> <span class='ocrx_word' id='word_1_733' title='bbox 961 5227 1169 5299; x_wconf 87' lang='lat' dir='ltr'>probus</span> <span class='ocrx_word' id='word_1_734' title='bbox 1195 5233 1460 5298; x_wconf 86' lang='lat' dir='ltr'>etgratus</span> <span class='ocrx_word' id='word_1_735' title='bbox 1480 5227 1716 5295; x_wconf 89' lang='lat' dir='ltr'>amicus,</span> <span class='ocrx_word' id='word_1_736' title='bbox 1737 5228 1832 5300; x_wconf 90' lang='lat' dir='ltr'>qui</span> <span class='ocrx_word' id='word_1_737' title='bbox 1853 5245 2052 5300; x_wconf 90' lang='lat' dir='ltr'>quam-</span> 
     </span>
    </p>
   </div>
   <div class='ocr_carea' id='block_1_100' title="bbox 455 5315 2052 5389">
    <p class='ocr_par' dir='ltr' id='par_1_100' title="bbox 455 5315 2052 5389">
     <span class='ocr_line' id='line_1_100' title="bbox 455 5315 2052 5389; baseline 0 -17"><span class='ocrx_word' id='word_1_738' title='bbox 455 5318 590 5374; x_wconf 85' lang='lat' dir='ltr'>libet</span> <span class='ocrx_word' id='word_1_739' title='bbox 614 5319 787 5374; x_wconf 89' lang='lat' dir='ltr'>etiam</span> <span class='ocrx_word' id='word_1_740' title='bbox 814 5317 1078 5388; x_wconf 79' lang='lat' dir='ltr'>exiguum</span> <span class='ocrx_word' id='word_1_741' title='bbox 1098 5315 1307 5370; x_wconf 89' lang='lat' dir='ltr'>bonum</span> <span class='ocrx_word' id='word_1_742' title='bbox 1333 5322 1591 5371; x_wconf 89' lang='lat' dir='ltr'>nostrum</span> <span class='ocrx_word' id='word_1_743' title='bbox 1609 5333 1749 5389; x_wconf 87' lang='lat' dir='ltr'>opus</span> <span class='ocrx_word' id='word_1_744' title='bbox 1778 5319 2052 5374; x_wconf 90' lang='lat' dir='ltr'>memoria</span> 
     </span>
    </p>
   </div>
   <div class='ocr_carea' id='block_1_101' title="bbox 453 5403 1758 5477">
    <p class='ocr_par' dir='ltr' id='par_1_101' title="bbox 453 5403 1758 5477">
     <span class='ocr_line' id='line_1_101' title="bbox 453 5403 1758 5477; baseline 0.001 -17"><span class='ocrx_word' id='word_1_745' title='bbox 453 5411 632 5475; x_wconf 88' lang='lat' dir='ltr'>tenet,</span> <span class='ocrx_word' id='word_1_746' title='bbox 656 5422 724 5462; x_wconf 89' lang='lat' dir='ltr'>ac</span> <span class='ocrx_word' id='word_1_747' title='bbox 753 5421 877 5460; x_wconf 89' lang='lat' dir='ltr'>cum</span> <span class='ocrx_word' id='word_1_748' title='bbox 908 5405 1101 5460; x_wconf 84' lang='lat' dir='ltr'>fenore</span> <span class='ocrx_word' id='word_1_749' title='bbox 1131 5403 1291 5458; x_wconf 85' lang='lat' dir='ltr'>nobis</span> <span class='ocrx_word' id='word_1_750' title='bbox 1321 5404 1457 5459; x_wconf 90' lang='lat' dir='ltr'>illud</span> <span class='ocrx_word' id='word_1_751' title='bbox 1483 5406 1758 5477; x_wconf 89' lang='lat' dir='ltr'>rependit.</span> 
     </span>
    </p>
   </div>
   <div class='ocr_carea' id='block_1_102' title="bbox 2152 4597 3745 4671">
    <p class='ocr_par' dir='ltr' id='par_1_102' title="bbox 2152 4597 3745 4671">
     <span class='ocr_line' id='line_1_102' title="bbox 2152 4597 3745 4671; baseline -0.002 -17"><span class='ocrx_word' id='word_1_752' title='bbox 2152 4599 2442 4671; x_wconf 71' lang='lat' dir='ltr'>praemisit.</span> <span class='ocrx_word' id='word_1_753' title='bbox 2479 4600 2747 4654; x_wconf 83' lang='lat' dir='ltr'>Vertente</span> <span class='ocrx_word' id='word_1_754' title='bbox 2777 4603 2967 4654; x_wconf 88' lang='lat' dir='ltr'>autem</span> <span class='ocrx_word' id='word_1_755' title='bbox 3006 4613 3153 4652; x_wconf 88' lang='lat' dir='ltr'>anno</span> <span class='ocrx_word' id='word_1_756' title='bbox 3182 4597 3346 4663; x_wconf 88' lang='lat' dir='ltr'>cives,</span> <span class='ocrx_word' id='word_1_757' title='bbox 3361 4601 3645 4651; x_wconf 85' lang='lat' dir='ltr'>commota</span> <span class='ocrx_word' id='word_1_758' title='bbox 3663 4611 3745 4651; x_wconf 87' lang='lat' dir='ltr'>se-</span> 
     </span>
    </p>
   </div>
   <div class='ocr_carea' id='block_1_103' title="bbox 2149 4685 3746 4760">
    <p class='ocr_par' dir='ltr' id='par_1_103' title="bbox 2149 4685 3746 4760">
     <span class='ocr_line' id='line_1_103' title="bbox 2149 4685 3746 4760; baseline -0.003 -16"><span class='ocrx_word' id='word_1_759' title='bbox 2149 4689 2379 4757; x_wconf 88' lang='lat' dir='ltr'>ditione,</span> <span class='ocrx_word' id='word_1_760' title='bbox 2413 4689 2628 4744; x_wconf 90' lang='lat' dir='ltr'>nudum</span> <span class='ocrx_word' id='word_1_761' title='bbox 2649 4705 2796 4755; x_wconf 91' lang='lat' dir='ltr'>eum,</span> <span class='ocrx_word' id='word_1_762' title='bbox 2828 4687 3302 4760; x_wconf 88' lang='lat' dir='ltr'>quemadmodum</span> <span class='ocrx_word' id='word_1_763' title='bbox 3322 4685 3645 4758; x_wconf 84' lang='lat' dir='ltr'>superiores</span> <span class='ocrx_word' id='word_1_764' title='bbox 3665 4702 3746 4740; x_wconf 89' lang='lat' dir='ltr'>re-</span> 
     </span>
    </p>
   </div>
   <div class='ocr_carea' id='block_1_104' title="bbox 2144 4775 3743 4851">
    <p class='ocr_par' dir='ltr' id='par_1_104' title="bbox 2144 4775 3743 4851">
     <span class='ocr_line' id='line_1_104' title="bbox 2144 4775 3743 4851; baseline -0.003 -17"><span class='ocrx_word' id='word_1_765' title='bbox 2144 4795 2263 4851; x_wconf 89' lang='lat' dir='ltr'>ges,</span> <span class='ocrx_word' id='word_1_766' title='bbox 2284 4779 2342 4834; x_wconf 92' lang='lat' dir='ltr'>in</span> <span class='ocrx_word' id='word_1_767' title='bbox 2358 4779 2616 4835; x_wconf 89' lang='lat' dir='ltr'>exsilium</span> <span class='ocrx_word' id='word_1_768' title='bbox 2637 4779 2933 4834; x_wconf 89' lang='lat' dir='ltr'>miserunt.</span> <span class='ocrx_word' id='word_1_769' title='bbox 2966 4779 3047 4833; x_wconf 88' lang='lat' dir='ltr'>Ac</span> <span class='ocrx_word' id='word_1_770' title='bbox 3081 4777 3266 4832; x_wconf 63' lang='lat' dir='ltr'>cateri</span> <span class='ocrx_word' id='word_1_771' title='bbox 3287 4775 3512 4848; x_wconf 90' lang='lat' dir='ltr'>quidem</span> <span class='ocrx_word' id='word_1_772' title='bbox 3544 4792 3743 4831; x_wconf 68' lang='lat' dir='ltr'>amen-</span> 
     </span>
    </p>
   </div>
   <div class='ocr_carea' id='block_1_105' title="bbox 2141 4864 3752 4941">
    <p class='ocr_par' dir='ltr' id='par_1_105' title="bbox 2141 4864 3752 4941">
     <span class='ocr_line' id='line_1_105' title="bbox 2141 4864 3752 4941; baseline -0.003 -17"><span class='ocrx_word' id='word_1_773' title='bbox 2141 4875 2248 4937; x_wconf 87' lang='lat' dir='ltr'>tes,</span> <span class='ocrx_word' id='word_1_774' title='bbox 2276 4875 2335 4924; x_wconf 90' lang='lat' dir='ltr'>et</span> <span class='ocrx_word' id='word_1_775' title='bbox 2361 4868 2545 4924; x_wconf 88' lang='lat' dir='ltr'>brevis</span> <span class='ocrx_word' id='word_1_776' title='bbox 2571 4869 2843 4941; x_wconf 87' lang='lat' dir='ltr'>temporis</span> <span class='ocrx_word' id='word_1_777' title='bbox 2861 4884 3039 4938; x_wconf 87' lang='lat' dir='ltr'>reges,</span> <span class='ocrx_word' id='word_1_778' title='bbox 3059 4865 3389 4939; x_wconf 86' lang='lat' dir='ltr'>gravissima</span> <span class='ocrx_word' id='word_1_779' title='bbox 3425 4865 3573 4920; x_wconf 84' lang='lat' dir='ltr'>fame</span> <span class='ocrx_word' id='word_1_780' title='bbox 3600 4864 3752 4920; x_wconf 71' lang='lat' dir='ltr'>labo-</span> 
     </span>
    </p>
   </div>
   <div class='ocr_carea' id='block_1_106' title="bbox 2141 4954 3745 5029">
    <p class='ocr_par' dir='ltr' id='par_1_106' title="bbox 2141 4954 3745 5029">
     <span class='ocr_line' id='line_1_106' title="bbox 2141 4954 3745 5029; baseline -0.004 -16"><span class='ocrx_word' id='word_1_781' title='bbox 2141 4957 2376 5014; x_wconf 88' lang='lat' dir='ltr'>rabant:</span> <span class='ocrx_word' id='word_1_782' title='bbox 2410 4959 2505 5013; x_wconf 91' lang='lat' dir='ltr'>ille</span> <span class='ocrx_word' id='word_1_783' title='bbox 2535 4963 2732 5012; x_wconf 90' lang='lat' dir='ltr'>contra</span> <span class='ocrx_word' id='word_1_784' title='bbox 2785 4956 2880 5029; x_wconf 91' lang='lat' dir='ltr'>qui</span> <span class='ocrx_word' id='word_1_785' title='bbox 2918 4973 3051 5028; x_wconf 86' lang='lat' dir='ltr'>opes</span> <span class='ocrx_word' id='word_1_786' title='bbox 3103 4972 3236 5011; x_wconf 89' lang='lat' dir='ltr'>suas</span> <span class='ocrx_word' id='word_1_787' title='bbox 3281 4954 3658 5027; x_wconf 68' lang='lat' dir='ltr'>praemiserat,</span> <span class='ocrx_word' id='word_1_788' title='bbox 3688 4955 3745 5008; x_wconf 77' lang='lat' dir='ltr'>in</span> 
     </span>
    </p>
   </div>
   <div class='ocr_carea' id='block_1_107' title="bbox 2139 5043 3749 5120">
    <p class='ocr_par' dir='ltr' id='par_1_107' title="bbox 2139 5043 3749 5120">
     <span class='ocr_line' id='line_1_107' title="bbox 2139 5043 3749 5120; baseline -0.004 -17"><span class='ocrx_word' id='word_1_789' title='bbox 2139 5053 2413 5120; x_wconf 90' lang='lat' dir='ltr'>perpetua</span> <span class='ocrx_word' id='word_1_790' title='bbox 2427 5064 2617 5102; x_wconf 84' lang='lat' dir='ltr'>rerum</span> <span class='ocrx_word' id='word_1_791' title='bbox 2632 5047 2794 5118; x_wconf 90' lang='lat' dir='ltr'>copia</span> <span class='ocrx_word' id='word_1_792' title='bbox 2804 5046 2977 5100; x_wconf 88' lang='lat' dir='ltr'>vitam</span> <span class='ocrx_word' id='word_1_793' title='bbox 2997 5045 3402 5116; x_wconf 89' lang='lat' dir='ltr'>ducens,atque</span> <span class='ocrx_word' id='word_1_794' title='bbox 3414 5043 3643 5098; x_wconf 79' lang='lat' dir='ltr'>inﬁnita</span> <span class='ocrx_word' id='word_1_795' title='bbox 3660 5059 3749 5097; x_wconf 85' lang='lat' dir='ltr'>vo-</span> 
     </span>
    </p>
   </div>
   <div class='ocr_carea' id='block_1_108' title="bbox 2137 5132 3743 5209">
    <p class='ocr_par' dir='ltr' id='par_1_108' title="bbox 2137 5132 3743 5209">
     <span class='ocr_line' id='line_1_108' title="bbox 2137 5132 3743 5209; baseline -0.003 -19"><span class='ocrx_word' id='word_1_796' title='bbox 2137 5137 2352 5209; x_wconf 84' lang='lat' dir='ltr'>luptate</span> <span class='ocrx_word' id='word_1_797' title='bbox 2374 5137 2583 5202; x_wconf 79' lang='lat' dir='ltr'>fruens,</span> <span class='ocrx_word' id='word_1_798' title='bbox 2627 5135 2970 5208; x_wconf 83' lang='lat' dir='ltr'>perfidorum</span> <span class='ocrx_word' id='word_1_799' title='bbox 3001 5151 3066 5190; x_wconf 92' lang='lat' dir='ltr'>ac</span> <span class='ocrx_word' id='word_1_800' title='bbox 3107 5134 3507 5189; x_wconf 89' lang='lat' dir='ltr'>sceleratorum</span> <span class='ocrx_word' id='word_1_801' title='bbox 3537 5132 3743 5187; x_wconf 85' lang='lat' dir='ltr'>civium</span> 
     </span>
    </p>
   </div>
   <div class='ocr_carea' id='block_1_109' title="bbox 2136 5221 3745 5299">
    <p class='ocr_par' dir='ltr' id='par_1_109' title="bbox 2136 5221 3745 5299">
     <span class='ocr_line' id='line_1_109' title="bbox 2136 5221 3745 5299; baseline -0.004 -17"><span class='ocrx_word' id='word_1_802' title='bbox 2136 5233 2290 5282; x_wconf 91' lang='lat' dir='ltr'>metu</span> <span class='ocrx_word' id='word_1_803' title='bbox 2320 5243 2551 5299; x_wconf 88' lang='lat' dir='ltr'>prorsus</span> <span class='ocrx_word' id='word_1_804' title='bbox 2569 5225 2804 5296; x_wconf 89' lang='lat' dir='ltr'>abjecto,</span> <span class='ocrx_word' id='word_1_805' title='bbox 2838 5221 3238 5295; x_wconf 89' lang='lat' dir='ltr'>sapientissimi</span> <span class='ocrx_word' id='word_1_806' title='bbox 3266 5222 3484 5278; x_wconf 90' lang='lat' dir='ltr'>consilii</span> <span class='ocrx_word' id='word_1_807' title='bbox 3515 5222 3604 5277; x_wconf 90' lang='lat' dir='ltr'>sui</span> <span class='ocrx_word' id='word_1_808' title='bbox 3646 5236 3745 5275; x_wconf 84' lang='lat' dir='ltr'>no-</span> 
     </span>
    </p>
   </div>
   <div class='ocr_carea' id='block_1_110' title="bbox 2134 5311 3007 5385">
    <p class='ocr_par' dir='ltr' id='par_1_110' title="bbox 2134 5311 3007 5385">
     <span class='ocr_line' id='line_1_110' title="bbox 2134 5311 3007 5385; baseline -0.006 -14"><span class='ocrx_word' id='word_1_809' title='bbox 2134 5317 2286 5371; x_wconf 92' lang='lat' dir='ltr'>mine</span> <span class='ocrx_word' id='word_1_810' title='bbox 2313 5315 2539 5370; x_wconf 82' lang='lat' dir='ltr'>beatum</span> <span class='ocrx_word' id='word_1_811' title='bbox 2566 5331 2627 5370; x_wconf 91' lang='lat' dir='ltr'>se</span> <span class='ocrx_word' id='word_1_812' title='bbox 2650 5311 3007 5385; x_wconf 64' lang='lat' dir='ltr'>praedicabat.</span> 
     </span>
    </p>
   </div>
   <div class='ocr_carea' id='block_1_111' title="bbox 2203 5399 3741 5478">
    <p class='ocr_par' dir='ltr' id='par_1_111' title="bbox 2203 5399 3741 5478">
     <span class='ocr_line' id='line_1_111' title="bbox 2203 5399 3741 5478; baseline -0.005 -18"><span class='ocrx_word' id='word_1_813' title='bbox 2203 5407 2306 5460; x_wconf 88' lang='lat' dir='ltr'>Hic</span> <span class='ocrx_word' id='word_1_814' title='bbox 2329 5423 2496 5478; x_wconf 86' lang='lat' dir='ltr'>porro</span> <span class='ocrx_word' id='word_1_815' title='bbox 2522 5421 2624 5476; x_wconf 90' lang='lat' dir='ltr'>per</span> <span class='ocrx_word' id='word_1_816' title='bbox 2651 5403 2934 5458; x_wconf 87' lang='lat' dir='ltr'>civitatem</span> <span class='ocrx_word' id='word_1_817' title='bbox 2953 5418 3157 5456; x_wconf 89' lang='lat' dir='ltr'>vanum</span> <span class='ocrx_word' id='word_1_818' title='bbox 3190 5400 3340 5455; x_wconf 88' lang='lat' dir='ltr'>hunc</span> <span class='ocrx_word' id='word_1_819' title='bbox 3368 5405 3539 5471; x_wconf 90' lang='lat' dir='ltr'>atque</span> <span class='ocrx_word' id='word_1_820' title='bbox 3566 5399 3741 5470; x_wconf 90' lang='lat' dir='ltr'>impo-</span> 
     </span>
    </p>
   </div>
   <div class='ocr_carea' id='block_1_112' title="bbox 525 5488 3741 5566">
    <p class='ocr_par' dir='ltr' id='par_1_112' title="bbox 525 5488 3741 5566">
     <span class='ocr_line' id='line_1_112' title="bbox 525 5488 3741 5566; baseline -0.002 -18"><span class='ocrx_word' id='word_1_821' title='bbox 525 5496 655 5548; x_wconf 65' lang='grc' dir='ltr'>ΟΜ).</span> <span class='ocrx_word' id='word_1_822' title='bbox 695 5494 839 5550; x_wconf 82' lang='lat' dir='ltr'><strong>XIV.</strong></span> <span class='ocrx_word' id='word_1_823' title='bbox 875 5529 892 5535; x_wconf 82' lang='lat'><strong><em>—</em></strong></span> <span class='ocrx_word' id='word_1_824' title='bbox 938 5494 1185 5549; x_wconf 87' lang='lat' dir='ltr'>Rursum</span> <span class='ocrx_word' id='word_1_825' title='bbox 1210 5493 1384 5564; x_wconf 87' lang='lat' dir='ltr'>igitur</span> <span class='ocrx_word' id='word_1_826' title='bbox 1409 5495 1680 5566; x_wconf 87' lang='lat' dir='ltr'>Josaphat</span> <span class='ocrx_word' id='word_1_827' title='bbox 1706 5496 1845 5550; x_wconf 85' lang='lat' dir='ltr'>dixit</span> <span class='ocrx_word' id='word_1_828' title='bbox 1875 5513 1887 5550; x_wconf 89' lang='lat'>:</span> <span class='ocrx_word' id='word_1_829' title='bbox 1913 5495 2047 5551; x_wconf 87' lang='lat' dir='ltr'>Uti—</span> <span class='ocrx_word' id='word_1_830' title='bbox 2128 5501 2339 5550; x_wconf 89' lang='lat' dir='ltr'>storem</span> <span class='ocrx_word' id='word_1_831' title='bbox 2359 5494 2630 5549; x_wconf 90' lang='lat' dir='ltr'>mundum</span> <span class='ocrx_word' id='word_1_832' title='bbox 2649 5493 3036 5563; x_wconf 87' lang='lat' dir='ltr'>intellige.Per</span> <span class='ocrx_word' id='word_1_833' title='bbox 3053 5491 3199 5545; x_wconf 88' lang='lat' dir='ltr'>cives</span> <span class='ocrx_word' id='word_1_834' title='bbox 3221 5496 3432 5554; x_wconf 89' lang='lat' dir='ltr'>autem,</span> <span class='ocrx_word' id='word_1_835' title='bbox 3461 5488 3741 5560; x_wconf 83' lang='lat' dir='ltr'>principa-</span> 
     </span>
    </p>
   </div>
   <div class='ocr_carea' id='block_1_113' title="bbox 452 5579 3741 5654">
    <p class='ocr_par' dir='ltr' id='par_1_113' title="bbox 452 5579 3741 5654">
     <span class='ocr_line' id='line_1_113' title="bbox 452 5579 3741 5654; baseline -0.001 -20"><span class='ocrx_word' id='word_1_836' title='bbox 452 5595 584 5634; x_wconf 89' lang='lat' dir='ltr'>nam</span> <span class='ocrx_word' id='word_1_837' title='bbox 606 5581 706 5636; x_wconf 84' lang='lat' dir='ltr'>tibi</span> <span class='ocrx_word' id='word_1_838' title='bbox 739 5599 774 5636; x_wconf 91' lang='lat' dir='ltr'>a</span> <span class='ocrx_word' id='word_1_839' title='bbox 802 5581 1042 5637; x_wconf 87' lang='lat' dir='ltr'>Domino</span> <span class='ocrx_word' id='word_1_840' title='bbox 1069 5581 1184 5635; x_wconf 91' lang='lat' dir='ltr'>Deo</span> <span class='ocrx_word' id='word_1_841' title='bbox 1197 5586 1294 5636; x_wconf 88' lang='lat' dir='ltr'>tuo</span> <span class='ocrx_word' id='word_1_842' title='bbox 1306 5581 1496 5636; x_wconf 88' lang='lat' dir='ltr'>omnia</span> <span class='ocrx_word' id='word_1_843' title='bbox 1512 5582 1697 5638; x_wconf 84' lang='lat' dir='ltr'>fausta</span> <span class='ocrx_word' id='word_1_844' title='bbox 1724 5590 1782 5638; x_wconf 89' lang='lat' dir='ltr'>et</span> <span class='ocrx_word' id='word_1_845' title='bbox 1795 5584 2045 5654; x_wconf 88' lang='lat' dir='ltr'>jucunda</span> <span class='ocrx_word' id='word_1_846' title='bbox 2125 5588 2220 5638; x_wconf 90' lang='lat' dir='ltr'>tus</span> <span class='ocrx_word' id='word_1_847' title='bbox 2236 5589 2293 5637; x_wconf 92' lang='lat' dir='ltr'>et</span> <span class='ocrx_word' id='word_1_848' title='bbox 2311 5587 2621 5654; x_wconf 88' lang='lat' dir='ltr'>potestates</span> <span class='ocrx_word' id='word_1_849' title='bbox 2635 5582 2975 5648; x_wconf 63' lang='lat' dir='ltr'>demonum,</span> <span class='ocrx_word' id='word_1_850' title='bbox 2992 5597 3056 5637; x_wconf 89' lang='lat' dir='ltr'>ac</span> <span class='ocrx_word' id='word_1_851' title='bbox 3084 5579 3281 5636; x_wconf 88' lang='lat' dir='ltr'>mundi</span> <span class='ocrx_word' id='word_1_852' title='bbox 3311 5584 3559 5634; x_wconf 87' lang='lat' dir='ltr'>rectores</span> <span class='ocrx_word' id='word_1_853' title='bbox 3581 5583 3741 5632; x_wconf 86' lang='lat' dir='ltr'>tene-</span> 
     </span>
    </p>
   </div>
   <div class='ocr_carea' id='block_1_114' title="bbox 451 5664 3742 5746">
    <p class='ocr_par' dir='ltr' id='par_1_114' title="bbox 451 5664 3742 5746">
     <span class='ocr_line' id='line_1_114' title="bbox 451 5664 3742 5746; baseline -0 -23"><span class='ocrx_word' id='word_1_854' title='bbox 451 5666 884 5738; x_wconf 82' lang='lat' dir='ltr'>sint,hominum</span> <span class='ocrx_word' id='word_1_855' title='bbox 900 5667 1333 5742; x_wconf 87' lang='lat' dir='ltr'>sapientissime.</span> <span class='ocrx_word' id='word_1_856' title='bbox 1363 5669 1653 5744; x_wconf 83' lang='lat' dir='ltr'>Siquidem</span> <span class='ocrx_word' id='word_1_857' title='bbox 1680 5669 1910 5746; x_wconf 89' lang='lat' dir='ltr'>optimis</span> <span class='ocrx_word' id='word_1_858' title='bbox 1927 5671 2043 5730; x_wconf 85' lang='lat' dir='ltr'>tuis</span> <span class='ocrx_word' id='word_1_859' title='bbox 2123 5669 2354 5729; x_wconf 87' lang='lat' dir='ltr'>brarum</span> <span class='ocrx_word' id='word_1_860' title='bbox 2383 5671 2555 5745; x_wconf 85' lang='lat' dir='ltr'>hujus</span> <span class='ocrx_word' id='word_1_861' title='bbox 2583 5669 2796 5740; x_wconf 78' lang='lat' dir='ltr'>saeculi,</span> <span class='ocrx_word' id='word_1_862' title='bbox 2833 5668 2929 5744; x_wconf 87' lang='lat' dir='ltr'>qui</span> <span class='ocrx_word' id='word_1_863' title='bbox 2958 5685 3061 5727; x_wconf 83' lang='lat' dir='ltr'>nos</span> <span class='ocrx_word' id='word_1_864' title='bbox 3087 5683 3191 5742; x_wconf 83' lang='lat' dir='ltr'>per</span> <span class='ocrx_word' id='word_1_865' title='bbox 3217 5665 3524 5741; x_wconf 85' lang='lat' dir='ltr'>voluptatis</span> <span class='ocrx_word' id='word_1_866' title='bbox 3557 5664 3742 5723; x_wconf 84' lang='lat' dir='ltr'>molli-</span> 
     </span>
    </p>
   </div>
  </div>
