3878 6422
153 349 253 407 497

542 349 710 406 VITA
747 349 1191 411 SANCTORUM
1222 351 1572 412 BARLAAM
1608 350 1950 412 E'RE’MITE
1983 349 2076 410 ET
2111 345 2480 408 JOSAPHAT
2513 348 2738 408 INDUE
2774 348 3008 408 REGIS.

3318 348 3426 410 498

152 474 282 529 tiem
308 473 586 542 inescant,
621 479 793 547 atque
825 477 885 532 in
912 478 1165 534 annum
1192 479 1353 534 nobis
1381 481 1657 538 inducunt
1681 488 1748 537 ut
1764 489 1806 544 A
1824 481 1874 534 ri
1905 484 2087 546 erant,
2119 479 2200 534 ita
2228 478 2489 546 evehens,
2513 482 2578 533 ut
2604 476 2741 549 ipsis
2757 477 2826 532 ab
2848 475 3299 533 omnibushonor
3317 474 3424 531 tri~

152 564 216 618 de
227 563 394 618 rebus
414 565 639 619 caducis
659 571 717 621 et
734 566 1232 634 interituris,velut
1244 569 1313 624 de
1332 569 1743 626 immortalibus

150 654 473 724 cogitemus,
521 660 793 728 tanquam
835 657 1047 712 scilicet
1091 675 1286 714 earum
1331 659 1546 715 fructus
1584 660 1743 717 nobis

148 750 446 814 perpetuus
467 761 531 798 ac
560 747 937 817 sempiternus
965 748 1188 803 futurus
1216 749 1308 804 sit.
1327 750 1468 804 Cum
1489 739 1744 820 igiturad

151 833 291 888 hunc
311 835 544 890 modum
561 836 778 908 decepti
811 843 981 909 atque
1006 838 1065 892 in
1094 839 1351 893 fraudem
1394 839 1621 912 impulsi
1653 857 1744 895 su-

148 939 285 990 mus,
307 939 412 978 nec
432 925 502 979 de
521 925 687 980 certis
707 926 816 981 illis
835 944 899 981 ac
919 928 1276 999 sempiternis
1291 929 1469 984 ullum
1488 946 1741 1002 unquam

151 1013 436 1068 consilium
458 1015 708 1083 iniimus,
730 1034 833 1072 nec
847 1017 1006 1072 nobis
1026 1019 1086 1073 in
1104 1019 1360 1074 futurum
1379 1035 1558 1074 aevum
1584 1020 1742 1092 quid-

151 1120 305 1175 quam
321 1107 760 1174 recondidimus,
779 1109 1106 1180 repentinus
1145 1108 1308 1164 nobis
1327 1110 1524 1164 mortis
1542 1110 1740 1165 interi-

147 1197 234 1248 tus
265 1193 482 1265 ingruit
504 1197 674 1267 (Prov.
698 1200 758 1266 1).
781 1198 866 1252 Ad
891 1202 1016 1252 tum
1045 1199 1274 1254 demum
1307 1200 1488 1255 nudos
1519 1205 1742 1260 nos,at-

147 1300 247 1354 que
276 1284 542 1340 omnibus
573 1286 744 1356 hujus
763 1287 887 1342 vitae
910 1289 1378 1360 rebusspoliatos
1397 1289 1639 1361 improbi
1659 1290 1741 1343 illi

147 1389 206 1428 ac
223 1373 348 1428 sevi
371 1374 738 1430 tenebrarum
759 1377 906 1431 cives
927 1378 1285 1449 accipientes,
1309 1384 1374 1433 ut
1400 1379 1495 1450 qui
1516 1384 1740 1451 tempus

149 1463 250 1517 illis
280 1479 446 1518 omne
476 1464 936 1536 impenderimus,
969 1466 1026 1522 in
1054 1472 1266 1522 terram
1294 1467 1655 1523 tenebrosam
1685 1474 1742 1523 et

147 1551 429 1607 obscuram
453 1553 760 1621 abducunt,
774 1555 830 1610 in
852 1560 1062 1611 terram
1084 1557 1439 1628 sempiternae
1460 1557 1734 1628 caliginis,

148 1641 234 1696 ubi
263 1643 356 1698 lux
395 1659 513 1697 non
540 1648 644 1711 est,
676 1661 779 1699 nec
806 1646 1132 1700 mortalium
1159 1652 1332 1700 vitam
1381 1646 1589 1700 intueri
1615 1646 1742 1700 licet

153 1733 273 1794 (Job.
305 1734 381 1801 x).
415 1734 528 1788 Per
576 1733 813 1806 probum
861 1752 992 1790 vero
1038 1735 1438 1801 consiliarium,
1473 1735 1569 1806 qui
1604 1752 1738 1806 pru-

147 1820 288 1875 denti
306 1838 370 1877 ac
388 1839 666 1894 perquam
687 1825 927 1896 sapienti
969 1825 1049 1878 illi
1089 1825 1208 1895 regi
1229 1825 1419 1879 omnia
1437 1840 1564 1879 vere
1604 1841 1740 1896 ape-

1827 569 2050 624 buatur.

1895 661 1975 714 Ac
2004 675 2233 714 cernere
2264 663 2367 725 est,
2401 658 2694 713 hominum
2731 673 2911 729 genus
2931 656 3013 711 ita
3036 662 3424 730 comparatum

1827 766 1967 817 esse,
1995 754 2061 804 ut
2073 755 2204 804 ante
2222 749 2506 803 credulam
2519 748 2698 819 ipsius
2707 747 3068 820 tyrannidem
3078 746 3219 801 nihil
3239 746 3424 802 omni-

1825 855 1900 895 no
1920 841 2145 894 ﬁrmum
2178 854 2243 893 ac
2273 837 2473 893 stabile
2501 837 2724 892 habeat.
2758 836 3244 903 Quemadmodum
3273 835 3424 891 enim

1824 929 2086 984 columba
2102 929 2351 1000 aquilam
2373 933 2472 983 aut
2489 927 2812 1000 accipitrem
2832 926 3075 998 fugiens,
3092 926 3276 982 locum
3298 925 3427 980 sub-

1824 1019 1955 1074 inde
1975 1023 2305 1085 commutat,
2321 1035 2386 1073 ac
2403 1034 2552 1073 nunc
2569 1017 2793 1090 quidem
2817 1017 2874 1071 in
2891 1017 2996 1072 hac
3023 1015 3240 1082 arbore,
3273 1031 3424 1072 nunc

1824 1113 2015 1163 autem
2041 1108 2101 1162 in
2126 1109 2222 1162 illo
2253 1107 2470 1174 frutice,
2489 1123 2554 1162 ac
2586 1107 2787 1162 deinde
2813 1107 2872 1161 in
2892 1105 3118 1178 rupium
3149 1106 3420 1175 cavernis,

1823 1212 1889 1253 ac
1912 1197 2080 1252 variis
2112 1197 2290 1268 spinis
2318 1197 2518 1269 pedem
2549 1196 2805 1268 afﬁgens,
2836 1211 2940 1252 nec
2964 1199 3152 1252 tutum
3182 1202 3426 1268 usquam

1825 1287 2146 1359 perfugium
2185 1287 2493 1352 inveniens,
2519 1286 2575 1341 in
2605 1291 2879 1358 perpetua
2902 1286 3213 1357 jactatione
3250 1292 3421 1358 atque

1823 1393 2075 1432 aerumna
2095 1381 2354 1432 versatur
2383 1393 2398 1431 :
2433 1376 2631 1430 eodem
2660 1375 2826 1430 modo
2856 1391 2917 1430 se
2955 1375 3181 1440 habent,
3213 1376 3309 1448 qui
3333 1390 3423 1431 res

1822 1471 2127 1537 praesentes
2155 1466 2226 1519 ad
2257 1471 2546 1537 stuporem
2576 1479 2755 1536 usque
2784 1464 3082 1527 mirantur,
3109 1464 3314 1536 quippe
3327 1464 3424 1538 qui

1823 1555 2245 1610 inconsiderato
2274 1555 2521 1626 quodam
2549 1554 2763 1626 impetu
2795 1554 2999 1609 misere
3029 1552 3424 1620 laborent,nec

1823 1644 2134 1716 quidquam
2164 1644 2396 1699 omnino
2424 1645 2650 1699 ﬁrmum
2675 1648 2777 1698 aut
2802 1643 3005 1698 stabile
3033 1643 3297 1710 habeant,
3321 1660 3424 1698 nec

1824 1733 1895 1788 ad
1929 1751 2096 1806 quem
2117 1734 2288 1788 ﬁnem
2309 1732 2632 1805 perventuri
2656 1733 2789 1800 sint,
2817 1732 3155 1804 intelligant,
3186 1749 3288 1789 nec
3313 1749 3422 1806 quo

1822 1824 2051 1878 tandem
2072 1811 2215 1877 vana
2231 1823 2367 1888 vita,
2395 1823 2505 1886 cui,
2521 1838 2794 1894 perquam
2819 1821 3117 1877 infeliciter
3135 1839 3200 1878 ac
3219 1823 3425 1878 misere

146 1910 347 1976 ruit,ac
383 1911 610 1966 sublata
628 1894 861 1968 cons—ilia
893 1913 1148 1980 tradidit,
1161 1894 1263 1968 ime
1283 1914 1448 1968 vilem
1469 1919 1527 1968 et
1556 1894 1738 1969 humi-
1761 1894 1971 1967 Bmala
2000 1911 2160 1967 bonis
2205 1912 2584 1984 praeferentes,
2621 1928 2686 1966 ac
2727 1911 3022 1984 probitatis
3075 1913 3196 1966 loco
3223 1911 3422 1968 vitium

145 2000 243 2054 lem
267 2001 671 2056 homunculum
692 2002 976 2074 intellige,’
987 2003 1082 2074 qui
1104 2004 1213 2058 huc
1233 2003 1440 2058 idcirco
1459 2004 1640 2069 venio,
1676 2010 1740 2059 ut

143 2088 237 2142 tibi
257 2089 401 2144 viam
420 2089 629 2145 bonam
653 2099 710 2146 et
729 2092 799 2146 ab
817 2093 971 2146 omni
989 2109 1179 2146 errore
1198 2091 1433 2147 liberam
1447 2109 1738 2148 common-

1820 2007 2226 2068 consectantes,
2249 2019 2371 2057 sese
2389 2001 2770 2073 subjecerunt,
2787 2017 2881 2057 eos
2901 2001 3072 2056 ducat
3093 2021 3109 2066 ;
3144 2018 3246 2056 nec
3275 2003 3425 2075 quis-

1820 2107 1952 2146 nam
1975 2092 2209 2163 frigidos
2232 2091 2540 2146 multarum
2567 2107 2632 2145 ac
2651 2091 2986 2146 miserorum
3009 2089 3268 2146 laborum
3297 2097 3423 2147 suo-

147 2183 326 2245 strem,
358 2185 531 2251 teque
557 2181 627 2235 ad
670 2181 1016 2252 sempiterna
1065 2187 1123 2236 et
1165 2198 1455 2253 nunquam
1493 2183 1741 2264 ﬁnienda
1820 2197 1948 2236 rum
1973 2181 2189 2237 fructus
2218 2185 2552 2253 excepturus
2581 2180 2673 2248 sit,
2706 2179 2812 2235 hoc
2851 2185 2954 2245 est,
2997 2181 3419 2253 propinquusne

144 2267 278 2322 dona
296 2269 611 2328 traducam.
640 2271 886 2342 illucque
928 2271 1118 2325 omnia
1154 2276 1254 2325 tua
1285 2273 1589 2327 recondere
1614 2289 1739 2327 sua-

144 2355 311 2422 deam,
347 2365 656 2430 contraque
685 2366 741 2414 te
763 2360 833 2414 ab
860 2361 1168 2432 impostore
1191 2361 1296 2415 hoc
1316 2362 1526 2416 mundo
1557 2362 1737 2417 abdu-

145 2461 272 2500 cam.
304 2447 482 2512 Quem
517 2448 743 2519 quidem
785 2450 905 2520 ipse
949 2467 1174 2522 quoque
1202 2450 1504 2521 aliquando
1530 2452 1736 2506 misere

147 2534 410 2603 amabam,
441 2538 681 2609 ejusque
709 2539 1023 2610 voluptates
1051 2546 1108 2593 et
1136 2539 1550 2596 oblectamenta
1579 2557 1733 2595 com-

146 2625 434 2694 plectebar.
463 2628 743 2682 Caeterum
783 2645 910 2683 cum
959 2629 1127 2684 rectis
1174 2629 1380 2684 mentis
1412 2629 1587 2684 oculis
1619 2631 1735 2684 ani-

147 2712 576 2781 madvertissem,
603 2716 1076 2787 quemadmodum
1096 2717 1155 2772 in
1181 2717 1268 2772 his
1288 2717 1457 2772 rebus
1474 2718 1734 2773 universa

147 2803 453 2857 mortalium
487 2804 604 2858 vita
619 2806 947 2872 conteritur,
982 2806 1106 2860 aliis
1126 2807 1397 2862 nimirum
1418 2807 1733 2862 accedenti-

145 2888 254 2957 bus,
273 2892 394 2946 aliis
407 2893 828 2959 decedentibus,
857 2911 960 2950 nec
979 2897 1093 2950 ullo
1115 2897 1344 2951 omnino
1365 2897 1529 2951 ﬁrma
1549 2902 1605 2951 et
1624 2903 1734 2952 sta-

147 2979 229 3034 bili
248 2982 375 3036 sede
400 2983 730 3049 constituto,
752 2985 856 3040 hoc
875 2990 980 3044 est.
1004 3001 1108 3040 nec
1135 2985 1399 3040 divitibus
1421 2991 1476 3041 et
1493 2987 1730 3058 copiosis

146 3068 196 3122 in
225 3071 434 3142 opibus,
467 3089 576 3126 nec
605 3073 926 3144 potentibus
955 3075 1012 3128 in
1040 3075 1310 3146 potentia,
1344 3091 1447 3129 nec
1465 3076 1730 3147 sapienti-

144 3156 236 3213 bus
259 3159 313 3214 in
342 3160 639 3232 sapientia,
666 3179 770 3217 nec
790 3163 860 3218 iis
891 3163 1094 3235 quibus
1122 3175 1388 3236 prospere
1418 3179 1508 3220 res
1536 3182 1728 3220 succc-

1821 2287 1893 2326 an
1919 2271 2155 2337 alienus,
2188 2286 2254 2325 ac
2279 2287 2527 2342 persaepe
2553 2287 2626 2324 ne
2655 2269 2870 2325 amicus
2914 2269 3140 2342 quidem
3180 2276 3281 2326 aut
3316 2283 3421 2327 no-

1820 2366 1932 2426 tus,
1968 2377 2161 2415 verum
2188 2360 2452 2415 inimicus
2483 2366 2541 2415 et
2568 2360 2766 2415 hostis.

1893 2451 2042 2516 Haec,
2066 2450 2317 2521 inquam,
2343 2449 2550 2515 omnia,
2568 2454 2625 2504 et
2636 2463 2758 2521 quae
2773 2449 2860 2504 his
2872 2454 3250 2505 consentanea
3263 2454 3415 2517 sunt,

1819 2555 1944 2594 cum
1980 2541 2100 2612 ipse
2126 2539 2184 2594 in
2213 2539 2415 2594 animae
2444 2549 2582 2594 mea;
2624 2535 2744 2593 foro
2793 2539 3210 2611 disceptassem,
3243 2539 3418 2595 totius

1817 2628 1942 2683 vitae
1979 2645 2134 2695 meae,
2159 2645 2326 2700 quam
2358 2627 2415 2682 in
2446 2627 2614 2683 rebus
2641 2629 2800 2684 vanis
2829 2628 3169 2701 consumpsi,
3214 2645 3280 2684 ac
3307 2633 3419 2684 ter-

1816 2718 1969 2772 renis
1998 2717 2284 2773 laboribus
2314 2716 2570 2774 addictus
2599 2718 2869 2790 transegi,
2903 2718 3094 2774 odium
3125 2735 3217 2774 me
3245 2719 3414 2791 cepit.
3503 2733 3506 2735 ’

1817 2807 2070 2878 Cumque
2100 2819 2296 2862 eorum
2331 2821 2581 2863 amorem
2632 2822 2700 2862 ex
2739 2809 2927 2862 animo
2960 2808 3320 2864 excussissem
3360 2801 3419 2864 et

1815 2898 2124 2967 ejecissem,
2149 2911 2215 2952 ea
2250 2913 2372 2952 sese
2406 2897 2580 2952 oculis
2601 2897 2742 2952 meis
2758 2896 3102 2963 obtulerunt,
3137 2914 3259 2970 quae
3288 2911 3417 2954 vere

1814 2983 1961 3041 bona
1989 2993 2139 3053 sunt,
2172 2987 2278 3042 hoc
2306 2993 2410 3054 est,
2436 2987 2537 3042 Dei
2567 2992 2722 3042 metu
2752 2987 3051 3060 praeditum
3080 2999 3220 3054 esse,
3245 2993 3414 3060 atque

1813 3074 1988 3147 ipsius
2010 3077 2281 3132 voluntati
2304 3075 2554 3148 obsequi.
2572 3077 2718 3132 Nam
2739 3077 2846 3132 hoc
2863 3076 3139 3132 bonorum
3161 3067 3412 3133 omnium

1813 3171 1983 3236 caput
2007 3181 2129 3220 esse
2159 3171 2509 3242 compertum
2553 3164 2741 3220 habui.
2781 3165 2896 3221 Hoc
2925 3166 3076 3221 enim
3122 3167 3412 3238 sapientiae

144 3246 285 3314 dunt,
316 3250 372 3305 in
400 3252 796 3323 prosperitate,
826 3269 929 3308 nec
976 3254 1134 3309 luxui
1179 3253 1386 3309 deditis
1413 3255 1472 3309 in
1503 3255 1637 3310 luxu
1676 3259 1790 3320 etC
1815 3253 2038 3310 initium
2065 3267 2188 3310 esse
2218 3254 2444 3320 dicitur,
2469 3255 2638 3326 atque
2667 3255 2806 3309 adeo
2837 3255 3082 3327 perfecta
3110 3255 3406 3328 sapientia.

153 3339 406 3408 cupediis,
452 3357 561 3395 nec
586 3340 656 3395 iis
688 3341 782 3414 qui
807 3358 999 3396 secure
1027 3341 1134 3397 sibi
1153 3342 1337 3398 vive-re
1364 3343 1642 3411 videntur,
1674 3345 1733 3398 in
1817 3343 2039 3398 Etenim
2069 3343 2333 3400 maeroris
2363 3357 2558 3415 expers
2587 3341 2702 3398 vita
2721 3348 2823 3409 est,
2858 3349 3026 3416 atque
3056 3343 3126 3399 ab
3156 3345 3308 3400 omni
3325 3345 3409 3401 of-

144 3425 282 3481 inani
307 3444 408 3483 sua
458 3436 520 3485 et
556 3430 995 3486 imbecillissima
1031 3432 1353 3499 securitate,
1387 3449 1491 3488 nec
1518 3433 1577 3488 in
1615 3434 1732 3488 ulla
1813 3431 2063 3487 fension‘e
2093 3421 2269 3487 libera
2309 3432 2379 3488 iis
2405 3431 2502 3504 qui
2531 3431 2655 3486 eam
2684 3433 3119 3505 amplectuntur,
3152 3439 3210 3490 et
3237 3434 3333 3507 qui
3355 3436 3408 3492 ei

142 3516 241 3570 alia
262 3533 319 3572 re
341 3535 406 3574 ex
426 3519 501 3574 iis
525 3520 619 3591 qui
641 3521 902 3576 laudibus
927 3522 1257 3576 eil'eruntur.
1272 3523 1482 3577 Verum
1505 3523 1621 3578 haec
1639 3541 1728 3578 res
1809 3526 2081 3594 tanquam
2111 3522 2350 3578 Domino
2377 3521 2716 3589 innituntur,
2748 3527 2875 3577 tuta
2907 3527 2964 3578 et
2989 3521 3059 3578 ab
3089 3524 3243 3580 omni
3263 3521 3409 3597 peri-

141 3609 453 3663 torrentium
472 3625 751 3680 aquarum
781 3611 840 3664 in
871 3611 1211 3682 profundum
1230 3628 1390 3666 mare
1410 3611 1722 3666 labentium
1810 3612 1939 3666 culo
1968 3612 2256 3667 immunis.
2286 3611 2426 3667 Cum
2456 3609 2646 3683 itaque
2675 3611 2932 3667 animum
2953 3628 3144 3668 meum
3165 3613 3236 3668 ad
3258 3623 3407 3669 erro-

141 3697 380 3752 transitui
399 3699 602 3754 similis
623 3705 712 3753 est
732 3719 742 3755 :
767 3699 964 3754 eodem
980 3701 1132 3755 enim
1153 3701 1320 3755 modo
1338 3702 1495 3756 ﬂuxa
1513 3707 1648 3756 sunt
1667 3707 1723 3756 et

141 3781 337 3855 fragilia
369 3789 562 3843 omnia
594 3790 908 3860 praesentia.
955 3791 1100 3845 Hinc
1147 3791 1359 3845 scilicet
1386 3792 1503 3846 haec
1532 3792 1723 3846 omnia

141 3888 267 3928 vana
291 3892 426 3945 esse,
456 3895 640 3950 neque
667 3880 976 3952 quidquam
1022 3879 1282 3934 utilitatis
1324 3880 1530 3935 habere
1560 3881 1722 3936 intel-

142 3961 408 4030 lexi.Quin
427 3968 616 4039 potius
636 3969 1112 4040 quemadmodum
1147 3970 1338 4042 priora
1365 3971 1557 4025 omnia
1585 3970 1720 4026 obli-

141 4051 284 4108 vione
295 4055 492 4112 obruta
509 4063 642 4112 sunt
674 4058 804 4123 ;sive
821 4059 1061 4130 gloriam
1083 4059 1307 4125 dixeris,
1323 4059 1437 4114 sive
1455 4076 1713 4131 regnum,

141 4139 239 4196 sive
262 4144 596 4216 dignitatum
619 4148 994 4219 splendorem,
1017 4147 1132 4202 sive
1162 4149 1428 4219 potentiae
1456 4150 1718 4221 amplitu-

140 4228 324 4299 dinem,
357 4236 470 4291 sive
497 4241 869 4308 tyrannorum
912 4238 1226 4305 audaciam,
1258 4238 1373 4292 sive
1399 4239 1532 4310 quid
1563 4239 1717 4294 aliud

139 4319 367 4388 ejusdem
409 4325 653 4396 generis)
684 4326 880 4381 eodem
932 4327 1100 4382 modo
1155 4328 1454 4398 praesentia
1492 4345 1714 4402 quoque

137 4410 344 4467 tandem
364 4421 612 4470 vetustas
634 4415 970 4471 obscurabit.
988 4417 1241 4481 Quorum
1262 4417 1321 4472 in
1337 4433 1573 4473 numero
1584 4436 1712 4473 cum

138 4494 240 4567 ipse
260 4518 473 4576 quoque
485 4505 610 4572 sim,
627 4507 1302 4562 consuetazimmutationi
1335 4523 1566 4579 prorsus
1587 4509 1713 4564 sub-

135 4585 296 4654 jicior.
319 4592 392 4647 Ut
413 4595 562 4649 enim
589 4595 660 4649 iis
683 4595 779 4667 qui
801 4602 933 4651 ante
961 4613 1052 4651 me
1083 4595 1441 4664 exstiterunt,
1465 4613 1712 4670 praesen-

1803 3701 1882 3756 ris
1911 3701 2092 3756 omnis
2121 3705 2406 3776 exPertem
2431 3700 2828 3756 mandatorum
2843 3699 3069 3755 Domini
3083 3701 3228 3756 viam
3247 3701 3404 3774 adje-

1804 3790 2024 3858 cissem,
2045 3790 2297 3862 nihilque
2327 3789 2383 3845 in
2411 3789 2547 3862 ipsis
2568 3787 2857 3862 obliquum
2880 3795 2937 3845 et
2961 3789 3398 3858 anfractuosum,

1803 3897 1869 3936 ac
1897 3879 2256 3953 voraginibus
2285 3884 2344 3934 et
2390 3871 2629 3952 scopulis
2689 3885 2746 3935 et
2801 3878 3052 3935 sentibus
3095 3887 3152 3935 et
3179 3879 3403 3936 tribulis

1802 3971 2029 4043 plenum
2051 3987 2172 4025 esse
2195 3975 2347 4026 certo
2370 3966 2786 4041 comperissem,
2809 3985 3001 4025 verum
3025 3985 3150 4024 eam
3171 3968 3401 4026 omnino

1800 4060 2026 4131 planam
2058 4064 2116 4113 et
2139 4056 2469 4131 aequabilem
2492 4073 2614 4112 esse
2639 4076 2651 4126 ;
2688 4072 2882 4112 eorum
2900 4057 3126 4130 quidem
3146 4057 3240 4131 qui
3255 4058 3402 4115 hanc

1799 4148 2194 4219 ingrediuntur
2230 4164 2332 4219 per
2360 4146 2699 4202 clarissimas
2728 4148 3231 4220 contemplationes
3260 4165 3399 4204 ocu-

1798 4237 1882 4292 los
1911 4237 2305 4305 oblectantem,
2339 4235 2686 4309 pedibusque
2715 4237 3188 4309 pulchritudinem
3220 4238 3400 4294 conci-

1797 4325 2050 4392 liantem,
2076 4332 2246 4397 atque
2274 4342 2371 4381 eos
2399 4325 2469 4380 ad
2500 4325 2966 4398 praeparationem
2993 4325 3278 4398 Evangelii
3297 4343 3398 4400 pa-

1795 4416 1874 4470 cis
1902 4417 2262 4482 calceantem,
2290 4423 2381 4470 me
2408 4416 2592 4488 ipsum
2616 4415 2818 4487 prioris
2842 4415 3165 4487 imposturae
3195 4432 3260 4470 ac
3287 4421 3398 4472 sto-

1794 4506 1920 4560 lidae
1965 4507 2180 4560 fraudis
2231 4505 2462 4560 nomine
2502 4504 2774 4558 miserum
2820 4503 3152 4572 existimavi,
3193 4519 3259 4560 ac
3296 4519 3397 4577 per

1793 4600 2005 4650 rectam
2037 4596 2191 4649 illam
2223 4594 2482 4664 incedere
2505 4608 2803 4663 aggressus
2832 4607 2992 4647 sum:
3019 4608 3187 4664 quam
3222 4593 3395 4650 etiam

138 4675 260 4732 tium
282 4696 466 4738 rerum
487 4685 865 4756 voluptatibus
882 4692 1153 4759 perpetuo
1185 4685 1296 4742 frui
1324 4687 1558 4743 minime
1580 4705 1710 4743 con-
1729 4702 1778 4761 D
1797 4684 2010 4755 optimo
2015 4686 2144 4755 jure
2165 4683 2332 4738 rebus
2357 4681 2616 4737 omnibus
2628 4680 2885 4747 antetuli,
2910 4685 3080 4754 atque
3090 4683 3394 4755 collapsam

138 4768 329 4823 cessum
358 4777 461 4839 est,
493 4773 574 4827 sic
605 4789 675 4828 ne
717 4775 855 4829 mihi
914 4776 1143 4848 quidem
1189 4777 1542 4831 concedetur.
1574 4777 1714 4832 Ani-

139 4855 386 4914 madverti
407 4862 578 4929 enim,
603 4865 1077 4934 quemadmodum
1099 4870 1376 4938 tyrannus
1407 4865 1497 4920 hic
1517 4882 1581 4920 ac
1599 4872 1715 4922 tur-

138 4938 376 5003 bulentus
395 4953 636 5008 mundus
656 4955 911 5009 homines
932 4960 1156 5022 tractet,
1184 4971 1278 5010 eos
1319 4955 1588 5010 nimirum
1606 4957 1713 5011 huc

138 5035 285 5103 atque
319 5036 761 5108 illucinvertens,
786 5043 890 5098 hos
911 5043 1125 5098 scilicet
1154 5060 1224 5098 ex
1248 5043 1447 5116 opibus
1477 5045 1546 5099 ad
1577 5061 1708 5115 ege-

136 5124 336 5194 statem,
366 5128 490 5184 illos
533 5147 729 5187 rursus
782 5147 848 5187 ex
895 5133 1227 5204 gravissima
1266 5138 1600 5206 paupertate
1637 5136 1708 5190 ad

135 5208 366 5282 gloriam,
393 5217 490 5273 hos
515 5219 674 5276 evita
689 5222 918 5289 ducens,
945 5223 1072 5277 illos
1104 5239 1331 5278 rursum
1363 5239 1558 5279 eorum
1587 5225 1708 5280 loco

137 5295 185 5386 in
207 5301 361 5359 vitam
381 5307 677 5378 inducens;
705 5312 988 5383 sapientes
1007 5313 1278 5384 quosdam
1303 5315 1361 5368 et
1386 5314 1712 5386 ingeniosos

139 5385 262 5445 viros
281 5393 594 5466 improbans
628 5415 693 5456 ac
733 5401 1012 5472 rejiciens,
1047 5419 1253 5475 eosque
1282 5385 1464 5476 quiin
1493 5405 1706 5459 honore

138 5487 191 5565 ac
214 5481 493 5550 splendore
520 5495 698 5557 erant,
726 5497 1076 5564 contemptus
1105 5498 1163 5548 et
1189 5492 1555 5565 despicabiles
1583 5495 1706 5549 red-

140 5562 289 5656 dens;
319 5575 453 5631 alios
481 5585 677 5635 contra
703 5562 1035 5655 insipientes
1067 5598 1133 5638 ac
1159 5562 1395 5639 stolidos
1426 5584 1485 5640 in
1513 5584 1708 5656 gloriae

139 5651 316 5716 throno
335 5665 606 5725 collocans
624 5651 1045 5746 ηαδ-δοθείη
1072 5673 1173 5746 qui
1195 5671 1400 5746 abjecti
1432 5678 1492 5732 et
1513 5651 1708 5731 obscu-

1795 4779 1851 4828 et
1877 4773 2121 4827 dirutam
2143 4773 2346 4827 animm
2373 4788 2511 4826 mea;
2539 4771 2768 4825 domum
2799 4770 3118 4827 instaurare
3155 4773 3318 4846 ccepi.

1869 4864 2010 4918 Cum
2032 4879 2164 4934 ergo
2182 4862 2252 4917 ad
2272 4863 2422 4917 hunc
2432 4859 2661 4915 modum
2675 4858 2844 4916 rebus
2863 4861 3003 4917 meis
3017 4864 3388 4933 consulerem,

1795 4969 1860 5008 ac
1881 4953 2087 5007 mentis
2106 4951 2385 5008 lubricum
2407 4950 2689 5020 corrigere
2708 4950 3290 5030 studerem,sapientis
3303 4971 3394 5010 cu-

1787 5044 2014 5115 jusdam
2032 5041 2287 5114 magistri
2305 5055 2496 5096 vocem
2513 5039 2843 5105 audivi,haec
2853 5041 2989 5096 mihi
3011 5043 3388 5099 inclamantis:

1792 5131 2155 5204 Egredimini,
2196 5130 2399 5204 inquit.
2431 5145 2626 5185 omnes
2651 5168 2665 5195 ,
2701 5146 2841 5203 quos
2878 5132 3078 5187 salutis
3115 5131 3390 5206 cupiditas

1788 5229 1962 5290 tenet,
1993 5227 2162 5296 atque
2190 5237 2224 5276 a
2249 5219 2444 5275 mundi
2470 5214 2720 5274 vanitate
2745 5233 2846 5274 vos
2871 5227 3170 5289 removete,
3186 5221 3392 5278 transit

1791 5312 1941 5367 enim
1971 5313 2147 5384 ipsius
2170 5311 2352 5382 ﬁgura
2375 5309 2424 5377 (I
2451 5303 2717 5376 001‘.‘vﬁf)‘.
2750 5310 2875 5364 Jam
2901 5311 3154 5384 jamque,
3179 5317 3237 5367 et
3262 5327 3389 5368 ecce

1789 5418 1901 5458 non
1923 5402 2050 5457 erit.
2090 5399 2375 5458 Irrelortis
2407 5397 2586 5454 oculis
2608 5393 2884 5466 excedite;
2917 5416 3020 5454 nec
3044 5405 3233 5456 tamen
3264 5401 3389 5459 ina-

1788 5508 1887 5547 nes
1907 5496 1964 5546 et
1981 5490 2161 5560 vacui,
2175 5505 2369 5545 verum
2385 5488 2740 5559 sempiternae
2760 5487 2885 5542 vitae
2905 5488 3105 5544 viatica
3120 5490 3386 5548 terentes.

1789 5581 2008 5639 Etenim
2038 5582 2270 5654 longum
2299 5580 2408 5637 iter
2449 5577 2604 5634 vobis
2640 5576 2948 5634 ineundum
2977 5586 3082 5648 est,
3125 5581 3387 5658 quodque

1787 5673 1968 5729 multo
2009 5671 2240 5744 hujusce
2266 5670 2396 5728 vitae
2421 5667 2623 5724 viatico
2653 5681 2798 5742 opus
2838 5667 3074 5740 habeat;
3108 5677 3278 5745 atque
3315 5673 3385 5728 ad
