3878 6448
439 359 548 418 499

1474 357 1570 413 DE
1603 357 1793 414 VITIS
1831 357 2128 414 PATRUM
2162 359 2376 416 LIBER
2411 359 2702 416 PRIMUS.

3617 351 3743 412 500

441 487 850 558 sempiternum
879 485 1082 550 locum,
1101 481 1243 536 duas
1279 481 1557 553 regiones,
1578 480 1637 535 in
1654 481 1858 552 quibus
1872 498 2035 536 man-
2054 486 2098 542 A
2123 482 2182 537 in
2234 484 2564 556 Evangelico
2597 485 2878 540 volumine
2920 485 3162 540 inculcat
3190 483 3408 540 (Matth.
3439 478 3600 548 xxv).
3629 477 3734 534 Ad

445 577 632 631 siones
655 575 842 628 multa:
871 573 986 626 sint
1007 573 1054 638 (Ι
1081 572 1200 626 Cor.
1224 574 1308 639 II),
1329 571 1652 627 habentem.
1673 570 2028 642 pervenietis.
2114 572 2263 626 hunc
2281 573 2493 628 scilicet
2521 575 2745 629 modum
2779 592 2946 646 quam
2993 573 3276 630 tutissime
3299 572 3562 626 fertunas
3589 576 3734 624 tuas

445 665 696 730 Quarum
721 663 957 716 alteram
981 661 1207 732 quidem
1237 660 1388 714 Deus
1425 659 1494 713 iis
1523 660 1618 730 qui
1650 660 1824 730 ipsius
1844 676 2034 714 amore

445 755 707 824 ﬂagrant,
732 753 968 821 ejusque
1007 749 1290 803 mandatis
1321 748 1730 820 obtemperant,
1755 766 2037 820 prmpara—

443 841 539 910 vit,
569 839 828 895 omnibus
855 838 1018 893 bonis
1039 839 1334 892 ﬂorentem
1357 843 1410 892 et
1440 838 1941 892 circumﬂuentem.

514 931 602 986 Ad
632 947 803 1002 quam
837 929 935 1000 qui
967 927 1154 982 divino
1181 926 1452 981 beneﬁcio
1499 927 1876 981 admittuntur
1902 928 2035 996 (13a.

443 1022 630 1089 xxxv),
654 1020 712 1074 in
733 1017 1077 1089 sempiterna
1097 1015 1514 1087 incorruptione
1525 1017 1824 1087 degunt,ut
1835 1016 2044 1088 quiim-

446 1108 792 1163 mortalitate
820 1107 1081 1161 interitus
1109 1105 1293 1160 omnis
1316 1111 1542 1176 experte
1583 1105 1862 1172 fruantur,
1895 1106 2044 1160 unde

449 1197 843 1269 effugit-dolor,
867 1195 1097 1250 tristitia
1123 1199 1181 1250 et
1206 1195 1470 1266 gemitus.
1501 1195 1697 1249 Altera
1715 1201 1904 1248 autem
1921 1213 2042 1266 quae

449 1285 702 1341 tenebris
729 1291 786 1340 et
813 1285 1152 1349 calamitate,
1193 1300 1258 1337 ac
1286 1283 1478 1337 dolore
1509 1283 1756 1338 conferta
1781 1290 1889 1352 est,
1924 1287 2046 1341 dia-

452 1375 582 1430 bolo
605 1380 663 1429 et
683 1375 896 1444 angelis
919 1375 1042 1444 ejus
1062 1377 1259 1445 parata
1288 1378 1390 1427 est.
1424 1373 1490 1427 In
1519 1389 1690 1444 quam
1720 1375 1890 1428 etiam
1919 1393 2047 1430 con-

451 1465 740 1535 jicientur,
771 1463 866 1534 qui
895 1479 996 1534 per
1032 1461 1340 1532 ﬂagitiosus
1369 1462 1615 1516 actiones
1641 1479 1764 1516 eam
1787 1463 1891 1518 sibi
1915 1482 2046 1520 con-

456 1553 788 1618 ciliaverint,
821 1557 991 1622 atque
1026 1550 1098 1604 ab
1148 1550 1382 1604 interitu
1411 1550 1596 1605 aliena
1623 1556 1681 1606 et
1708 1554 2049 1624 sempiterna

454 1641 605 1696 bona
633 1658 760 1696 cum
789 1638 1158 1712 praesentibus
1189 1641 1610 1706 commuterint,
1645 1645 1904 1712 totosque
1929 1660 2050 1697 sese

459 1731 607 1803 ignis
636 1730 831 1785 aeterni
861 1729 1129 1801 pabulum
1158 1728 1468 1782 effecerint?

2120 678 2314 716 omnes
2342 681 2443 734 per
2467 664 2752 733 egentium
2778 681 2979 718 manus
3009 664 3142 718 illuc
3167 660 3531 734 praemiseris.
3571 660 3732 713 Nam

2121 751 2390 822 quidquid
2439 753 2496 806 in
2552 770 2618 807 eo
2662 753 2917 810 beneﬁcii
2945 751 3264 816 contuleris,
3297 749 3578 804 Dominus
3615 747 3735 801 sibi

2121 841 2416 906 ascissens,
2443 858 2648 911 magno
2668 859 2794 896 cum
2823 842 3033 896 faenore
3060 841 3162 896 tibi
3183 839 3475 912 rependet.
3499 836 3734 891 Etenim

2122 946 2217 984 eos
2263 931 2358 1000 qui
2404 930 2580 1001 ipsius
2627 948 2816 986 amore
2856 930 3078 1002 praediti
3131 934 3282 992 sunt,
3315 926 3738 982 beneﬁciorum

2124 1019 2674 1074 remunerationibus
2687 1037 2908 1091 semper
2920 1017 3258 1090 superat.Ad
3277 1017 3448 1080 hunc,
3467 1015 3707 1085 inquam
3717 1053 3733 1077 ,

2125 1108 2356 1162 modum
2383 1109 2554 1178 hujus
2584 1109 2790 1174 saeculi,
2822 1109 2912 1163 cui
2941 1109 3037 1163 diu
3061 1109 3180 1178 jam
3209 1122 3324 1161 non
3340 1105 3464 1160 sine
3507 1102 3738 1172 ingenti

2127 1197 2431 1251 afﬂictione
2471 1198 2708 1265 servisti,
2739 1199 3012 1270 surreptis
3035 1195 3334 1261 thesauris,
3367 1211 3436 1249 ex
3464 1193 3555 1247 his
3579 1207 3736 1264 pra:-

2127 1287 2275 1340 clare
2307 1286 2570 1340 viaticum
2593 1286 2697 1341 tibi
2750 1287 2808 1341 in
2853 1286 3108 1342 futurum
3149 1281 3522 1355 comparabis,
3557 1287 3740 1351 atque

2129 1376 2312 1430 alieno
2344 1391 2438 1429 eos
2478 1376 2741 1448 eripiens,
2782 1375 2884 1430 tibi
2932 1375 3038 1446 ipsi
3093 1375 3250 1446 prius
3299 1371 3596 1433 recondes,
3629 1385 3740 1440 per

2130 1465 2281 1518 ﬂuxa
2304 1481 2508 1536 nempe
2538 1471 2596 1518 et
2621 1465 2829 1519 caduca
2874 1465 2991 1519 haec
3031 1463 3197 1528 bona,
3229 1478 3296 1516 ea
3324 1477 3452 1532 qua.-
3477 1460 3651 1513 ﬁrma
3677 1463 3743 1510 et

2130 1553 2353 1608 stabilia
2375 1560 2508 1608 sunt
2537 1571 2748 1608 emens.
2777 1554 2989 1609 Deinde
3035 1558 3244 1617 autem,
3275 1551 3393 1606 Deo
3429 1548 3540 1603 tibi
3567 1563 3740 1618 opem

2131 1642 2364 1707 ferente,
2397 1643 2566 1712 hujus
2595 1643 2789 1697 mundi
2819 1641 3276 1696 incertitudinem
3321 1645 3380 1693 et
3407 1637 3746 1692 inconstan-

2133 1732 2271 1786 tiam
2294 1731 2623 1802 perspicies:
2643 1732 3012 1800 omnibusque
3045 1729 3212 1784 rebus
3231 1729 3420 1782 valere
3441 1726 3643 1798 jussis.
3665 1725 3740 1778 ad

529 1821 648 1874 Hac
675 1837 777 1889 ego
807 1799 937 1873 voce
957 1817 1167 1883 audita,
1191 1822 1360 1887 atque
1379 1817 1554 1888 ipsius
1581 1818 1816 1874 veritate
1836 1799 2382 1877 intelle-Bfuturum
2529 1821 2854 1886 transferes,
2883 1799 3050 1890 atque
3097 1835 3162 1873 ea
3212 1834 3334 1888 qua
3385 1819 3746 1888 praetereunt

460 1915 569 1976 cta,
600 1909 660 1962 in
692 1909 792 1962 hoc
822 1924 996 1963 unum
1029 1923 1170 1978 opus
1217 1905 1466 1972 incubui,
1497 1911 1563 1962 ut
1590 1907 1660 1962 ad
1702 1908 1842 1963 illud
1867 1911 2052 1982 hospi-

457 1999 602 2053 tium
633 1997 982 2069 pervenirem
1014 1995 1161 2068 quod
1192 1996 1345 2050 omni
1373 1995 1563 2050 dolore
1595 2003 1652 2051 et
1668 1998 1936 2052 mcestitia
1962 2017 2052 2054 va-

457 2092 565 2152 cat,
590 2091 859 2157 tantaque
873 2092 1068 2140 contra
1077 2084 1378 2139 securitate
1392 2100 1458 2138 ac
1475 2085 1649 2139 tantis
1666 2085 1828 2141 bonis
1847 2093 2047 2142 scatet:

2131 1910 2252 1981 ipse
2276 1909 2622 1980 praeteriens,
2654 1911 2837 1980 iisque
2865 1909 3033 1963 rebus
3079 1924 3202 1979 quae
3230 1907 3290 1960 in
3315 1922 3416 1976 spe
3445 1903 3650 1976 positae
3673 1919 3743 1956 ac

2132 1999 2311 2052 ﬁrmae
2339 2003 2489 2061 sunt,
2539 2004 2594 2052 te
2646 1999 2927 2064 addicens,
2957 1995 3329 2067 tenebrasque
3372 2010 3506 2048 cum
3534 1992 3744 2047 mortis

2134 2087 2336 2141 umbra
2355 2086 2941 2158 relinquens.odioque
2957 2092 3076 2141 tum
3095 2085 3368 2140 mundum
3391 2089 3518 2137 tum
3535 2080 3744 2136 mundi

461 2192 699 2248 quorum
719 2175 964 2246 cognitio
1002 2190 1152 2228 nunc
1180 2173 1320 2227 mihi
1356 2173 1630 2228 duntaxat
1657 2191 1722 2228 ex
1748 2181 1908 2246 parte
1947 2182 2050 2242 est,
2135 2175 2445 2247 principem
2477 2176 3132 2246 insectans,carnemque
3159 2171 3414 2228 interitui
3434 2169 3744 2225 obnoxiam

457 2269 524 2320 ut
551 2264 647 2336 qui
675 2263 984 2336 spiritualis
1035 2262 1218 2317 aetatis
1248 2262 1467 2316 ratione
1495 2279 1635 2334 puer
1654 2263 1780 2330 sim,
1813 2281 1877 2318 ac
1906 2266 2054 2320 velut
2136 2265 2356 2319 hostem
2386 2265 2488 2319 tibi
2523 2281 2646 2319 esse
2679 2265 2906 2331 ducens,
2935 2264 3010 2318 ad
3055 2264 3237 2318 lucem
3287 2259 3746 2316 inaccessibilem

459 2370 562 2426 per
589 2353 811 2425 specula
843 2353 1118 2407 duntaxat
1145 2355 1202 2406 et
1239 2351 1539 2422 mnigmata
1568 2369 1658 2407 res
1703 2353 1903 2408 futurae
1932 2355 2056 2410 vitae
2140 2370 2396 2408 accurres
2455 2357 2502 2422 (Ι
2557 2356 2695 2407 Tim.
2745 2358 2842 2422 v1),
2875 2369 3149 2424 cruceque
3197 2349 3451 2406 humeris
3489 2347 3740 2408 sublata,

459 2443 814 2516 perspiciam.
841 2443 984 2496 Cum
1003 2445 1192 2496 autem
1215 2441 1433 2496 venerit
1451 2441 1598 2512 quod
1619 2442 1924 2512 perfectum
1951 2451 2055 2508 est,
2139 2443 2428 2498 Christum
2461 2443 2740 2497 irretortis
2767 2443 2940 2498 oculis
2990 2440 3262 2513 sequeris,
3297 2444 3362 2495 ut
3404 2438 3584 2493 etiam
3612 2453 3746 2492 cum

462 2549 528 2588 ac
556 2531 695 2586 facie
717 2531 788 2586 ad
817 2531 1016 2585 faciem
1045 2547 1394 2600 cognoscam,
1419 2535 1540 2584 tum
1569 2531 1794 2586 demum
1825 2550 2060 2587 evacua-
2144 2533 2266 2602 ipso
2285 2531 2634 2601 gloriﬁceris,
2658 2533 2916 2603 vitaeque,
2957 2547 3072 2585 non
3093 2531 3215 2600 jam
3243 2528 3467 2583 caduca;
3491 2531 3552 2581 et
3579 2525 3749 2580 falla-

463 2620 620 2675 bitur
648 2621 796 2691 quod
826 2637 889 2675 ex
912 2624 1071 2690 parte
1103 2624 1188 2673 est
1215 2621 1268 2686 (Ι
1289 2619 1409 2673 Cor.
1434 2623 1575 2686 χιιι).
1609 2619 1730 2684 Quo
1757 2621 1907 2676 circa
1929 2639 2061 2693 gra-
2145 2621 2222 2675 cis
2249 2622 2428 2675 haeres
2452 2621 2729 2675 efﬁciaris.

463 2713 576 2764 tias
595 2725 700 2780 ago
716 2709 832 2763 Deo
844 2724 946 2779 per
963 2709 990 2761 J
997 2724 1154 2762 esum
1168 2707 1450 2761 Christum
1467 2707 1771 2762 Dominum
1785 2717 2058 2766 nostrum.
2215 2709 2489 2780 Josaphat
2516 2710 2709 2780 itaque
2739 2709 2808 2763 ad
2830 2725 2959 2764 eum
2979 2708 3088 2762 ait:
3115 2706 3270 2763 Istud
3297 2706 3507 2777 ipsum,
3541 2719 3752 2774 nempe

466 2797 689 2854 Etenim
721 2797 808 2851 lex
831 2796 1064 2868 spiritus
1093 2796 1218 2850 vitae
1263 2796 1322 2850 in
1352 2796 1576 2850 Christo
1602 2798 1754 2864 Jesu,
1787 2815 1822 2852 a
1849 2801 2060 2870 peccati
2144 2799 2334 2852 omnia
2352 2815 2452 2868 pro
2470 2798 2645 2852 nihilo
2667 2804 2885 2870 putare,
2907 2804 3078 2868 atque
3107 2812 3285 2866 usque
3313 2795 3455 2848 adeo
3475 2808 3748 2864 asperum

469 2891 528 2942 et
554 2885 751 2940 mortis
772 2887 895 2955 lege
917 2901 1006 2939 me
1035 2884 1310 2951 liberavit,
1333 2885 1636 2956 oculosque
1649 2903 1805 2941 meos
1819 2890 2058 2960 aperuit,
2147 2887 2268 2942 vita:
2297 2904 2476 2957 genus
2506 2887 2808 2957 suscipere,
2859 2885 3334 2958 quemadmodum
3361 2882 3630 2954 superius
3657 2881 3746 2934 di-

469 2980 539 3031 ut
564 2975 749 3030 carnis
774 2975 1035 3029 affectum
1066 2979 1305 3028 mortem
1336 2991 1476 3040 esse,
1505 2974 1736 3046 spiritus
1768 2983 1959 3031 autem
1988 2978 2066 3032 af-
2145 2977 2539 3041 xisti,vetusne
2558 2976 2882 3031 institutum
2901 2981 3004 3041 est,
3027 2974 3098 3029 ab
3126 2973 3512 3046 apostolorum
3543 2969 3749 3025 doctri-

473 3064 681 3120 fectum
702 3064 875 3119 vitam
899 3069 956 3118 et
967 3079 1182 3135 pacem,
1201 3063 1412 3134 liquido
1433 3079 1718 3119 cernerem
1735 3067 1900 3128 (Rom.
1924 3075 2060 3137 vm).
2078 3117 2120 3176 C
2147 3082 2221 3120 na
2241 3081 2496 3130 manans,
2530 3082 2603 3119 an
2640 3081 2835 3120 recens
2863 3065 3069 3119 mentis
3102 3069 3298 3118 vestrae
3321 3061 3558 3116 solertia
3586 3075 3746 3114 exco-

473 3153 951 3176 n---__-1_.-.l--._
982 3152 1157 3176 2-1L.--
1188 3169 1312 3176 -__-
1347 3153 1701 3176 .._...__..42--.._
1729 3171 1910 3176 __-____--
1948 3173 1986 3176 ,κ
2018 3175 2027 3176 κ
2149 3154 2405 3176 ,.2Λ-Δ.--...-
2445 3159 2710 3176 1.-____-_.
2749 3154 2953 3176 _‘:‘:--L
3003 3153 3106 3176 1..--
3157 3156 3219 3176 .-ι
3276 3150 3480 3176 _-I:.-..
3514 3165 3579 3176 ιιι.
3607 3164 3720 3176 ..ω-κν-

471 3153 954 3220 Quemadmodum
982 3152 1158 3223 igitur
1184 3169 1316 3222 ergo
1347 3153 1706 3224 praesentium
1729 3171 1918 3210 rerum
1939 3150 2120 3228 cng-U
2142 3154 2408 3224 gitatum;
2445 3159 2716 3225 tanquam
2747 3154 2958 3208 scilicet
3003 3153 3125 3217 hoc,
3157 3156 3223 3205 ut
3276 3150 3482 3204 melius
3513 3165 3579 3202 ac
3607 3164 3744 3219 prae-

469 3243 592 3299 nita
620 3243 886 3308 vanitate,
919 3241 1164 3314 perfecto
1186 3241 1313 3295 odio
1339 3258 1434 3296 eas
1451 3241 1642 3309 habui,
1659 3244 1854 3298 eodem
1871 3246 2059 3314 modo,

469 3337 535 3388 ut
553 3333 624 3387 de
650 3333 788 3403 ipsis
817 3331 1120 3396 existimes,
1140 3336 1197 3385 te
1219 3347 1440 3394 moneo.
1464 3337 1634 3404 atque
1663 3349 1795 3403 erga
1820 3350 1932 3400 eas,
1950 3352 2064 3390 non

469 3437 632 3477 secus
660 3436 726 3475 ac
753 3421 984 3486 alienas,
1015 3426 1074 3475 et
1117 3436 1285 3491 quam
1315 3420 1559 3491 primum
1591 3421 1922 3478 difﬂuxuras
1949 3425 2068 3479 affi-

470 3509 637 3566 ciaris
664 3528 678 3577 ;
705 3514 874 3582 atque
905 3509 1037 3564 hinc
1066 3508 1274 3580 ereptis
1305 3509 1570 3564 omnibus
1597 3510 1974 3578 facultatibus,
2007 3513 2066 3568 in

471 3598 780 3655 immortali
807 3615 941 3664 sevo,
983 3598 1050 3652 ad
1081 3597 1230 3668 quod
1257 3597 1361 3651 tibi
1392 3597 1512 3653 sine
1540 3599 1658 3652 ulla
1705 3617 1866 3654 mora
1903 3603 2068 3672 proﬁ-

472 3686 605 3742 cisci
631 3703 858 3742 necesse
887 3691 989 3752 est,
1013 3686 1344 3741 thesaurum
1365 3687 1460 3758 qui
1485 3686 1636 3742 furto
1657 3690 1947 3760 compilari
1976 3708 2071 3746 ne-

473 3781 663 3849 queat,
679 3781 738 3831 et
757 3781 950 3842 πται
970 3792 1104 3847 opes
1125 3791 1248 3846 quae
1265 3775 1549 3830 exhauriri
1570 3777 1724 3832 nullo
1755 3779 1922 3833 modo
1939 3797 2068 3850 pos-

473 3866 606 3933 sint,
638 3865 741 3922 tibi
765 3865 1036 3920 recondas
1067 3866 1362 3933 (Luc..xu;
1395 3866 1588 3920 Matth.
1629 3870 1726 3935 v1),
1759 3873 1823 3921 ut
1846 3885 1974 3928 cum
2004 3886 2070 3924 eo

473 3955 794 4022 accesseris,
827 3954 1264 4026 haudquaquam
1307 3955 1547 4025 penuria
1601 3954 1841 4020 labores,
1873 3975 2068 4013 verum

475 4043 674 4116 opibus
701 4043 1076 4108 circumfluas,
1092 4041 1572 4114 quemadmodum
1596 4043 1699 4098 tibi
1719 4045 2069 4116 aptissimam

473 4132 780 4202 imaginem
809 4131 1068 4202 superius
1096 4131 1378 4202 proposui.

549 4223 680 4276 CAP.
698 4221 887 4275 XV.—-
917 4219 1076 4275 Dixit
1093 4225 1284 4274 autem
1303 4220 1571 4290 Josaphat
1585 4221 1654 4276 ad
1671 4238 1860 4278 senem
1889 4243 1900 4278 :
1925 4225 2070 4288 Qua-

475 4327 611 4366 nam
630 4310 807 4380 igitur
824 4308 1042 4364 ratione
1063 4308 1430 4379 pecuniarum
1449 4309 1744 4365 thesauros
1775 4311 1906 4367 illuc
1934 4331 2070 4386 prae-

2145 3243 2408 3309 stantius,
2431 3243 2587 3297 vobis
2615 3242 3048 3314 amplexandum
3077 3239 3382 3296 duxeritis?

2219 3333 2397 3388 Senex
2419 3337 2610 3387 autem
2621 3333 2702 3386 ait
2720 3351 2731 3385 :
2748 3332 2873 3386 Non
2885 3347 3078 3385 recens
3105 3329 3393 3384 inductam
3423 3327 3614 3397 legem
3638 3324 3742 3380 tibi

2148 3422 2320 3475 affero
2340 3421 2504 3491 (absit
2523 3421 2717 3490 istud).
2736 3437 2930 3475 verum
2944 3419 3256 3490 antiquitus
3275 3415 3439 3472 nobis
3449 3415 3740 3471 traditam.

2148 3510 2302 3565 Dixit
2311 3511 2462 3564 enim
2475 3512 2746 3565 Dominus
2758 3510 2828 3565 ad
2848 3509 3079 3564 divitem
3094 3507 3416 3578 quemdam,
3431 3505 3530 3576 qui
3542 3521 3610 3559 ex
3627 3504 3746 3574 ipso

2150 3599 2586 3671 percontabatur
2607 3599 2875 3672 quidnam
2891 3598 2996 3652 sibi
3009 3597 3321 3653 faciendum
3333 3600 3490 3649 esset
3497 3599 3566 3648 ut
3575 3593 3746 3646 vitam

2151 3695 2420 3744 aeternam
2430 3695 2886 3760 consequeretur,
2894 3687 3254 3759 jactabatque
3265 3702 3324 3740 se
3333 3689 3542 3740 cuncta
3551 3699 3681 3754 qua:
3694 3681 3748 3734 in

2151 3777 2273 3848 lege
2299 3778 2507 3850 scripta
2535 3784 2698 3833 erant
2725 3794 2992 3832 servasse.
3016 3777 3205 3833 Unum
3235 3773 3337 3828 tibi
3371 3773 3553 3838 deest,
3587 3771 3746 3834 vade,

2152 3867 2328 3922 vende
2355 3867 2545 3923 omnia
2563 3885 2685 3940 quae
2715 3867 2906 3933 habes,
2940 3872 2998 3921 et
3025 3866 3098 3920 da
3123 3861 3485 3936 pauperibus,
3509 3867 3572 3916 et
3584 3859 3750 3915 habe-

2150 3955 2236 4010 bis
2265 3958 2595 4012 thesaurum
2642 3957 2700 4011 in
2731 3957 2888 4021 cmlo,
2925 3960 2980 4010 et
3009 3954 3155 4019 veni,
3187 3969 3270 4018 ac,
3306 3951 3530 4006 sublata
3561 3965 3746 4011 cruce,

2150 4062 2241 4100 me
2288 4063 2542 4116 sequere.
2584 4047 2660 4100 At
2696 4045 2810 4111 ille,
2834 4045 2921 4099 his
2950 4043 3176 4108 auditis,
3209 4040 3478 4096 maestitia
3506 4039 3747 4093 affectus

2150 4140 2254 4190 est.
2291 4135 2425 4189 Erat
2457 4135 2608 4189 enim
2637 4133 2942 4188 admodum
2990 4133 3163 4187 dives.
3201 4132 3342 4187 Cum
3379 4129 3558 4199 igitur
3583 4129 3744 4182 Jesus

2151 4241 2280 4278 eum
2311 4241 2550 4278 moerere
2566 4225 2826 4278 allectum
2844 4223 3092 4289 vidisset,
3110 4220 3283 4275 dixit:
3307 4219 3488 4284 Quam
3520 4216 3746 4271 difﬁcile

2151 4312 2192 4367 ii
2217 4313 2312 4384 qui
2343 4313 2608 4384 pecunias
2635 4312 2846 4366 habent
2856 4311 3150 4366 intrabunt
3167 4310 3224 4363 in
3244 4323 3482 4378 regnum
3505 4306 3641 4373 Dei;
3665 4305 3747 4358 fa-

475 4400 702 4454 mittere
733 4413 953 4469 queam,
973 4402 1037 4451 ut
1064 4412 1278 4461 eorum,
1311 4413 1437 4452 cum
1466 4398 1596 4453 hinc
1623 4399 1929 4468 abcessero,
1952 4404 2070 4458 fru-
2090 4401 2314 4494 Dcilius
2336 4403 2487 4456 enim
2513 4407 2599 4456 est
2625 4401 2902 4455 camelum
2923 4416 3023 4470 per
3037 4398 3286 4454 foramen
3315 4413 3450 4450 acus
3475 4395 3740 4458 transire,

477 4494 632 4544 ctum
661 4486 732 4543 ab
753 4487 908 4542 omni
937 4486 1084 4540 furto
1113 4491 1172 4540 et
1199 4485 1432 4541 interitu
1461 4487 1709 4543 alienum
1744 4491 2066 4561 nanciscar;

477 4594 835 4652 quonamque
880 4577 1019 4632 item
1072 4580 1236 4648 pacto
1294 4593 1482 4632 meum
1535 4577 1595 4631 in
1642 4595 1732 4634 res
1765 4589 2069 4652 praesentes

475 4667 667 4724 odium
713 4667 1122 4729 demonstrare,
1154 4683 1356 4738 resque
1391 4667 1764 4738 sempiternas
1805 4673 2069 4744 consequi

476 4758 709 4829 possim,
731 4761 926 4828 aperte
955 4756 1092 4810 mihi
1120 4755 1288 4810 velim
1318 4755 1572 4828 explices.
1605 4758 1700 4812 Ait
1728 4759 1902 4828 igitur
1929 4763 2068 4816 Bar-

475 4846 624 4900 laam
649 4864 660 4898 :
688 4845 910 4900 Divitiae
925 4846 994 4900 ad
1018 4845 1420 4916 sempiternam
1434 4846 1720 4917 regionem
1750 4866 1851 4920 per
1865 4867 2072 4922 paupe-

478 4951 608 5019 rum
627 4950 827 4988 manus
847 4935 1283 5005 praemittuntur.
1304 4935 1400 4990 Ait
1428 4936 1579 4990 enim
1606 4937 1834 5008 quidam
1853 4940 2071 5011 sapien-

476 5023 734 5078 tissimus
767 5023 1061 5094 propheta,
1093 5023 1292 5078 Daniel
1313 5025 1558 5092 nomine,
1585 5026 1656 5080 ad
1676 5043 1868 5098 regem
1885 5028 2070 5100 Baby-

477 5111 624 5168 lonis
655 5131 668 5166 :
702 5111 941 5182 Propter
964 5111 1086 5177 hoc,
1117 5128 1234 5175 rex,
1265 5113 1561 5168 consilium
1589 5131 1779 5170 meum
1826 5115 1928 5171 tibi
1957 5117 2072 5188 pla-

478 5206 622 5268 ceat,
649 5205 707 5256 et
731 5205 961 5273 peccata
979 5206 1079 5255 tua
1097 5201 1465 5274 eleemosynis
1485 5203 1716 5271 redime,
1739 5210 1907 5276 atque
1927 5205 1982 5260 in
1983 5208 2074 5276 ju-

478 5291 662 5348 stitias
691 5295 820 5346 tuas
839 5289 900 5345 in
927 5289 1381 5346 miserationibus
1403 5308 1716 5364 pauperum
1739 5296 1961 5362 (Daniel
1977 5299 2069 5361 Iv).

479 5381 626 5446 Quin
655 5381 826 5436 etiam
853 5380 1110 5434 Salvator
1131 5380 1219 5434 his
1247 5379 1427 5436 verbis
1455 5383 1636 5437 utitur
1667 5401 1680 5437 :
1713 5383 1902 5438 Facite
1917 5383 2072 5438 vobis

479 5469 690 5525 amicos
713 5471 782 5525 de
804 5486 1126 5524 mammona
1140 5470 1474 5542 iniquitatis,
1498 5476 1564 5526 ut
1587 5489 1712 5528 cum
1735 5472 2069 5540 defeceritis,

481 5558 759 5630 recipiant
801 5577 900 5615 vos
958 5561 1017 5615 in
1060 5565 1271 5616 aeterna
1317 5561 1682 5617 tabernacula
1725 5561 1880 5632 (Luc.
1931 5563 2067 5634 xvx).

480 5645 770 5719 Multaque
789 5649 858 5708 de
877 5649 1233 5722 eleemosyna
1255 5655 1312 5706 et
1332 5651 1628 5722 largitione
1645 5667 1780 5724 erga
1797 5667 2072 5724 pauperes

2155 4508 2324 4563 quam
2342 4491 2573 4545 divitem
2592 4491 2802 4544 intrare
2822 4489 2880 4544 in
2902 4505 3135 4559 regnum
3158 4487 3259 4541 Dei
3285 4487 3474 4554 (Marc.
3499 4501 3568 4550 x;
3601 4485 3734 4538 Luc.

2149 4589 2319 4646 xvm).
2345 4581 2464 4635 Hoc
2492 4580 2666 4651 igitur
2691 4579 2956 4633 mandato
2984 4577 3197 4639 audito,
3230 4573 3409 4629 sancti
3452 4589 3654 4627 omnes
3691 4571 3743 4625 id

2152 4669 2508 4730 studuerunt.I
2525 4675 2589 4722 ut
2613 4667 2682 4721 ab
2711 4665 3034 4737 hujusmodi
3063 4681 3232 4736 opum
3263 4661 3595 4717 difﬁcultate
3624 4677 3743 4714 sese

2152 4757 2560 4818 abstraherent,
2584 4773 2648 4810 ac
2668 4772 2768 4827 per
2785 4755 3150 4824 largitionem
3181 4768 3318 4822 erga
3334 4767 3637 4822 pauperes,
3667 4749 3746 4804 di-

2153 4847 2360 4919 spersis
2392 4846 2651 4900 omnibus
2680 4844 3056 4910 facultatibus,
3093 4840 3566 4914 sempiternisque
3611 4839 3746 4893 divi-

2149 4937 2247 4992 tiis
2273 4936 2382 4991 sibi
2410 4936 2546 5007 ipsis
2579 4934 2898 4999 reconditis,
2930 4949 3152 4988 crucem
3183 4930 3554 4995 sustulerunt,
3589 4929 3744 4982 Chri-

2153 5033 2416 5097 stumque
2447 5025 2622 5080 secuti
2653 5029 2814 5091 sunt;
2842 5023 2920 5077 sic
2940 5021 3210 5077 nimirum
3238 5026 3303 5074 ut
3329 5018 3580 5090 quidam,
3595 5018 3744 5073 velut

2147 5118 2266 5187 jam
2297 5131 2332 5168 a
2359 5131 2451 5169 me
2466 5115 2678 5169 dictum
2707 5118 2811 5179 est,
2828 5111 3099 5182 martyrio
3115 5109 3604 5182 perfungerentur,
3622 5107 3741 5178 qui-

2154 5205 2283 5260 dam
2309 5209 2498 5259 autem
2548 5203 2822 5274 religiosae
2872 5202 3000 5256 vitae
3048 5197 3443 5254 exercitatione
3465 5201 3743 5252 concerta-

2154 5300 2298 5360 rent,
2332 5298 2519 5365 atque,
2555 5297 2828 5364 quantum
2859 5291 2929 5344 ad
2958 5305 3086 5344 vere
3117 5289 3350 5358 hujusce
3381 5285 3740 5358 philosophia

2153 5383 2430 5438 rationem
2456 5383 2676 5446 attinet,
2711 5380 2886 5436 nihilo
2915 5379 3026 5432 illis
3053 5377 3345 5431 inferiores
3373 5380 3583 5430 essent.
3603 5374 3739 5438 Quo-

2153 5473 2299 5527 circa
2326 5473 2466 5526 illud
2497 5471 2636 5527 scias
2669 5471 2854 5534 velim,
2888 5467 3056 5538 Regis
3085 5465 3261 5522 nostri
3282 5481 3348 5520 ac
3376 5464 3475 5520 Dei
3507 5463 3734 5519 manda-

2151 5567 2272 5616 tum
2300 5562 2405 5616 hoc
2432 5579 2575 5627 esse,
2591 5577 2690 5632 per
2710 5558 2859 5631 quod
2881 5555 3138 5612 homines
3163 5553 3636 5626 sempiternorum
3651 5551 3736 5606 bo-

2153 5667 2356 5712 norum
2369 5651 2668 5723 participes
2695 5647 3030 5705 redduntur.
