3878 6394
160 327 248 388 501

540 323 712 382 VITA
748 323 1191 385 SANC'I‘ORUM
1225 325 1574 386 BARLAAM
1609 325 1958 389 EREM'ITE
1993 324 2084 386 ET
2120 315 2487 385 JOSAPHAT
2523 312 2750 377 INDLE
2785 311 3022 372 REGIS.

3316 309 3422 372 502

222 455 354 512 Cum
375 453 567 526 igitur,
601 453 788 526 inquit
821 454 1109 526 Josaphat,
1141 459 1257 509 tam
1290 455 1525 526 antiqua
1551 461 1610 511 et
1634 473 1735 512 ne-
1751 459 1804 519 Α
1822 458 2013 512 lumen
2041 455 2260 510 detecta
2288 449 2428 506 facie
2457 449 2814 503 mutuantur:
2835 442 2904 497 ad
2921 439 3182 497 eumdem
3195 453 3419 512 quoque

159 545 385 602 cessaris
413 545 736 616 hujusmodi
763 544 1118 616 philosophia
1144 544 1236 609 sit,
1285 545 1417 615 quid
1443 561 1624 600 causae
1654 551 1739 600 est

158 635 504 709 quamobrem
526 635 800 690 hodierna
827 634 919 689 die
949 634 1113 705 pauci
1143 634 1258 689 sint
1275 635 1371 706 qui
1399 635 1544 690 hanc
1564 635 1736 690 vitam

157 727 434 780 imitentur
448 725 471 778 7

222 815 520 886 Respondit
537 831 706 870 senex
730 833 740 868 :
764 814 927 870 Multi
949 814 1175 885 quidem
1205 831 1327 869 eam
1358 813 1566 869 imitati
1583 819 1734 881 sunt,

160 911 210 961 et
219 905 519 961 etiamnum
539 905 856 959 imitantur.
887 903 965 958 At
980 905 1157 959 multo
1171 905 1359 976 plures
1381 909 1732 970 cunctantur,

158 1012 214 1050 ac
238 1011 414 1049 moras
439 1000 694 1049 nectunt.
719 994 888 1050 Pauci
909 995 1058 1048 enim
1081 1000 1231 1058 sunt,
1260 999 1323 1048 ut
1334 995 1415 1048 ait
1441 994 1734 1060 Dominus,

160 1085 245 1156 qui
269 1101 366 1155 per
391 1090 606 1140 arctam
635 1089 692 1139 et
720 1089 1021 1155 angustam
1040 1085 1186 1138 viam
1213 1083 1493 1151 incedant;
1519 1081 1611 1154 qui
1643 1099 1739 1137 au-

157 1179 262 1229 tem
285 1190 384 1244 per
403 1173 626 1228 facilem
660 1179 717 1228 et
737 1174 1107 1244 latam,quam
1136 1172 1362 1244 plurimi
1380 1174 1598 1237 (Matth.
1619 1186 1695 1226 vn
1721 1191 1733 1239 ;

159 1265 271 1318 Luc.
294 1262 470 1334 xxm).
504 1264 651 1317 Nam
673 1264 767 1334 qui
785 1263 1335 1334 semelpecuniarum
1349 1262 1739 1334 cupiditate,et

157 1353 403 1407 vitiorum
436 1369 560 1423 quae
591 1370 656 1407 ex
685 1353 1067 1425 voluptatibus
1096 1353 1373 1418 oriuntur,
1410 1369 1737 1406 amorecor-

1822 547 2051 601 modum
2071 541 2278 600 Christi
2292 542 2487 596 lumen
2503 535 2762 592 omnibus
2777 533 3003 605 quidem
3025 528 3423 601 illucet,splen-

1821 638 2132 707 doremque
2163 648 2329 688 suum
2359 627 2522 684 nobis
2542 625 2755 680 aifatim
2778 621 3028 694 impertit
3055 640 3068 688 ;
3089 625 3150 674 at
3168 635 3298 673 vero
3318 633 3420 690 pro

1822 742 1922 781 sua
1963 725 2202 795 quisque
2245 719 2551 791 cupiditate
2582 713 2866 782 animique
2909 709 3200 765 alacritate
3236 707 3422 779 ipsum

1822 814 2079 887 percipit.
2110 813 2253 866 Nam
2286 825 2389 864 nec
2417 807 2510 860 ille
2533 804 2766 875 justitiaa
2793 801 2876 856 sol
2904 800 3080 854 ullum
3112 815 3176 852 ex
3204 796 3292 850 his
3323 796 3420 868 qui

1822 885 2110 959 oculorum
2124 901 2301 956 aciem
2312 899 2371 952 in
2391 897 2576 968 ipsum
2594 891 2883 948 intendere
2902 888 3137 960 cupiunt
3149 885 3420 941 beneficio

1823 1011 1888 1048 eo
1937 991 2139 1064 privat,
2189 1005 2291 1044 nec
2335 1001 2562 1042 rursum
2607 983 2696 1036 his
2725 981 2836 1034 vim
2878 978 3048 1033 infert
3093 975 3190 1047 qui
3221 978 3420 1046 suapte

1822 1063 2020 1154 sponte
2040 1078 2303 1135 tenebras
2323 1075 2574 1146 eligunt;
2607 1087 2798 1126 verum
2829 1085 2944 1124 suae
2967 1065 3200 1138 quisque
3231 1063 3420 1118 liberte

1820 1170 2096 1226 voluntati
2138 1173 2195 1223 et
2223 1163 2500 1229 electioni,
2537 1159 2786 1231 quandiu
2817 1158 2876 1212 in
2906 1157 3013 1211 hac
3041 1155 3157 1209 vita
3193 1159 3295 1220 est,
3327 1168 3419 1206 re-

1819 1259 2114 1331 linquitur.

1893 1350 2032 1403 Cum
2057 1350 2248 1401 autem
2270 1343 2541 1414 Josaphat
2562 1338 2830 1411 quidnam
2851 1333 3071 1390 arbitrii
3088 1331 3319 1386 libertas
3340 1334 3422 1384 at-

159 1444 309 1513 repti,
341 1418 607 1513 venaeque
634 1449 692 1496 et
719 1418 874 1496 inani
903 1442 1097 1513 gloriae
1133 1442 1340 1496 addicti
1369 1446 1521 1508 sunt,
1553 1442 1642 1495 vix
1667 1440 1737 1494 ab
1827 1457 1934 1510 que
1965 1436 2163 1492 electio
2185 1439 2333 1489 esset
2361 1434 2656 1504 quaereret,
2675 1424 3166 1498 responditsenex:
3185 1418 3421 1513 Arbitrii

157 1508 278 1603 ipsis
303 1531 484 1586 divelli
512 1508 778 1603 possunt,
811 1537 875 1585 ut
903 1508 998 1603 qui
1039 1531 1222 1586 alieno
1252 1531 1499 1595 domino,
1531 1531 1740 1601 quique
1822 1508 2053 1582 libertas
2083 1531 2168 1580 est
2195 1523 2395 1578 animae
2415 1521 2634 1575 ratione
2655 1516 2866 1572 utentis
2888 1509 3292 1576 voluntas,sine
3307 1508 3421 1603 ullo

160 1597 352 1687 omnia,
391 1597 588 1676 contra
621 1638 686 1676 ac
715 1623 881 1683 Deus,
917 1597 1178 1692 imperat,
1212 1625 1383 1692 atque
1418 1597 1570 1691 ipsos
1617 1597 1739 1674 tan-
1823 1617 2230 1690 impedimento
2258 1613 2327 1667 ad
2358 1611 2416 1666 id
2465 1608 2614 1681 quod
2649 1608 2784 1671 vult,
2827 1605 2933 1659 hoc
2959 1607 3044 1657 est
3072 1600 3187 1655 sive
3223 1599 3293 1652 ad
3316 1597 3423 1692 vir-

158 1727 309 1781 quam
337 1710 547 1765 catenis
569 1711 904 1782 quibusdam
924 1687 1140 1765 vinctos
1159 1687 1332 1775 tenet,
1357 1687 1509 1764 ultra
1524 1709 1738 1780 seipsos
1822 1687 2022 1770 tutem,
2056 1706 2170 1760 sive
2201 1704 2270 1758 ad
2300 1701 2520 1765 vitium,
2557 1697 2809 1761 incitata,
2844 1699 3014 1764 atque
3035 1707 3069 1744 a
3084 1704 3305 1782 summo
3324 1687 3420 1782 illo

157 1775 487 1869 manciparit.
522 1775 762 1854 Animus
793 1799 1019 1870 quippe,
1050 1816 1176 1853 cum
1199 1799 1371 1858 semel
1400 1775 1797 1866 salutis-suaeB
1823 1801 2056 1869 parente
2087 1800 2144 1848 et
2191 1792 2497 1848 architecto
2525 1787 2606 1842 ita
2636 1785 2848 1840 effecta.
2890 1783 3156 1845 Rursum,
3187 1775 3422 1870 arbitrii

156 1903 296 1958 spem
320 1886 603 1958 abjecerit,
642 1888 886 1943 habenas
912 1905 1043 1943 suas
1057 1889 1268 1942 aversis
1289 1905 1323 1941 a
1344 1888 1563 1941 ratione
1583 1887 1734 1958 cupi-
1817 1866 2048 1940 libertas
2081 1890 2166 1938 est
2201 1876 2597 1936 intellectualis
2626 1875 2828 1929 animae
2869 1887 2971 1944 pro
3008 1885 3112 1924 suo
3141 1866 3419 1922 arbitratu

157 1957 404 2030 ditatibus
431 1977 786 2047 permittens,
813 1994 1272 2049 quaquaversum
1291 1977 1580 2032 fertur.Ac
1603 1957 1734 2047 pro-
1818 1975 2069 2046 agitatio.
2089 1971 2297 2028 Electio
2329 1974 2518 2024 autem
2549 1971 2635 2020 est
2662 1979 2857 2018 earum
2887 1976 3078 2015 rerum
3109 1971 3233 2030 qua:
3252 1957 3312 2011 in
3332 1971 3418 2011 ar-

156 2064 1737 2138 indeProphetaoﬂ‘usam21qhujusmodianimisamen-
1819 2064 1987 2119 bitrio
2017 2069 2208 2118 nostro
2237 2061 2358 2116 sitm
2377 2063 2527 2123 sunt,
2557 2072 2685 2110 cum
2715 2051 2947 2108 consilio
2985 2049 3287 2138 conjuncta
3309 2061 3416 2138 ap-

155 2153 278 2207 tiam
295 2154 1142 2228 deplorans,caliginisqueipsos
1157 2155 1408 2225 urgentis
1423 2155 1730 2210 crassitiem
1817 2154 2034 2225 petitio.
2062 2151 2351 2223 Siquidem
2381 2164 2500 2202 rem
2519 2162 2641 2201 eam
2665 2160 2788 2215 quae
2811 2140 2951 2195 inito
2971 2135 3204 2194 consilio
3217 2133 3417 2188 melior

156 2223 445 2313 lugens,his
472 2244 654 2299 verbis
692 2223 982 2300 utebatur:
1009 2223 1136 2300 ᾖΠῆ
1169 2223 1482 2311 hominum,
1525 2262 1733 2316 usque-
1811 2223 2064 2315 iudicata
2094 2247 2196 2306 est,
2229 2240 2500 2310 eligentes
2531 2233 2866 2307 appetimus.
2898 2227 3207 2284 Consilium
3223 2229 3310 2278 est
3327 2223 3416 2277 in-

156 2348 252 2402 quo
271 2333 419 2403 gravi
449 2334 618 2388 corde
640 2334 664 2387 ?
684 2339 748 2389 ut
767 2335 902 2406 quid
923 2335 1159 2405 diligitis
1179 2334 1570 2398 vanitatem,et
1588 2351 1734 2405 quae-

155 2421 265 2475 ritis
276 2423 672 2477 mendacium?
700 2424 1185 2488 Quemadmodum
1202 2424 1372 2478 etiam
1395 2423 1621 2494 quidam
1642 2441 1732 2478 sa-

153 2510 386 2580 pientum
415 2513 817 2584 magistrorum
845 2519 1187 2578 nostrorum,
1221 2513 1304 2566 vir
1317 2529 1505 2566 rerum
1522 2512 1733 2566 divina-

153 2617 263 2653 rum
276 2601 663 2671 peritissimus,
685 2602 940 2657 eamdem
952 2619 1078 2657 cum
1091 2602 1373 2673 Propheta
1391 2602 1730 2656 cantilenam

150 2705 422 2754 canens,ac
446 2692 704 2762 quaedam
735 2709 770 2746 a
797 2693 980 2763 seipso
1011 2693 1344 2762 adjungens,
1361 2697 1632 2762 tanquam
1665 2708 1730 2746 ex

152 2779 253 2832 alta
266 2780 503 2850 quadam
522 2786 579 2834 et
598 2781 910 2836 editissima
920 2781 1147 2852 specula
1165 2779 1426 2835 omnibus
1441 2780 1726 2834 inclamat:

153 2866 263 2920 Filii
286 2868 598 2934 hominum,
627 2887 917 2942 usquequo
945 2871 1102 2941 gravi
1127 2871 1333 2924 corde?
1359 2875 1424 2924 ut
1447 2869 1580 2941 quid
1610 2870 1729 2924 dili-

152 2956 268 3025 gitis
280 2958 600 3024 vanitatem,
631 2965 688 3013 et
702 2959 954 3030 qumritis
977 2959 1326 3014 mendacium
1359 2961 1526 3027 (Psal.
1549 2961 1726 3028 XLIV);

155 3059 400 3115 magnum
413 3048 687 3102 nimirum
710 3050 921 3121 aliquid
951 3050 1094 3104 hanc
1112 3050 1304 3116 vitam,
1321 3055 1378 3105 et
1395 3050 1641 3118 delicias,
1673 3056 1729 3104 et

1816 2332 2141 2404 vestigatrix
2193 2327 2466 2400 appetitio
2515 2327 2583 2380 de
2633 2322 2801 2378 rebus
2845 2317 3126 2392 gerendis,
3172 2328 3414 2387 quarum

1814 2440 1988 2495 penes
2009 2438 2110 2476 nos
2140 2425 2389 2492 potestas
2409 2421 2514 2470 est.
2545 2413 2831 2469 Deliberat
2850 2409 2999 2464 enim
3026 2405 3306 2479 quispiam
3323 2417 3414 2456 ex-

1815 2493 2079 2582 pediatne
2120 2507 2333 2579 aliquid
2362 2521 2546 2576 agere,
2588 2517 2782 2556 necne.
2823 2497 3056 2560 Deinde,
3091 2493 3240 2566 quod
3269 2507 3413 2563 prae-

1815 2600 2058 2654 stantius
2089 2604 2192 2664 est,
2222 2597 2458 2668 judicat,
2493 2610 2556 2648 ac
2579 2590 2857 2664 judicium
2881 2585 3137 2642 efﬁcitur.
3162 2583 3289 2637 Mox
3309 2596 3412 2634 au-

1813 2695 1930 2744 tem
1976 2688 2238 2753 afficitur,
2273 2692 2442 2756 atque
2484 2683 2542 2737 id
2573 2680 2722 2753 quod
2749 2696 2814 2734 ex
2841 2674 3073 2732 consilio
3096 2672 3413 2744 judicatum

1815 2785 1917 2846 est,
1952 2783 2124 2842 amat,
2158 2794 2222 2831 ac
2251 2774 2533 2830 sententia
2561 2765 3006 2826 dicitur.Namsi
3026 2764 3107 2817 ita
3122 2760 3336 2833 judicet
3350 2762 3414 2813 ut

1813 2873 2005 2923 tamen
2024 2884 2158 2937 erga
2177 2866 2234 2920 id
2255 2865 2402 2937 quod
2418 2863 2732 2935 judicatum
2750 2863 2852 2919 est,
2866 2855 3099 2910 minime
3110 2849 3410 2915 afﬁciatur,

1813 2958 1919 3012 hoc
1947 2964 2049 3022 est,
2105 2957 2161 3010 id
2194 2955 2426 3009 minime
2457 2956 2627 3016 amet,
2663 2946 2945 3004 sententia
2974 2942 3412 3012 haudquaquam

1813 3048 2148 3118 appellatur.
2192 3046 2335 3100 Tum
2357 3048 2484 3115 post
2515 3039 2871 3095 affectionem
2911 3035 2977 3088 ﬁt
3006 3030 3222 3086 electio.
3265 3029 3412 3082 Nam

153 3133 384 3203 exiguam
405 3137 706 3207 gloriolam
719 3120 1146 3209 (etmendacem
1167 3139 1595 3211 prosperitatem
1609 3157 1730 3195 esse
1748 3126 1791 3186 Ο
1813 3137 2010 3190 electio
2035 3135 2175 3190 nihil
2205 3133 2358 3188 aliud
2380 3136 2466 3186 est
2496 3146 2666 3202 quam
2699 3145 2730 3181 θ
2767 3123 2985 3180 duabus
3013 3120 3182 3211 rebus
3211 3131 3412 3211 ΡΓοΡο·

152 3222 515 3281 existimantes
542 3229 730 3297 (Naz.,
765 3245 885 3282 ora.
917 3231 981 3283 de
1009 3233 1125 3283 suis
1169 3245 1274 3283 ser.
1305 3235 1355 3283 et
1398 3231 1471 3283 ad
1509 3233 1730 3285 Julz'um

151 3311 471 3383 Exisoten.)?
501 3317 635 3381 Quae
666 3318 890 3388 quidem
915 3335 1026 3373 non
1055 3319 1236 3390 magis
1264 3335 1459 3373 eorum
1480 3324 1613 3374 sunt
1633 3321 1730 3390 qui

152 3399 392 3458 fruuntur
406 3423 577 3476 quam
596 3407 691 3477 qui
721 3424 786 3461 ea
815 3407 874 3461 in
904 3425 1001 3479 spe
1025 3407 1377 3475 habuerunt;
1403 3425 1504 3463 nec
1531 3425 1728 3464 rursus

151 3488 334 3547 horum
355 3495 535 3566 magis
567 3513 736 3566 quam
770 3514 965 3552 eorum
989 3497 1083 3568 qui
1115 3515 1182 3552 ea
1219 3499 1446 3570 quidem
1477 3515 1728 3569 unquam

151 3587 608 3650 exspectarunt,et
627 3603 750 3655 quae
773 3603 885 3641 non
902 3604 1062 3642 secus
1083 3604 1147 3641 ac
1158 3587 1342 3659 pulvis
1364 3604 1399 3641 a
1417 3587 1728 3643 turbine'ad

151 3667 272 3724 alios
284 3676 445 3742 atque
457 3675 602 3728 alios
621 3675 857 3731 subinde
887 3677 1216 3748 perﬂantur,
1241 3694 1307 3731 ac
1335 3677 1575 3731 vicissim
1601 3679 1727 3748 jac-

150 3760 341 3825 tantur,
366 3769 463 3817 aut
483 3763 626 3818 fumi
644 3765 825 3819 instar
849 3766 1123 3832 defluunt,
1147 3767 1727 3822 acvelutinsomnium

1813 3226 1934 3280 sitis
1961 3226 2196 3279 alteram
2228 3239 2342 3296 pra;
2387 3222 2566 3275 altera
2594 3215 2858 3288 amplecti
2886 3218 2944 3267 et
2970 3210 3194 3282 eligere.
3223 3208 3409 3296 Atque

1811 3315 1953 3369 illud
1969 3315 2054 3368 vel
2084 3331 2150 3368 ex
2172 3292 2297 3384 ipsa
2320 3307 2664 3383 etymologia
2691 3303 3049 3377 perspicuum
3079 3292 3412 3362 est,electio-

1813 3421 1942 3459 nem
1971 3420 2092 3458 esse
2120 3401 2413 3457 consilium
2442 3415 2570 3453 cum
2599 3393 3001 3466 dijudicatione
3021 3389 3402 3458 conjunctum.

1812 3490 2121 3564 ΙΙροαιρετόν
2165 3491 2315 3546 enim
2357 3494 2442 3543 est
2483 3487 2723 3541 alterum
2767 3499 2881 3555 prae
2923 3480 3100 3535 altero
3142 3477 3404 3531 electum.

1809 3583 1988 3638 Nemo
2020 3598 2186 3653 porro
2219 3580 2528 3652 quidquam
2555 3573 2806 3629 adhibito
2831 3569 3046 3642 judicio
3077 3565 3239 3622 alteri
3261 3579 3407 3653 pree-

1809 3673 1935 3738 fert,
1960 3652 2068 3726 nisi
2094 3670 2250 3742 prius
2272 3667 2571 3724 consilium
2595 3663 2819 3728 inierit;
2849 3676 2951 3715 nec
2979 3672 3204 3712 rursum
3227 3652 3402 3723 eligit,

1809 3761 1915 3816 nisi
1936 3761 2091 3832 prius
2109 3758 2396 3831 judicarit.
2416 3758 2561 3811 Nam
2583 3753 2849 3826 quoniam
2868 3766 2981 3805 non
3003 3744 3270 3803 eaomnia
3281 3758 3408 3815 quae

1812 3851 1974 3906 nobis
1986 3850 2140 3905 recta
2168 3855 2223 3904 et
2243 3848 2512 3921 praeclara
2539 3861 2660 3900 esse
2676 3843 2938 3897 videntur
2960 3841 3020 3894 in
3045 3853 3185 3910 opus
3203 3832 3408 3906 perdu-

1809 3959 1934 3997 cere
1982 3939 2295 4004 studemus,
2339 3943 2462 3992 tum
2501 3935 2742 4006 denique
2772 3930 2968 3987 electio
2996 3933 3054 3982 et
3081 3923 3404 3997 eligendum

1807 4031 2047 4087 efﬁcitur
2083 4030 2138 4084 id
2179 4025 2328 4101 quod
2369 4044 2436 4082 ex
2483 4024 2714 4079 consilio
2747 4019 3099 4094 propositum
3130 4019 3234 4081 est,
3275 4027 3403 4067 cum

150 3843 382 3904 homines
406 3851 788 3920 ludiﬁcantur,
812 3860 869 3908 et
895 3861 959 3909 ut
972 3855 1172 3910 umbra
1191 3856 1422 3910 retineri
1443 3863 1729 3927 nequeunt

150 3949 206 3988 ac
229 3936 459 4012 denique
488 3941 572 3996 ita
603 3948 803 3998 natura
834 3950 1159 4016 comparata
1186 3950 1336 4012 sunt,
1372 3950 1434 4000 ut
1461 3962 1564 4000 nec
1597 3963 1724 4000 cum

150 4022 349 4094 absunt,
375 4047 440 4085 ea
457 4047 519 4086 se
541 4031 832 4087 habituros
851 4050 974 4088 esse
1003 4035 1259 4089 homines
1280 4035 1599 4106 desperent,
1623 4052 1726 4090 nec

150 4129 260 4170 cum
285 4118 506 4185 adsunt,
550 4122 962 4192 possidentibus
987 4130 1141 4179 certa
1160 4130 1217 4179 et
1236 4123 1461 4179 stabilia
1480 4125 1612 4179 sint.
1808 4121 2212 4194 appetitionem
2234 4118 2496 4173 comitem
2528 4113 2805 4170 asciverit.

212 4204 340 4259 Cum
380 4208 557 4278 igitur
580 4210 650 4264 ad
687 4211 836 4266 hunc
863 4213 1092 4267 modum
1132 4213 1387 4268 Salvator
1410 4213 1718 4286 praecipiat,
1879 4212 1957 4266 Ex
1985 4227 2094 4282 quo
2115 4208 2485 4274 concluditur,
2514 4204 2841 4272 electionem
2861 4216 2982 4255 esse
3003 4194 3405 4286 appetitionem

150 4295 413 4364 ριόριιθιιε
439 4303 498 4352 et
526 4301 830 4372 apostolipi
849 4301 1100 4368 aedicent,
1131 4318 1195 4357 ac
1210 4303 1389 4358 sancti
1413 4320 1607 4358 omnes
1623 4303 1723 4358 viri
1805 4317 1932 4355 cum
1959 4281 2360 4354 deliberatione
2382 4297 2738 4368 conjunctam
2760 4306 2956 4347 earum
2985 4303 3176 4343 rerum
3203 4301 3328 4356 quae
3345 4281 3405 4336 in

149 4383 255 4436 tum
283 4401 340 4438 re
362 4385 502 4458 ipsa,
526 4393 646 4442 tum
673 4406 930 4445 sermone
959 4391 1029 4445 ad
1051 4391 1273 4447 virtutis
1302 4392 1449 4447 viam
1466 4391 1536 4447 ab
1569 4393 1722 4448 omni
1805 4396 1999 4446 nostra
2015 4394 2292 4462 potestate
2307 4388 2427 4443 sitae
2450 4386 2582 4448 sint,
2608 4383 2828 4440 Etenim
2851 4381 2907 4435 id
2922 4377 3070 4452 quod
3089 4393 3153 4431 ex
3173 4371 3405 4430 consilio

151 4484 318 4528 errore
363 4478 606 4532 maxime
646 4479 958 4534 immunem
996 4497 1098 4536 nos
1141 4469 1454 4552 impellant,
1501 4479 2172 4552 etiamsiDpraepositum
2201 4484 2304 4543 est,
2338 4478 2612 4549 eligentes
2635 4472 2975 4546 appetimus.
2997 4469 3178 4524 Omne
3197 4463 3404 4536 quippe

1804 4571 2098 4626 consilium
2123 4568 2356 4625 actionis
2376 4584 2544 4622 causa
2555 4570 2611 4620 et
2627 4567 2857 4636 propter
2875 4561 3152 4616 actionem
3173 4553 3404 4626 suscipi-

1804 4667 1918 4716 tur.
1955 4662 2042 4716 Ita
2058 4659 2356 4715 consilium
2378 4657 2604 4729 quidem
2622 4653 2950 4709 electionem
2971 4645 3269 4710 antecedit,
3295 4643 3403 4698 ele-

1805 4750 1915 4804 ctio
1940 4754 2131 4804 autem
2159 4763 2385 4803 omnem
2413 4746 2712 4800 actionem.
2763 4741 3035 4806 Quocirca
3079 4753 3193 4792 non
3233 4735 3400 4791 modo

1804 4839 2068 4904 actiones,
2115 4837 2214 4892 sed
2244 4854 2312 4891 ea
2352 4835 2524 4891 etiam
2555 4850 2676 4905 quae
2705 4831 2895 4887 animo
2936 4831 3228 4902 agitantur
3255 4827 3400 4898 (quae

1806 4929 2033 5002 quidem
2049 4927 2350 4983 electiones
2363 4924 2797 4994 exhibent),tum
2812 4938 3045 4977 coronas
3049 4925 3192 4989 ,tum
3206 4933 3401 4991 poenas

1805 5023 2119 5074 accersunt.
2139 5017 2360 5073 Etenim
2378 5015 2576 5071 electio
2593 5015 2651 5070 in
2663 5014 2749 5070 his
2769 5012 2938 5069 rebus
2953 5011 3144 5086 quaain
3165 5007 3400 5065 arbitrio

1803 5114 1996 5165 nostro
2017 5109 2136 5164 sitae
2155 5112 2290 5163 sunt
2306 5122 2552 5172 versans,
2569 5111 2689 5161 tum
2711 5103 2948 5177 peccati,
2968 5109 3088 5158 tum
3110 5099 3249 5172 justi
3264 5115 3399 5169 ope-

1804 5200 1881 5255 ris
1912 5199 2069 5270 origo
2092 5203 2197 5254 est.
2227 5198 2372 5253 Nam
2412 5213 2652 5268 quarum
2674 5210 2864 5250 rerum
2894 5193 3189 5249 facultates
3225 5203 3400 5260 penes

1801 5307 1904 5346 nos
1924 5296 2074 5356 sunt,
2106 5290 2307 5344 harum
2335 5287 2504 5342 etiam
2521 5287 2768 5342 actiones
2787 5282 3144 5340 facultatibus
3161 5294 3398 5335 consen-

1801 5387 1979 5437 taneae
2003 5397 2174 5453 penes
2206 5396 2308 5434 nos
2333 5383 2483 5433 sunt.
2526 5375 2902 5443 Quamobrem
2929 5391 3056 5430 cum
3103 5371 3398 5430 facultates

1799 5471 1994 5526 virtuti
2025 5475 2412 5526 consentaneae
2443 5468 2500 5523 in
2517 5473 2712 5523 nostra
2739 5469 3016 5537 potestate
3046 5463 3180 5530 sint,
3211 5462 3271 5518 in
3301 5480 3398 5519 no-

1802 5566 1921 5616 stra
1932 5577 2153 5632 quoque
2178 5565 2454 5632 potestate
2466 5564 2525 5624 π
2535 5563 2586 5624 ια
2595 5562 2654 5624 8
2668 5556 2900 5610 virtutes
2920 5554 3034 5609 sint
3049 5571 3276 5610 necesse
3287 5560 3396 5610 est.

1801 5650 2034 5722 Proprie
2051 5651 2204 5706 enim
2223 5649 2282 5705 in
2303 5649 2536 5704 arbitrio
2563 5652 2755 5703 nostro
2776 5644 3092 5702 consistunt
3120 5662 3188 5701 ea
3207 5645 3397 5702 omnia

1801 5758 1925 5813 quae
1955 5740 2204 5798 animam
2229 5740 2533 5812 attingunt,
2567 5743 2626 5796 et
2651 5737 2720 5794 de
2756 5735 2958 5810 quibus
2997 5735 3390 5795 deliberamus.

150 4562 293 4655 pauci
308 4564 448 4655 hanc
475 4573 724 4636 teneant,
739 4575 936 4624 contra
965 4575 1156 4625 autem
1176 4571 1338 4626 multi
1357 4571 1530 4626 latam
1552 4578 1722 4644 atque

149 4653 198 4701 in
221 4653 441 4710 exitium
470 4658 767 4714 ducentem
794 4658 900 4713 sibi
928 4660 1194 4731 deligant,
1228 4677 1342 4715 non
1377 4665 1569 4716 tamen
1598 4679 1723 4734 pro-

150 4743 322 4805 pterea
339 4744 536 4802 divinae
563 4748 733 4819 hujus
754 4748 1120 4820 philosophiae
1139 4750 1461 4806 institutum
1489 4751 1720 4806 minoris

149 4829 517 4890 aestimandum
539 4843 642 4892 est.
666 4838 901 4894 Utenim
921 4839 1158 4905 sol,cum
1176 4840 1533 4895 illuminandi
1552 4857 1724 4897 causa

149 4920 382 4976 exoriens
410 4926 602 4981 radios
641 4945 772 4985 suos
800 4928 1100 4985 afﬂuenter
1137 4929 1378 4996 emittat,
1412 4946 1721 5002 omnesque

149 5004 206 5058 ad
227 5012 604 5084 excipiendum
626 5017 818 5072 lumen
840 5018 1183 5085 cohortetur,
1207 5019 1252 5074 si
1271 5019 1499 5091 quidam
1517 5019 1721 5075 clausis

149 5098 304 5154 oculis
329 5103 683 5173 splendorem
702 5107 878 5179 ipsius
894 5108 1102 5163 intueri
1121 5109 1320 5175 nolint,
1337 5125 1450 5164 non
1471 5115 1722 5183 propter-

149 5197 207 5272 (ξε
236 5193 722 5260 reprehensionem
752 5203 1020 5265 meretur,
1053 5203 1154 5252 aut
1184 5215 1219 5252 a
1246 5198 1478 5270 reliquis
1508 5200 1717 5272 negligi

148 5271 311 5372 debet,
334 5298 437 5338 nec
455 5285 767 5356 splendoris
793 5286 971 5358 ipsius
997 5287 1178 5358 gloria
1204 5287 1274 5343 ob
1291 5289 1518 5344 illorum
1538 5271 1720 5345 stulti-

148 5366 267 5462 tiam
286 5368 344 5424 in
361 5378 684 5462 contemptu
713 5381 970 5432 versatur
993 5377 1158 5448 ;quin
1177 5379 1360 5450 potius
1388 5379 1470 5433 illi
1492 5379 1718 5451 quidem

148 5460 336 5524 seipsos
377 5460 588 5517 lumine
617 5463 896 5532 orbantes,
953 5470 1222 5537 tanquam
1270 5467 1418 5533 caeci,
1473 5468 1718 5539 parietes

148 5542 372 5614 palpent,
405 5555 572 5622 atque
601 5553 659 5607 in
689 5555 896 5609 multas
923 5592 934 5608 .
963 5554 1152 5610 crobes
1181 5557 1492 5629 praecipites
1519 5564 1712 5625 ruunt,

149 5633 429 5709 multisque
457 5641 634 5713 spinis
648 5659 842 5700 eorum
862 5643 1008 5702 oculi
1027 5651 1357 5718 punguntur
1379 5665 1393 5716 ;
1417 5647 1502 5703 sol
1523 5654 1720 5704 contra

150 5720 480 5789 splendorem
509 5749 670 5790 suum
696 5734 963 5804 retinens,
996 5751 1092 5792 eos
1129 5735 1377 5794 illustrat
1405 5737 1500 5810 qui
1541 5739 1717 5812 ipsius
