3878 6452
428 324 532 384 503

1456 329 1552 387 DE
1589 329 1778 388 VITIS
1815 331 2114 392 PATRUM
2149 335 2366 396 LIBER
2399 333 2691 392 PRIMUS.

3602 330 3731 390 504

429 450 518 505 Ad
548 450 698 506 hunc
726 449 900 520 igitur
923 447 1153 503 modum
1181 447 1358 505 libere
1379 453 1827 509 consultantibus
1842 456 2083 520 homi-A
2111 459 2392 514 idolorum
2421 458 2574 512 cultu
2595 456 2930 513 constrictus
2951 460 3258 513 teneretur.
3292 455 3632 512 Eratautem
3661 452 3728 508 ei

429 539 614 604 nibus,
647 556 712 592 ac
733 538 1055 592 liberaitem
1073 539 1361 594 Voluntate
1375 541 1729 610 cligentibus,
1752 551 2028 615 quatenus

431 628 707 700 quispiam
766 627 940 696 eligit,
988 627 1260 684 hactenus
1304 646 1527 700 quoque
1557 631 1802 687 divinam
1845 635 2027 690 lucem

426 717 680 790 percipit,
713 722 882 788 atque
898 717 958 770 in
980 717 1349 789 philosophiae
1372 721 1572 775 studiis
1594 739 1922 792 progressus
1950 725 2028 778 fa-

427 806 521 859 cit.
553 804 722 858 Varia
744 804 892 858 enim
921 805 1257 861 electionum
1275 813 1409 862 sunt
1432 825 1659 878 genera.
1680 811 1749 864 Et
1764 812 2029 882 quemad-

426 894 659 949 modum
689 893 920 964 quidam
950 911 1227 966 aquarum
1265 896 1446 951 fontes
1477 915 1507 952 e
1537 903 1702 953 terrae
1723 900 2028 956 visceribus

425 984 814 1048 scaturientes,
857 983 1065 1054 partim
1113 1001 1144 1038 e
1196 987 1491 1058 superﬁcie
1534 992 1698 1043 terra:
1747 990 2025 1058 oriuntur,

423 1073 632 1145 partim
649 1073 940 1144 aliquanto
961 1073 1313 1145 profundius,
1329 1077 1538 1146 partim
1557 1078 2020 1149 profundissime;

424 1167 593 1233 atque
631 1163 834 1218 harum
885 1179 1163 1234 aquarum
1191 1165 1315 1220 alia:
1354 1183 1384 1220 e
1413 1167 1729 1238 propinquo
1759 1176 2026 1225 emanant

421 1258 706 1322 gustuque
736 1252 926 1306 dulces
957 1258 1108 1318 sunt,
1149 1253 1271 1307 alia:
1297 1271 1365 1307 cx
1395 1255 1508 1309 imo
1549 1263 1753 1311 exeunt
1774 1275 1838 1312 ac
1866 1260 2024 1314 salsae

423 1345 524 1394 aut
551 1340 870 1411 sulphureas
898 1346 1050 1404 sunt,
1082 1346 1252 1413 atque
1281 1342 1418 1398 item
1446 1343 1572 1398 alia:
1590 1343 1870 1400 uberrime
1899 1364 2024 1418 pro-

423 1429 626 1493 ﬂuunt,
663 1427 786 1482 alia:
815 1429 1088 1500 paulatim
1109 1430 1359 1498 stillant;
1392 1432 1588 1486 eodem
1628 1434 1794 1488 modo
1824 1437 1883 1490 in
1909 1437 2022 1490 ele-

426 1516 707 1572 ctionibus
739 1534 962 1589 quoque
995 1519 1199 1588 cogita,
1235 1520 1374 1574 alias
1403 1521 1610 1576 celeres
1657 1539 1724 1576 ac
1751 1541 2021 1596 perquam

421 1607 662 1662 fervidus
699 1624 838 1674 esse,
883 1607 1022 1662 alias
1068 1625 1267 1678 segnes
1309 1615 1363 1665 et
1393 1610 1643 1680 frigidas,
1685 1629 1749 1668 ac
1795 1631 2020 1670 rursum

420 1699 561 1753 alias
591 1698 659 1752 ad
678 1699 942 1752 virtutem
965 1699 1194 1753 omnino
1214 1717 1540 1771 propensus,
1564 1701 1705 1755 alias
1733 1703 1803 1756 ad
1822 1703 2022 1758 vitium

2112 547 2320 618 probus
2343 547 2568 618 quidam
2593 546 2961 611 consiliarius,
2987 563 3051 600 ac
3072 552 3194 602 tum
3213 561 3352 614 erga
3377 545 3563 600 Deum
3592 542 3728 614 pie-

2111 643 2247 703 tate,
2285 643 2406 692 tum
2437 637 2654 691 caeteris
2683 635 2984 690 virtutibus
3011 635 3425 698 ornatissnnus,
3451 632 3549 704 qui
3577 647 3726 686 cum

2110 727 2260 797 regis
2290 743 2478 780 errore
2512 730 2832 794 angeretur,
2865 741 3106 796 eumque
3139 723 3481 795 permoleste
3509 721 3719 786 ferret,

2110 822 2280 886 amne
2304 816 2488 886 ipsum
2509 815 2616 868 hoc
2645 817 2872 870 nomine
2899 830 3203 884 coarguere
3225 813 3285 868 in
3312 813 3506 868 atumo
3535 809 3722 866 babe-

2111 911 2215 971 ret,
2250 910 2440 960 tamen
2469 905 2572 959 hac
2600 905 2670 958 de
2697 920 2867 958 musa
2885 920 3007 958 sese
3033 901 3398 974 reprimebat,
3431 901 3585 972 quod
3612 916 3720 954 ve-

2111 1001 2351 1058 reretur,
2381 1001 2439 1048 et
2473 993 2580 1048 sibi
2609 999 2666 1048 et
2691 993 2856 1047 sociis
2875 993 2992 1046 suis
3033 993 3336 1064 perniciem
3367 993 3716 1054 accerseret,

2111 1099 2351 1155 eamque
2379 1083 2680 1138 utilitatem
2709 1099 2831 1153 quae
2852 1099 2917 1136 ex
2930 1081 3050 1154 ipso
3079 1081 3150 1136 ad
3178 1080 3321 1135 alios
3333 1076 3724 1152 promanabat

2109 1179 2447 1243 amputaret.
2469 1172 2832 1227 Occasionem
2873 1177 3062 1225 autem
3093 1169 3466 1226 nihilominus
3493 1183 3723 1240 quaere-

2106 1261 2222 1328 bat,
2238 1279 2350 1333 qua
2363 1261 2652 1316 commode
2663 1260 2848 1332 ipsum
2860 1260 2931 1314 ad
2949 1260 3157 1314 bonum
3169 1256 3714 1331 pertraheret.Dixit

2107 1351 2280 1421 igitur
2306 1357 2468 1406 nocte
2497 1351 2739 1421 quadam
2769 1350 2840 1404 ad
2870 1366 3000 1406 eum
3028 1365 3157 1404 rex:
3192 1349 3501 1413 Adesdum,
3535 1363 3708 1417 egre-

2106 1440 2422 1505 diamur,ac
2432 1439 2714 1494 civitatem
2733 1439 3158 1502 circumeamus,
3177 1454 3314 1494 num
3333 1437 3480 1493 forte
3491 1436 3714 1506 aliquid

2107 1530 2257 1599 quod
2287 1529 2346 1582 in
2376 1545 2495 1583 rem
2524 1529 2776 1582 futurum
2789 1528 2864 1582 sit
2890 1527 3311 1598 perspiciamus.
3347 1527 3491 1580 Cum
3513 1531 3716 1579 autem

2105 1625 2185 1680 illi
2205 1642 2305 1695 per
2328 1624 2526 1680 urbem
2553 1623 3002 1689 obambularent,
3035 1621 3173 1678 lucis
3212 1623 3576 1693 splendorem
3600 1637 3707 1692 per

2106 1714 2357 1768 foramen
2407 1714 2689 1784 quoddam
2735 1713 3051 1768 radiantem
3097 1717 3370 1766 cernunt:
3410 1711 3526 1776 cui,
3578 1727 3712 1765 cum

421 1787 681 1880 Ῠωξλίδυε
705 1787 914 1842 Viribus
945 1788 1261 1880 illcnnatas-
1295 1790 1477 1880 Igitur
1501 1791 1695 1862 quales
1720 1809 1915 1847 earum
1945 1793 2024 1846 δί’·
2037 1820 2086 1880 Β
2106 1804 2295 1857 oculos
2315 1803 2670 1872 adjecissent,
2688 1801 3118 1856 subterraneum
3131 1800 3413 1872 quoddam
3445 1806 3504 1854 et
3519 1816 3714 1854 caver»

418 1875 686 1932 factiones
715 1883 866 1944 sunt,
902 1877 1044 1932 tales
1074 1894 1298 1949 quoque
1327 1879 1399 1932 ad
1447 1880 1730 1950 agendum
1770 1882 2014 1954 impetus

417 1972 855 2037 consequuntur.

489 2065 621 2118 CAP.
656 2065 801 2118 XVI.
834 2092 898 2104 —
927 2063 1080 2120 Dixit
1115 2071 1307 2120 autem
1352 2067 1425 2122 ad
1467 2083 1659 2122 senem
1703 2069 2009 2140 Josaphat:

417 2155 633 2211 Suntne
656 2155 828 2210 etiam
859 2154 955 2209 alii
984 2157 1259 2221 nonnulli,
1287 2157 1384 2227 qui
1417 2157 1613 2212 eadem
1635 2175 1758 2229 quae
1787 2164 1849 2212 tu
1881 2176 2018 2230 pra:-

415 2244 620 2311 dicent,
655 2260 729 2299 an
757 2261 889 2299 vero
934 2250 996 2298 tu
1045 2245 1318 2300 hodierno
1347 2245 1440 2300 die
1471 2247 1623 2301 solus
1675 2265 1734 2301 es
1763 2247 1857 2318 qui
1901 2252 2016 2302 haec

415 2333 596 2398 doces,
622 2351 687 2388 ac
702 2339 1036 2406 praesentem
1066 2335 1239 2388 vitam
1270 2352 1448 2406 usque
1479 2337 1619 2391 adeo
1649 2337 2016 2392 aversandam

416 2423 585 2490 atque
613 2418 742 2473 odio
771 2419 1157 2474 insectandam
1180 2436 1302 2474 esse
1333 2437 1528 2475 mones
1556 2422 1578 2474 ἲ

487 2518 588 2572 Ille
618 2523 808 2572 autem
839 2519 910 2572 ad
933 2519 1080 2573 hunc
1105 2519 1336 2574 modum
1359 2520 1683 2591 respondit:
1720 2522 1784 2576 In
1799 2523 1904 2577 hac
1921 2541 2016 2578 ve-

416 2612 535 2662 stra
555 2607 939 2662 infelicissima
960 2608 1187 2678 regione
1205 2609 1488 2663 neminem
1510 2610 1657 2664 novi.
1677 2611 1820 2665 Nam
1842 2613 2017 2682 patris

417 2695 503 2751 tui
521 2695 777 2766 tyrannis
792 2695 1106 2750 innumeris
1125 2697 1323 2751 mortis
1341 2698 1642 2766 generibus
1661 2716 1757 2754 eos
1777 2701 2018 2755 mulcta-

418 2783 518 2850 vit,
545 2784 809 2854 deditque
847 2801 1078 2855 operam
1119 2801 1190 2839 ne
1224 2801 1454 2856 prorsus
1501 2788 1650 2842 inter
1690 2806 1787 2843 vos
1818 2790 2019 2846 divinae

420 2872 755 2945 cognitionis
777 2873 1098 2944 praedicatio
1117 2874 1428 2930 audiretur.
1453 2877 1618 2947 Apud
1648 2877 1895 2948 reliquas
1925 2897 2022 2935 au-

420 2969 537 3021 tem
564 2963 821 3018 nationes
851 2963 970 3017 haec
990 2968 1292 3018 cantantur
1316 2980 1380 3018 ac
1403 2965 1780 3034 celebrantur,
1805 2967 1876 3022 ab
1895 2969 2020 3023 aliis

423 3053 650 3126 quidem
672 3047 987 3107 rectissima
1014 3053 1253 3121 ratione,
1277 3052 1348 3107 ab
1377 3053 1501 3108 aliis
1531 3061 1722 3110 autem
1741 3074 2017 3128 perverse,

424 3143 630 3218 quippe
653 3159 782 3197 cum
805 3142 1125 3197 animarum
1145 3147 1469 3200 nostrarum
1500 3145 1678 3200 hostis
1709 3163 1848 3201 eosa
1871 3153 2025 3202 recta

422 3235 516 3290 via
544 3240 894 3289 transversos
939 3232 1138 3302 egerit,
1167 3237 1336 3304 atque
1384 3233 1442 3288 in
1473 3234 1685 3290 alienas
1733 3237 2025 3308 opiniones

425 3323 694 3391 diviserit,
721 3339 928 3394 eosque
947 3321 1070 3378 loca
1098 3323 1356 3393 quadam
1376 3323 1578 3380 divina:
1610 3326 1912 3397 Scripturae
1927 3327 2025 3382 ali-

424 3420 514 3470 ter
539 3430 710 3484 quam
735 3428 1041 3483 germanus
1079 3429 1280 3467 sensus
1328 3412 1491 3476 ferat,
1531 3415 1894 3486 interpretari
1924 3417 2026 3471 do-

429 3504 628 3559 cuerit.
665 3504 941 3558 Caeterum
959 3519 1073 3557 una
1099 3508 1186 3556 est
1217 3503 1437 3568 veritas,
1460 3520 1583 3574 quae
1615 3504 1685 3558 ab
1715 3505 2026 3561 illustribus

428 3591 699 3665 apostolis
719 3597 776 3646 et
803 3591 1006 3646 divinis
1032 3591 1284 3662 patribus
1306 3591 1608 3663 praedicata
1636 3598 1740 3660 est,
1769 3599 1827 3649 et
1855 3595 1913 3650 in
1940 3611 2028 3649 ca-

429 3683 658 3749 tholica,
682 3686 854 3752 atque
869 3679 938 3735 ab
955 3681 1220 3736 extremis
1231 3680 1383 3737 orbis
1415 3682 1621 3738 finibus
1645 3683 1718 3738 ad
1748 3689 2028 3740 extremos

429 3789 609 3844 usque
635 3772 778 3827 fines
806 3770 1012 3826 diﬂusa
1041 3771 1288 3826 Ecclesia
1321 3771 1439 3827 sole
1469 3773 1816 3844 splendidius
1853 3775 2026 3830 lucet.

432 3864 614 3930 Quam
645 3861 872 3933 quidem
896 3877 1002 3932 ego
1024 3865 1090 3916 ut
1104 3859 1209 3916 tibi
1229 3861 1596 3932 praedicarem
1627 3879 1692 3918 ac
1721 3864 2025 3932 traderem,

431 3953 503 4008 ad
529 3959 588 4008 te
615 3951 822 4006 missus
849 3967 1003 4010 sum.

506 4059 660 4116 Dixit
678 4063 868 4114 autem
882 4058 954 4112 ad
987 4073 1113 4112 eum
1135 4058 1435 4130 Josaphat:
1470 4058 1697 4114 Nihilne
1710 4059 1913 4116 horum
1938 4078 2032 4133 pa-

432 4155 522 4204 ter
549 4165 708 4202 meus
733 4163 984 4218 unquam
1013 4147 1208 4200 didicxt
1225 4147 1251 4199 ?

511 4253 821 4326 Respondit
832 4271 1000 4308 senex
1031 4272 1042 4307 :
1067 4253 1364 4325 Perspicue
1378 4253 1626 4326 quidem,
1651 4259 1819 4327 atque
1839 4263 1904 4311 ut
1932 4275 2034 4329 par

438 4350 580 4410 erat,
619 4345 759 4398 nihil
809 4343 1019 4397 didicit.
1055 4343 1303 4398 Occlusis
1343 4343 1494 4398 enim
1519 4344 1794 4410 sensibus,
1825 4345 2034 4403 bonum

439 4435 509 4490 de
540 4434 820 4489 industria
848 4434 1125 4504 repudiat,
1151 4438 1319 4504 atque
1347 4433 1407 4488 in
1423 4434 1635 4488 malum
1656 4433 1834 4490 libera
1861 4437 2032 4491 animi
2052 4467 2099 4527 υ
2116 4433 2312 4534 ἔξῶἓ

2313 4517 2328 4544 ν

439 4525 762 4580 inductione
784 4524 1114 4597 propendet.

511 4635 587 4690 At
619 4633 834 4698 vellem,
870 4632 1058 4704 inquit
1086 4631 1376 4704 Josaphat,
1421 4630 1515 4686 ille
1538 4649 1760 4705 quoque
1789 4634 1894 4690 hac
1941 4635 2036 4690 do-

437 4723 619 4779 ctrina
636 4723 1002 4778 imbueretur.

517 4831 828 4904 Respondit
855 4847 1024 4885 senex
1045 4848 1056 4882 :
1081 4831 1212 4885 Haec
1228 4829 1378 4902 apud
1401 4830 1661 4886 homines
1680 4835 1813 4886 sunt
1831 4831 2038 4904 impos-

442 4918 659 4988 sibilia;
690 4919 838 4991 apud
865 4919 1045 4974 Deum
1071 4925 1261 4974 autem
1298 4919 1440 4974 nihil
1479 4925 1565 4975 est
1594 4921 1742 4992 quod
1771 4923 1893 4976 ﬁeri
1923 4938 2036 4976 non

439 5007 620 5083 possit
636 5009 847 5076 (Matth.
877 5015 1014 5076 XIX).
1049 5009 1258 5080 Ecquid
1274 5009 1424 5064 enim
1481 5010 1590 5064 scis
1617 5009 1943 5065 futurumne
1961 5011 2038 5066 sit

442 5104 510 5155 ut
535 5097 683 5172 patri
705 5102 806 5153 tuo
821 5098 1062 5154 salutem
1088 5100 1306 5165 afferas,
1329 5104 1497 5170 atque
1525 5099 1856 5155 admiiando
1869 5101 2035 5155 modo

441 5189 619 5263 patris
644 5188 730 5244 tui
745 5192 908 5260 pater
921 5187 1151 5243 tandem
1163 5189 1399 5244 voceris?
1413 5190 1464 5244 N
1467 5195 1719 5244 arratum
1737 5189 1888 5244 enim
1899 5190 2038 5245 mihi

445 5285 532 5334 est
558 5295 750 5351 regem
779 5278 1081 5349 quemdam
1105 5278 1401 5344 exstitisse,
1425 5279 1521 5350 qui
1550 5279 1813 5351 praeclare
1842 5279 2038 5334 admo-

444 5370 580 5426 dum
599 5369 814 5441 regiam
835 5385 997 5425 suam
1009 5367 1342 5440 dignitatem
1359 5368 2038 5435 administrabat,leniter-

449 5474 557 5529 que
584 5475 648 5513 ac
677 5458 894 5530 placide
924 5458 1195 5530 populum
1219 5459 1316 5530 qui
1343 5458 1518 5530 ipsius
1539 5458 1918 5530 ditioniatque
1938 5458 2040 5512 im-

449 5547 604 5617 perio
634 5547 862 5604 suberat
889 5547 1186 5615 tractabat,
1215 5549 1276 5605 in
1305 5550 1409 5609 hac
1437 5554 1629 5605 autem
1657 5564 1772 5604 una
1794 5565 1854 5602 re
1884 5547 2038 5602 labe-

447 5634 634 5704 batur,
657 5638 804 5708 quod
818 5637 1014 5694 divinze
1029 5639 1363 5710 cognitionis
1385 5638 1598 5695 lumine
1615 5642 1851 5707 careret,
1869 5641 2040 5710 atque

2096 1907 2300 1945 nosum
2330 1891 2678 1945 domicilium
2699 1890 3114 1960 conspicantur,
3147 1890 3205 1943 in
3229 1905 3340 1960 quo
3369 1887 3720 1960 praesidebat

2097 1979 2180 2033 vir
2210 1980 2440 2050 quidam
2461 1986 2710 2033 extrema
2738 1979 2931 2049 inopia
2959 1979 3239 2044 laborans,
3264 1993 3328 2031 ac
3346 1977 3552 2031 vilibus
3582 1975 3708 2047 qui-

2095 2068 2333 2123 busdam
2380 2074 2438 2122 et
2475 2068 2671 2122 laceris
2705 2069 2902 2139 pannis
2944 2067 3194 2122 indutus.
3229 2065 3469 2121 Astabat
3498 2072 3706 2120 autem

2098 2157 2446 2228 ipsiusuxor,
2475 2158 2668 2212 vinum
2686 2157 3144 2228 ipsitemperans.
3169 2156 3424 2226 Cumque
3455 2155 3578 2226 ipse
3605 2171 3710 2226 po—

2099 2248 2289 2301 culum
2321 2245 2580 2300 manibus
2602 2245 2927 2316 accepisset,
2951 2245 3046 2300 illa
3067 2261 3240 2300 suave
3269 2245 3554 2315 quoddam
3583 2259 3711 2298 car-

2099 2352 2230 2390 men
2259 2334 2966 2406 canens,voluptatemipsi
2984 2333 3270 2400 atl‘erebat,
3299 2333 3515 2388 saltans
3531 2333 3708 2388 nimi-

2098 2442 2247 2491 rum,
2287 2441 2352 2479 ae
2382 2425 2648 2478 maritum
2689 2423 2948 2478 laudibus
2992 2423 3288 2478 deliniens.
3346 2424 3461 2478 Rex
3525 2423 3710 2492 igitur

2098 2513 2502 2584 aliquantisper
2515 2514 2630 2566 haec
2649 2512 3012 2583 perspiciens,
3045 2511 3358 2566 mirabatur
3374 2511 3528 2582 quod
3554 2528 3690 2565 cum

2101 2608 2262 2657 tanta
2283 2609 2532 2672 egestate
2548 2609 2958 2672 premerentur,
2984 2607 3046 2656 ut
3058 2617 3158 2655 nec
3173 2601 3373 2655 domus
3393 2617 3496 2655 nec
3524 2601 3699 2654 vestis

2101 2691 2238 2763 ipsis
2251 2698 2592 2762 suppeteret,
2610 2697 2802 2745 tamen
2819 2707 2996 2761 usque
3023 2691 3162 2744 adeo
3186 2691 3373 2746 laetam
3385 2695 3444 2743 et
3455 2689 3702 2743 hilarem

2101 2781 2271 2834 vitam
2297 2781 2576 2836 ducerent
2601 2783 2784 2850 Atque
2807 2780 2877 2834 ad
2892 2778 3224 2851 primarium
3250 2795 3416 2834 suum
3437 2779 3700 2832 consilia-

2101 2871 2252 2924 rium
2300 2871 2387 2924 his
2422 2869 2605 2924 verbis
2643 2871 2855 2924 utitur:
2897 2870 2944 2923 O
2989 2884 3109 2922 rem
3149 2868 3370 2932 miram,
3402 2884 3436 2921 ο
3479 2868 3700 2922 amice!

2105 2959 2253 3030 quod
2283 2958 2511 3020 scilicet,
2533 2975 2634 3013 nec
2659 2958 2817 3023 mihi,
2837 2973 2940 3012 nec
2960 2957 3080 3023 tibi,
3113 2957 3228 3012 vita
3256 2963 3470 3014 nostra,
3497 2973 3704 3028 quam-

2105 3049 2188 3102 vis
2219 3047 2427 3119 alioqui
2453 3053 2611 3104 tanta
2637 3047 2820 3118 gloria
2846 3053 2904 3101 et
2929 3047 3144 3101 deliciis
3166 3053 3223 3101 et
3234 3046 3520 3117 voluptate
3542 3046 3705 3100 undi-

2109 3155 2218 3210 que
2273 3138 2570 3204 collucens,
2624 3154 2802 3208 usque
2837 3137 2977 3192 adeo
3023 3153 3271 3207 unquam
3301 3135 3599 3207 placuerit,
3637 3141 3706 3190 ut

2108 3228 2234 3282 vilis
2264 3227 2381 3282 haec
2406 3232 2462 3282 et
2489 3243 2807 3282 aerumnosa
2842 3227 2960 3282 vita
2985 3225 3246 3280 vecordes
3291 3225 3428 3280 istos
3459 3225 3709 3280 oblectat

2110 3323 2169 3372 et
2196 3316 2488 3383 exhilarat,
2506 3322 2570 3372 ut
2585 3333 2726 3387 quae,
2750 3315 2977 3370 tametsi
3005 3315 3216 3385 alioqui
3239 3330 3446 3386 aspera
3464 3320 3524 3369 et
3551 3331 3708 3368 aver-

2116 3407 2314 3471 sanda,
2347 3406 2524 3460 facilis
2539 3406 2672 3477 ipsis
2701 3405 2983 3460 acblanda
3002 3405 3275 3460 videatur.
3308 3405 3708 3476 Opportunum

2109 3502 2299 3550 autem
2329 3496 2527 3550 horam
2561 3501 2760 3550 nactus
2807 3495 3066 3567 princeps
3095 3493 3186 3549 ille
3215 3493 3589 3557 consiliarius,
3621 3494 3706 3547 in-

2110 3585 2264 3656 quit:
2294 3586 2378 3640 Tu
2407 3602 2556 3650 vero,
2589 3601 2622 3640 o
2646 3601 2761 3650 rex,
2794 3583 3110 3654 cujusmodi
3140 3583 3371 3638 tandem
3401 3583 3611 3638 horum
3631 3583 3714 3636 vi-

2108 3680 2226 3730 tam
2257 3691 2379 3730 esse
2407 3674 2731 3729 existimas?
2761 3673 3047 3739 Omnium,
3079 3673 3264 3744 inquit
3292 3673 3405 3737 ille,
3435 3689 3582 3743 quas
3611 3688 3717 3727 un-

2110 3781 2279 3835 quam
2310 3764 2566 3829 viderim,
2601 3763 3050 3818 insuavissimam
3089 3769 3146 3816 et
3177 3761 3576 3828 miserrimam,
3608 3778 3706 3816 ex-

2111 3853 2533 3924 secrationeque
2562 3853 2794 3923 dignam
2837 3857 2894 3906 et
2915 3851 3302 3906 aversandam.
3335 3851 3493 3905 Tunc
3519 3851 3604 3904 ait
3633 3849 3706 3904 ad

2112 3959 2244 3998 eum
2274 3947 2468 4008 περ
2489 3942 2788 4014 primarius
2816 3941 2910 3996 ille
2937 3941 3318 3996 consiliarius:
3341 3940 3428 3994 Ad
3447 3939 3714 3995 eumdem

2114 4032 2196 4086 ita
2215 4032 2446 4087 modum
2473 4031 2611 4086 mihi
2640 4031 2824 4096 crede,
2857 4047 2890 4084 ο
2919 4047 3035 4095 rex,
3069 4047 3134 4085 ac
3161 4030 3340 4084 multo
3361 4029 3533 4084 etiam
3557 4046 3714 4084 acer-

2114 4121 2238 4176 bior
2265 4121 2380 4176 vita
2408 4126 2600 4176 nostra
2639 4121 2708 4174 iis
2741 4137 2862 4175 esse
2909 4119 3146 4184 videtur,
3179 4119 3275 4190 qui
3306 4119 3712 4190 sempiternam

2115 4210 2268 4266 illam
2294 4211 2553 4282 gloriam,
2587 4227 2652 4264 ac
2678 4209 2826 4266 bona
2853 4208 2950 4264 illa
2978 4225 3100 4280 quae
3129 4225 3352 4263 omnem
3377 4209 3584 4263 mentis
3615 4225 3710 4263 ca-

2117 4306 2274 4372 ptum
2327 4305 2617 4371 superant,
2650 4298 3100 4370 contemplantur
3147 4303 3318 4368 atque
3345 4305 3713 4368 cognoscunt.

2116 4391 2300 4460 Atque
2329 4405 2466 4444 auro
2496 4387 2790 4443 rutilantes
2821 4387 2986 4452 tedes,
3019 4403 3084 4441 ac
3112 4387 3379 4458 praeclara
3398 4386 3517 4440 haec
3545 4386 3710 4440 indu-

2360 4484 2684 4548 caeteraaque
2720 4477 2845 4531 vitae
2891 4476 3120 4540 deliciae,
3155 4475 3225 4530 iis
3253 4475 3350 4546 qui
3398 4475 3714 4530 cmlestium

2116 4567 2608 4624 tabernaculorum
2630 4582 2744 4620 non
2781 4581 2952 4620 manu
2987 4565 3282 4630 factorum,
3315 4564 3600 4635 vestisque
3625 4564 3716 4618 di-

2116 4657 2324 4714 vinitus
2349 4661 2639 4718 contextae,
2655 4672 2719 4710 ac
2728 4655 3112 4710 diadematum
3127 4652 3504 4724 corruptionis
3526 4653 3712 4708 omnis

2119 4745 2453 4817 expertium,
2501 4760 2624 4816 quae
2653 4759 2844 4799 rerum
2869 4742 3122 4798 omnium
3151 4742 3491 4797 architectus
3517 4758 3586 4796 ac
3609 4742 3714 4796 Do-

2118 4836 2306 4890 minus
2315 4833 2678 4906 diligentibus
2688 4851 2746 4888 se
2763 4832 3113 4906 praeparavit,
3133 4830 3470 4887 stercoribus
3483 4836 3542 4885 et
3553 4846 3714 4886 emno

2117 4925 2402 4979 fetidiores
2421 4924 2681 4980 videntur
2711 4925 2760 4992 (I
2785 4923 2906 4979 Cor.
2939 4925 3022 4989 II).
3055 4920 3540 4989 Quemadmodum
3559 4921 3712 4975 enim

2117 5013 2210 5067 isti
2234 5012 2444 5083 judicio
2466 5017 2657 5068 nostro
2685 5028 2753 5067 ac
2775 5009 3056 5066 sententia
3075 5009 3378 5081 desipiunt.
3405 5009 3490 5064 ita
3519 5009 3708 5072 etiam,

2119 5118 2182 5156 ac
2208 5102 2384 5158 multo
2401 5101 2597 5172 magis,
2629 5117 2734 5157 nos
2758 5100 2854 5172 qui
2871 5099 3156 5154 inmundo
3177 5098 3524 5164 aberramus,
3543 5103 3712 5170 atque

2118 5191 2178 5246 in
2199 5190 2450 5246 mendaci
2476 5191 2582 5246 hac
2607 5190 2809 5260 gloria,
2842 5188 3142 5259 stultisque
3173 5187 3384 5244 deliciis
3403 5187 3570 5242 nobis
3599 5188 3710 5258 pla-

2117 5297 2328 5347 cemus,
2348 5281 2410 5335 in
2436 5295 2631 5334 eorum
2651 5279 2827 5334 oculis
2849 5278 2944 5349 qui
2959 5277 3236 5334 bonorum
3261 5277 3492 5331 illorum
3519 5277 3707 5332 dulce-

2121 5371 2310 5424 dinem
2340 5370 2713 5440 degustarunt
2737 5369 2892 5423 luctu
2927 5373 2983 5422 et
3007 5366 3268 5438 lacrymis
3309 5365 3466 5436 digni
3493 5381 3705 5421 sumus.

2195 5459 2288 5512 His
2316 5465 2506 5512 autem
2532 5456 2714 5511 verbis
2743 5456 3035 5526 perculsus
3065 5471 3180 5520 rex,
3212 5454 3430 5524 inquit:
3464 5453 3705 5517 Quinam

2121 5547 2294 5618 igitur
2313 5547 2393 5600 illi
2413 5552 2546 5602 sunt
2554 5546 2650 5618 qui
2669 5545 3114 5618 praestantiorem
3135 5542 3295 5599 nobis
3325 5543 3494 5598 vitam
3511 5543 3709 5615 agunt?

2123 5639 2350 5704 Omnes,
2369 5635 2673 5709 inquitille,
2707 5635 2806 5708 qui
2830 5635 3174 5706 sempiterna
3191 5633 3415 5690 caducis
3435 5638 3494 5688 et
3504 5632 3710 5705 fragili.
