3878 6390
143 352 238 411 505

534 348 705 406 VITA
742 347 1175 409 SANC'I‘ORUI
1213 346 1560 407 BARLAAH
1596 344 1935 439 EREMITJE
1973 344 2062 402 ET
2099 343 2465 405 JOSAPHAT
2500 342 2725 400 INDIE
2759 342 2996 400 REGIS.

3293 339 3397 400 506

142 478 236 536 bus
248 474 629 548 pmtulerunt.
655 474 906 545 Cumque
930 492 1027 530 rex
1046 491 1272 531 rursum
1298 491 1554 547 quanam
1575 475 1786 537 sem-A
1802 474 2026 530 cuidam
2060 472 2272 545 juveni,
2302 489 2472 544 quem
2507 471 2748 543 copiosis
2793 475 2962 542 atque
3000 467 3394 524 illustrissimis

142 569 348 640 piterna
374 564 469 619 illa
497 568 682 618 essent
711 562 1055 633 quaesivisset
1079 583 1092 631 ;
1124 565 1412 636 respondit
1440 565 1535 620 ille
1568 582 1579 617 :
1614 564 1721 619 Re-

139 672 302 729 gnum
326 654 395 709 ab
438 653 592 709 omni
621 652 971 707 successione
1014 652 1281 717 alienum,
1312 670 1377 708 ac
1405 655 1519 709 vita
1548 653 1716 708 morti

138 746 359 801 minime
388 742 643 809 obnoxia,
676 747 733 797 et
750 758 885 814 epes
917 748 1222 813 egestatem
1246 760 1359 799 non
1375 749 1711 809 metuentes,

136 834 317 890 laetitia
334 833 471 888 item
492 838 548 887 et
565 830 860 886 oblectatio
880 830 950 885 ab
978 830 1131 887 omni
1155 832 1422 887 mmstitia
1450 838 1507 887 et
1524 832 1717 887 dolore

139 926 395 992 sejuncta,
428 937 646 994 paxque
669 926 961 993 perpetua,
994 926 1052 977 et
1071 920 1142 975 ab
1167 922 1321 977 omni
1346 921 1642 977 inimicitia
1661 926 1718 977 et

139 1006 482 1064 contentione
507 1005 700 1060 libera.
734 1005 836 1060 llis
870 1004 1049 1073 bonis,
1078 1005 1280 1077 quibus
1309 1005 1576 1062 divinitus
1603 1006 1714 1061 frui

138 1096 437 1168 contigerit,
450 1095 600 1151 beati
620 1094 700 1150 illi
717 1111 782 1150 ac
802 1111 949 1166 saepe
968 1094 1117 1149 beati
1140 1113 1154 1163 ;
1186 1095 1358 1150 vitam
1382 1095 1531 1150 enim
1563 1094 1715 1150 omni

138 1187 313 1243 labore
344 1192 402 1241 et
429 1185 698 1240 maestitia
736 1201 970 1240 vacuam
998 1185 1058 1239 in
1082 1201 1247 1239 omne
1277 1202 1456 1241 aevum
1488 1186 1710 1251 ducent,

141 1276 384 1333 omnibus
413 1275 574 1346 regni
604 1273 702 1329 Dei
730 1273 1179 1346 jucunditatibus
1208 1279 1266 1329 et
1292 1274 1716 1329 oblectamentis

139 1367 247 1421 sine
267 1366 377 1420 ullo
407 1364 600 1419 labore
622 1364 893 1430 fruentes,
925 1379 990 1418 ac
1013 1380 1140 1418 cum
1170 1363 1391 1419 Christo
1429 1364 1485 1419 in
1514 1380 1716 1435 perpe-

138 1460 284 1510 tuum
338 1458 660 1524 regnantes.
709 1453 961 1522 Cumque
1011 1469 1105 1506 rex
1139 1452 1407 1507 dixisset:
1443 1452 1714 1517 Quisnam

134 1544 343 1600 tandem
368 1543 488 1597 haec
508 1542 776 1613 consequi
794 1540 1245 1613 promerebitur?
1268 1542 1560 1613 respondit
1578 1541 1671 1596 ille
1696 1561 1707 1595 :

135 1634 325 1689 Omnes
350 1631 446 1704 qui
476 1631 649 1686 vitam
678 1631 811 1685 illuc
829 1631 1124 1686 ducentem
1144 1630 1523 1703 arripuerint;
1556 1631 1715 1686 aditu

135 1721 270 1777 enim
291 1737 451 1775 nemo
473 1719 823 1792 prohibetur,
843 1721 939 1792 qui
955 1720 1120 1775 modo
1144 1720 1401 1775 voluerit.
1421 1721 1564 1776 Tum
1584 1737 1707 1774 rex:

1802 562 2128 635 parentibus
2157 568 2354 619 natum
2382 579 2504 617 esse
2534 560 2801 627 intellexi,
2834 559 3073 614 similem
3104 564 3161 613 te
3181 558 3395 630 prmbe-

1798 653 1900 708 bis.
1926 654 2029 709 Cui
2052 670 2177 708 cum
2195 658 2356 725 pater
2374 651 2576 707 nobilis
2603 650 2894 721 cujusdam
2921 654 3090 720 atque
3110 648 3166 703 in
3196 647 3395 719 primis

1798 744 2007 815 copiosi
2037 743 2140 797 viri
2170 741 2343 797 ﬁliam
2391 741 2600 812 insigni
2644 739 3063 811 pulchritudine
3099 737 3394 809 praeditam

1797 833 2202 904 despondisset,
2252 848 2318 886 ac
2361 831 2431 885 de
2482 829 2805 900 hujusmodi
2857 826 3212 882 matrimonio
3262 842 3393 880 cum

1798 923 1913 978 ﬁlio
1942 938 2257 977 sermonem
2285 919 2680 983 conseruisset,
2713 918 2959 989 quidque
2986 917 3045 972 in
3073 916 3261 971 animo
3286 915 3391 968 ha-

1796 1011 1955 1067 beret
1993 1011 2359 1083 exposuisset,
2398 1010 2516 1065 haec
2544 1013 2610 1064 ut
2638 1008 2736 1062 ille
2764 1006 2995 1072 audivit,
3030 1005 3190 1078 quasi
3227 1004 3392 1059 abso-

1796 1118 1933 1157 num
1962 1101 2229 1172 quiddam
2257 1117 2321 1155 ac
2350 1103 2772 1171 praeposterum,
2805 1096 3127 1167 hujusmodi
3151 1110 3270 1149 rem
3302 1109 3392 1147 ex-

1797 1191 2032 1257 cutiens,
2066 1190 2259 1244 relicto
2284 1194 2442 1261 patre
2462 1187 2726 1259 profugit.
2761 1187 3014 1257 Cumque
3036 1185 3145 1239 iter
3162 1184 3388 1248 faceret,

1798 1281 1948 1352 apud
1992 1296 2186 1335 senem
2232 1278 2533 1351 quemdam
2570 1292 2897 1349 pauperem,
2942 1279 3007 1329 ut
3048 1290 3083 1327 a
3111 1273 3224 1327 diei
3253 1276 3394 1327 testu

1797 1388 1921 1426 sese
1948 1374 2248 1434 recrearet,
2277 1367 2523 1422 divertit.

1868 1459 2009 1514 Filia
2033 1475 2200 1530 porro
2245 1457 2396 1513 senis
2425 1456 2576 1511 illius
2606 1472 2729 1527 quae
2766 1452 2933 1508 unica
2954 1452 3035 1507 illi
3063 1449 3218 1521 virgo
3248 1453 3389 1515 erat,

1796 1566 1897 1621 pro
1924 1547 2136 1603 foribus
2164 1548 2382 1609 sedens,
2408 1545 2667 1600 manibus
2691 1542 3049 1615 operabatur,
3079 1556 3177 1594 ore
3202 1545 3393 1593 autem

1795 1638 1977 1693 Deum
2006 1637 2125 1691 sine
2167 1637 2282 1690 ulla
2323 1634 2743 1689 intermissione
2780 1629 3064 1696 laudabat,
3099 1645 3165 1682 ex
3193 1626 3392 1681 intimo

1796 1730 2019 1797 pectore
2044 1726 2258 1797 gratias
2280 1724 2388 1796 ipsi
2406 1740 2599 1794 agens.
2632 1722 2816 1793 Ipsius
2844 1726 3033 1774 autem
3061 1717 3286 1772 laudem
3303 1716 3394 1786 ju-

135 1811 196 1867 Et
216 1825 485 1881 quaenam,
512 1809 715 1880 inquit,
735 1814 820 1863 est
839 1808 925 1864 via
956 1825 1069 1880 qua
1088 1808 1220 1863 illuc
1235 1808 1384 1863 itur?
1405 1808 1715 1880 Respondit
1733 1798 1780 1858 B
1798 1816 1953 1870 venis
1980 1815 2233 1880 audiens,
2259 1814 2340 1869 ait
2370 1831 2383 1867 ;
2417 1812 2734 1878 Quodnam,
2764 1827 2795 1864 ο
2826 1809 3033 1881 puella,
3056 1812 3220 1861 tuum
3233 1803 3394 1860 insti-

132 1898 215 1953 ille
242 1898 490 1971 praeclari
534 1898 711 1953 animi
747 1897 831 1952 vir
863 1916 874 1951 :
924 1899 1272 1969 Cognoscere
1310 1898 1491 1952 solum
1520 1915 1715 1953 verum

134 1988 314 2052 Deum,
340 1993 395 2043 et
410 1989 439 2043 J
445 2004 606 2043 esum
624 1987 910 2045 Christum
926 1987 1282 2057 unigenitum
1312 1988 1490 2060 ipsius
1511 1988 1711 2054 ﬁlium,

134 2080 185 2130 et
207 2080 457 2131 sanctum
502 2092 568 2131 ac
590 2075 869 2132 viviﬁcum
899 2076 1170 2147 Spiritum
1202 2078 1376 2147 (Joan.
1410 2080 1564 2146 xvii).

197 2164 305 2221 Rex
318 2165 513 2238 igitur,
537 2165 696 2236 regia
706 2182 840 2220 sane
854 2166 1153 2237 prudentia
1169 2166 1486 2237 praedictus,
1501 2166 1571 2220 ad
1582 2182 1712 2222 eum

134 2252 322 2325 inquit:
350 2255 417 2310 Et
437 2254 709 2326 quidnam
721 2255 990 2310 hactenus
1008 2262 1065 2310 te
1084 2254 1390 2326 prohibuit,
1416 2255 1714 2327 quominus

137 2342 259 2398 mihi
293 2344 408 2400 haec
436 2344 783 2415 exponeres?
810 2344 1005 2416 Neque
1028 2345 1177 2399 enim
1212 2345 1329 2399 hzec
1358 2346 1714 2400 cunctatione

137 2449 192 2486 ac
230 2433 494 2488 dilatione
540 2434 680 2488 mihi
708 2434 880 2505 digna
914 2450 1039 2488 esse
1084 2434 1363 2502 videntur,
1396 2434 1444 2488 si
1487 2435 1713 2505 quidem

136 2538 252 2577 vera
278 2529 424 2579 sunt.
464 2523 628 2587 Quod
657 2524 705 2578 si
735 2523 905 2578 dubia
937 2528 1088 2587 sunt,
1130 2523 1323 2578 sedulo
1356 2529 1412 2577 et
1457 2529 1715 2579 accurate

133 2611 569 2684 investigandum
590 2619 694 2681 est,
731 2613 1093 2685 quoadusque
1119 2613 1335 2667 eacitra
1355 2613 1529 2668 ullam
1543 2613 1717 2667 ambi-

134 2700 389 2771 guitatem
418 2719 486 2757 ac
515 2702 924 2757 dubitationem
966 2702 1336 2757 inveniamus.
1371 2703 1499 2757 Non
1544 2702 1718 2773 negli-

134 2790 310 2861 gentia
336 2797 394 2846 et
429 2792 692 2846 socordia
733 2792 943 2846 factum
987 2797 1090 2859 est,
1129 2791 1211 2846 ait
1236 2791 1351 2857 ille,
1383 2797 1448 2846 ut
1472 2791 1574 2845 tibi
1600 2792 1717 2846 haec

137 2895 392 2952 exponere
415 2885 736 2949 cunctarer,
778 2897 906 2935 cum
948 2897 1080 2935 vera
1108 2881 1224 2935 sint
1269 2886 1438 2951 atque
1465 2880 1535 2934 ab
1561 2880 1715 2936 omni

136 2966 462 3026 dubitatione
486 2975 705 3025 remota
728 2990 740 3035 ;
764 2987 955 3026 verum
978 2971 1127 3041 quod
1143 2971 1502 3026 excellentem
1523 2970 1715 3040 gloriae

136 3061 232 3112 tua:
258 3059 706 3130 magnitudinem
736 3076 976 3126 vererer,
1010 3066 1181 3131 atque
1210 3060 1348 3115 illud
1379 3066 1709 3128 metuerem;

137 3162 198 3200 ne
223 3146 318 3202 tibi
355 3149 546 3219 gravis
574 3165 639 3203 ac
675 3149 943 3204 molestus
973 3165 1171 3204 essem.
1205 3149 1475 3214 Quocirca
1500 3150 1548 3204 si
1574 3149 1714 3204 mihi

137 3234 326 3291 famulo
341 3242 438 3293 tuo
458 3238 569 3292 hoc
596 3238 861 3309 imperas,
895 3244 957 3293 ut
974 3244 1031 3293 te
1051 3239 1120 3292 de
1149 3239 1237 3294 his
1257 3237 1423 3293 rebus
1445 3238 1503 3293 in
1533 3245 1715 3310 poste-

136 3340 249 3378 rum
264 3325 650 3392 submoneam,
666 3327 903 3399 imperio
922 3333 1018 3381 tuo
1036 3327 1330 3399 obsequar.
1346 3328 1513 3392 Sane,
1531 3327 1717 3399 inquit

138 3428 239 3480 rex,
272 3431 381 3470 non
410 3416 661 3471 interdiu
690 3416 896 3482 solum,
941 3417 1040 3470 sed
1085 3416 1258 3470 etiam
1300 3416 1549 3487 qualibet
1577 3417 1716 3471 hora

138 3502 261 3557 mihi
291 3503 493 3560 harum
513 3521 702 3559 rerum
730 3504 1063 3559 memoriam
1092 3521 1318 3559 renova.
1352 3505 1543 3576 Neque
1565 3504 1714 3559 enim

137 3592 465 3664 negligenter
479 3610 547 3649 ac
562 3594 954 3665 perfunctorie,
990 3610 1179 3648 verum
1202 3610 1424 3648 summo
1452 3593 1638 3648 studio
1650 3610 1715 3649 ac

136 3678 335 3736 fervore
363 3683 448 3737 his
474 3682 644 3738 rebus
661 3683 912 3738 animum
937 3682 1230 3737 intendere
1245 3688 1482 3754 oportet.
1516 3682 1717 3738 Audivi

136 3769 315 3839 igitur,
338 3772 418 3828 ait
444 3773 728 3840 Barlaam,
760 3773 908 3828 hunc
928 3790 1119 3843 regem
1148 3772 1407 3844 deinceps
1426 3772 1514 3844 pie
1535 3788 1599 3826 ac
1624 3790 1714 3828 re~

136 3857 314 3931 ligiose
337 3861 512 3917 vitam
526 3861 856 3929 instituisse,
880 3861 1283 3934 praesentisque
1294 3861 1421 3915 vitae
1439 3861 1715 3917 curriculo

137 3949 333 4018 placide
352 3967 418 4006 ac
436 3951 741 4023 tranquille
755 3951 1025 4017 conlecto,
1050 3951 1453 4022 sempiternam
1479 3949 1717 4006 beatitu-

139 4037 308 4094 dinem
337 4038 699 4101 consecutum
736 4057 876 4095 esse.
908 4038 1281 4105 Quamobrem
1312 4040 1359 4093 si
1392 4039 1516 4110 quis
1545 4040 1716 4094 etiam

139 4132 337 4198 patrem
383 4136 550 4185 tuum
589 4130 658 4184 de
700 4130 786 4184 his
828 4129 995 4184 rebus
1032 4129 1364 4201 tempestive
1391 4129 1710 4196 admoneat,

139 4215 370 4273 fortassis
399 4219 680 4289 intelliget
707 4225 876 4290 atque
902 4219 1251 4290 exploratum
1280 4217 1507 4273 habebit
1536 4235 1717 4289 quan-

138 4305 201 4359 tis
254 4308 411 4364 malis
451 4309 758 4380 implicitus
792 4313 1070 4374 teneatur,
1132 4313 1300 4379 atque
1357 4306 1428 4362 ab
1472 4308 1543 4362 iis
1594 4324 1716 4362 esse

139 4402 392 4465 avertens,
428 4398 579 4470 quod
632 4398 841 4455 bonum
869 4404 972 4463 est,
1026 4397 1395 4468 amplectetur
1423 4398 1504 4464 (II
1537 4399 1715 4469 Pam).

1796 1908 1984 1959 tutum
2010 1902 2129 1958 est?
2160 1904 2232 1958 Et
2260 1918 2431 1974 quam
2459 1901 2529 1955 ob
2558 1915 2804 1965 causam,
2849 1915 2976 1952 cum
3002 1896 3060 1950 in
3087 1899 3247 1949 tanta
3269 1893 3391 1947 vili-

1795 1997 1913 2049 tate
1938 1998 1995 2047 et
2016 1992 2207 2064 inepia
2242 1990 2498 2056 versaris,
2539 1996 2809 2061 tanquam
2840 1986 2910 2042 ob
2939 1984 3191 2057 ingentia
3218 1982 3393 2037 bene-

1797 2083 1925 2137 ﬁcia
1950 2088 2193 2153 accepta.
2236 2082 2438 2135 horum
2479 2085 2765 2135 auctorem
2810 2076 2976 2131 laude
3013 2072 3232 2129 afﬁcis?
3261 2072 3390 2142 Ipsa

1795 2177 1986 2228 autem
2015 2171 2088 2225 ad
2117 2186 2246 2226 eum
2273 2169 2598 2241 respondit:
2632 2170 2718 2222 An
2742 2165 2921 2221 nescis
2951 2163 3101 2235 quod
3127 2160 3393 2233 quemad-

1796 2262 2026 2316 modum
2047 2260 2309 2330 exiguum
2346 2259 2711 2331 pharmacum
2740 2272 2772 2311 e
2802 2254 3021 2325 magnis
3057 2253 3389 2323 plerumque

1797 2355 1983 2418 πως)
2012 2348 2221 2405 morbis
2248 2349 2535 2403 hominem
2573 2347 2758 2418 eripit,
2791 2344 2990 2399 eodem
3020 2341 3186 2396 modo
3218 2339 3390 2394 etiam

1795 2439 1866 2495 ob
1888 2455 2089 2511 parvas
2106 2455 2196 2493 res
2221 2439 2338 2492 Deo
2360 2437 2576 2508 gratias
2596 2451 2784 2506 agere,
2813 2431 3069 2504 ingentia
3087 2430 3235 2484 bona
3263 2444 3393 2483 con-

1796 2528 1979 2584 ciliat?
2008 2530 2122 2599 Ego
2164 2528 2337 2598 igitur
2383 2525 2647 2598 pauperis
2685 2524 2835 2578 senis
2885 2521 3021 2586 ﬁlia,
3077 2518 3149 2574 ob
3194 2517 3396 2588 exigua

1797 2618 1914 2673 haec
1935 2618 2148 2688 gratias
2169 2634 2273 2687 ago
2312 2633 2376 2670 ac
2406 2615 2706 2670 Dominum
2729 2611 2990 2667 laudibus
3020 2608 3221 2673 efﬁcio,
3255 2605 3395 2661 illud

1798 2707 2068 2762 nimirum
2102 2707 2453 2777 exploratum
2480 2704 2713 2767 habens,
2750 2701 2898 2774 quod
2938 2699 3035 2771 qui
3061 2698 3179 2752 haec
3217 2695 3391 2762 dedit,

1798 2797 2016 2867 majora
2047 2812 2269 2866 quoque
2298 2795 2434 2849 dare
2458 2798 2661 2866 potest.
2694 2795 2879 2863 Atque
2907 2790 3024 2845 haec
3053 2786 3280 2860 quidem
3325 2784 3396 2839 de

1795 2885 1964 2940 rebus
1990 2885 2235 2940 externis
2262 2901 2328 2939 ac
2356 2883 2585 2938 minime
2606 2881 2831 2947 nostris,
2864 2897 2929 2934 ex
2959 2877 3161 2951 quibus
3184 2891 3288 2930 nec
3309 2872 3397 2928 his

1797 2974 1894 3047 qui
1922 2975 2104 3030 multa
2126 2974 2417 3046 possident
2443 2973 2657 3027 fructus
2698 2971 2866 3033 ullus,
2900 2969 3015 3022 imo
3045 2966 3216 3021 etiam
3248 2979 3395 3035 saepe

1794 3064 2066 3119 damnum
2095 3063 2294 3129 oritur,
2326 3078 2430 3117 nec
2465 3062 2552 3116 his
2601 3060 2696 3133 qui
2725 3059 2993 3132 pauciora
3036 3057 3392 3126 acceperunt,

1794 3151 2212 3207 incommodum
2233 3151 2410 3205 ullum
2441 3167 2508 3205 ac
2531 3149 2931 3204 detrimentum
2958 3143 3163 3209 existit,
3188 3141 3395 3213 quippe

1794 3258 1922 3297 cum
1952 3240 2178 3312 utrique
2204 3239 2461 3295 eamdem
2488 3238 2637 3291 viam
2684 3236 2907 3299 obeant,
2950 3238 3118 3303 atque
3146 3230 3219 3285 ad
3240 3245 3394 3285 eum—

1795 3331 1924 3387 dem
1952 3331 2125 3385 ﬁnem
2150 3328 2513 3384 contendant.
2547 3328 2621 3381 At
2647 3325 2707 3380 in
2728 3325 2797 3379 iis
2827 3340 2950 3395 quae
2983 3320 3162 3392 magis
3199 3334 3394 3374 neces-

1797 3420 1949 3475 saria
1982 3418 2325 3489 majorisque
2373 3416 2645 3471 momenti
2670 3418 2821 3477 sunt,
2865 3412 3059 3467 multis
3106 3407 3394 3463 maximis-

1797 3525 1925 3580 que,
1953 3513 2122 3579 atque
2164 3507 2303 3561 adeo
2332 3505 2644 3561 innumeris
2682 3501 2969 3557 beneﬁciis
2988 3517 3023 3554 a
3046 3500 3164 3555 Deo
3193 3497 3395 3552 affecta

1795 3614 1958 3665 sum;
1985 3597 2195 3651 etenim
2233 3596 2304 3650 ad
2346 3594 2448 3650 Dei
2480 3593 2785 3664 imaginem
2827 3590 3069 3654 condita,
3103 3587 3395 3659 ipsiusque

1797 3686 2117 3757 cognitione
2134 3685 2370 3750 imbuta,
2386 3690 2445 3738 et
2473 3682 2690 3736 ratione
2710 3687 2913 3753 preter
2929 3677 3122 3734 omnia
3141 3675 3396 3731 animan-

1797 3776 1878 3830 tia
1906 3780 2191 3841 exornata,
2215 3780 2273 3829 et
2299 3790 2367 3827 ex
2395 3779 2597 3839 morte,
2629 3789 2731 3843 per
2757 3770 2968 3825 viscera
2995 3763 3393 3822 misericordia;

1797 3865 1900 3919 Dei
1932 3864 2110 3919 nostri
2148 3864 2218 3918 ad
2251 3863 2422 3917 vitam
2461 3866 2720 3916 revocata
2745 3875 2891 3923 sum,
2920 3874 2986 3912 ac
3015 3851 3425 3928 percipiendoo,

1798 3971 1924 4009 rum
1944 3954 2121 4025 ipsius
2144 3956 2622 4007 sacramentorum
2641 3954 2976 4022 potestatem
2996 3945 3201 4017 accepi.
3221 3941 3394 3998 Deni-

1799 4060 1909 4114 que
1948 4042 2195 4113 paradisi
2222 4047 2385 4113 porta
2412 4040 2690 4112 patefacta
2718 4044 2822 4106 est,
2871 4037 3113 4091 liberum
3142 4032 3301 4097 mihi,
3347 4030 3395 4085 si

1799 4132 2025 4203 quidem
2053 4132 2298 4197 voluero,
2332 4130 2550 4184 aditum
2590 4129 2861 4201 praebens.
2905 4128 2986 4181 De
3012 4131 3099 4179 tot
3123 4123 3299 4194 igitur
3326 4137 3391 4176 ac

1796 4221 1970 4275 tantis
1989 4220 2292 4287 beneﬁciis,
2324 4236 2567 4292 quorum
2597 4234 2872 4290 pauperes
2901 4230 3059 4287 aeque
3101 4230 3166 4268 ac
3193 4211 3396 4266 divites

1798 4310 2099 4382 participes
2144 4315 2295 4376 sunt,
2335 4310 2537 4380 dignas
2562 4309 2677 4363 Deo
2705 4307 2916 4379 gratias
2965 4320 3134 4375 agere
3162 4316 3393 4375 prorsus

1800 4415 2036 4471 nequeo.
2079 4399 2240 4464 Quod
2280 4398 2326 4453 si
2356 4399 2615 4469 exiguam
2656 4397 2802 4451 hanc
2831 4410 3056 4466 quoque
3088 4391 3312 4446 laudem
3341 4387 3393 4443 ei

140 4482 269 4539 Nam
288 4486 347 4542 in
388 4487 686 4559 praesentia
716 4486 943 4558 quidem
970 4503 1147 4542 caecus
1176 4492 1278 4553 est,
1303 4491 1361 4541 et
1389 4502 1560 4541 manu
1589 4492 1714 4542 ten-
1735 4479 1895 4559 uni
1917 4504 2008 4542 mc
2035 4493 2121 4542 tot
2144 4486 2472 4542 muneribus
2502 4485 2809 4541 cumulavit
2852 4483 3085 4537 minime
3113 4479 3388 4543 obtulere,

140 4577 270 4640 tans,
302 4581 365 4631 ut
391 4576 489 4647 qui
517 4593 650 4631 vero
668 4577 883 4631 lumine
914 4593 1037 4631 sese
1057 4574 1290 4643 orbarit,
1323 4581 1493 4647 atque
1517 4576 1589 4631 ad
1618 4576 1717 4631 im-

140 4662 347 4733 pietatis
373 4665 638 4721 tenebras
660 4665 1046 4736 transfugerit.

200 4752 339 4808 Dicit
384 4759 579 4810 autem
612 4755 685 4809 ad
733 4771 864 4810 eum
911 4754 1221 4826 Josaphat:
1256 4754 1337 4809 De
1380 4758 1538 4825 patre
1567 4771 1713 4822 meo,

142 4842 271 4910 quod
300 4844 572 4899 Dominus
596 4843 848 4915 jusserit,
882 4845 999 4899 ﬁat.
1032 4845 1179 4899 Nam
1208 4844 1331 4915 ipsi,
1365 4844 1516 4899 velut
1544 4844 1717 4899 etiam

142 4928 229 4984 abs
268 4937 324 4988 te
360 4933 575 4989 dictum
601 4940 706 5000 est,
747 4950 817 4988 ea
860 4933 1053 4989 omnia
1094 4932 1383 5005 possibilia
1410 4938 1560 4999 sunt,
1593 4949 1717 5003 qua;

142 5018 275 5089 apud
305 5019 560 5076 homines
586 5020 954 5093 impossibilia
982 5038 1105 5076 esse
1131 5021 1408 5076 videntur.
1442 5021 1557 5092 Ego
1586 5037 1715 5076 vero

143 5122 231 5175 per
257 5108 488 5167 eximios
524 5126 589 5165 ac
617 5109 933 5181 singulares
958 5115 1086 5166 tuos
1106 5125 1415 5177 sermones,
1453 5110 1716 5165 vanitatis

144 5199 490 5266 praesentium
537 5215 728 5257 rerum
757 5204 1046 5271 pertaesus,
1089 5198 1159 5254 ab
1196 5199 1285 5254 his
1326 5199 1553 5271 quidem
1594 5216 1717 5255 om-

145 5285 262 5341 nino
289 5289 544 5344 animum
569 5287 845 5347 abducere
883 5288 1170 5356 constitui,
1203 5303 1267 5344 ac
1293 5294 1501 5355 tecum,
1552 5288 1716 5361 quid-

145 5376 263 5447 quid
289 5378 427 5434 mihi
454 5378 577 5436 vitae
601 5385 877 5452 superest,
908 5380 1222 5447 traducere,
1245 5396 1316 5436 ne
1345 5397 1447 5451 per
1473 5380 1630 5435 ﬂuxa
1661 5385 1720 5434 et

145 5462 349 5537 fragilia
370 5468 845 5541 sempiternorum
891 5470 1167 5527 bonorum.
1199 5474 1257 5525 et
1292 5469 1448 5525 omni
1482 5469 1716 5525 interitu

147 5553 438 5615 alienorum
468 5556 653 5623 fructu
680 5558 954 5615 excidam.

207 5643 509 5719 Respondit
540 5664 713 5706 senex
739 5667 755 5707 :
789 5647 848 5707 Si
882 5648 988 5705 hoc
1031 5646 1248 5716 feceris,
1285 5647 1720 5722 prudentissimo

1799 4593 1966 4647 quam
1996 4576 2226 4631 tandem
2255 4575 2669 4631 excusationem
2697 4572 2959 4628 habitura
2983 4570 3145 4626 sum?

1868 4664 2095 4719 Juvenis
2118 4669 2309 4719 autem
2337 4664 2625 4734 ingentem
2652 4663 2797 4715 hanc
2825 4658 3185 4731 prudentiam
3215 4654 3392 4711 admi-

1797 4769 1949 4819 rans,
1981 4752 2158 4807 accito
2193 4752 2371 4823 ipsius
2413 4757 2573 4823 patre
2613 4769 2624 4803 :
2661 4751 2744 4805 Da
2772 4749 2931 4813 mihi,
2973 4747 3176 4818 inquit,
3219 4744 3396 4801 ﬁliam

1797 4849 1955 4899 tuam
1971 4841 2270 4913 (siquidem
2283 4841 2457 4913 ipsius
2468 4839 2825 4911 prudentiam
2840 4855 2905 4893 ac
2915 4837 3183 4910 pietatem
3200 4850 3395 4891 amore

1797 4928 2171 5003 complector).
2200 4930 2383 4984 Senex
2426 4928 2618 4983 autem
2649 4928 2730 4983 ait
2761 4946 2775 4985 :
2824 4929 2950 4983 Non
2986 4926 3120 4981 licet
3149 4925 3269 4992 tibi,
3302 4922 3398 4996 qui

1797 5020 2061 5077 divitibus
2089 5024 2148 5074 et
2171 5018 2410 5091 copiosis
2438 5017 2766 5091 parentibus
2791 5023 2949 5073 ortus
2971 5033 3050 5083 es,
3082 5016 3227 5070 hanc
3252 5030 3395 5086 pau-

1798 5111 1949 5182 peris
1967 5108 2071 5164 viri
2084 5109 2259 5163 ﬁliam
2272 5108 2544 5180 accipere.
2576 5088 2819 5163 Rursum
2841 5110 3031 5162 autem
3042 5103 3266 5176 juvenis
3282 5103 3363 5156 ait
3382 5119 3398 5155 :

1800 5201 1964 5255 Certe
1984 5199 2128 5253 hanc
2157 5196 2447 5269 accipiam,
2479 5195 2587 5251 nisi
2603 5202 2665 5251 tu
2690 5194 3008 5269 prohibeas.
3038 5192 3256 5249 Etenim
3279 5191 3397 5247 ﬁlia

1799 5289 2056 5362 quaedam
2096 5286 2298 5342 nobilis
2319 5303 2384 5340 ac
2409 5285 2565 5341 dives
2601 5285 2740 5339 mihi
2761 5284 3040 5356 desponsa
3059 5282 3246 5338 fuerat
3269 5298 3281 5347 ;
3309 5296 3400 5333 ve-

1800 5395 1926 5434 rum
1954 5394 2022 5432 ea
2041 5376 2339 5448 repudiata
2365 5380 2535 5446 atque
2555 5373 2792 5444 abjeita,
2825 5374 2883 5427 in
2904 5372 3093 5442 fugam
3125 5385 3214 5424 me
3243 5368 3393 5424 dedi.

1801 5469 2013 5523 Contra
2039 5466 2166 5520 ﬁliae
2193 5471 2322 5531 tuae,
2352 5463 2423 5519 ob
2450 5464 2626 5535 ipsius
2653 5478 2789 5533 erga
2815 5463 2995 5517 Deum
3035 5459 3304 5532 pietatem
3335 5473 3401 5512 ac

1800 5556 2160 5631 prudentiam
2196 5571 2389 5611 amore
2432 5558 2741 5626 correptus,
2777 5548 3134 5606 matrimonio
3164 5564 3292 5604 cum
3334 5564 3403 5603 ea

1796 5646 1963 5720 iungi
1978 5649 2211 5719 paratus
2231 5661 2376 5701 sum.
2401 5644 2583 5701 Senex
2602 5646 2795 5699 autem
2823 5641 2896 5698 ad
2913 5640 3098 5714 ipsum
3119 5638 3200 5695 ait
3222 5657 3233 5694 :
3259 5639 3397 5696 Eam
