3878 6440
451 353 555 416 507

1462 363 1557 418 DE
1591 363 1784 422 VITIS
1818 364 2115 422 PATRUM
2152 362 2370 422 LIBER
2404 360 2696 418 PRIMUS.

448 483 553 538 tibi
581 483 714 540 dare
743 499 978 558 nequeo,
1010 491 1076 542 ut
1102 487 1162 543 in
1190 492 1486 560 paternam
1514 489 1744 544 domum
1773 489 2036 557 abducas,
2056 493 2106 550 Α
2125 489 2257 544 [ista
2285 491 2343 542 et
2380 487 2673 558 theologus
2701 487 2879 549 (Joan.
2916 485 2976 552 Il,
3024 500 3192 540 nemo
3220 489 3396 550 28]
3438 485 3584 540 vidit
3607 501 3716 541 un-

449 577 618 644 atque
648 590 682 628 a
707 575 846 628 meis
870 576 1018 630 ulnis
1047 576 1361 644 abstrahas,
1393 578 1558 633 unica
1580 579 1730 634 enim
1761 579 1898 634 mihi
1931 585 2035 634 est.

446 663 523 717 At
551 679 672 733 ego,
706 663 890 734 inquit
912 665 1153 736 juvenis,
1185 667 1334 738 apud
1367 684 1459 721 vos
1487 667 1741 733 manebo,
1767 673 2040 722 vestram-

448 767 556 821 que
595 751 718 806 vita
747 753 1026 808 rationem
1059 755 1389 826 suscipiam;
1418 773 1484 810 ac
1510 763 1722 828 postea,
1755 757 2041 812 luculenta

445 845 596 893 veste
623 839 861 911 abjecta,
893 844 1042 897 senis
1066 844 1215 899 illius
1238 850 1418 899 vestes
1447 846 1626 916 petiit,
1655 847 1835 918 iisque
1863 864 1923 901 se
1952 847 2041 902 in-

445 926 587 981 duit.
622 929 875 1001 Cumque
904 931 997 985 ille
1022 932 1205 1004 ipsum
1237 933 1334 988 diu
1363 935 1718 1006 multumque
1745 940 2038 1002 tentasset,

443 1016 723 1088 variisque
752 1019 932 1074 modis
953 1020 1125 1092 ipsius
1155 1024 1407 1077 animum
1429 1024 1790 1094 explorasset,
1823 1030 1886 1078 ut
1914 1041 2043 1079 eum

445 1106 652 1160 mentis
673 1108 949 1178 gravitate
979 1110 1274 1180 praeditum
1305 1129 1429 1166 esse
1457 1113 1732 1184 cognovit,
1753 1131 1856 1168 nec
1872 1114 2042 1170 stulto

446 1193 693 1264 quodam
721 1212 912 1252 amore
959 1197 1247 1254 obsessum
1276 1200 1450 1255 ﬁliam
1479 1218 1640 1256 suam
1670 1201 1728 1256 in
1759 1203 2044 1257 matrimo-

444 1281 605 1338 nium
634 1290 844 1355 petere,
861 1304 1054 1341 verum
1083 1289 1307 1359 pietatis
1335 1290 1520 1345 studio
1548 1308 1850 1362 pauperem
1867 1292 2035 1346 vitam

443 1373 771 1445 amplexari,
796 1393 1032 1448 eamque
1049 1378 1242 1448 gloria
1269 1395 1383 1434 sua
1403 1397 1468 1434 ac
1497 1380 1772 1434 nobilitati
1800 1381 2038 1436 antefer-

446 1477 530 1528 re,
561 1469 788 1534 arrepta
815 1464 992 1536 ipsius
1022 1483 1192 1521 manu
1221 1467 1278 1521 in
1313 1469 1570 1523 conclave
1599 1487 1762 1523 suum
1792 1487 1923 1524 eum
1953 1470 2040 1523 in-

446 1550 716 1618 troduxit,
756 1558 815 1607 et
860 1553 1117 1624 ingentes
1161 1572 1294 1626 opes
1331 1557 1444 1610 illic
1491 1557 1823 1618 reconditas,
1872 1564 2041 1629 atque

449 1637 916 1697 innumerabilem
957 1644 1322 1714 pecuniarum
1373 1647 1600 1710 molem,
1663 1653 2042 1719 quantamque

443 1727 668 1798 juvenis
706 1730 800 1784 ille
831 1749 1116 1804 nunquam
1158 1734 1390 1800 viderat,
1425 1734 1530 1806 ipsi
1563 1736 2038 1791 commonstravit.

2121 595 2311 651 quam.
2341 577 2675 647 Unigenitus
2705 575 2896 636 Filius,
2923 573 3018 645 qui
3041 579 3126 628 est
3143 575 3201 629 in
3219 575 3345 629 sinu
3369 575 3581 640 Patris,
3599 575 3718 647 ipse

2121 667 2420 722 enarravit.
2471 667 2604 737 Ejus
2633 681 2799 736 porro
2828 663 2924 736 qui
2949 664 3236 718 oculorum
3255 663 3519 720 obtutum
3553 665 3716 738 fugit,

2121 763 2291 828 atque
2305 757 2611 811 immensus
2631 753 2976 823 est,gloriam
2993 758 3050 806 et
3070 754 3591 825 majestatem,quia
3601 761 3724 811 tan-

2122 847 2249 900 dem
2280 861 2472 899 eorum
2507 843 2603 916 qui
2633 860 2663 897 e
2690 849 2843 897 terra
2880 842 3124 896 concreti
3169 848 3318 908 sunt,
3357 845 3726 916 comprehen-

2123 951 2244 988 sam
2271 933 2476 988 habere
2509 937 2696 1004 queat,
2728 931 2836 986 nisi
2865 931 2971 1002 ipsi
2999 930 3275 986 arbitratu
3303 949 3405 986 suo
3425 949 3554 988 eam
3577 941 3730 1006 pate-

2126 1023 2337 1088 fecerit,
2387 1020 2863 1094 quemadmodum
2909 1020 3123 1074 scilicet
3162 1021 3453 1092 prophetis
3502 1023 3625 1078 suis
3673 1032 3731 1079 et

2126 1113 2394 1185 apostolis
2425 1111 2719 1184 patefecit?
2748 1111 2863 1164 Nos
2892 1115 3081 1164 autem
3107 1114 3230 1164 tum
3258 1126 3324 1164 ex
3353 1127 3552 1166 eorum
3581 1130 3727 1184 pra-

2125 1202 2423 1267 dicatione,
2447 1207 2569 1255 tum
2599 1217 2665 1254 ex
2682 1199 2805 1271 ipsa
2823 1214 3014 1253 rerum
3040 1203 3262 1266 natura,
3287 1206 3564 1271 quantam
3580 1218 3735 1257 asse-

2119 1292 2216 1363 qui
2249 1291 2408 1346 nobis
2438 1291 2623 1355 datur,
2659 1305 2783 1344 eam
2811 1288 3101 1342 discimus.
3123 1287 3218 1342 Ait
3237 1289 3386 1344 enim
3410 1290 3721 1362 Scriptura:

2121 1381 2259 1436 lei
2296 1385 2565 1434 enarrant
2585 1378 2820 1449 gloriam
2849 1377 2970 1442 Dei,
3015 1382 3074 1431 et
3101 1393 3271 1448 opera
3300 1395 3576 1434 manuum
3605 1383 3726 1452 ejus

2121 1470 2421 1524 annuntiat
2459 1469 2878 1522 firmamentum
2929 1469 3087 1526 ιΡεαι.
3130 1471 3301 1534 xvm).
3345 1469 3427 1522 Ac
3478 1485 3722 1524 rursus:

2124 1558 2429 1614 Invisibilis
2459 1557 2634 1628 ipsius
2664 1573 2700 1610 a
2727 1561 2985 1610 creatura
3013 1555 3228 1621 mundi,
3259 1573 3362 1627 per
3389 1573 3457 1612 ea
3494 1575 3626 1629 qua
3653 1559 3730 1614 fa-

2123 1654 2214 1701 cta
2243 1653 2392 1711 sunt,
2424 1647 2707 1701 intellecta
2733 1643 3171 1715 conspiciuntur,
3209 1645 3561 1717 sempiterna
3597 1664 3730 1720 quo-

2125 1753 2234 1810 que
2255 1736 2428 1808 ipsius
2456 1735 2707 1807 potentia
2734 1740 2792 1788 et
2817 1734 3078 1788 divinitas
3108 1736 3272 1794 (Rom.
3299 1735 3362 1804 ι).

448 1815 654 1888 Aitque
684 1820 754 1873 ad
787 1837 913 1874 eum
945 1840 957 1875 :
992 1822 1116 1888 Fili,
1147 1822 1263 1877 hac
1291 1824 1482 1878 omnia
1508 1823 1610 1878 tibi
1639 1825 1784 1879 dono
1804 1826 1894 1892 do,
1913 1843 2106 1907 pro-B
2201 1824 2683 1890 Quemadmodum
2713 1823 2864 1878 enim
2894 1822 3172 1895 quispiam
3200 1823 3432 1878 domum
3460 1825 3728 1896 praclare

449 1911 644 1975 pterea
668 1909 817 1978 quod
847 1927 1100 1964 mearum
1130 1928 1302 1982 opum
1342 1913 1519 1967 hares
1549 1931 1671 1968 esse
1705 1913 1765 1968 in
1793 1915 2044 1968 animum

447 1993 735 2052 induxisti.
755 1999 879 2062 Qua
898 1999 1224 2056 hareditate
1254 2008 1534 2072 percepta,
1558 2002 1653 2056 ille
1677 2010 2047 2058 omnesterra

445 2082 646 2139 divites
680 2090 736 2140 et
766 2087 948 2142 claros
973 2089 1228 2144 homines
1253 2091 1553 2161 superavit.

517 2173 648 2228 CAP.
672 2176 845 2232 XVII.
879 2207 938 2218 --
971 2178 1122 2233 Dixit
1145 2185 1332 2234 autem
1355 2181 1627 2252 Josaphat
1654 2181 1724 2235 ad
1756 2182 2044 2240 Barlaam:

443 2263 590 2334 Apte
617 2280 753 2318 sane
780 2265 898 2320 hac
941 2267 1112 2321 etiam
1143 2269 1393 2323 narratio
1434 2287 1624 2324 rerum
1654 2287 1907 2326 mearum
1941 2278 2051 2326 sta-

445 2355 567 2406 tum
599 2353 877 2423 exprimit,
910 2373 975 2410 ac
997 2357 1231 2427 proinde
1263 2359 1332 2412 de
1362 2375 1450 2412 me
1475 2376 1700 2430 quoque
1728 2361 1845 2414 hac
1863 2360 1963 2415 abs
1991 2367 2049 2415 te

445 2440 591 2495 dicta
622 2458 743 2498 esse
769 2444 1045 2500 existimo.
1068 2447 1276 2502 Verum
1309 2447 1589 2518 quodnam
1615 2449 1843 2503 tandem
1871 2456 1957 2504 est
1986 2449 2049 2503 il-

445 2529 544 2584 lud
565 2532 1007 2602 experimentum
1035 2551 1136 2605 per
1153 2537 1300 2606 quod
1331 2536 1504 2590 animi
1535 2537 1647 2591 mei
1674 2538 2046 2592 constantiam

449 2618 792 2688 exploratam
821 2621 1034 2676 habere
1054 2624 1212 2694 cupis
1229 2625 1254 2677 ?

521 2707 830 2778 Respondit
857 2727 1060 2766 senex:
1095 2713 1365 2782 Equidem
1387 2713 1505 2785 ipse
1535 2713 1705 2768 etiam
1735 2715 2046 2786 periculum

448 2793 572 2860 feci,
597 2801 656 2850 et
683 2796 930 2852 intellexi
957 2805 1169 2870 quanta
1191 2801 1250 2855 in
1265 2808 1321 2855 te
1341 2803 1545 2857 mentis
1566 2804 1864 2874 prudentia
1878 2809 2047 2875 atque

450 2885 786 2950 constantia,
829 2903 1108 2958 quamque
1151 2896 1336 2944 rectus
1365 2897 1423 2944 et
1451 2891 1671 2961 integer
1696 2891 1796 2946 tibi
1825 2892 2046 2947 animus

453 2971 528 3026 sit
543 2985 772 3042 ;',verum
791 2976 1028 3031 actionis
1057 2983 1166 3032 tua
1191 2977 1318 3032 finis
1342 2978 1457 3034 hac
1471 2980 1844 3036 confirmabit.
1865 2981 2046 3052 Hujus

449 3065 532 3118 rei
583 3065 767 3134 gratia
816 3067 978 3121 ﬂecto
1039 3085 1226 3138 genua
1275 3086 1402 3124 mea
1449 3071 1516 3124 ad
1571 3071 1748 3125 Deum
1793 3077 2044 3126 nostrum

2129 1928 2193 1966 ac
2223 1927 2442 1965 summa
2463 1914 2580 1964 arte
2597 1914 2992 1974 constructam,
3015 1913 3116 1962 aut
3132 1909 3417 1963 vasculum
3439 1909 3732 1980 eleganter

2129 2001 2522 2055 concinnatum
2561 1997 2919 2069 perspiciens,
2968 1997 3334 2052 architectum
3362 2003 3465 2052 aut
3504 1998 3728 2054 fabrum

2129 2090 2320 2144 statim
2351 2089 2421 2143 ob
2463 2088 2714 2142 animum
2743 2086 2850 2140 sibi
2902 2085 3162 2158 proponit
3211 2086 3290 2140 sic
3325 2077 3502 2142 etiam
3528 2105 3638 2159 ego
3667 2107 3731 2144 ex

2130 2179 2306 2232 nihilo
2345 2177 2580 2238 effictus,
2613 2181 2782 2247 atque
2819 2175 2876 2230 in
2914 2181 3101 2230 ortum
3144 2175 3472 2246 productus,
3506 2177 3732 2232 etiamsi

2130 2270 2382 2323 fictorem
2422 2283 2485 2320 ac
2516 2265 2907 2336 productorem
2937 2280 3124 2318 meum
3155 2280 3382 2336 cernere
3422 2282 3728 2336 nequeam,

2131 2363 2322 2411 tamen
2340 2373 2406 2410 ex
2429 2355 2716 2426 aptissima
2738 2352 3089 2424 maximeque
3103 2352 3435 2408 admiranda
3454 2355 3570 2409 mei
3588 2361 3732 2411 stru-

2132 2452 2294 2501 ctura
2318 2445 2388 2499 ad
2403 2461 2461 2497 sa
2471 2444 2688 2516 pientia
2709 2443 2885 2514 ipsius
2905 2441 3276 2513 cognitionem
3295 2443 3443 2509 veni,
3465 2461 3583 2498 non
3600 2462 3734 2516 qua-

2131 2541 2297 2590 tenus
2313 2539 2418 2598 est,
2433 2533 2528 2587 sed
2545 2537 2821 2604 quatenus
2842 2531 3156 2602 intelligere
3172 2547 3314 2602 queo
3334 2550 3346 2585 :
3371 2548 3582 2606 nempe
3599 2535 3730 2606 quia

2132 2639 2243 2677 non
2263 2639 2394 2676 casu
2417 2637 2481 2674 ac
2499 2621 2729 2675 fortuito
2747 2619 3050 2690 productus
3067 2635 3475 2684 sum,necame
3495 2621 3622 2693 ipso
3643 2639 3729 2677 ex-

2130 2712 2268 2776 stiti,
2287 2727 2480 2765 verum
2510 2709 2627 2781 ipse
2653 2708 2928 2762 arbitratu
2949 2725 3050 2763 suo
3073 2725 3160 2762 me
3176 2708 3420 2764 efﬂuxit:
3451 2709 3536 2764 sic
3552 2711 3726 2767 nimi-

2129 2818 2256 2856 rum
2303 2805 2365 2854 ut
2391 2816 2480 2853 me
2521 2815 2709 2852 rerum
2737 2797 2989 2852 omnium
3019 2797 3370 2852 conditarum
3415 2799 3726 2872 principem

2128 2889 2501 2953 constituerit,
2517 2887 2852 2960 quibusdam
2874 2892 3063 2940 autem
3083 2885 3404 2941 inferiorem
3424 2887 3642 2955 fecerit,
3664 2905 3727 2944 ac

2127 2979 2430 3034 contritum
2469 2978 2638 3032 etiam
2661 2975 2848 3030 divino
2884 2991 2986 3029 suo
3017 2975 3255 3046 imperio
3273 2992 3363 3030 me
3392 2993 3458 3030 ex
3487 2977 3595 3031 hac
3617 2978 3727 3032 vita

2128 3069 2387 3133 educens,
2419 3067 2488 3120 ad
2519 3067 2752 3120 alteram
2783 3065 2954 3118 vitam
2971 3064 3098 3118 ﬁnis
3113 3070 3396 3135 expertam
3419 3081 3486 3120 ac
3515 3067 3724 3139 sempi-

447 3154 658 3222 (Ephes.
710 3157 816 3223 In),
873 3155 967 3226 qui
1018 3157 1077 3210 in
1121 3157 1398 3213 Trinitate
1426 3159 1760 3225 celebratur,
1793 3161 1863 3214 ad
1891 3177 2040 3227 eum,
2065 3161 2108 3222 C
2127 3164 2345 3212 ternam
2377 3155 2696 3210 transferat.
2726 3153 2940 3218 Quibus
2960 3152 3220 3207 omnibus
3246 3153 3305 3208 in
3331 3153 3502 3209 rebus
3539 3156 3723 3228 provi-

446 3241 698 3312 inquam,
749 3243 844 3314 qui
886 3245 1092 3311 omnia,
1145 3251 1260 3300 tam
1288 3265 1410 3319 qua
1440 3255 1669 3320 aspectu
1721 3250 2044 3303 sentiuntur

446 3345 614 3400 quam
636 3347 759 3402 qua
780 3333 1068 3388 oculorum
1092 3352 1320 3390 sensum
1340 3335 1566 3406 fugiunt
1584 3337 1924 3409 procreavit;
1949 3337 2044 3409 qui

441 3435 571 3474 vere
599 3435 664 3474 ac
691 3423 1034 3492 sempiterne
1077 3429 1180 3487 est,
1217 3441 1320 3479 nec
1348 3425 1580 3496 gloriosi
1610 3431 1794 3480 status
1832 3426 1918 3480 sui
1945 3431 2044 3481 aut

445 3507 780 3580 principium
803 3527 1049 3582 unquam
1071 3511 1287 3574 habuit,
1313 3519 1413 3568 aut
1429 3515 1594 3568 finem
1611 3515 1906 3570 habiturus
1927 3521 2037 3568 est:

443 3595 515 3649 ad
535 3595 714 3663 illum,
739 3597 991 3668 inquam,
1011 3601 1374 3655 metuendum
1397 3608 1566 3674 atque
1587 3603 1836 3657 omnium
1855 3619 2044 3658 rerum

442 3691 870 3756 prapotentem,
902 3687 1226 3760 bonumque
1265 3696 1322 3745 et
1361 3691 1431 3745 ad
1466 3692 1880 3746 miserationem
1911 3708 2043 3763 pro-

444 3789 701 3845 pensum,
733 3784 798 3830 ut
825 3777 1010 3832 cordis
1055 3778 1140 3832 tui
1170 3780 1361 3834 oculos
1389 3780 1688 3846 illuminet,
1707 3781 1914 3852 detque
1941 3780 2044 3835 tibi

443 3861 704 3932 spiritum
737 3865 1026 3936 sapientia
1045 3873 1104 3921 et
1124 3867 1476 3922 revelationis
1503 3868 1573 3922 ad
1604 3868 1780 3940 ipsius
1801 3869 2045 3939 agnitio-

442 3967 594 4015 nem,
627 3957 692 4006 ut
728 3970 1029 4024 cognoscas
1061 3971 1183 4026 qua
1211 3956 1287 4010 sit
1315 3973 1440 4027 spes
1483 3957 1783 4012 vocationis
1821 3963 1955 4024 tua,
1987 3964 2046 4012 et

444 4055 567 4110 qua
594 4040 800 4096 divitia
825 4043 1018 4111 gloria
1065 4044 1408 4099 hareditatis
1435 4045 1609 4116 ipsius
1637 4045 1696 4100 in
1731 4046 1958 4105 sanctis.
1988 4051 2046 4100 et

445 4144 568 4198 qua
596 4129 1021 4200 supereminens
1038 4131 1135 4186 illa
1160 4133 1488 4202 magnitudo
1504 4133 1767 4205 potentia
1787 4135 1964 4205 ipsius
1983 4134 2043 4189 in

445 4232 548 4271 nos
567 4217 662 4288 qui
689 4217 1049 4284 credidimus,
1081 4225 1143 4274 ut
1165 4222 1283 4291 jam
1309 4238 1422 4276 non
1451 4222 1528 4276 sis
1558 4223 1759 4293 hospes
1789 4230 1848 4278 et
1873 4224 2042 4278 adve-

443 4321 536 4371 na,
559 4305 658 4360 sed
678 4306 811 4360 civis
826 4313 1145 4363 sanctorum
1163 4315 1220 4364 et
1248 4310 1585 4364 domesticus
1614 4312 1714 4366 Dei
1749 4313 1955 4380 (Ep/ws.
1979 4319 2038 4380 ι),

2125 3246 2328 3300 dentia
2369 3245 2544 3316 ipsius
2593 3242 2800 3297 viribus
2840 3241 3111 3296 obluctari
3152 3258 3398 3314 nequeo,
3441 3260 3547 3299 nec
3584 3245 3721 3300 mihi

2125 3334 2453 3406 quidquam,
2484 3333 2571 3386 vel
2597 3336 2870 3402 quantum
2901 3331 2972 3384 ad
3002 3336 3296 3396 staturam,
3329 3332 3416 3386 vel
3446 3340 3720 3404 quantum

2125 3424 2194 3478 ad
2221 3424 2414 3477 forma
2438 3423 2677 3492 ﬁguram
2710 3421 2932 3485 attinet,
2965 3419 3206 3491 adjicere
3235 3426 3334 3476 aut
3359 3421 3712 3490 subtrahere,

2126 3529 2226 3567 nec
2259 3529 2326 3566 ea
2355 3528 2477 3582 qua
2513 3511 2570 3564 in
2617 3526 2708 3564 me
2746 3515 3025 3564 vetustate
3067 3509 3314 3564 confecta
3356 3517 3510 3576 sunt,
3562 3528 3722 3568 reno-

2127 3617 2280 3666 vare,
2313 3617 2415 3654 nec
2446 3617 2568 3671 qua
2595 3598 2925 3653 labefactata
2947 3604 3005 3652 et
3031 3604 3294 3670 corrupta
3322 3603 3472 3667 sunt,
3497 3600 3560 3656 in
3588 3600 3725 3656 inte-

2125 3707 2288 3762 grum
2316 3689 2632 3744 restituere.
2668 3689 2864 3759 Neque
2889 3687 3038 3742 enim
3071 3687 3396 3743 mortalium
3431 3689 3588 3744 ullus
3619 3707 3726 3746 un-

2127 3795 2292 3850 quam
2306 3777 2428 3844 fuit,
2452 3777 2547 3848 qui
2573 3778 2773 3831 horum
2795 3776 3100 3847 quidquam
3119 3775 3340 3832 efficere
3368 3783 3581 3848 posset,
3616 3796 3726 3834 non

2127 3885 2244 3934 rex,
2265 3881 2377 3920 non
2399 3865 2642 3938 sapiens,
2666 3881 2778 3919 non
2795 3865 2966 3930 dives,
2981 3881 3092 3919 non
3113 3870 3328 3937 potens,
3352 3882 3465 3922 non
3485 3867 3729 3941 denique

2127 3956 2272 4010 alius
2318 3955 2593 4026 quispiam
2633 3954 2882 4008 humana
2917 3954 3104 4008 studia
3151 3961 3496 4011 consectans.
3523 3957 3730 4012 Nullus

2126 4045 2296 4110 enim,
2323 4043 2508 4114 inquit
2519 4043 2630 4108 ille,
2648 4059 2864 4113 regum,
2879 4048 2979 4096 aut
2992 4059 3185 4098 eorum
3200 4043 3366 4115 quiin
3377 4043 3729 4102 sublimitate

2125 4139 2275 4198 sunt,
2296 4132 2449 4187 aliud
2470 4131 2668 4186 habuit
2687 4131 2997 4186 nativitatis
3022 4131 3264 4187 initium.
3289 4133 3446 4188 Unus
3466 4134 3621 4190 enim
3643 4141 3728 4190 est

2124 4222 2373 4276 omnium
2395 4221 2659 4275 introitus
2675 4220 2744 4274 ad
2761 4220 2952 4286 vitam,
2976 4225 3032 4274 et
3050 4220 3198 4275 idem
3221 4221 3404 4278 exitus
3421 4224 3574 4293 (Sap.
3605 4231 3722 4287 πη.

2197 4309 2573 4375 Quamobrem
2604 4326 2670 4364 ex
2695 4308 2762 4364 iis
2792 4325 2915 4380 qua
2943 4309 3013 4364 ad
3051 4325 3143 4364 me
3172 4311 3474 4380 pertinent,
3509 4313 3582 4368 ad
3613 4330 3726 4368 ma-

443 4395 920 4463 superadiflcatus
934 4413 1106 4468 super
1125 4398 1552 4454 fundamentum
1576 4400 1958 4470 apostolorum
1987 4405 2045 4456 et
2064 4433 2111 4492 Β
2127 4398 2464 4470 gnificentia
2472 4415 2537 4452 su
2545 4397 2679 4492 mini
2699 4398 2874 4492 illius—
2865 4397 3151 4453 architecti
3163 4399 3565 4492 cognitionem,
3575 4403 3727 4457 velut

443 4484 866 4554 prophetarum,
914 4485 1035 4558 ipso
1086 4503 1308 4542 summo
1360 4488 1620 4558 angulari
1669 4489 1853 4560 lapide
1907 4490 2042 4545 Jesu
2065 4484 2106 4492 -
2128 4495 2387 4560 porrecta
2412 4504 2586 4542 manu
2613 4487 2805 4541 ducor.
2838 4487 3117 4541 Praterea
3142 4492 3330 4542 autem
3370 4489 3724 4560 aptissimam

442 4572 687 4642 Christo,
725 4575 783 4628 in
827 4592 938 4646 quo
969 4576 1152 4630 omnis
1175 4576 1472 4632 adiﬁcatio
1501 4583 1822 4632 constructa
1847 4578 2047 4634 crescit

440 4660 499 4715 in
527 4664 802 4734 templum
831 4671 1085 4720 sanctum
1126 4665 1186 4720 in
1213 4665 1454 4720 Domino
1476 4667 1683 4735 (Ephes.
1716 4673 1798 4733 II).

511 4751 784 4823 Josaphat
809 4759 998 4808 autem
1021 4754 1238 4826 ingenti
1267 4755 1440 4810 animi
1461 4755 1891 4826 compunctione
1911 4757 2044 4810 affe-

441 4843 585 4898 ctus.
629 4840 804 4894 dixit:
837 4843 967 4898 Hac
996 4843 1208 4897 scilicet
1242 4843 1434 4898 omnia
1481 4843 1599 4914 ipse
1641 4861 1864 4915 quoque
1898 4844 2042 4898 scire

440 4927 706 4998 gestiens,
737 4929 836 4983 abs
858 4936 915 4984 te
946 4937 1094 5002 peto,
1125 4938 1190 4986 ut
1209 4938 1266 4986 et
1292 4933 1493 4988 divina
1511 4933 1702 5004 gloria
1720 4933 1962 4998 divitias,
1985 4937 2044 4986 et

440 5015 618 5087 ipsius
639 5018 902 5088 potentia
931 5020 1314 5075 excellentiam
1345 5021 1483 5076 mihi
1511 5022 1778 5076 declares.

510 5105 661 5160 Dixit
689 5113 879 5161 autem
911 5108 982 5162 ad
1020 5109 1204 5180 ipsum
1243 5110 1502 5164 Barlaam
1535 5129 1548 5164 :
1589 5111 1769 5165 Deum
1807 5111 2036 5182 supplex

438 5211 575 5266 rogo
603 5204 668 5250 ut
695 5197 814 5251 hac
841 5205 898 5252 te
925 5197 1142 5262 doceat,
1177 5202 1346 5269 atque
1374 5199 1700 5269 hujusmodi
1730 5216 1920 5254 rerum
1950 5216 2038 5254 co-

436 5285 746 5356 gnitionem
777 5285 966 5341 animo
1000 5291 1099 5342 tuo
1135 5287 1366 5342 inserat.
1395 5288 1861 5359 Quandoquidem
1887 5289 2037 5360 apud

437 5373 692 5430 homines
712 5375 889 5446 ipsius
900 5376 1082 5446 gloria
1099 5393 1164 5431 ac
1183 5377 1432 5448 potentia
1447 5378 1601 5432 nullo
1614 5377 1778 5432 modo
1798 5393 2039 5432 comme-

438 5465 647 5518 morari
668 5470 869 5536 potest,
897 5465 1149 5536 quamvis
1169 5467 1340 5521 etiam
1367 5483 1562 5522 omnes
1583 5467 1832 5521 omnium
1854 5467 2033 5520 homi-

437 5566 593 5617 num,
612 5558 726 5610 tam
743 5555 840 5626 qui
855 5570 1004 5610 nunc
1016 5561 1151 5610 sunt
1168 5571 1336 5628 quam
1351 5556 1449 5628 qui
1469 5555 1770 5627 aliquando
1779 5555 2026 5622 fuerunt,

437 5639 643 5710 lingua
672 5640 730 5696 in
749 5658 924 5720 unum
943 5649 1161 5699 coeant.
1186 5645 1366 5702 Deum
1388 5645 1559 5709 enim,
1586 5643 1772 5716 inquit
1792 5660 2030 5716 evange-

2126 4594 2315 4632 rerum
2334 4577 2584 4631 omnium
2596 4576 2946 4630 conditarum
2968 4580 3306 4632 structuram
3321 4582 3493 4650 atque
3503 4595 3724 4635 conser-

2125 4666 2406 4720 vationem
2437 4663 2798 4726 consideravi,
2849 4680 3054 4737 nempe
3085 4665 3232 4736 quod
3265 4671 3464 4737 suapte
3492 4668 3720 4739 quidem

2124 4759 2330 4808 natura
2353 4758 2552 4808 cuncta
2579 4752 2878 4808 mutationi
2907 4758 3076 4824 atque
3102 4754 3447 4809 conversioni
3468 4755 3722 4828 subjecta

2124 4847 2274 4906 sunt,
2301 4842 2566 4898 nimirum
2595 4858 2662 4896 ea
2695 4858 2819 4914 qua
2848 4848 3034 4897 mente
3063 4843 3298 4914 pradita
3324 4849 3475 4908 sunt,
3500 4846 3720 4901 ratione

2123 4931 2443 4998 voluntatis,
2489 4947 2928 5002 progressusque
2972 4931 3032 4986 in
3059 4931 3204 4986 bono
3251 4937 3351 4987 aut
3394 4949 3650 4990 recessus
3689 4953 3720 4990 a

2126 5025 2296 5088 bono;
2330 5038 2398 5075 ea
2410 5027 2598 5075 autem
2619 5038 2743 5092 qua
2760 5021 2820 5076 in
2838 5038 3063 5076 sensum
3081 5021 3306 5087 cadunt,
3326 5023 3548 5078 ratione
3565 5029 3718 5080 ortus

2120 5116 2178 5164 et
2195 5111 2479 5176 interitus,
2503 5111 2963 5182 accretionisque,
2990 5115 3047 5165 et
3072 5110 3503 5178 imminutionis,
3523 5119 3585 5168 et
3603 5130 3720 5170 mu-

2119 5199 2350 5254 tationis
2377 5201 2500 5270 ejus
2525 5216 2651 5271 qua
2671 5199 2729 5254 in
2755 5199 3025 5270 qualitate
3053 5200 3237 5272 posita
3263 5206 3367 5265 est,
3392 5217 3459 5256 ac
3477 5201 3718 5276 denique

2118 5289 2310 5344 localis
2330 5294 2533 5344 motus.
2567 5290 2648 5343 Ac
2674 5305 2776 5360 per
2803 5305 2871 5343 ea
2901 5289 3088 5344 tacitis
3123 5288 3455 5360 quibusdam
3487 5293 3716 5348 vocibus

2118 5378 2425 5449 pradicant
2461 5395 2521 5433 se
2548 5395 2582 5432 a
2611 5378 2726 5432 Deo
2741 5383 2993 5433 creatore
3009 5395 3074 5433 ac
3097 5379 3428 5434 mutationis
3451 5383 3639 5437 omnis
3663 5387 3718 5437 et

2115 5466 2492 5522 conversionis
2515 5473 2740 5538 experte
2760 5474 3052 5539 procreata
3080 5484 3218 5534 esse,
3253 5473 3423 5540 atque
3437 5471 3711 5526 contineri

2114 5561 2172 5610 et
2199 5555 2534 5624 conservari,
2565 5573 2898 5628 semperque
2924 5550 3246 5628 gubernari.
3277 5557 3538 5622 Quonam
3563 5560 3710 5614 enim

2113 5644 2324 5716 alioqui
2351 5645 2518 5700 modo
2557 5651 2772 5701 natura
2803 5645 2952 5700 inter
2979 5661 3039 5700 se
3079 5653 3393 5718 pugnantes
3433 5649 3506 5703 ad
3543 5649 3707 5714 unius
