3878 6386
144 370 247 430 509

540 373 712 430 VITA
750 372 1195 435 SANCTORUM
1230 378 1580 435 BARLAAM
1616 379 1956 438 EREMITE
1993 380 2084 437 ET
2119 378 2485 436 JOSAPHAT
2522 380 2747 435 INDL‘E
2783 379 3018 438 REGIS.

3315 378 3420 438 510

143 498 339 553 mundi
370 503 633 555 ornatum
663 500 924 557 omnibus
952 504 1203 559 numeris
1245 505 1647 562 absolvendum
1675 507 1735 561 in
1750 510 1798 570 Α
1818 511 1944 579 pter
1958 507 2367 579 penitentiam.
2387 506 2682 562 Neminem
2699 506 2847 561 enim
2871 523 2938 561 ex
2952 507 3021 562 iis
3033 507 3129 579 qui
3144 507 3216 562 ad
3232 506 3419 579 ipsum

142 604 313 643 unum
336 589 623 650 coiissent.
639 607 703 644 ac
722 591 1106 648 dissolutionis
1130 601 1383 666 expertes
1407 598 1733 668 permansis-

142 682 283 743 sent,
310 677 424 732 nisi
444 677 526 733 vis
541 679 795 748 quadam
817 682 1171 753 omnipotens
1194 685 1309 739 hac
1328 689 1386 739 et
1402 686 1734 757 copulasset,

143 770 197 820 et
219 782 489 837 sempera
500 767 867 824 dissolutione
888 769 1073 825 aliena
1092 780 1464 829 conservaret.
1480 775 1736 839 Quonam

141 854 286 909 enim
315 860 503 926 pacto,
536 856 644 911 nisi
672 857 932 913 voluntas
953 859 1129 930 ipsius
1156 861 1240 915 ita
1264 863 1507 930 tulisset,
1523 865 1736 936 aliquid

139 944 484 999 mansisset?
512 950 612 1000 aut
632 962 878 1017 quonam
916 953 1100 1020 pacto,
1125 955 1192 1004 ut
1227 952 1529 1023 Scriptura
1552 954 1736 1010 verbis

139 1038 280 1097 utar,
311 1034 465 1105 quod
510 1034 581 1089 ab
616 1052 681 1090 eo
720 1036 953 1092 minime
982 1044 1240 1094 vocatum
1281 1046 1383 1107 est,
1418 1043 1735 1099 conservari

139 1121 411 1193 potuisset
431 1122 457 1175 ?

205 1210 351 1264 Nam
381 1227 513 1267 cum
557 1211 713 1267 navis
759 1221 975 1271 remoto
1018 1217 1397 1289 gubernatore
1429 1221 1735 1279 consistere

141 1305 397 1371 nequeat,
433 1317 629 1356 verum
649 1304 840 1358 statim
870 1322 1096 1377 pessum
1120 1315 1241 1375 eat;
1279 1326 1383 1365 nec
1404 1312 1538 1378 ulla,
1558 1329 1732 1384 quan-

137 1388 397 1443 tumlibet
418 1390 637 1461 exigua,
662 1392 864 1448 domus
884 1400 1035 1451 stare
1072 1399 1267 1469 possit,
1292 1400 1401 1455 nisi
1433 1401 1509 1455 sit
1529 1402 1733 1473 aliquis

138 1477 229 1548 qui
248 1478 429 1548 ipsius
452 1496 644 1535 curam
664 1488 844 1552 gerat,
871 1500 1113 1555 quonam
1137 1489 1365 1544 tandem
1381 1496 1542 1561 pacto
1563 1507 1731 1546 mun-

138 1566 252 1631 dus,
274 1584 419 1639 opus
434 1585 613 1641 usque
626 1571 764 1626 adeo
792 1572 1010 1644 ingens,
1026 1581 1195 1647 atque
1213 1577 1291 1632 ita
1317 1580 1648 1649 praclarum
1677 1586 1734 1635 et

139 1655 552 1726 admirandum,
568 1659 686 1715 sine
701 1661 910 1717 eximia
920 1664 1109 1736 aliqua
1125 1671 1182 1721 et
1210 1667 1425 1738 ingenti
1441 1674 1609 1740 atque
1639 1670 1733 1724 ad-

139 1745 810 1817 mirandagubernatione
820 1752 1347 1828 sapientissimaque
1359 1758 1726 1828 providentia,

1822 602 2140 664 accurrunt,
2175 602 2513 663 exsecratur,
2545 613 2648 650 nec
2694 601 2986 651 aversatur
3013 597 3165 651 solus
3195 597 3290 651 ille
3318 595 3421 651 bo-

1820 704 1945 753 nus,
1971 692 2142 759 atque
2159 687 2477 741 animorum
2501 702 2698 740 amans
2717 686 2990 740 Dominus
3013 684 3162 755 (Sap.
3178 695 3277 749 x1).
3311 686 3420 740 Be-

1819 777 2105 832 nedictum
2127 777 2202 831 sit
2220 792 2425 831 nomen
2443 775 2637 846 gloria
2656 775 3117 846 ipsiussanctum,
3143 779 3201 829 et
3221 774 3418 829 lauda-

1817 865 1947 932 bile,
1969 871 2027 921 et
2051 865 2587 936 superexaltatatum
2606 864 2665 918 in
2687 864 2908 919 sacula.
2932 864 3293 934 Amen(Dan.
3310 865 3415 931 ιιι).

1890 957 2024 1010 CAP.
2055 956 2257 1010 XVIII.
2293 982 2350 992 -—
2375 954 2529 1010 Dixit
2556 958 2745 1008 autem
2779 952 2851 1007 ad
2870 970 2998 1008 eum
3017 952 3288 1023 Josaphat
3312 970 3323 1004 :
3356 951 3416 1006 Si

1818 1044 2087 1100 diuturno
2120 1050 2374 1116 tempore
2403 1049 2589 1098 tecum
2620 1047 2962 1114 reputasses,
2991 1042 3078 1095 vir
3123 1039 3418 1112 sapientis-

1816 1133 1974 1199 sime,
1999 1150 2245 1205 quonam
2264 1138 2427 1204 pacto
2447 1132 2861 1205 propositarum
2881 1131 3250 1202 quaestionum
3271 1130 3419 1184 solu-

1817 1223 2028 1278 tionem
2042 1222 2181 1277 mihi
2193 1221 2544 1294 perspicuam
2556 1221 2821 1275 redderes
2833 1236 2959 1274 meo
2972 1219 3197 1291 quidem
3203 1219 3224 1289 j
3233 1217 3416 1273 udicio

1815 1311 1873 1367 id
1894 1312 2095 1366 melius
2114 1317 2383 1383 praestare
2403 1327 2515 1365 non
2536 1310 2833 1382 potuisses,
2851 1326 3019 1380 quam
3041 1324 3108 1363 ea
3126 1307 3416 1377 mihi,qua

1815 1416 1968 1456 nunc
1985 1400 2292 1472 exposuisti
2313 1415 2760 1454 commemorans
2783 1416 2794 1450 :
2821 1398 3025 1469 quippe
3047 1397 3142 1469 qui
3163 1394 3416 1451 omnium

1816 1489 2044 1561 quidem
2076 1506 2265 1544 rerum
2314 1490 2631 1543 effectorem
2673 1492 2731 1542 et
2758 1492 3208 1541 conservatorem
3236 1485 3416 1539 Deum

1815 1595 1938 1633 esse
1970 1579 2246 1644 docueris,
2268 1578 2693 1649 majestatisque
2725 1576 2899 1648 ipsius
2930 1575 3169 1647 gloriam
3189 1589 3412 1628 omnem

1815 1668 2021 1722 mentis
2041 1668 2299 1723 humana
2318 1673 2544 1739 captum
2578 1666 2863 1732 excedere,
2890 1663 3214 1721 clarissimis
3241 1662 3416 1717 ratio-

1814 1756 1980 1812 nibus
2007 1757 2438 1823 demonstraris;
2469 1772 2650 1827 neque
2674 1756 2786 1809 ulla
2819 1754 2932 1809 alia
2973 1752 3193 1808 ratione
3223 1767 3416 1824 quem-

140 1838 247 1887 tam
265 1835 537 1891 diuturno
550 1840 818 1910 temporis
830 1842 1009 1912 spatio
1021 1844 1365 1900 constitisset
1383 1847 1407 1900 ?
1428 1848 1564 1903 Ecce
1580 1849 1731 1903 enim
1751 1828 1798 1890 Β
1818 1862 1987 1917 quam
2016 1863 2140 1901 eam
2190 1846 2456 1917 consequi
2486 1862 2667 1917 posse,
2698 1844 2807 1899 nisi
2845 1843 2934 1898 cui
2972 1843 3092 1914 ipse
3137 1840 3415 1895 arbitratu

141 1929 406 1994 quantum
430 1927 554 1997 jam
584 1930 855 2000 temporis
876 1931 1053 1999 ﬂuxit,
1069 1950 1135 1987 ex
1155 1951 1266 2005 quo
1286 1936 1486 1991 calum
1511 1943 1614 2003 est,
1631 1955 1734 1993 nec

143 2017 324 2068 tamen
354 2013 756 2072 obscuritatem
782 2021 1075 2088 contraxit,
1107 2040 1210 2078 nec
1238 2029 1402 2080 terra
1425 2026 1505 2080 vis
1532 2027 1732 2083 tandiu

143 2117 336 2172 parens
361 2104 634 2175 elanguit,
659 2123 763 2161 nec
782 2107 983 2183 fontes,
1013 2126 1078 2165 ex
1109 2128 1220 2184 quo
1250 2114 1358 2168 orti
1384 2121 1535 2182 sunt,
1554 2122 1733 2172 scatu-

142 2191 247 2245 rire
265 2191 624 2262 destiterunt,
650 2212 751 2250 nec
772 2214 926 2252 mare
944 2204 1029 2254 tot
1056 2202 1253 2257 ﬂuvios
1276 2204 1559 2275 excipiens
1579 2222 1732 2261 men-

140 2296 318 2335 suram
346 2299 513 2337 suam
544 2286 794 2351 excessit,
829 2304 933 2342 nec
960 2290 1094 2344 solis
1121 2307 1186 2345 ac
1221 2292 1368 2347 luna
1397 2310 1594 2349 cursus
1619 2295 1730 2351 im-

141 2371 504 2426 mutationem
531 2374 704 2443 ullam
735 2375 1047 2443 subierunt,
1080 2395 1183 2434 nec
1205 2381 1316 2436 diei
1342 2398 1408 2436 ac
1435 2384 1614 2438 noctis
1635 2401 1728 2439 or-

140 2456 288 2513 dines
316 2460 527 2516 inversi
555 2468 706 2518 sunt.
728 2465 803 2519 Ex
823 2466 910 2520 his
930 2466 1199 2523 nimirum
1230 2471 1489 2525 omnibus
1517 2473 1617 2527 Dei
1632 2489 1727 2544 po-

140 2549 308 2602 tentia
334 2554 390 2603 et
411 2551 848 2622 magniﬁcentia,
873 2573 996 2627 qua
1016 2558 1238 2612 omnem
1270 2560 1541 2616 orationis
1558 2562 1728 2617 facul-

140 2640 301 2692 tatem
321 2646 571 2711 superat,
586 2641 749 2697 nobis
769 2644 1108 2713 declaratur,
1124 2649 1524 2720 prophetarum
1554 2657 1724 2723 atque

134 2728 505 2797 apostolorum
548 2732 871 2788 testimonio
908 2737 1258 2792 conﬁrmata.
1293 2739 1502 2794 Verum
1547 2741 1724 2813 ipsius

132 2815 354 2885 gloriam
398 2835 568 2873 nemo
612 2837 862 2893 unquam
906 2841 1007 2895 pro
1036 2826 1313 2897 dignitate
1341 2829 1588 2899 cogitare
1625 2838 1725 2887 aut

135 2905 438 2961 collaudare
483 2910 708 2980 poterit.
739 2911 1025 2984 Siquidem
1054 2915 1213 2970 divus
1254 2919 1575 2989 Apostolus,
1604 2920 1716 2987 ille,

135 2992 371 3065 inquam,
395 2997 497 3068 qui
522 2997 809 3054 Christum
840 3002 897 3056 in
928 3003 1111 3075 seipso
1126 3005 1447 3077 loquentem
1479 3009 1725 3065 habebat

141 3083 211 3149 (ΙΙ
230 3084 347 3141 Cor.
374 3089 475 3156 χι),
504 3104 633 3142 cum
659 3105 727 3143 ea
750 3090 961 3157 omnia,
978 3097 1091 3147 tam
1124 3111 1247 3166 qua
1276 3095 1563 3153 intellectu
1593 3117 1723 3171 per-

1814 1950 1917 1989 suo
1939 1952 2062 1990 eam
2087 1935 2403 2007 patefaciat.
2424 1935 2546 1999 Quo
2569 1934 2794 2005 quidem
2822 1932 3049 1987 nomine
3075 1929 3414 2000 eloquentis-

1814 2024 2016 2078 simam
2028 2029 2183 2079 tuam
2198 2024 2530 2096 sapientiam
2544 2024 2812 2093 majorem
2827 2022 2883 2076 in
2899 2020 3128 2075 modum
3141 2017 3408 2073 admiror.

1887 2112 1993 2167 Sed
2024 2112 2162 2167 illud
2191 2112 2358 2166 velim
2386 2112 2525 2166 mihi
2573 2110 2741 2176 dicas,
2776 2110 2866 2164 vir
2894 2108 3235 2173 beatissime,
3268 2121 3410 2177 qua-

1814 2216 1944 2255 nam
1976 2219 2095 2272 ipse
2123 2207 2286 2256 atate
2317 2201 2414 2268 sis,
2449 2206 2506 2258 et
2533 2200 2738 2272 quibus
2766 2199 2825 2253 in
2858 2198 2993 2253 locis
3022 2194 3405 2261 commoreris,

1812 2306 2064 2361 quosque
2084 2291 2449 2362 philosophia
2470 2290 2652 2345 socios
2672 2288 2898 2355 habeas,
2921 2286 3196 2361 siquidem
3219 2283 3411 2339 anima

1810 2396 1938 2434 mea
1973 2385 2084 2435 tua
2131 2380 2445 2435 arctissime
2491 2381 2687 2446 haret,
2729 2383 2898 2450 atque
2940 2393 3042 2450 per
3087 2390 3253 2430 omne
3282 2372 3407 2427 vita

1807 2473 2032 2541 tempus
2051 2485 2121 2523 ne
2140 2470 2314 2523 latum
2337 2468 2565 2541 quidem
2590 2483 2834 2538 unguem
2857 2483 2893 2521 a
2918 2472 2975 2521 te
3005 2463 3288 2519 discedere
3307 2479 3405 2518 cu-

1806 2558 1918 2629 pio.

1877 2646 1974 2701 Ait
2002 2652 2193 2702 autem
2243 2664 2412 2702 senex
2444 2665 2458 2703 :
2488 2648 2701 2711 Annos,
2753 2645 2813 2705 ni
2868 2644 3049 2709 fallor,
3082 2642 3330 2714 quinque
3352 2646 3411 2695 et

1807 2737 2182 2808 quadraginta
2208 2742 2375 2792 natus
2390 2753 2535 2803 sum,
2560 2741 2729 2807 atque
2758 2735 2819 2789 in
2847 2739 3012 2789 terra
3034 2733 3287 2788 Sennaar
3305 2731 3405 2785 de-

1805 2827 1971 2880 sertis
2013 2827 2187 2881 vitam
2215 2827 2376 2897 dego.
2412 2826 2836 2880 Commilitones
2862 2839 3030 2896 porro
3061 2839 3155 2877 eos
3204 2820 3403 2885 habeo,

1806 2915 1899 2985 qui
1930 2914 2001 2969 ad
2032 2916 2261 2987 superni
2290 2915 2509 2970 itineris
2548 2930 2772 2969 cursum
2805 2928 3027 2966 mecum
3054 2910 3316 2965 laborant
3342 2924 3407 2962 ac

1805 3009 2042 3059 certant.

1879 3094 2023 3159 Quid
2037 3094 2162 3149 ais?
2183 3093 2367 3165 inquit
2393 3094 2683 3164 Josaphat.
2715 3091 2853 3147 Mihi
2875 3091 3027 3145 enim
3047 3087 3405 3161 septuaginta

141 3172 428 3243 cipiuntur,
466 3192 635 3247 quam
671 3194 793 3250 qua
837 3181 1095 3237 sensibus
1136 3183 1388 3255 subjecta
1416 3193 1565 3254 sunt,
1601 3206 1727 3245 cum
1751 3188 1986 3250 Caunos
2028 3183 2293 3238 excedere
2311 3183 2533 3237 videris.
2558 3181 2703 3246 Quid
2721 3181 2897 3252 igitur
2917 3184 3019 3245 est,
3038 3176 3401 3250 quamobrem

141 3261 317 3317 animo
344 3281 446 3320 suo
473 3266 901 3335 considerasset,
934 3271 1108 3327 dixit:
1146 3273 1223 3327 Ex
1251 3281 1412 3346 parte
1440 3279 1723 3348 cognosci-

146 3366 277 3418 mus,
309 3358 364 3408 et
393 3370 461 3408 ex
489 3361 651 3426 parte
673 3359 1075 3430 prophetamus
1100 3380 1111 3414 :
1146 3379 1271 3417 cum
1304 3370 1493 3419 autem
1508 3369 1724 3424 venerit

140 3441 273 3509 quod
324 3444 636 3513 perfectum
674 3452 779 3512 est,
811 3450 1172 3505 evacuabitur
1193 3454 1338 3523 quod
1363 3470 1428 3508 ex
1449 3462 1609 3525 parte
1637 3463 1723 3512 est

142 3529 315 3616 (1001'.
349 3536 492 3603 xm).
524 3535 605 3590 Ac
658 3542 955 3608 propterea
1001 3556 1066 3593 ex
1094 3540 1387 3598 immensis
1429 3545 1721 3616 sapientia

138 3615 298 3687 ipsius
312 3621 512 3692 opibus
524 3623 591 3678 ad
601 3624 894 3681 miratione
906 3644 969 3683 ac
980 3634 1208 3700 stupore
1228 3615 1515 3702 perculsus
1528 3640 1721 3706 aperte

140 3707 453 3766 exclamavit
492 3730 505 3765 :
556 3713 601 3767 Ο
641 3714 881 3770 altitudo
935 3717 1259 3777 divitiarum
1319 3722 1609 3793 sapientia
1663 3730 1722 3780 et

139 3795 368 3853 scientia
396 3800 500 3855 Dei
526 3801 539 3855 ε
572 3818 741 3873 quam
770 3804 1362 3877 incomprehensibilia
1406 3816 1541 3866 sunt
1562 3814 1718 3884 judi-

138 3882 214 3938 cia
230 3888 365 3957 ejus,
397 3894 455 3944 et
482 3890 899 3962 investigabiles
926 3894 1026 3950 via
1053 3896 1175 3965 ejus
1208 3899 1378 3963 (Rom.
1408 3904 1482 3969 xI)
1511 3901 1523 3954 ε

200 3981 378 4043 282
407 3980 569 4044 Quod
613 3981 657 4034 si
700 3982 795 4037 ille
825 3983 921 4054 qui
950 3984 1019 4038 ad
1048 3987 1278 4041 tertium
1308 4004 1485 4060 usque
1513 3990 1718 4046 coelum

140 4074 473 4150 pervenerat,
490 4074 659 4140 atque
680 4087 886 4126 arcana
898 4073 1068 4128 verba
1087 4075 1429 4142 audieratUl
1442 4079 1563 4133 Cor.
1589 4084 1714 4150 xu),

140 4147 445 4220 hujusmodi
465 4174 627 4212 voces
648 4159 834 4214 emisit
857 4180 868 4227 ;
895 4178 992 4232 (ναι
1002 4162 1087 4217 uis
1105 4164 1213 4217 mei
1234 4164 1501 4221 similium
1522 4167 1578 4221 in
1596 4173 1718 4223 tan-

139 4238 307 4296 torum
326 4245 723 4316 mysteriorum
751 4248 1014 4321 abyssum
1030 4253 1218 4307 oculos
1232 4254 1717 4329 advertere,atque

140 4326 334 4419 aliquid
363 4347 468 4405 pro
489 4335 784 4406 dignitate,
807 4355 921 4393 non
943 4340 1125 4395 dicam
1152 4341 1356 4408 dicere,
1376 4346 1471 4399 sed
1494 4362 1566 4401 ne
1588 4326 1715 4419 qui-

1802 3278 1859 3328 te
1879 3272 2255 3344 quadraginta
2279 3271 2526 3342 quinque
2546 3275 2766 3325 tantum
2789 3285 2966 3323 annos
2983 3266 3190 3321 habere
3210 3264 3362 3319 dicas
3378 3263 3404 3316 ?

1803 3379 1984 3433 neque
2007 3362 2155 3415 enim
2182 3360 2287 3415 hac
2314 3360 2373 3414 in
2405 3377 2465 3414 re
2494 3360 2632 3413 mihi
2659 3375 2790 3413 vera
2818 3358 2973 3428 loqui
3003 3354 3226 3410 videris.

1869 3452 2021 3506 Dixit
2048 3456 2236 3504 autem
2261 3450 2328 3503 ad
2360 3467 2489 3504 eum
2519 3449 2781 3503 Barlaam
2809 3466 2820 3501 :
2857 3447 2914 3502 Si
2938 3462 3116 3500 annos
3148 3460 3300 3497 meos
3330 3441 3401 3497 ab

1802 3540 1925 3611 ipso
1944 3557 1967 3592 ι
1980 3540 2069 3595 ita
2089 3545 2216 3594 ortu
2238 3555 2400 3594 nosse
2415 3537 2636 3610 quaris,
2662 3541 2813 3592 recte
2826 3552 2964 3591 sane
2988 3551 3082 3589 eos
3103 3534 3399 3605 plusquam

1804 3629 2162 3700 septuaginta
2194 3646 2315 3682 esse
2365 3627 2668 3698 conjecisti.
2702 3628 2776 3681 At
2816 3625 2956 3679 mihi
2991 3623 3220 3696 quidem
3244 3621 3401 3675 nullo

1801 3718 2032 3772 omnino
2048 3718 2213 3771 modo
2232 3718 2381 3771 inter
2410 3716 2533 3770 vita
2558 3732 2735 3770 annos
2755 3721 3073 3778 censentur,
3100 3711 3196 3782 qui
3218 3710 3275 3764 in
3298 3710 3402 3764 hu-

1795 3807 1890 3877 jus
1920 3807 2114 3861 mundi
2147 3806 2391 3860 vanitate
2420 3806 2739 3877 consumpti
2768 3808 2917 3858 sunt.
2938 3804 3081 3858 Nam
3109 3815 3398 3872 cum,pec—

1800 3896 1939 3950 catis
1955 3896 2009 3950 in
2033 3896 2356 3950 servitutem
2378 3894 2651 3960 addictus,
2677 3894 3106 3951 carniviverem.
3122 3893 3399 3961 quantum

1800 3985 1870 4039 ad
1923 3984 2247 4039 interiorem
2298 3984 2583 4038 hominem
2632 3984 2854 4048 attinet,
2906 3986 3164 4036 mortuus
3218 3993 3396 4034 eram.

1800 4073 2174 4137 Quamobrem
2199 4074 2395 4128 mortis
2415 4090 2612 4138 annos,
2638 4073 2763 4127 vita
2784 4088 2961 4126 annos
2980 4085 3269 4141 nunquam
3297 4084 3398 4139 ap-

1799 4162 2076 4234 pellarim.
2095 4163 2172 4217 Ex
2194 4180 2304 4234 quo
2322 4168 2508 4217 autem
2530 4162 2775 4217 mundus
2800 4161 2937 4215 mihi
2967 4159 3261 4214 crucifixus
3291 4162 3395 4222 est,

1799 4258 1857 4308 et
1881 4271 1982 4324 ego
2005 4254 2215 4308 mundo
2239 4254 2377 4321 (Gal.
2397 4259 2486 4322 vx),
2522 4258 2690 4325 atque
2738 4258 2904 4308 exuto
2944 4250 3116 4306 veteri
3145 4250 3393 4313 homine,

1799 4343 1893 4413 qui
1923 4343 2231 4398 secundum
2280 4343 2487 4399 erroris
2531 4343 2813 4398 desideria
2855 4340 3253 4412 corrumpitur,
3286 4354 3399 4393 non

140 4414 251 4471 dem
268 4422 513 4492 cogitare
526 4427 751 4494 poterit,
767 4427 875 4481 nisi
890 4428 1007 4499 ipse
1023 4431 1311 4501 sapientia
1323 4414 1717 4490 subministra-
1792 4433 1913 4503 jam
1927 4432 2082 4486 carni
2103 4433 2244 4497 vivo,
2266 4434 2361 4488 sed
2377 4433 2514 4488 vivit
2533 4433 2591 4487 in
2612 4450 2701 4487 me
2725 4431 3011 4497 Christus;
3036 4429 3184 4501 quod
3206 4433 3397 4483 autem

140 4505 219 4557 tor
243 4513 405 4580 atque
426 4511 814 4583 insipientium
846 4523 1126 4572 corrector
1145 4520 1396 4575 dederit?
1417 4523 1637 4578 Etenim
1658 4524 1715 4579 in
1733 4509 1782 4568 D
1803 4521 1940 4586 vivo,
1960 4522 2018 4576 in
2049 4521 2160 4576 ﬁde
2181 4522 2302 4576 vivo
2324 4522 2449 4577 Filii
2470 4523 2591 4587 Dei,
2615 4522 2711 4593 qui
2744 4521 2934 4575 dilexit
2958 4535 3067 4584 me,
3090 4523 3148 4573 et
3174 4534 3275 4590 pro
3305 4534 3396 4571 me

142 4590 299 4662 ipsius
312 4614 481 4655 manu
511 4607 570 4656 et
596 4619 699 4658 nos
717 4609 774 4658 et
793 4622 1080 4662 sermones
1100 4610 1279 4663 nostri
1296 4616 1445 4676 sunt,
1454 4616 1512 4666 et
1535 4613 1717 4668 omnis

142 4684 418 4750 prudentia
442 4706 508 4745 ac
527 4692 766 4747 solertia
787 4694 1036 4750 scientia.
1052 4698 1235 4768 Atque
1255 4698 1433 4770 ipsius
1449 4699 1716 4756 beneﬁcio

140 4784 311 4829 veram
332 4793 526 4834 earum
545 4797 733 4836 rerum
753 4785 876 4855 qua
886 4786 1404 4856 suntcognitionem
1421 4789 1711 4857 habemus,

140 4863 427 4937 mundique
444 4871 857 4927 concretionem
883 4873 1269 4946 intelligimus,
1308 4878 1715 4933 elementorum

141 4947 285 5018 vires,
312 4958 630 5027 temporum
674 4960 902 5016 initium
943 4969 1001 5018 et
1025 4965 1383 5021 medietatem
1434 4972 1491 5022 et
1519 4968 1708 5035 ﬁnem,

140 5040 364 5127 partium
392 5047 528 5102 anni
554 5048 981 5118 vicissitudines,
1003 5071 1069 5108 ac
1092 5059 1494 5127 tempestatum
1525 5062 1713 5112 muta-

138 5122 302 5182 tiones
324 5147 335 5181 :
366 5133 632 5202 quoniam
654 5136 843 5190 omnia
870 5137 929 5191 in
950 5139 1114 5194 modo
1134 5145 1192 5195 et
1212 5122 1484 5196 mensura
1503 5143 1711 5198 consti-

140 5213 250 5268 tuit.
280 5217 565 5290 Siquidem
596 5224 837 5279 multum
879 5243 1063 5297 posse.
1113 5228 1218 5301 ipsi
1261 5247 1485 5303 semper
1509 5237 1712 5303 praesto

143 5307 244 5370 est;
274 5312 331 5362 et
362 5308 573 5366 brachii
600 5312 775 5384 ipsius
803 5315 993 5371 robori
1022 5318 1147 5389 quis
1190 5321 1452 5375 resistet?
1492 5322 1711 5377 Etenim

142 5392 391 5463 tanquam
410 5407 758 5458 momentum
789 5410 1030 5471 statera,
1057 5407 1104 5462 si
1129 5414 1215 5463 est
1243 5415 1374 5464 ante
1400 5426 1529 5465 eum
1561 5410 1712 5466 orbis

143 5480 419 5573 terrarum,
463 5495 520 5545 et
547 5495 818 5564 tanquam
856 5501 1022 5567 gutta
1069 5497 1211 5553 roris
1259 5499 1547 5569 matutini,
1590 5518 1712 5573 qua

144 5565 408 5633 descendit
432 5596 491 5636 in
517 5586 754 5639 terram.
784 5565 893 5640 Sed
929 5586 1231 5643 miseretur
1275 5565 1546 5658 omnium,
1581 5565 1714 5663 quia

144 5662 313 5720 omnia
339 5674 539 5740 potest,
574 5675 633 5729 et
660 5673 979 5732 dissimulat
1006 5682 1234 5750 peccata
1266 5678 1557 5738 hominum
1581 5662 1713 5755 pro-

1799 4610 2046 4681 seipsum
2081 4610 2314 4665 tradidit
2337 4612 2542 4680 (Ephes.
2567 4611 2794 4680 1v):hos
2814 4610 2941 4663 vita
2971 4624 3148 4662 annos
3175 4611 3232 4661 et
3249 4606 3398 4660 salu-

1798 4699 1873 4753 tis
1894 4698 2014 4753 dies
2044 4699 2255 4771 Optimo
2280 4702 2409 4771 jure
2436 4698 2765 4755 vocaverim.
2799 4698 2950 4763 Quos
2978 4697 3205 4769 quidem
3237 4695 3398 4767 quin-

1800 4804 1908 4859 que
1935 4793 1990 4842 et
2038 4787 2411 4860 quadraginta
2443 4805 2564 4842 esse
2594 4804 2868 4853 asserens,
2901 4791 3279 4842 consentanea
3302 4801 3395 4839 ra-

1798 4877 1971 4942 tione,
2006 4894 2069 4931 ac
2113 4894 2226 4932 non
2265 4877 2525 4943 absurde,
2554 4878 2755 4932 horum
2794 4893 3097 4932 numerum
3124 4875 3228 4931 tibi
3256 4875 3390 4930 dixi.

1797 4966 1943 5030 Quin
1973 4972 2034 5021 tu
2069 4982 2290 5038 quoque
2318 4983 2386 5021 ea
2424 4983 2648 5038 semper
2677 4971 2865 5022 mente
2905 4983 2970 5021 ac
3009 4965 3290 5021 sententia
3317 4964 3394 5020 sis

1795 5055 1978 5123 velim,
2003 5055 2269 5111 nimirum
2286 5062 2351 5111 ut
2367 5073 2462 5111 eos
2479 5057 2574 5129 qui
2595 5061 2867 5128 quantum
2882 5056 2953 5111 ad
2973 5072 3137 5111 omne
3154 5053 3393 5126 probum

1795 5161 1936 5218 opus
1965 5146 2171 5200 mortui
2202 5150 2351 5212 sunt,
2382 5147 2623 5216 peccatis
2652 5151 2843 5202 autem
2871 5145 3078 5210 vivunt,
3104 5149 3273 5215 atque
3302 5158 3392 5196 eo-

1793 5250 1921 5289 rum
1952 5234 2047 5306 qui
2079 5234 2233 5289 humi
2260 5233 2536 5306 provoluti
2555 5240 2689 5289 sunt
2718 5233 2952 5306 principi
2982 5232 3387 5303 obsequuntur,

1796 5328 1853 5377 et
1879 5324 1939 5379 in
1982 5323 2360 5396 voluptatibus
2389 5340 2454 5378 ac
2483 5323 2761 5395 pestiferis
2790 5321 3189 5394 cupiditatibus
3216 5320 3389 5374 vitam

1794 5412 2116 5481 absumunt,
2148 5414 2301 5469 nullo
2340 5415 2509 5469 modo
2529 5413 2709 5467 vivere
2747 5412 3050 5477 existimes,
3076 5426 3265 5465 verum
3294 5426 3390 5466 eos

1795 5503 2096 5559 exstinctos
2126 5520 2248 5558 esse
2294 5502 2398 5558 tibi
2436 5502 2793 5575 persuadeas,
2835 5501 3071 5572 vitaque
3118 5499 3390 5556 functioni

1794 5598 2064 5649 mortuos.
2081 5594 2225 5649 Nam
2262 5599 2552 5666 peccatum
2572 5591 2907 5648 immortalis
2929 5590 3130 5646 anima
3146 5596 3387 5646 mortem

1796 5697 1918 5738 esse
1946 5682 2170 5757 sapiens
2190 5684 2420 5757 quidam
2441 5699 2554 5739 non
2573 5682 2856 5771 immerito
2878 5680 3279 5755 pronuntiavit.
3294 5681 3393 5736 At-
