3878 6428
417 379 519 438 511
1435 380 1532 439 DE
1565 381 1756 440 VITIS
1792 381 2088 440 PATRUM
2123 383 2340 441 LIBER
2374 381 2665 441 PRIMUS.
3576 367 3686 424 512

418 523 530 578 que
559 506 729 562 etiam
759 505 846 560 his
873 504 1056 561 verbis
1092 506 1396 579 Apostolus
1422 507 1603 562 utitur
1635 524 1648 560 :
1681 507 1822 561 Cum
1861 505 2004 560 servi
2017 505 2210 572 Amis,
2225 512 2282 561 et
2297 506 2585 578 stirpibus.
2601 519 2742 576 quas
2769 496 3033 563 solitudo,
3048 493 3263 552 scelesti
3283 507 3416 548 rore
3430 490 3683 563 perfusa,

418 596 616 650 essetis
633 595 862 667 peccati,
888 595 1048 650 liberi
1067 578 1238 650 eratis
1251 597 1507 667 justitire.
1534 596 1712 661 Quem
1732 613 1864 666 ergo
1887 597 2007 650 tru-
2089 600 2147 650 et
2173 597 2440 650 creatoris
2464 593 2700 666 imperio
2721 586 3077 663 parens,alit,
3103 583 3264 640 nobis
3294 580 3568 654 suppetit.
3602 578 3689 636 Ob

419 690 571 738 ctum
603 683 875 739 habuistis
915 684 975 739 in
1013 685 1100 740 his
1133 686 1190 740 in
1219 686 1420 758 quibus
1461 703 1611 740 nunc
1638 685 2008 740 erubescitis?
2091 703 2212 756 quae
2241 702 2406 740 nemo
2445 691 2532 739 est
2559 683 2654 754 qui
2692 681 2986 735 adversum
3010 691 3112 730 nos
3140 687 3389 746 pugnam
3419 672 3582 725 ineat
3607 673 3694 724 at-

420 771 574 828 Fmis
603 773 752 827 enim
781 773 1004 828 illorum
1036 791 1188 830 mors
1209 757 1311 830 est.
1333 777 1496 830 Nunc
1515 781 1702 830 autem
1725 774 1946 829 liberati
1974 789 2010 828 a
2092 791 2200 846 que
2228 774 2548 834 contendat,
2574 773 2958 842 majoremque
2975 771 3214 837 partem,
3242 768 3308 818 ut
3332 757 3591 815 avaritiae
3604 758 3694 812 lex

419 867 662 933 peccato,
683 861 828 915 servi
857 868 1049 916 autem
1078 863 1209 917 facti
1241 864 1494 935 justitize,
1522 863 1740 918 habetis
1768 863 2009 917 fructum
2095 863 2424 936 praescribit,
2455 862 2704 933 arripere
2733 862 2983 930 quierat;
3015 869 3212 910 verum
3238 849 3528 907 uberrime
3567 863 3692 902 om-

416 956 670 1005 vestrum
693 951 752 1006 in
778 953 1295 1020 sanctiﬁcationem,
1331 957 1502 1008 ﬁnem
1529 958 1720 1008 autem
1744 953 1914 1007 vitam
1939 968 2014 1006 ω·
2096 952 2262 1008 nibus
2291 952 2618 1008 illaboratus
2636 949 2810 1008 cibus,
2843 952 2902 1001 et
2922 941 3316 1014 extemporalis
3341 951 3695 1010 mensapm-

418 1044 662 1095 ternam.
697 1042 992 1113 Stipendia
1036 1043 1186 1097 enim
1223 1042 1454 1115 peccati,
1487 1060 1673 1110 mors;
1707 1041 1894 1113 gratia
1919 1059 2017 1096 au-
2096 1042 2344 1114 ponitur.
2375 1041 2536 1106 Quod
2565 1039 2613 1095 si
2643 1037 2866 1110 quando
2907 1034 3132 1106 piorum
3172 1031 3437 1094 fratrum,
3467 1025 3570 1099 qui
3597 1041 3699 1080 no-

419 1133 536 1182 tem
566 1129 688 1196 Dei,
721 1131 835 1185 vita
863 1137 1090 1199 aeterna,
1122 1132 1182 1187 in
1230 1132 1455 1188 Christo
1483 1133 1512 1188 J
1517 1149 1615 1187 esu
1645 1132 1884 1188 Domino
1913 1147 2015 1185 no-
2096 1131 2182 1186 bis
2208 1131 2374 1186 vicini
2396 1134 2547 1197 sunt,
2570 1127 2772 1199 aliquis
2802 1125 2964 1197 panis
2992 1119 3444 1176 benedictionem
3471 1117 3693 1180 cierat,

424 1220 541 1272 stro
570 1219 737 1284 (Rom.
768 1219 841 1282 vi)
861 1263 874 1276 .

490 1305 644 1362 Dixit
671 1313 864 1362 autem
893 1309 965 1362 ad
987 1325 1112 1364 eum
1130 1309 1426 1382 Josaphat:
1455 1307 1919 1380 Quandoquidem
1935 1307 2015 1362 vi-

421 1399 540 1450 tam
572 1412 694 1466 quae
716 1395 774 1450 in
803 1413 970 1452 carne
997 1397 1238 1464 ducitur,
1272 1399 1446 1453 vitam
1477 1415 1597 1453 esse
1633 1397 1865 1452 minime
1886 1413 2018 1451 cen-

421 1500 529 1550 ses,
558 1500 662 1555 par
679 1485 956 1555 estigitur
983 1491 1046 1540 ut
1073 1503 1144 1540 ne
1172 1492 1410 1542 mortem
1441 1486 1668 1558 quidem
1688 1486 1832 1540 hanc
1852 1501 2019 1556 quem

425 1588 620 1627 omnes
649 1573 895 1628 subeunt
923 1581 1162 1630 mortem
1191 1593 1311 1630 esse
1340 1592 1586 1631 censeas.

496 1662 807 1734 Respondit
825 1681 992 1718 senex
1016 1683 1030 1721 :
1055 1665 1186 1721 Sine
1204 1666 1321 1720 ulla
1338 1665 1687 1720 dubitatione
1697 1663 1766 1718 de
1785 1664 1872 1718 his
1888 1681 2022 1734 quo—

2096 1222 2246 1276 hunc
2274 1226 2546 1290 tanquam
2576 1217 2646 1272 ad
2675 1231 2868 1271 eorum
2915 1212 3012 1284 qui
3043 1227 3170 1266 cum
3199 1209 3310 1264 ﬁde
3339 1207 3694 1270 obtulerunt,

2097 1310 2540 1365 benedictionem
2559 1325 2594 1362 a
2611 1305 2800 1361 divina
2820 1299 3164 1375 providentia
3193 1298 3433 1353 missum
3461 1293 3700 1366 suscipi-

2099 1417 2243 1455 mus.
2268 1400 2464 1454 Vestes
2492 1403 2683 1452 autem
2704 1394 2866 1450 nobis
2884 1409 2952 1446 ex
2971 1389 3185 1462 asperis
3211 1385 3409 1442 ciliciis
3426 1391 3489 1440 et
3507 1383 3700 1439 ovium

2099 1489 2339 1562 pellibus
2368 1493 2518 1553 sunt,
2551 1490 2784 1540 vetusta
2827 1497 3040 1542 omnes,
3073 1484 3244 1550 atque
3270 1493 3338 1531 ex
3364 1473 3540 1529 variis
3563 1488 3703 1544 pan-

2099 1579 2188 1634 nis
2212 1583 2477 1642 consutis,
2513 1573 2850 1630 imbecillam
2879 1575 3134 1626 nostram
3179 1580 3408 1621 carnem
3453 1568 3707 1617 atteren-

2101 1673 2206 1722 tes.
2240 1666 2462 1722 Etenim
2487 1665 2685 1720 eadem
2699 1661 2860 1716 nobis
2888 1664 2974 1714 est
2985 1664 3108 1713 tum
3127 1654 3338 1712 astatis
3361 1649 3706 1708 tnmhiemis

426 1767 534 1822 que
563 1751 644 1806 ita
672 1768 890 1819 censeo,
923 1754 1128 1826 quippe
1151 1755 1246 1826 qui
1272 1754 1673 1826 temporariam
1693 1754 1838 1807 hanc
1867 1769 2019 1807 mor-
2038 1821 2075 1826 _
2101 1757 2289 1813 vestis.
2322 1757 2502 1820 Quam
2533 1753 2704 1808 etiam
2733 1756 2799 1806 ut
2819 1747 2994 1805 semel
3023 1745 3330 1800 induimus.
3361 1756 3576 1798 exuere
3603 1755 3707 1811 po-

427 1845 546 1894 tem
567 1840 800 1896 minime
830 1843 1240 1914 pertimescam,
1266 1843 1378 1898 imo
1403 1861 1506 1898 nec
1534 1843 1764 1898 omnino
1782 1821 2084 1896 mortemB
2105 1852 2227 1900 stea
2256 1845 2416 1899 nobis
2446 1859 2558 1898 non
2613 1842 2760 1905 licet,
2804 1851 3096 1910 quousque
3123 1837 3404 1890 vetustate
3450 1829 3710 1885 confecta

427 1945 554 1984 eam
583 1931 878 2002 appellem,
906 1932 952 1986 si
971 1932 1197 2003 quidem
1232 1949 1322 1988 me
1349 1949 1451 2004 per
1478 1933 1794 1987 divinorum
1824 1948 2024 2003 praece-

429 2023 656 2089 ptorum
703 2019 850 2074 viam
901 2021 1252 2076 incedentem
1299 2021 1622 2093 arripuerit,
1657 2021 1794 2092 quin
1841 2021 2024 2092 potius

429 2107 734 2164 transitum
765 2125 799 2162 a
827 2117 1008 2164 morte
1035 2111 1108 2165 ad
1156 2111 1608 2182 praestantiorem
1637 2115 1695 2164 et
1727 2108 2021 2180 perfectio-

2104 1951 2334 2007 prorsus
2363 1933 2635 1986 deleatur.
2664 1929 2748 1984 Ad
2778 1929 2929 1984 hunc
2959 1924 3108 1980 enim
3137 1921 3367 1978 modum
3395 1925 3457 1974 et

2105 2006 2163 2079 et
2187 2029 2356 2078 aestus
2385 2020 2658 2076 molestiis
2713 2033 2917 2089 corpus
2953 2015 3312 2078 afﬂictantes,
3353 2009 3562 2064 future
3602 2006 3710 2060 im-

2105 2109 2464 2165 mortalitatis
2492 2113 2702 2162 vestem
2731 2104 2893 2159 nobis
2918 2114 3332 2174 comparamus.

429 2213 550 2251 rem
569 2197 744 2252 vitam
775 2204 942 2269 atque
973 2199 1031 2253 in
1045 2205 1233 2265 233
1247 2199 1468 2254 Christo
1496 2198 1880 2253 absconditam
1904 2199 2023 2260 (Co—
2179 2201 2432 2271 Cumque
2443 2195 2814 2267 hicJosaphat
2824 2191 3171 2264 quaesivisset
3183 2188 3470 2244 undenam
3489 2188 3712 2240 vestem

433 2288 553 2340 loss.
583 2290 693 2355 Ill).
728 2287 904 2357 Cujus
936 2287 1162 2358 quidem
1187 2288 1577 2360 consequenda
1605 2287 1908 2358 cupiditate
1929 2288 2026 2340 ﬂa—
2107 2288 2261 2343 illam
2295 2305 2407 2360 qua
2435 2287 2665 2342 indutus
2697 2287 2822 2338 erat
2848 2281 2949 2336 sibi
2983 2280 3384 2350 comparasset,
3415 2271 3714 2345 respondit

425 2380 660 2444 grantes
689 2376 885 2448 optimi
909 2376 1032 2443 viri,
1063 2383 1395 2448 praesentem
1439 2377 1582 2432 hanc
1609 2377 1781 2431 vitam
1809 2392 2029 2448 permo-
2109 2394 2276 2432 senex
2307 2395 2320 2430 :
2345 2378 2392 2430 Λ
2423 2375 2664 2447 quodam
2693 2372 2914 2444 piorum
2945 2370 3186 2424 fratrum
3214 2382 3364 2431 eam,
3385 2379 3520 2419 etim
3549 2361 3628 2417 ad
3652 2367 3710 2416 te

433 2462 572 2563 leste
613 2464 888 2563 ferebant.
924 2465 1084 2563 [inde
1120 2466 1292 2520 etiam
1325 2467 1406 2520 ait
1430 2466 1732 2538 Apostolus
1763 2484 1774 2520 :
1811 2467 2028 2520 Selmus
2110 2465 2459 2538 profecturus
2480 2479 2680 2526 essem,
2706 2456 3172 2529 utendamaccepi
3196 2470 3416 2526 ;neque
3436 2453 3712 2524 enimpar

435 2551 586 2606 enim
619 2553 880 2623 quoniam
911 2554 960 2608 si
987 2555 1271 2608 terrestris
1299 2555 1498 2609 domus
1528 2559 1721 2609 nostra
1738 2554 1906 2624 hujus
1933 2553 2030 2606 ha-
2110 2561 2229 2610 erat
2260 2561 2324 2610 ut
2350 2571 2478 2608 cum
2499 2569 2567 2608 ea
2594 2567 2764 2623 quam
2791 2551 2936 2604 ferre
2982 2547 3134 2602 soleo
3169 2549 3324 2600 veste
3358 2542 3707 2597 accederem.

438 2637 730 2696 bitationis
767 2641 1104 2709 dissolvitur,
1137 2644 1561 2698 aediﬁcationem
1609 2660 1675 2697 ex
1715 2643 1831 2697 Deo
1854 2641 2028 2695 habe-
2111 2643 2596 2710 Quemadmodum
2621 2641 2770 2694 enim
2787 2637 3066 2710 quispiam
3095 2632 3492 2690 charissimam
3509 2645 3712 2702 quem-

439 2743 590 2791 mus,
623 2729 852 2784 domum
883 2747 992 2786 non
1037 2734 1435 2797 manutactam,
1467 2737 1735 2786 aeternam
1763 2731 1822 2784 in
1855 2729 2026 2786 caelis.
2110 2735 2240 2788 dam
2267 2737 2567 2803 cognatum
2591 2730 2649 2784 in
2677 2729 2918 2783 alienam
2941 2725 3225 2796 regionem
3240 2721 3526 2794 captivum
3539 2719 3714 2774 abdu-

439 2816 585 2870 Nam
603 2823 660 2872 et
681 2818 736 2872 in
757 2819 862 2872 hoc
880 2819 1316 2892 ingemiscimus,
1336 2819 1737 2874 habitationem
1756 2825 2026 2886 nostram,
2112 2828 2284 2884 ctum,
2319 2821 2474 2875 illinc
2500 2819 2735 2874 educere
2767 2816 3014 2888 cupiens,
3048 2813 3266 2884 abjecta
3290 2815 3446 2865 veste
3473 2825 3600 2874 sua,
3631 2812 3713 2862 at-

443 2921 566 2976 que:
593 2906 663 2961 de
694 2909 833 2962 caelo
863 2916 966 2975 est,
998 2909 1646 2981 superinduicupicntes,
1661 2909 1708 2963 si
1739 2914 1928 2962 tamen
1943 2925 2028 2962 ve-
2113 2929 2220 2983 que
2251 2909 2494 2965 hostium
2526 2915 2784 2978 suscepta
2808 2921 3066 2978 personas
3097 2902 3168 2957 ad
3197 2917 3392 2956 eorum
3416 2898 3711 2968 Υθείοηθω

441 2989 562 3044 stiti
593 2997 650 3046 et
675 3008 787 3046 non
820 2994 955 3047 nudi
983 2994 1336 3049 inveniamur
1361 2996 1438 3062 (II
1467 2997 1588 3050 Cor.
1616 2998 1688 3063 v).

2112 3018 2234 3056 sese
2263 2999 2493 3066 confert.
2518 2997 2798 3067 variisque
2825 2993 3042 3049 artibus
3061 2990 3437 3064 propinquum
3459 3003 3630 3043 suum
3647 3003 3713 3041 ex

509 3080 653 3134 Nam
685 3087 742 3136 et
755 3081 849 3152 qui
871 3101 1068 3138 sumus
1093 3085 1150 3138 in
1178 3085 1282 3138 hoc
1309 3083 1688 3148 tabernaculo,
1712 3081 2030 3152 ingemisci-
2047 3139 2088 3160 η
2112 3085 3027 3160 acerbatymnnideinlibertatem
3049 3080 3287 3145 asserit;
3310 3077 3514 3132 eodem
3545 3075 3714 3130 modo

438 3185 565 3223 mus
579 3170 818 3240 gravati,
835 3188 900 3227 eo
913 3173 1060 3243 quod
1088 3173 1352 3227 nolumus
1371 3139 1687 3243 exspoliari,
1711 3139 1808 3226 sed
1841 3139 2090 3242 super-0
2249 3139 2696 3248 quea—ue'd‘etuis
2721 3171 2890 3226 rebus
2917 3168 3122 3224 certior
3147 3139 3344 3233 factus,
3377 3165 3485 3220 hoc
3515 3161 3716 3218 habitu

439 3259 647 3324 vestiri,
681 3263 744 3314 ut
771 3259 1140 3316 absorbeatur
1169 3262 1314 3333 quod
1345 3261 1580 3316 mortale
1618 3265 1703 3315 est
1730 3277 1764 3314 a
1790 3259 1921 3314 vita.
1953 3261 2032 3314 Ac

438 3362 660 3402 rursum
686 3365 697 3401 :
723 3348 939 3413 Infelix,
957 3349 1160 3422 inquit,
1184 3367 1286 3421 ego
1302 3350 1489 3415 homo,
1513 3349 1640 3420 quis
1663 3365 1750 3402 me
1772 3347 2033 3402 liberabit

439 3434 509 3490 de
533 3452 763 3508 corpore
803 3438 1000 3493 mortis
1049 3439 1216 3509 hujus
1255 3441 1426 3507 (Rom.
1450 3438 1594 3507 vn)?
1624 3438 1694 3492 Et
1719 3437 1830 3491 alio
1860 3437 1980 3490 loco
2015 3452 2026 3488 :

441 3523 620 3595 Cupio
648 3525 892 3590 dissolvi,
943 3532 1002 3582 et
1031 3543 1150 3582 esse
1195 3544 1324 3582 cum
1363 3527 1588 3582 Christo
1615 3528 1836 3594 (Philip.
1868 3529 1933 3595 l).
1965 3525 2034 3579 Et

439 3613 715 3684 propheta
741 3615 914 3669 David
941 3633 952 3668 :
987 3616 1227 3680 Quando
1254 3616 1492 3682 veniam,
1517 3621 1575 3671 et
1591 3614 1871 3686 apparebo
1901 3620 2032 3668 ante

440 3700 641 3756 faciem
653 3699 752 3758 Dci
765 3705 913 3766 (Psal
921 3745 932 3758 .
953 3706 1094 3774 xu)?
1107 3705 1340 3770 Quando
1361 3711 1549 3760 autem
1563 3721 1666 3775 ego
1688 3719 1907 3775 quoque
1921 3720 2036 3756 om-

440 3789 596 3846 nium
615 3791 874 3847 infirmus
893 3809 1216 3864 corpoream
1252 3800 1492 3848 mortem
1521 3794 1676 3848 nullo
1707 3792 1872 3846 modo
1901 3778 2036 3845 esti-

440 3896 704 3946 mescam,
722 3881 852 3936 hinc
871 3882 1032 3938 facile
1053 3882 1154 3937 tibi
1170 3882 1482 3954 intelligere
1503 3883 1648 3943 licet.
1681 3881 1829 3952 quod
1859 3879 2034 3951 patris

444 3968 528 4023 tui
559 3969 728 4024 minis
759 3971 1174 4042 contemptisac
1193 3989 1295 4044 pro
1313 3971 1486 4026 nihilo
1512 3970 1739 4026 habitis.
1757 3968 2034 4040 intrepide

442 4056 512 4111 ad
543 4064 598 4111 te
609 4059 958 4126 accesserim,
974 4059 1390 4115 utsalutiferam
1405 4060 1716 4114 doctrinam
1734 4057 1836 4112 tibi
1865 4073 2034 4128 expo-

444 4160 668 4213 nerem;
698 4147 926 4201 tametsi
981 4147 1190 4218 alioqui
1233 4147 1741 4220 compertissimum
1770 4145 2034 4200 haberem

443 4231 563 4288 fore
583 4239 649 4288 ut
675 4234 722 4288 si
743 4235 859 4289 haec
879 4236 1221 4302 rescisceret,
1241 4237 1514 4290 sexcentis
1545 4253 1652 4301 me,
1675 4236 1722 4290 si
1745 4235 1867 4289 fieri
1902 4251 2036 4306 pos-

444 4326 548 4387 set,
581 4322 854 4378 mortibus
897 4324 1164 4378 afﬁceret.
1199 4324 1406 4378 Verum
1437 4341 1539 4394 ego
1587 4323 1689 4378 Dei
1717 4338 2034 4378 sermonem

445 4410 706 4491 omnibus
727 4411 894 4467 rebus
913 4419 1277 4484 anteponens,
1295 4413 1526 4485 ipsoque
1546 4413 1654 4467 frui
1670 4411 1918 4484 cupiens,
1933 4427 2035 4466 nec

443 4501 847 4573 temporariam
884 4501 1028 4556 hanc
1074 4509 1312 4558 mortem
1361 4503 1743 4574 perhorresco,
1770 4518 1874 4556 nec
1911 4518 2034 4556 eam

441 4588 766 4661 hujusmodi
787 4591 1013 4647 nomine
1033 4593 1425 4664 appellandam
1455 4592 1618 4659 duco,
1642 4591 1867 4646 Domini
1885 4591 2035 4645 scili-

445 4685 534 4760 cet
561 4681 826 4736 mandato
869 4681 1264 4753 obtemperans
1303 4681 1538 4736 dicentis
1569 4699 1580 4734 :
1617 4681 1802 4736 Nolite
1832 4680 2032 4735 timere

443 4784 540 4822 eos
559 4769 656 4839 qui
678 4769 1168 4842 occiduntcorpus,
1183 4771 1436 4825 animum
1459 4777 1647 4825 autem
1667 4787 1782 4825 non
1801 4773 2037 4842 possunt

445 4855 696 4911 occidere
720 4877 732 4926 ;
760 4859 855 4912 sed
877 4859 1065 4930 potius
1086 4859 1282 4914 timete
1301 4877 1429 4915 eum
1454 4860 1549 4932 qui
1579 4865 1767 4931 potest
1785 4858 2042 4914 animam

445 4949 504 4998 et
531 4961 732 5017 corpus
761 4948 994 5018 perdere
1022 4948 1080 5003 in
1107 4949 1424 5020 gehennam
1457 4950 1674 5010 εΜαιιΙι.
1708 4951 1784 5018 x).

523 5033 670 5100 llaec,
721 5033 907 5107 inquit
933 5037 1218 5108 Josaphat,
1263 5054 1404 5092 verte
1450 5043 1643 5092 vestrae
1671 5035 2037 5109 philosophiae

341 5143 345 5148 ·
441 5124 710 5197 praeclara
739 5123 1374 5189 facinora,terrenorum
1394 5126 1683 5182 hominum
1707 5126 1802 5198 qui
1843 5142 1878 5179 a
1901 5142 2039 5196 pra:-

442 5213 588 5269 senti
608 5214 714 5268 hac
729 5213 842 5268 vita
861 5213 949 5268 vix
969 5213 1133 5269 avelli
1153 5221 1406 5286 possunt,
1423 5221 1686 5271 naturam
1716 5216 1882 5285 longe
1899 5214 2040 5270 mul-

442 5309 680 5375 tumque
699 5308 984 5376 superant.
1005 5304 1085 5357 Ac
1102 5320 1200 5358 vos
1215 5303 1383 5370 beati,
1407 5305 1501 5376 qui
1518 5305 1622 5360 hac
1649 5303 2041 5359 strenuissima

449 5399 637 5447 mente
663 5393 880 5466 prtediti
903 5393 1055 5447 estis.
1081 5393 1321 5457 Quinam
1343 5410 1508 5465 porro
1531 5393 1635 5448 tibi
1657 5409 1722 5448 ac
1736 5393 1901 5448 sociis
1925 5392 2039 5447 tuis

448 5479 507 5535 in
527 5482 621 5552 huj
631 5481 849 5536 usmodi
866 5482 1183 5537 solitudinis
1195 5482 1370 5537 victus
1382 5483 1651 5554 sit,atque
1661 5483 1795 5537 item
1808 5482 2040 5548 unde,et

447 5570 760 5640 cujusmodi
789 5569 942 5626 vobis
959 5577 1138 5628 vestes
1157 5577 1478 5644 suppetant,
1499 5588 1629 5627 vere
1648 5570 1787 5627 mihi
1803 5585 2034 5642 expone.

523 5658 780 5715 Barlaam
808 5664 998 5716 autem
1027 5659 1193 5719 dixit:
1213 5661 1408 5716 Victus
1427 5661 1654 5734 quidem
1673 5659 1832 5716 nobis
1860 5675 1923 5715 ex
1943 5675 2037 5732 po-

2115 3270 2374 3337 suscepto
2401 3263 2543 3326 veni,
2587 3266 2651 3316 ut
2676 3261 2868 3316 divina
2893 3255 3287 3330 praedicatione
3323 3257 3523 3326 pectus
3551 3257 3718 3307 tuum

2115 3371 2467 3410 consererem
2477 3393 2490 3420 ,
2506 3357 2677 3423 atque
2689 3367 2723 3404 a
2739 3347 3046 3404 truculenti
3055 3342 3326 3418 principis
3335 3340 3533 3396 mundi
3545 3340 3719 3397 servi-

2113 3449 2235 3500 tute
2255 3449 2310 3498 te
2350 3441 2712 3496 vindicarem.
2739 3439 2820 3494 Ac
2839 3453 2988 3492 nunc
3016 3452 3117 3507 per
3142 3434 3408 3488 virtutem
3436 3428 3711 3490 divinam,

2114 3537 2388 3603 quantum
2411 3530 2635 3601 quidem
2651 3529 2710 3583 in
2727 3544 2818 3582 me
2837 3526 2962 3592 fuit,
2983 3521 3296 3578 ministerio
3325 3535 3451 3575 meo
3479 3518 3718 3590 perfun-

2113 3627 2236 3676 ctus
2263 3610 2409 3674 sum.
2428 3619 2649 3673 Etenim
2677 3616 2854 3688 ipsius
2873 3613 3251 3684 cognitionem
3270 3609 3376 3664 tibi
3403 3607 3718 3664 annuntia-

2115 3709 2189 3777 vi,
2218 3726 2284 3764 ac
2309 3708 2711 3780 prophetarum
2739 3711 2798 3760 et
2823 3703 3206 3775 apostolorum
3251 3697 3718 3771 praedicationem

2116 3798 2364 3870 exposui,
2393 3812 2630 3867 vereque
2657 3811 2723 3850 ac
2747 3793 2869 3848 sine
2897 3792 3012 3846 ullo
3041 3805 3234 3844 errore
3253 3785 3721 3860 praesentium”:-

2117 3904 2245 3942 rum
2275 3885 2578 3940 vanitatem
2609 3879 3010 3945 demonstravi,
3045 3877 3386 3951 quantisque
3427 3875 3598 3930 malis
3627 3874 3722 3928 hic

2116 3975 2360 4030 mundus
2388 3978 2617 4038 scateat,
2651 3988 2747 4026 eos
2776 3969 2872 4042 qui
2901 3968 3006 4042 ipsi
3035 3966 3428 4037 obtemperant
3454 3963 3515 4018 in
3563 3961 3719 4016 frau-

2117 4065 2244 4118 dem
2271 4063 2560 4127 inducens,
2587 4061 2869 4131 variisque
2913 4055 3096 4112 modis
3125 4054 3404 4110 irretiens.
3435 4051 3716 4123 Deinceps

2114 4153 2306 4224 igitur,
2335 4168 2402 4206 eo
2427 4151 2576 4206 unde
2603 4151 2714 4204 huc
2754 4147 2900 4213 veni,
2931 4143 3326 4201 revertendum
3358 4146 3463 4208 est,
3495 4157 3566 4196 ac
3589 4145 3716 4194 tum

2115 4243 2298 4297 alieno
2319 4240 2518 4295 habitu
2547 4237 2820 4311 deposito,
2853 4251 3044 4290 meum
3070 4233 3322 4288 induam.

2187 4329 2514 4386 Obsecravit
2531 4333 2722 4384 autem
2742 4341 2936 4381 senem
2959 4323 3248 4394 Josaphat,
3279 4324 3346 4375 ut
3370 4335 3432 4374 se
3455 4317 3565 4390 ipsi
3583 4331 3716 4373 cum

2115 4425 2384 4474 consueta
2402 4425 2555 4472 veste
2585 4415 2924 4472 ostenderet.
2949 4413 3090 4468 Cum
3120 4411 3312 4482 itaque
3338 4407 3607 4463 Barlaam
3626 4422 3716 4460 ve-

2115 4515 2259 4563 stem
2270 4525 2394 4562 eam
2409 4523 2576 4578 quam
2585 4504 2820 4577 gerebat
2829 4502 3090 4566 exuisset,
3099 4495 3720 4568 horrendumJosaphat

2115 4597 2493 4670 spectaculum
2513 4611 2636 4650 sese
2657 4593 2878 4649 obtulit.
2915 4590 3137 4646 Etenim
3173 4593 3297 4644 tota
3322 4585 3508 4641 carnis
3536 4585 3717 4656 ipsius

2117 4685 2360 4758 qualitas
2389 4683 2592 4758 [πιότης
2621 4686 2849 4753 fortasse
2879 4680 3190 4749 legendum,
3213 4678 3272 4731 id
3289 4681 3386 4739 est,
3407 4673 3717 4746 pinguedo]

2117 4774 2415 4846 absumpta
2444 4778 2584 4838 erat,
2629 4787 2695 4826 ac
2718 4770 2881 4843 pellis
2907 4785 2972 4824 ex
2999 4767 3134 4822 solis
3154 4772 3296 4821 aestu
3321 4769 3494 4835 atque
3516 4762 3720 4818 ardore

2116 4864 2324 4918 circum
2365 4877 2494 4918 ossa
2516 4867 2681 4916 tensa
2709 4865 2849 4926 erat,
2874 4874 2987 4914 non
3015 4871 3177 4912 secus
3203 4871 3270 4909 ac
3293 4853 3342 4910 si
3369 4851 3496 4924 quis
3509 4852 3718 4924 pellem

2117 4951 2415 5008 subtilibus
2461 4949 2691 5006 calamis
2746 4946 3095 5004 tetendisset.
3130 4945 3390 4999 Pannoso
3441 4957 3614 5012 porro
3650 4955 3718 4994 ac

2118 5058 2390 5114 perquam
2421 5056 2620 5113 aspero
2648 5037 2828 5094 cilicio
2849 5053 2880 5092 e
2897 5035 3106 5091 lumbis
3119 5049 3298 5106 usque
3317 5031 3384 5086 ad
3399 5045 3591 5102 genua
3607 5029 3722 5085 cin-

2116 5129 2374 5202 gebatur,
2407 5130 2669 5200 idemque
2699 5125 2932 5199 pallium
2957 5122 3209 5179 humeris
3235 5118 3488 5193 gerebat.

2187 5219 2514 5275 Admiratus
2533 5218 2724 5288 itaque
2752 5214 3025 5285 Josaphat
3058 5208 3384 5282 hujusmodi
3410 5207 3542 5263 vita:
3569 5205 3720 5262 duri-

2117 5309 2257 5364 tiam
2289 5313 2346 5363 et
2371 5307 2752 5380 asperitatem,
2771 5314 2943 5375 atque
2971 5318 3040 5356 ex
3052 5298 3266 5372 ingenti
3283 5303 3423 5352 etea
3442 5295 3718 5368 singulari

2119 5397 2420 5453 tolerantia
2443 5401 2674 5467 stupore
2689 5394 2920 5448 affectus
2939 5389 3234 5462 ingemuit,
3259 5385 3617 5459 profusisque
3645 5385 3717 5438 la-

2119 5482 2410 5556 crymisad
2433 5498 2625 5537 senem
2649 5481 2732 5534 ait
2761 5497 2772 5532 :
2805 5477 3082 5544 Quoniam
3109 5473 3292 5530 eatibi
3317 5473 3428 5527 huc
3456 5468 3715 5526 veniendi

2119 5588 2293 5628 causa
2318 5570 2440 5636 fuit,
2460 5577 2526 5626 ut
2553 5587 2644 5625 me
2672 5585 2736 5625 ex
2765 5566 2972 5624 acerba
3001 5563 3209 5622 diaboli
3237 5561 3508 5618 servitute
3536 5565 3712 5616 extra-

2118 5658 2586 5729 heres,beneﬁcio
2609 5664 2710 5716 tuo
2737 5661 3044 5714 sxum
3073 5658 3264 5720 ’84
3273 5665 3512 5708 manum
3529 5649 3710 5721 impo.
