3878 6388
116 319 216 378 513
275 290 291 305 ⁷

508 317 678 375 VITA
716 314 1159 372 SANCTORUM
1198 313 1543 373 BARLAAM
1581 308 1920 372 EREMITE
1957 309 2046 367 ET
2083 311 2450 370 JOSAPHAT
2488 315 2712 371 INDL’E
2753 315 2985 375 REGIS.

3297 322 3402 380 514

113 461 197 511 ne,
235 448 410 515 atque
453 443 700 499 animam
736 458 922 498 meam
967 443 1036 496 de
1080 442 1334 497 custodia
1375 441 1514 496 educ
1543 442 1708 507 (Psal.
1732 438 2112 503 Aantecellat,
2147 455 2274 492 cum
2304 441 2469 511 paulo
2495 447 2626 496 ante
2651 447 2713 496 tu
2744 459 2838 498 eos
2881 444 2938 497 in
2971 461 3176 515 magna
3202 445 3392 518 inapia

114 538 274 599 CXLI),
292 549 358 588 ac
379 550 474 589 me
496 532 714 588 itineris
731 531 814 586 tui
834 532 1047 586 socium
1071 532 1292 598 adhibe,
1309 537 1373 586 ut
1392 531 1586 585 mundi
1609 531 1711 584 im-

114 628 338 695 postura
385 639 620 694 prorsus
663 621 952 689 liberatus,
985 627 1108 676 tum
1155 621 1398 692 denique
1445 619 1710 674 salutaris

112 698 371 784 baptismi
400 712 650 782 sigillum
680 711 970 782 accipiam,
1003 710 1327 782 sociumque
1358 727 1448 764 me
1486 709 1586 764 tibi
1617 709 1713 762 ad-

114 801 379 858 mirandae
418 801 591 873 hujus
617 800 983 872 philosophia
1012 806 1180 872 atque
1201 799 1415 854 eximiae
1442 797 1712 853 exercita-

113 892 275 946 tionis
305 890 609 962 praebeam.

178 979 330 1035 Dixit
357 986 553 1035 autem
580 980 653 1034 ad
671 997 805 1034 eum
825 980 1084 1034 Barlaam
1114 996 1126 1032 :
1161 980 1392 1050 Capreae
1416 978 1713 1032 hinnulum

115 1069 258 1125 dives
285 1069 572 1141 quispiam
601 1069 735 1124 olim
764 1068 950 1123 alebat
973 1087 984 1122 :
1007 1085 1136 1122 cum
1162 1075 1352 1122 autem
1373 1068 1492 1139 ipse
1515 1067 1716 1121 crevis-

115 1164 212 1226 set,
226 1159 474 1214 naturali
489 1159 690 1214 affectu
711 1164 1025 1230 pertractus
1042 1157 1376 1212 solitudines
1397 1156 1710 1228 expetebat.

121 1249 385 1318 Egressus
413 1247 592 1319 igitur
611 1248 854 1318 quodam
879 1247 988 1311 die,
1009 1263 1337 1318 caprearum
1371 1262 1598 1316 gregem
1623 1262 1717 1315 pa-

117 1337 221 1391 stui
257 1353 489 1408 operam
519 1338 749 1391 dantem
788 1336 1016 1403 invenit,
1045 1342 1215 1407 atque
1245 1335 1314 1390 ad
1345 1352 1440 1389 eas
1466 1351 1590 1389 sese
1620 1334 1715 1388 ad-

113 1427 370 1496 jungens,
405 1442 510 1497 per
555 1442 719 1496 agros
758 1432 815 1480 et
859 1441 1088 1496 campos
1127 1424 1443 1489 oberrabat,
1478 1440 1541 1478 ac
1588 1439 1713 1476 sero

120 1514 337 1586 quidem
366 1514 602 1570 domum
634 1532 696 1569 se
724 1514 1035 1581 referebat;
1072 1530 1236 1567 mane
1257 1520 1447 1568 autem
1469 1513 1712 1567 famulo-

120 1621 239 1659 rum
269 1604 618 1674 negligentia
645 1605 800 1660 foras
826 1603 1238 1674 egrediebatur,
1269 1610 1438 1673 atque
1465 1618 1594 1656 cum
1623 1601 1715 1655 sil-

1792 528 1974 580 vivere
2003 533 2172 598 atque
2200 536 2449 583 extrema
2470 539 2801 601 paupertate
2823 534 3134 588 conflictari
3162 536 3388 590 dixeris.

1794 617 2073 681 Quidnam
2096 619 2231 673 item
2271 619 2361 685 sit,
2395 621 2759 690 quamobrem
2791 639 2938 677 nunc
2967 641 3056 678 me
3085 641 3392 696 pauperem

1793 707 2057 777 appelles,
2093 725 2220 762 cum
2263 715 2454 763 autem
2485 711 2846 782 amplissimis
2891 713 3088 784 opibus
3120 716 3406 790 praeditus

1793 795 1972 861 fuero,
2000 796 2232 852 minime
2262 798 2548 854 liberalem
2566 801 2682 854 fore
2702 801 2872 869 dicas,
2899 803 2994 874 qui
3016 821 3164 860 nunc
3185 806 3257 860 ad
3285 806 3393 860 lar-

1792 885 2058 955 giendum
2087 893 2380 958 promptus
2409 905 2472 944 ac
2510 907 2821 962 propensus
2851 910 2996 948 sum.

1866 974 2174 1046 Respondit
2203 977 2458 1032 Barlaam
2497 996 2508 1031 :
2542 981 2666 1034 Non
2699 998 2793 1036 eos
2835 989 3166 1054 paupertate
3195 985 3392 1039 conﬂi-

1795 1063 1935 1116 ctari
1956 1064 2086 1128 dixi,
2117 1066 2212 1119 sed
2236 1066 2580 1122 inexhaustis
2598 1071 2782 1140 potius
2805 1071 3004 1142 Opibus
3021 1074 3392 1129 ﬂorere.Nam

1799 1152 2002 1222 opibus
2017 1169 2150 1224 opes
2164 1172 2387 1226 semper
2401 1158 2467 1210 ad
2469 1160 2724 1228 jungere,
2752 1177 2854 1214 nec
2879 1162 3241 1232 cupiditatem
3270 1169 3396 1218 tan-

1800 1257 1968 1311 quam
1988 1241 2146 1296 freno
2165 1260 2436 1309 coercere,
2462 1263 2654 1300 verum
2677 1248 2797 1301 sine
2819 1249 2931 1302 ulla
2953 1250 3212 1305 satietate
3234 1252 3397 1322 plura

1798 1337 2078 1401 appetere,
2138 1339 2400 1388 extremae
2450 1337 2795 1406 paupertatis
2837 1345 3233 1409 argumentum
3285 1348 3389 1396 est.

1797 1421 2128 1492 Contra,qui
2146 1439 2262 1476 sem
2271 1423 2617 1494 piternarum
2635 1443 2823 1480 rerum
2836 1429 3140 1498 cupiditate
3157 1447 3397 1500 praesen-

1795 1509 1876 1563 tia
1887 1511 2077 1564 omnia
2096 1518 2480 1577 contemnunt,
2497 1530 2674 1586 eaque
2688 1532 2786 1586 pro
2805 1517 3142 1572 stercoribus
3159 1519 3391 1585 ducunt,

1797 1609 1859 1657 ut
1889 1603 2175 1659 Christum
2205 1607 2383 1660 solum
2415 1607 2702 1662 lucrentur
2734 1611 2958 1680 (Philip.
2991 1612 3098 1681 in),
3133 1612 3398 1684 omnique

121 1691 388 1748 vestribus
405 1694 591 1765 capris
612 1710 671 1749 se
691 1692 1056 1764 aggregabat.
1083 1692 1258 1746 Porro
1279 1708 1405 1746 cum
1423 1689 1532 1745 illae
1545 1690 1760 1772 pabu-;
1796 1691 2046 1748 ciborum
2078 1699 2134 1748 et
2173 1695 2632 1752 indumentorum
2677 1715 2879 1753 excusa
2923 1707 3093 1772 atque
3124 1701 3181 1755 in
3213 1702 3392 1756 Deum

124 1782 292 1837 latum
316 1783 544 1855 longius
574 1783 991 1854 processissent,
1022 1782 1142 1852 ipse
1163 1798 1384 1852 quoque
1415 1797 1510 1836 eas
1539 1771 1776 1834 comi-B
1795 1784 2044 1853 projects
2073 1800 2226 1850 cura,
2262 1786 2534 1855 majorem
2577 1803 2644 1840 ex
2693 1786 2885 1858 inopia
2922 1789 3268 1861 voluptatem
3301 1807 3395 1845 ca-

125 1877 265 1927 tatus
281 1878 384 1927 est.
403 1874 482 1927 At
501 1889 632 1926 vero
647 1871 834 1927 divitis
851 1871 1000 1926 illius
1021 1870 1125 1925 viri
1146 1869 1360 1937 famuli,
1385 1887 1444 1924 re
1467 1869 1712 1939 cognita,
1798 1871 1963 1943 piunt
1991 1889 2156 1942 quam
2190 1876 2485 1944 quisquam
2516 1891 2708 1930 eorum
2739 1878 2834 1947 qui
2856 1878 3051 1932 mundi
3076 1895 3267 1934 amore
3298 1881 3397 1934 ﬂa-

126 1961 431 2016 conscensis
463 1961 624 2032 equis
654 1977 750 2016 eas
777 1977 812 2014 a
837 1967 996 2030 tergo
1019 1959 1254 2014 insecuti
1285 1965 1435 2025 sunt,
1463 1974 1529 2012 ac
1556 1974 1715 2012 suam
1797 1967 1981 2030 grant,
2016 1979 2081 2015 ex
2111 1979 2280 2033 opum
2312 1968 2369 2017 et
2398 1964 2764 2035 pecuniarum
2791 1965 3140 2021 abundantia
3169 1968 3356 2039 capiat
3381 1988 3396 2038 ;

129 2050 813 2122 quidemcapreamvivam
827 2047 1718 2120 captam,domumquereductam
1802 2050 2010 2121 quique
2038 2051 2414 2122 amplissimas
2443 2053 2716 2108 virtutum
2739 2054 2961 2110 divitias
3000 2055 3106 2110 sibi
3136 2073 3401 2128 aggesse-

130 2139 354 2210 posthac
370 2139 455 2194 ita
472 2143 867 2205 tenuerunt,ut
881 2138 1021 2193 nulli
1041 2139 1111 2192 ad
1135 2154 1259 2212 eam
1275 2137 1461 2192 aditus
1477 2141 1714 2208 pateret;

131 2228 402 2299 reliquum
428 2234 620 2284 autem
633 2244 864 2300 gregem
885 2227 1090 2299 partim
1115 2227 1488 2291 trucidarunt,
1514 2225 1720 2297 partim

134 2317 271 2372 male
290 2317 627 2373 multarunt.
661 2317 868 2372 Eodem
895 2317 1059 2371 modo
1089 2332 1160 2370 ne
1189 2315 1348 2370 nobis
1374 2315 1591 2370 accidat
1611 2331 1726 2369 me-

134 2411 243 2472 tuo,
265 2407 314 2461 si
331 2407 472 2462 mihi
491 2414 550 2462 te
569 2406 831 2461 comitem
852 2405 942 2476 adj
952 2421 1149 2475 ungas.
1174 2405 1290 2459 Hoc
1311 2411 1414 2469 est,
1444 2421 1515 2458 ne
1541 2411 1598 2458 et
1625 2409 1723 2458 tuo

135 2495 494 2551 contubernio
521 2496 724 2567 priver,
757 2501 815 2550 et
843 2495 1100 2565 ingentes
1129 2494 1298 2548 sociis
1327 2495 1467 2547 meis
1493 2492 1724 2547 calami-

135 2589 289 2650 tates,
307 2601 369 2640 ac
382 2586 787 2657 sempiternam
803 2584 950 2656 patri
971 2590 1069 2638 tuo
1091 2582 1614 2638 condemnationem
1632 2598 1725 2635 ac-

136 2689 361 2731 cersam.
382 2675 523 2729 Vult
544 2675 735 2746 itaque
755 2679 813 2728 te
829 2674 1103 2728 Dominus
1131 2689 1282 2728 nunc
1307 2671 1535 2744 quidem
1553 2671 1726 2725 divini

137 2761 388 2834 baptismi
398 2764 588 2834 sigillo
602 2763 1122 2833 consignari,atque
1133 2763 1223 2816 hic
1236 2766 1557 2816 manentem
1573 2761 1726 2814 omni

138 2851 352 2923 pietatis
377 2853 578 2925 generi
605 2852 850 2918 studere,
884 2851 1286 2923 praeceptisque
1333 2851 1451 2904 suis
1499 2865 1727 2920 operam

142 2940 282 2997 dare.
313 2943 692 3013 Posteaquam
742 2946 930 2996 autem
977 2941 1126 2996 illius
1160 2939 1436 2994 bonorum
1476 2938 1728 2993 omnium

143 3030 343 3086 datoris
369 3047 607 3087 munere
636 3030 850 3086 occasio
881 3046 1002 3085 sese
1033 3029 1318 3093 obtulerit,
1349 3035 1472 3083 tum
1501 3029 1726 3082 demum

1803 2146 1954 2204 runt,
1988 2145 2156 2210 atque
2184 2139 2590 2196 immortalium
2622 2141 2899 2198 bonorum
2937 2160 3034 2216 spe
3061 2161 3182 2200 sese
3213 2145 3394 2215 alunt,

1805 2228 1906 2282 hos
1937 2245 2040 2299 ego
2070 2229 2281 2300 optimo
2306 2231 2436 2300 jure
2464 2236 2521 2285 te
2567 2237 2737 2303 atque
2768 2233 2907 2286 adeo
2950 2234 3143 2304 quovis
3176 2239 3402 2288 terreno

1805 2333 1938 2388 rege
1962 2317 2352 2388 locupletiores
2372 2319 2628 2374 dixerim.
2649 2321 2811 2385 Quod
2831 2324 2895 2388 si,
2912 2322 3026 2376 Deo
3045 2321 3146 2376 tibi
3162 2323 3402 2391 favente,

1805 2412 1867 2459 tu
1892 2423 2113 2477 quoque
2138 2407 2457 2478 spirituales
2477 2409 2801 2480 hujusmodi
2819 2411 3043 2466 divitias
3075 2411 3404 2482 arripueris,

1809 2511 1902 2549 eas
1921 2511 2142 2549 summo
2163 2496 2350 2550 studio
2372 2513 2437 2551 ac
2464 2498 2759 2569 diligentia
2787 2499 3052 2566 servabis,
3078 2517 3142 2554 ac
3162 2516 3409 2572 semper,

1808 2589 1866 2637 et
1887 2585 2114 2654 quidem
2137 2586 2356 2650 merito,
2383 2602 2590 2657 augere
2613 2589 2822 2659 cupies,
2854 2605 2957 2644 nec
2980 2590 3154 2644 ullam
3180 2589 3408 2644 omnino

1810 2688 2004 2726 earum
2036 2679 2254 2744 partem
2283 2675 2570 2730 effundere
2585 2676 2907 2732 sustinebis.
2932 2679 3077 2732 Nam
3097 2678 3155 2732 in
3183 2678 3289 2732 hoc
3317 2678 3410 2733 de-

1809 2777 1968 2816 mum
1998 2775 2143 2817 vera:
2177 2763 2383 2818 divitiae
2413 2763 2534 2818 sitae
2583 2771 2735 2820 sunt.
2779 2767 2986 2821 Earum
3019 2772 3207 2821 autem
3239 2783 3410 2838 Opum

1812 2867 1934 2921 qua:
1972 2850 2031 2904 in
2075 2868 2302 2906 sensum
2344 2853 2570 2919 cadunt,
2619 2855 2794 2909 moles
2839 2855 3177 2910 detrimento
3223 2856 3410 2926 potius

1812 2955 1981 3010 quam
2025 2941 2318 2995 commodo
2349 2942 2556 2996 amicos
2599 2960 2730 2997 suos
2783 2944 3048 2999 affecerit.
3083 2945 3268 3009 Quare
3297 2961 3410 2998 non
3503 2943 3516 2951 ’

1811 3027 1910 3082 abs
1939 3046 2000 3084 re
2031 3046 2126 3084 eas
2166 3036 2475 3084 extremam
2515 3038 2906 3103 paupertatem
2937 3035 3231 3106 appellavi,
3277 3050 3414 3104 quas

144 3125 196 3175 et
220 3119 288 3175 ad
305 3137 406 3176 nos
425 3119 637 3180 venies.
660 3126 718 3174 et
739 3135 840 3191 per
859 3119 1140 3190 reliquum
1166 3135 1332 3172 omne
1354 3119 1586 3188 hujusce
1608 3115 1728 3169 vita
1745 3131 1787 3190 ρ
1816 3118 2126 3172 caelestium
2162 3118 2435 3174 bonorum
2473 3127 2771 3186 amatores,
2821 3121 2990 3177 rebus
3037 3122 3297 3176 omnibus
3330 3139 3415 3176 re-

144 3213 352 3282 tempus
367 3209 661 3266 nobiscum
690 3209 878 3280 deges.
896 3211 976 3264 Ac
1004 3208 1228 3262 Domini
1255 3207 1601 3278 benignitate
1624 3205 1729 3259 fre-

145 3303 246 3366 tus,
275 3299 713 3371 haudquaquam
743 3297 938 3352 dubito
974 3297 1110 3368 quin
1149 3297 1209 3350 in
1257 3297 1448 3350 futura
1493 3295 1607 3350 vita
1650 3295 1730 3348 ita

146 3389 564 3460 conjungamur,
595 3393 660 3442 ut
687 3402 978 3458 nunquam
1005 3384 1203 3440 develli
1234 3385 1532 3456 possimus.

210 3477 480 3551 Josaphat
497 3475 960 3548 autemlacrymis
977 3491 1205 3530 rursum
1220 3479 1495 3546 perfusus,
1515 3473 1586 3527 ad
1604 3489 1732 3528 eum

149 3565 252 3620 ait:
285 3568 342 3622 Si
361 3567 603 3624 Domino
629 3566 712 3622 ita
735 3567 935 3637 placet,
957 3565 1133 3636 ipsius
1155 3564 1412 3618 voluntas
1441 3563 1559 3618 ﬁat.
1589 3563 1736 3627 Quo-

149 3655 285 3711 circa
308 3673 437 3713 cum
477 3656 664 3712 divino
700 3654 1038 3727 baptismate
1076 3671 1166 3709 me
1204 3653 1530 3714 initiaveris.
1561 3669 1733 3724 pecu-

150 3746 369 3818 niasque
386 3763 422 3802 a
438 3763 532 3801 me
563 3751 620 3801 et
646 3752 846 3813 vestes,
861 3751 980 3799 tam
1009 3744 1081 3798 ad
1109 3750 1274 3800 tuum
1297 3760 1467 3814 quam
1486 3743 1557 3797 ad
1579 3742 1738 3797 soda-

151 3833 277 3891 lium
303 3843 533 3892 tuorum
557 3835 768 3890 victum
797 3850 863 3889 ac
893 3833 1160 3888 vestitum
1189 3832 1488 3903 acceperis,
1524 3831 1584 3885 in
1611 3829 1739 3885 reli-

153 3923 310 3994 giosae
354 3924 769 3982 exercitationis
810 3923 1017 3990 locum,
1053 3921 1252 3976 divina;
1281 3921 1434 3992 pacis
1481 3919 1739 3991 praesidio

155 4020 351 4085 septus,
380 4013 618 4070 abscede
642 4032 656 4082 ;
688 4029 925 4083 meaque
955 4028 1125 4067 causa
1158 4010 1278 4065 sine
1302 4009 1419 4064 ulla
1451 4007 1740 4063 intermis-

1812 3206 1982 3261 misso
2022 3208 2238 3273 nuntio,
2293 3208 2375 3262 ita
2410 3208 2651 3279 fugiunt,
2688 3215 2752 3264 ut
2781 3210 3061 3282 quispiam
3093 3215 3413 3281 serpentem

1809 3296 1972 3365 fugit.
2007 3296 2064 3350 Si
2091 3312 2221 3350 vero
2252 3313 2380 3351 eum
2402 3297 2638 3363 hostem,
2666 3314 2834 3369 quem
2863 3299 2974 3354 mei
3014 3299 3118 3370 piae
3143 3299 3410 3352 exercita-

1814 3384 1983 3438 tionis
2014 3385 2148 3439 socii
2191 3391 2247 3440 et
2283 3386 2690 3442 commilitones
2727 3389 2848 3458 jam
2891 3387 3316 3452 obtruncarunt,
3350 3403 3416 3441 ac

1817 3473 2052 3544 pedibus
2073 3475 2486 3545 proculcarunt,
2502 3475 2686 3530 vivum
2708 3493 2903 3531 rursus
2923 3476 3022 3532 abs
3041 3481 3098 3532 te
3119 3481 3410 3547 acceptum

1817 3562 1889 3616 ad
1917 3563 2068 3634 ipsos
2095 3564 2371 3628 detulero,
2415 3563 2798 3637 bellorumque
2828 3581 2894 3620 ac
2924 3565 3413 3638 perturbationum

1818 3668 1987 3707 causa
2005 3652 2141 3724 ipsis
2163 3653 2339 3719 fuero,
2357 3669 2585 3724 prorsus
2605 3653 2740 3725 ipsis
2758 3655 3025 3712 exitiosus
3042 3654 3276 3712 nuntius
3297 3670 3415 3710 ero.

1820 3742 1977 3806 Quod
2007 3743 2234 3814 quidem
2272 3742 2419 3796 absit
2445 3748 2511 3797 ut
2542 3741 2764 3797 faciam.

1891 3836 2082 3897 εδδ
2109 3830 2264 3885 Idem
2283 3837 2473 3886 autem
2493 3831 2562 3885 de
2583 3831 2931 3886 indumentis
2944 3831 3116 3886 ctiam
3135 3831 3419 3902 intelligas

1819 3919 2004 3973 velim.
2033 3920 2177 3974 Nam
2197 3936 2291 3974 eos
2314 3920 2409 3992 qui
2429 3920 2722 3974 vetustatis
2751 3919 2934 3974 labem
2958 3926 3016 3974 et
3044 3921 3421 3992 corruptelam

1819 4014 2112 4074 exuerunt,
2153 4016 2322 4082 atque
2354 4009 2744 4064 inobedientiae
2784 4016 3016 4075 vestem,
3047 4016 3322 4081 quantum
3363 4009 3421 4063 in

156 4101 489 4160 sioneDeum
508 4119 664 4174 roga,
683 4108 748 4157 ut
766 4118 838 4156 ne
867 4118 966 4173 spe
987 4117 1114 4155 mea
1132 4099 1386 4162 frustrer,
1411 4114 1606 4153 verum
1630 4097 1742 4169 pri—
1822 4096 1960 4168 ipsis
1986 4096 2111 4159 fuit,
2152 4097 2552 4170 deposuerunt,
2591 4098 2878 4153 Christum
2925 4104 3118 4154 autem
3147 4105 3421 4168 tanquam

158 4207 242 4246 mo
268 4209 489 4265 quoque
517 4200 772 4264 tempore
799 4191 870 4246 ad
900 4197 956 4246 te
988 4189 1296 4262 pervenire,
1332 4194 1501 4260 atque
1538 4187 1597 4242 in
1626 4187 1740 4242 alta
1823 4187 2220 4242 vestimentum
2237 4188 2519 4253 salutaris,
2539 4194 2597 4242 et
2614 4188 2848 4259 pallium
2865 4187 3072 4242 laetitiae
3085 4187 3421 4253 induerunt;

160 4281 333 4352 quiete
360 4283 667 4339 utilitatem
695 4297 758 4336 ex
779 4287 835 4336 te
863 4280 1147 4352 percipere
1170 4265 1398 4350 possim.
1827 4292 2068 4347 quonam
2089 4278 2318 4332 tandem
2341 4278 2505 4332 modo
2526 4295 2721 4333 rursus
2741 4277 2986 4349 pelliceis
3008 4277 3212 4332 tunicis
3232 4276 3427 4330 indue-

223 4369 476 4427 Barlaam
498 4377 689 4426 autem
709 4370 815 4424 ait:
845 4369 994 4434 Quin
1019 4368 1227 4424 Christi
1249 4366 1474 4438 quidem
1497 4365 1743 4436 sigillum
1826 4382 1964 4432 rem,
1989 4365 2236 4438 ipsisque
2251 4367 2578 4438 ignominiaa
2598 4367 2867 4422 amictum
2883 4365 3261 4437 imponerem?
3276 4365 3427 4429 Quin

160 4459 404 4532 accipias,
421 4461 563 4516 nihil
579 4466 666 4516 est
684 4457 1156 4532 quodprohibeat.
1173 4457 1360 4522 Quare
1373 4457 1615 4527 teipsum
1623 4454 2031 4548 jamDpotius,
2076 4473 2204 4511 cum
2244 4457 2462 4511 sodales
2496 4473 2668 4521 meos,
2714 4462 2779 4510 ut
2827 4456 2922 4526 qui
2954 4455 3044 4526 pia
3083 4461 3137 4509 et
3165 4454 3428 4524 religiosa

161 4547 378 4617 adorna,
409 4567 475 4606 ac
499 4551 615 4605 Deo
641 4550 875 4620 juvante
913 4546 1244 4603 Christianae
1275 4546 1404 4601 ﬁdei
1434 4545 1607 4600 sacris
1635 4543 1798 4599 ini-—
1827 4544 2147 4598 solitudinis
2177 4546 2572 4600 exercitatione
2603 4543 2852 4597 contenti
2891 4543 3022 4609 sint;
3057 4558 3295 4612 eamque
3323 4558 3425 4614 pro

161 4635 395 4695 tiaberis.
418 4640 500 4695 De
527 4639 597 4694 iis
629 4644 819 4693 autem
847 4637 1120 4710 pecuniis,
1162 4653 1304 4707 quas
1345 4641 1401 4690 te
1430 4642 1553 4690 tum
1583 4633 1740 4700 mihi,

160 4729 273 4782 tum
291 4729 574 4785 sodalibus
595 4728 736 4784 meis
753 4727 1024 4785 daturum
1042 4725 1354 4797 dixisti,qui
1371 4724 1602 4779 tandem
1624 4721 1745 4777 ﬁeri

161 4824 338 4886 posset
357 4825 427 4874 ut
453 4825 518 4874 tu
545 4818 641 4891 qui
671 4833 886 4890 pauper
911 4833 993 4883 es,
1026 4814 1290 4870 divitibus
1329 4814 1746 4883 eleemosynam

161 4902 473 4977 impertias?
521 4906 813 4979 Siquidem
869 4905 1104 4962 divitum
1159 4909 1247 4960 est
1291 4903 1360 4958 de
1407 4901 1748 4975 pauperibus

163 4989 292 5050 bene
317 4981 540 5064 mereri,
573 5011 688 5050 non
726 5002 916 5051 autem
945 5000 1142 5050 contra
1162 5008 1473 5065 pauperum
1503 4991 1572 5045 de
1600 4991 1748 5045 locu-

161 5081 390 5152 pletibus
410 5092 468 5142 et
484 5085 743 5157 copiosis.
760 5086 908 5140 Nam
927 5083 1203 5139 sodalium
1219 5082 1472 5137 omnium
1493 5096 1748 5135 meorum

163 5180 463 5240 postremus
487 5175 688 5247 opibus
707 5174 939 5229 omnino
959 5182 1014 5228 te
1041 5178 1294 5244 superat.
1315 5172 1525 5226 Verum
1547 5169 1748 5223 divinis

164 5261 605 5320 miserationibus
634 5265 830 5330 fretus,
865 5265 968 5318 hoc
999 5262 1138 5316 mihi
1168 5261 1498 5333 persuadeo,
1529 5265 1588 5314 te
1618 5274 1749 5330 pro-

165 5350 368 5419 pediem
399 5353 900 5425 locupletissimum
924 5352 1061 5406 fore.
1081 5351 1242 5416 Quod
1269 5367 1399 5405 cum
1429 5348 1744 5418 contigerit,

165 5440 381 5498 minime
413 5443 484 5498 ad
513 5443 866 5515 largiendum
897 5448 1192 5513 promptus
1223 5457 1288 5494 ac
1335 5438 1591 5511 proclivis
1618 5437 1747 5492 eris.

164 5525 300 5586 Dixit
323 5539 512 5589 autem
536 5532 607 5588 ad
633 5549 762 5588 eum
793 5531 1092 5604 Josaphat:
1119 5530 1344 5601 Expone
1365 5527 1523 5595 mihi,
1541 5541 1750 5599 quaeso,

1827 4633 2131 4687 verissimis
2161 4634 2374 4688 deliciis
2414 4635 2640 4698 ducant,
2673 4631 2848 4686 nullis
2894 4631 3120 4686 omnino
3151 4630 3427 4701 ejusmodi

1830 4720 1996 4776 rebus
2025 4721 2279 4794 indigere
2308 4727 2658 4794 compertum
2688 4719 2946 4785 habeam,
2974 4719 3227 4791 pecuniis
3256 4725 3313 4774 et
3339 4735 3429 4773 ve-

1829 4811 2026 4878 stibus,
2069 4829 2208 4882 quas
2234 4818 2291 4866 te
2321 4812 2456 4882 ipsis
2489 4811 2754 4865 daturum
2785 4808 3027 4876 dicebas,
3062 4809 3120 4863 in
3149 4824 3429 4880 pauperes

1829 4899 2159 4968 distributis,
2192 4899 2277 4955 fac
2299 4900 2400 4954 tibi
2421 4899 2698 4970 ejusmodi
2728 4899 3061 4953 thesaurum
3092 4898 3151 4954 in
3175 4898 3429 4954 futurum

1830 4991 2118 5054 recondas,
2150 4990 2246 5062 qui
2277 4989 2430 5044 nullo
2459 4989 2626 5043 modo
2656 4987 2864 5060 surripi
2894 4989 3088 5060 possit,
3124 4988 3303 5043 Deum
3329 4987 3430 5041 sci-

1831 5079 1960 5134 licet
1995 5079 2052 5133 in
2100 5079 2220 5150 ipso
2250 5095 2350 5150 per
2380 5078 2606 5133 illorum
2638 5094 2830 5149 preces
2878 5077 3277 5149 opitulatorem
3325 5074 3427 5128 tibi

1831 5169 2160 5239 adjungens.
2179 5169 2269 5223 Sic
2289 5168 2437 5222 enim
2466 5168 2570 5222 hoc
2601 5165 2978 5237 consequeris,
3003 5173 3068 5219 ut
3097 5182 3228 5236 opes
3249 5163 3320 5217 ad
3337 5179 3431 5233 op-

1830 5258 1971 5312 tima
2001 5275 2235 5329 quaeque
2265 5256 2364 5311 tibi
2405 5256 2735 5327 adjumento
2772 5255 2903 5309 sint.
2939 5256 3018 5307 Ac
3046 5252 3266 5314 deinde,
3300 5267 3428 5304 cum

1836 5347 2078 5419 Spiritus
2104 5353 2450 5402 armaturam
2473 5345 2771 5415 acceperis,
2794 5350 2851 5397 et
2869 5341 3089 5396 lumbos
3116 5342 3174 5395 in
3199 5338 3433 5394 veritate

1837 5437 2192 5502 succinxeris,
2228 5453 2292 5490 ac
2314 5435 2547 5508 justitiae
2577 5434 2807 5488 loricam
2836 5430 3104 5496 indueris,
3137 5435 3194 5484 et
3233 5427 3431 5483 salutis

1836 5527 2058 5597 galeam
2091 5526 2259 5598 capiti
2284 5531 2382 5580 tuo
2412 5521 2764 5596 imposueris,
2791 5526 2848 5575 et
2868 5518 3038 5592 pedes
3067 5519 3127 5573 in
3148 5515 3433 5589 Evangelii

168 5628 396 5687 quonam
415 5627 576 5696 pacto
597 5618 882 5680 sodalium
905 5621 1138 5678 tuorum
1156 5623 1440 5676 extremus
1453 5614 1652 5690 opibus
1665 5627 1757 5671 me
1838 5613 1992 5688 pacis
2033 5614 2503 5688 praeparationem
2533 5608 2817 5678 calcearis,
2851 5606 3090 5681 ﬁleique
3118 5611 3341 5667 scutum
3370 5619 3436 5662 ac
