3878 6430
460 318 525 375 51
536 317 571 376 5

1506 316 1599 372 DE
1635 314 1825 372 VITIS
1863 311 2160 371 PATRUM
2195 311 2413 369 LIBER
2446 312 2738 370 PRIMUS.

3623 325 3719 384 5‘16

465 446 713 517 Spiritus
764 444 1037 516 gladium,
1068 443 1217 515 quod
1251 454 1339 497 est
1371 440 1605 496 verbum
1634 439 1757 506 Dei,
1796 438 2054 494 manibus
2079 441 2123 498 A
2141 437 2313 493 sionis
2338 439 2569 494 modum
2602 440 3075 512 comprehendere
3099 443 3332 499 minime
3352 447 3582 503 studeas
3612 451 3719 518 (ne-

461 534 769 606 sumpseris
795 535 1106 602 (Ephesm),
1136 539 1306 603 atque
1336 530 1585 602 undique
1623 534 1681 582 te
1710 528 2056 600 praestantis-

461 624 620 678 simis
641 623 812 677 armis
841 622 1172 676 instruxeris
1199 638 1265 675 ac
1286 618 1608 684 muniveris,
1634 619 1715 672 ita
1742 618 1968 672 demum
1995 618 2057 670 ﬁ-

459 711 615 765 denti
636 712 823 766 animo
837 711 908 765 ad
923 711 1132 765 bellum
1143 727 1271 765 cum
1287 709 1362 763 im
1371 709 1579 780 pietate
1591 705 2056 761 committendum

460 801 745 869 egredere,
773 805 839 854 ut
866 816 935 854 ea
969 802 1027 854 in
1072 800 1264 870 fugam
1292 815 1471 863 versa,
1504 802 1673 867 atque
1716 794 1891 865 ipsius
1917 793 2057 847 duce

457 888 679 943 diabolo
701 889 758 943 in
782 894 994 943 terram
1016 888 1192 954 alliso,
1214 904 1248 942 a
1268 887 1464 941 dextra
1485 883 1710 941 Domini
1733 899 1907 937 manu
1933 896 2058 953 quae

456 977 579 1031 vita;
623 978 963 1050 principium
1006 979 1185 1044 affert,
1218 976 1503 1031 victricem
1550 989 1815 1029 coronam
1859 987 2056 1026 conse-

464 1066 673 1136 quaris.

536 1157 827 1216 CAP.XIX.
845 1156 1059 1212 -—Cum
1079 1156 1339 1210 Barlaam
1358 1151 1682 1224 hujusmodi
1701 1149 1969 1205 doctrinis
1991 1165 2056 1203 ac

455 1248 760 1306 salutiferis
788 1245 1142 1301 sermonibus
1165 1244 1314 1315 regis
1344 1243 1522 1298 ﬁlium
1550 1240 1862 1306 imbuisset,
1887 1245 2055 1309 atque

459 1339 532 1393 ad
558 1338 809 1393 divinum
838 1334 1185 1406 baptismum
1210 1336 1599 1404 praeparasset,
1626 1330 1808 1401 eique,
1832 1333 1897 1382 ut
1921 1343 2054 1381 con-

456 1427 695 1483 suetudo
730 1425 859 1490 fert,
899 1424 971 1478 ad
1000 1423 1215 1494 aliquot
1250 1421 1369 1475 dies
1402 1422 1663 1491 jejunare
1701 1435 1766 1472 ac
1797 1415 2053 1489 precibus

456 1514 781 1570 incumbere
818 1511 1188 1584 praecepisset,
1239 1510 1311 1564 ad
1358 1526 1487 1564 eum
1536 1507 1729 1563 crebre
1783 1506 2055 1561 ventitare

459 1621 573 1660 non
602 1601 909 1658 desinebat.
944 1607 1116 1671 atque
1154 1598 1345 1653 omnia
1371 1597 1689 1652 orthodoxae
1746 1595 1877 1650 ﬁdei
1914 1594 2054 1664 dog-

457 1699 615 1748 mata
666 1692 773 1764 ipsi
809 1688 1087 1755 tradebat,
1129 1688 1492 1758 divinumque
1547 1684 1910 1755 Evangelium
1957 1699 2053 1736 ex-

2139 542 2248 597 que
2273 528 2424 581 enim
2453 530 2849 600 comprehendi
2867 536 3090 603 potest),
3106 549 3296 588 verum
3316 534 3538 606 integro
3565 541 3720 595 corde

2138 632 2203 670 ac
2230 617 2349 671 sine
2380 618 2497 671 ulla
2523 635 2936 689 supervacanea
2952 622 3380 693 investigatione
3409 626 3551 681 illud
3579 635 3717 697 tene,

2138 705 2401 759 nimirum
2424 706 2648 761 Patrem
2670 714 2727 762 et
2745 708 2948 763 Filium
2970 716 3027 764 et
3047 711 3317 782 Spiritum
3338 721 3597 770 sanctum
3616 734 3721 771 om-

2139 794 2305 848 nibus
2325 794 2510 849 modis
2523 812 2696 850 unum
2719 814 2858 859 esse,
2874 805 3103 870 excepta
3116 802 3351 872 ingeniti
3369 805 3722 876 proprietate,

2140 888 2197 937 et
2224 883 2606 953 generatione,
2642 891 2698 939 et
2727 888 3076 957 processione
3102 908 3115 956 ;
3148 890 3397 962 illudque
3425 893 3584 959 item,
3607 896 3725 950 uni-

2138 972 2394 1042 genitum
2423 973 2627 1028 Filium
2671 990 2737 1028 ac
2767 975 2867 1029 Dei
2910 976 3175 1044 Verbum,
3210 985 3268 1033 et
3297 980 3498 1046 Deum,
3540 982 3724 1038 salutis

2138 1065 2345 1114 nostra;
2377 1077 2547 1115 causa
2573 1062 2754 1116 Patris
2782 1064 3026 1130 decreto,
3050 1081 3115 1119 ac
3153 1066 3394 1137 Spiritus
3433 1070 3614 1123 sancti
3640 1070 3723 1124 ad-

2132 1148 2331 1218 juncta
2356 1166 2545 1220 Opera,
2591 1151 2651 1205 in
2684 1158 2895 1207 terram
2940 1153 3293 1209 descendisse
3310 1175 3331 1225 ;_
3358 1156 3481 1210 sine
3524 1158 3721 1213 semine

2136 1236 2196 1290 in
2225 1244 2429 1294 sanctae
2457 1239 2702 1310 Virginis
2730 1257 2795 1295 ac
2812 1242 2914 1296 Dei
2924 1242 3215 1312 genitricis
3243 1244 3432 1300 Maria
3453 1251 3615 1301 utero
3635 1264 3723 1318 per

2140 1326 2414 1397 Spiritum
2444 1337 2702 1383 sanctum
2731 1337 3083 1402 conceptum,
3106 1349 3169 1387 ac
3196 1332 3319 1387 sine
3341 1334 3461 1388 ulla
3482 1334 3606 1388 labe
3632 1353 3720 1406 ge-

2137 1415 2338 1479 nitum,
2372 1414 2790 1488 perfectumque
2835 1418 3123 1474 hominem
3153 1421 3439 1489 effectum;
3482 1423 3719 1495 illudque

2136 1510 2426 1573 praeterea,
2476 1506 2659 1576 ipsum
2719 1507 3026 1577 perfectum
3055 1510 3255 1576 Deum,
3304 1527 3370 1564 ac
3422 1512 3717 1583 perfectum

2136 1592 2422 1647 hominem
2445 1610 2586 1660 esse,
2615 1612 2682 1649 ex
2700 1594 2918 1651 duabus
2939 1597 3175 1665 naturis,
3203 1598 3308 1653 hoc
3331 1605 3419 1654 est
3441 1600 3719 1657 divinitate

2135 1686 2193 1735 et
2217 1681 2589 1750 humanitate,
2612 1700 2676 1738 ac
2701 1683 2760 1739 in
2783 1683 3001 1740 duabus
3028 1688 3246 1742 naturis
3273 1688 3648 1760 intelligentia
3670 1698 3720 1745 et

456 1781 718 1854 ponebat,
760 1797 824 1834 ac
852 1784 1123 1851 praeterea
1168 1776 1501 1847 apostolicas
1548 1772 1968 1829 cohortationes
1995 1776 2114 1853 etB
2134 1771 2421 1827 voluntate
2450 1778 2508 1827 et
2523 1774 2847 1844 operatione
2865 1780 2924 1829 et
2936 1776 3154 1830 arbitrii
3178 1775 3441 1833 libertate
3462 1778 3718 1850 praeditis,

454 1871 856 1943 praphetarum
873 1868 994 1922 loca
1019 1867 1143 1938 ipsa
1163 1864 1515 1936 explanabat.
1539 1865 1685 1918 Nam
1708 1879 1835 1917 cum
1855 1862 1941 1915 vir
1958 1860 2053 1915 ille

454 1959 722 2015 divinitus
738 1957 948 2013 tradita
974 1954 1229 2010 doctrina
1247 1954 1502 2025 polleret,
1521 1968 1744 2007 omnem
1768 1957 1886 2005 tam
1908 1955 2053 2004 vete-

452 2049 532 2105 ris
561 2064 729 2119 quam
760 2046 889 2101 novi
914 2043 1261 2100 Testamenti
1302 2042 1575 2113 scriptum
1602 2040 1931 2095 memoriter
1959 2055 2051 2093 re-

451 2136 681 2193 citabat.
729 2136 983 2206 Cumque
1023 2132 1211 2187 divino
1251 2131 1464 2203 Spiritu
1492 2130 1758 2184 incitatus
1784 2129 2046 2194 ferretur,

450 2209 862 2282 adolescentem
881 2239 1024 2277 verae
1048 2222 1146 2276 Dei
1174 2220 1387 2275 notitiae
1417 2220 1541 2274 luce
1570 2217 1935 2274 collustravit.
1973 2218 2050 2272 Eo

450 2321 641 2370 autem
664 2314 755 2369 die
785 2329 896 2384 quo
930 2310 1304 2383 baptizandus
1335 2314 1473 2373 erat,
1505 2307 1739 2362 docendi
1765 2322 1935 2361 causa
1961 2306 2050 2361 his

451 2403 522 2458 ad
550 2419 678 2458 eum
709 2400 891 2456 verbis
918 2399 1183 2455 utebatur
1217 2415 1229 2451 :
1263 2398 1345 2452 En
1374 2396 1582 2452 Christi
1619 2395 1867 2466 sigillum
1909 2394 2051 2448 acci-

449 2509 602 2565 pere,
621 2497 792 2563 atque
812 2488 1078 2545 dominici
1098 2489 1285 2543 vultus
1304 2485 1515 2541 lumine
1532 2484 1852 2555 consignari
1877 2485 2045 2549 (Psal.

449 2582 543 2652 Iv),
574 2580 789 2651 Deique
809 2578 978 2647 ﬁlius,
1003 2593 1067 2632 ac
1086 2576 1285 2631 vivifici
1318 2575 1559 2647 Spiritus
1585 2573 1863 2645 templum
1904 2572 2047 2628 efﬁci

452 2682 741 2740 properas.

525 2755 798 2820 Quocirca
809 2754 869 2809 in
888 2755 1111 2808 Patrem
1135 2758 1192 2807 et
1207 2752 1411 2806 Filium
1425 2756 1482 2805 et
1492 2750 1765 2821 Spiritum
1790 2753 2049 2803 sanctum

451 2845 634 2910 crede,
660 2848 934 2911 sanctam,
955 2842 1206 2913 inquam,
1240 2856 1307 2895 ex
1334 2855 1446 2910 qua
1472 2839 1586 2892 vita
1612 2837 1835 2892 initium
1866 2837 2044 2903 duxit,

450 2933 805 2998 Trinitatem,
832 2948 955 3003 qua:
983 2932 1042 2985 in
1070 2929 1252 2984 tribus
1273 2926 1526 3000 personis
1548 2932 1605 2981 et
1624 2942 1737 2981 una
1755 2925 2045 2980 divinitate

2136 1865 2305 1931 atque
2334 1862 2488 1916 omni
2521 1862 2738 1917 ratione
2767 1863 3045 1934 perfectis,
3067 1866 3230 1935 juxta
3256 1882 3519 1922 normam
3547 1884 3611 1922 ac
3636 1885 3717 1921 ra-

2135 1948 2347 2003 tionem
2379 1951 2604 2022 utrique
2632 1957 2867 2018 naturae,
2899 1952 3005 2007 hoc
3032 1960 3118 2008 est
3144 1954 3343 2010 divinae
3372 1961 3433 2010 et
3471 1956 3715 2013 humanae

2135 2044 2588 2105 consentaneam,
2603 2056 2717 2094 una
2730 2046 2922 2095 autem
2937 2047 3129 2107 πω
3139 2044 3450 2115 composita
3467 2061 3710 2116 persona.

2136 2126 2286 2190 Haec,
2318 2127 2567 2199 inquam,
2609 2129 2941 2200 simpliciter
2987 2136 3156 2201 atque
3207 2132 3328 2187 sine
3365 2133 3487 2188 ulla
3513 2134 3717 2188 curiosa

2132 2213 2562 2287 investigatione
2603 2218 2791 2289 accipe
2824 2235 2836 2271 :
2881 2235 2985 2273 nec
3018 2219 3157 2274 illud
3190 2220 3510 2293 intelligere
3546 2223 3711 2291 stude,

2133 2320 2379 2375 quonam
2399 2314 2559 2376 pacto
2577 2307 2675 2361 Dei
2696 2307 2867 2362 Filius
2883 2308 3131 2379 seipsum
3152 2310 3546 2376 exinaniverit,
3561 2318 3713 2383 atque

2131 2409 2199 2446 ex
2226 2393 2491 2465 virgineis
2530 2395 2895 2466 sanguinibus
2936 2397 3102 2452 homo
3143 2399 3263 2454 sine
3303 2400 3523 2455 semine
3557 2406 3709 2471 atque

2131 2483 2487 2554 corruptione
2529 2484 2708 2539 factus
2754 2484 2959 2553 fuerit;
2991 2492 3093 2541 aut
3129 2504 3373 2558 quonam
3404 2495 3569 2560 pacto
3598 2490 3708 2543 duas

2131 2575 2346 2626 naturae
2372 2571 2434 2626 in
2462 2588 2632 2627 unam
2677 2590 2975 2644 personam
3004 2576 3382 2631 convenerint.
3423 2578 3569 2631 Nam
3605 2577 3709 2631 haec

2132 2676 2254 2729 qua;
2292 2660 2558 2716 divinitus
2584 2661 2744 2716 nobis
2772 2679 2807 2717 a
2849 2662 3140 2734 Scriptura
3169 2670 3364 2719 sancta
3391 2665 3547 2721 dicta
3573 2672 3706 2726 sunt,

2130 2748 2241 2802 fide
2269 2753 2461 2804 tenere
2481 2750 2748 2805 docemur
2779 2769 2791 2805 :
2821 2751 3053 2807 modum
3072 2757 3264 2808 autem
3288 2755 3591 2821 nescimus,
3622 2769 3711 2809 nec

2130 2853 2407 2908 exponere
2440 2855 2754 2909 possumus.

2200 2926 2377 2980 Crede
2405 2928 2611 2982 Filium
2651 2929 2771 2995 Dei,
2807 2929 2903 3000 qui
2931 2948 3033 3001 per
3073 2931 3286 2986 viscera
3325 2931 3708 2988 misericordia

448 3020 783 3087 celebratur,
816 3036 899 3085 ac,
924 3026 1197 3090 quantum
1218 3016 1445 3088 quidem
1465 3016 1536 3069 ad
1555 3031 1823 3087 personas
1846 3019 1901 3068 et
1926 3029 2047 3085 per-
2070 3070 2110 3090 η
2127 3031 2241 3069 suae
2261 3015 2427 3070 homo
2442 3016 2621 3072 factus
2637 3023 2741 3084 est,
2760 3035 2955 3074 omnes
2975 3036 3069 3075 eas
3089 3021 3367 3076 humanas
3382 3022 3703 3087 affectiones,

447 3110 668 3165 sonales
690 3070 1061 3181 proprietates
1099 3070 1320 3172 attin‘et,
1343 3070 1611 3160 distincfa
1638 3109 1742 3170 est,
1772 3070 2045 3175 quantum
2068 3070 2111 3129 Ο
2127 3120 2251 3174 qua:
2300 3105 2585 3160 naturales
2629 3070 2779 3173 sunt,
2930 3070 3366 3177 sitis—5:11;;

447 3205 637 3255 autem
667 3198 737 3253 ad
769 3196 1089 3261 essentiam,
1121 3196 1421 3266 conjuncta
1451 3201 1507 3249 et
1525 3193 1785 3265 copulata
1821 3210 1833 3245 :
1867 3207 2045 3247 unum
2126 3191 2295 3247 Fame
2313 3194 2484 3260 enim,
2509 3201 2782 3265 quantum
2800 3196 2870 3277 a‘d
2894 3197 3199 3253 humanam
3214 3204 3481 3254 naturam
3501 3200 3702 3265 attinet,

445 3289 625 3344 Deum
637 3286 951 3357 ingenitum
971 3300 1296 3356 agnoscens,
1316 3290 1485 3355 atque
1499 3299 1676 3337 unum
1696 3281 1902 3337 Filium
1925 3279 2047 3335 uni-
2127 3296 2192 3334 ac
2220 3280 2314 3336 siti
2336 3281 2626 3350 laboravit,
2659 3290 2713 3339 et
2744 3284 3023 3351 dormivit,
3053 3291 3111 3341 et
3139 3286 3201 3341 in
3231 3303 3444 3358 angore
3472 3293 3703 3343 versatus

442 3376 716 3447 genitum,
731 3375 1033 3430 Dominum
1047 3378 1302 3429 nostrum
1314 3374 1342 3427 J
1348 3388 1507 3427 esum
1525 3371 1830 3434 Christum,
1849 3370 2044 3423 lumen
2128 3375 2231 3436 est,
2256 3376 2312 3425 et
2330 3388 2432 3442 pro
2469 3372 2677 3427 nostris
2706 3373 3103 3445 iniquitatibus
3131 3374 3199 3429 ad
3227 3381 3469 3431 mortem
3498 3376 3699 3441 ductus,

443 3466 514 3519 de
532 3464 764 3531 lumine,
788 3465 968 3519 Deum
995 3479 1186 3518 verum
1216 3462 1286 3517 de
1315 3462 1431 3516 Deo
1454 3477 1600 3523 vero,
1622 3459 1879 3531 genitum
1909 3463 2043 3513 ante
2127 3459 2389 3530 crucique
2412 3460 2628 3521 afﬁxus,
2653 3477 2719 3516 ac
2747 3462 3046 3533 degustata
3072 3469 3252 3519 morte
3274 3466 3566 3536 sepultura
3592 3465 3704 3519 affe-

444 3553 634 3609 omnia
661 3554 882 3609 saecula.
910 3551 1153 3621 (Etenim
1183 3567 1249 3606 ex
1280 3549 1426 3605 bono
1457 3550 1623 3604 Patre
1657 3548 1837 3603 bonus
1867 3547 2043 3601 Filius
2126 3552 2250 3603 ctus
2277 3555 2380 3616 est,
2407 3550 2597 3605 divina
2618 3551 2843 3606 interim
2872 3558 3077 3608 natura
3095 3552 3166 3608 ab
3181 3553 3335 3608 omni
3364 3554 3701 3627 perpessione

440 3644 666 3715 genitus
698 3648 800 3707 est,
834 3647 891 3697 et
904 3658 971 3697 ex
998 3639 1288 3712 unigenito
1313 3638 1527 3694 lumine
1543 3637 1950 3709 sempiternum
1962 3635 2046 3691 lu-
2126 3652 2191 3690 ac
2220 3638 2532 3694 mutatione
2560 3638 2737 3695 libera
2758 3646 3039 3696 manente.
3064 3641 3296 3697 Nullum
3319 3643 3473 3698 enim
3493 3643 3700 3698 omnino

440 3749 572 3788 men
628 3732 856 3799 effulsit,
909 3748 975 3785 ex
1029 3746 1162 3784 vera
1195 3729 1309 3783 vita
1348 3728 1598 3782 viviﬁcus
1652 3725 1776 3781 fons
1812 3724 2039 3797 prodiit,
2126 3726 2543 3797 perpessionem
2585 3727 2762 3800 ipsius
2809 3734 3026 3785 natura;
3061 3729 3131 3784 ab
3173 3729 3327 3785 omni
3362 3730 3700 3803 perpessione

440 3827 499 3876 et
525 3835 592 3877 ex
603 3821 843 3892 ipsamet
854 3820 1126 3893 potentia,
1150 3817 1278 3873 Filii
1292 3816 1547 3889 potentia
1571 3814 1817 3881 emicuit,
1838 3814 1936 3886 qui
1958 3817 2046 3869 est

438 3909 701 3982 splendor
718 3910 913 3980 gloriae
924 3905 1186 3980 [Hebr.l],
1211 3911 1269 3961 et
1284 3905 1533 3961 Verbum
1553 3921 1679 3959 vere
1702 3902 2036 3969 subsistens,

442 3999 537 4070 qui
560 4000 620 4053 in
658 3997 932 4071 principio
966 4001 1107 4060 erat,
1141 4001 1197 4049 et
1238 3994 1388 4067 apud
1418 3994 1600 4049 Deum
1630 3997 1772 4059 erat,
1806 3996 1864 4046 et
1892 3991 2043 4046 Deus

440 4093 564 4143 erat
590 4088 771 4159 [Joan.
800 4084 873 4159 1],
898 4083 1158 4156 principii
1187 4099 1383 4154 expers
1414 4088 1472 4137 et
1498 4082 1908 4153 sempiternus;
1942 4096 2043 4150 per

440 4190 612 4247 quem
642 4174 831 4231 omnia
872 4173 1019 4227 facta
1042 4176 1194 4237 sunt,
1225 4176 1346 4226 tam
1376 4187 1502 4242 qua:
1530 4170 1704 4225 oculis
1733 4172 2041 4223 cernuntur

441 4280 612 4337 quam
642 4280 763 4335 qua:
783 4261 936 4316 cerni
960 4263 1296 4332 nequeunt.)
1316 4259 1386 4314 Et
1405 4274 1580 4313 unum
1605 4258 1876 4330 Spiritum
1908 4272 2039 4312 san-

2126 3813 2325 3870 alienee
2353 3815 2748 3885 attribuimus;
2784 3833 2979 3873 verum
3015 3818 3075 3873 in
3103 3835 3172 3874 ea
3199 3824 3408 3875 natura
3436 3836 3601 3891 quam
3628 3834 3701 3872 as-

2126 3904 2369 3975 sumpsit
2396 3921 2526 3960 eum
2550 3921 2777 3977 passum
2806 3912 2863 3962 et
2890 3906 3173 3979 sepultum
3194 3923 3317 3963 esse
3334 3908 3695 3980 agnoscimus,

2125 4006 2191 4045 ac
2216 3990 2403 4048 divina
2415 3994 2596 4065 gloria
2618 4011 2653 4049 a
2668 3999 2850 4050 morte
2876 3995 2948 4050 ad
2969 3994 3140 4051 vitam
3165 3995 3697 4052 etimmortalitatem

2125 4080 2426 4137 excitatum
2454 4099 2594 4150 esse,
2615 4088 2784 4155 atque
2813 4084 2873 4139 in
2900 4084 3067 4139 caelos
3097 4084 3433 4154 ascendisse,
3459 4085 3697 4141 tandem-

2124 4179 2233 4235 que
2253 4182 2480 4221 rursum
2500 4184 2626 4223 cum
2640 4168 2821 4239 gloria
2840 4175 3137 4225 venturum
3156 4186 3297 4238 esse,
3316 4176 3382 4226 ut
3403 4171 3472 4226 de
3498 4170 3627 4224 vivis
3643 4185 3698 4223 ac

2120 4255 2358 4310 mortuis
2401 4257 2740 4312 sententiam
2786 4258 2949 4326 ferat,
2980 4266 3149 4332 atque
3177 4260 3479 4333 unicuique
3520 4276 3615 4332 pro
3640 4273 3695 4312 eo

439 4359 614 4421 ctum,
637 4370 703 4407 ex
731 4351 897 4407 Patre
928 4349 1345 4422 procedentem,
1366 4362 1692 4419 agnoscens,
1714 4347 1891 4402 Deum
1918 4362 2040 4417 per-
2121 4358 2187 4399 ac
2213 4344 2450 4401 meritus
2472 4352 2558 4401 est
2584 4347 2857 4419 rependat
2879 4349 3089 4413 (Matth.
3113 4351 3581 4419 xv1;Apoc,xxn).
3607 4347 3697 4401 Re-

437 4442 664 4508 fectum,
685 4446 744 4496 et
756 4439 926 4496 vitam
956 4439 1303 4503 afi‘erentem,
1322 4453 1387 4492 ac
1407 4436 1767 4492 sanctitatem
1782 4433 2035 4507 prmben-
2052 4424 2100 4483 D
2121 4440 2355 4505 surgent
2382 4434 2531 4490 enim
2560 4436 2788 4502 mortui,
2813 4443 2870 4492 et
2894 4436 3285 4494 excitabuntur
3306 4428 3403 4510 qui
3431 4439 3491 4493 in
3519 4450 3693 4492 monu-

437 4532 573 4595 tem,
634 4525 831 4582 eadem
878 4524 1170 4579 voluntate
1227 4522 1549 4595 praeditum,
1600 4520 2044 4592 omnipotentem
2124 4524 2330 4579 mentis
2358 4530 2508 4579 sunt.
2530 4526 2715 4597 Atque
2742 4525 2823 4580 illi
2849 4526 3077 4597 quidem
3097 4527 3194 4599 qui
3222 4527 3429 4605 Christi
3448 4524 3692 4581 mandata

436 4615 693 4671 eamdem
717 4614 1092 4671 aeternitatem
1112 4611 1435 4679 habentem,
1460 4627 1591 4666 vere
1611 4609 2038 4665 subsistentem.
2123 4611 2559 4680 observaverint,
2578 4619 2635 4669 et
2654 4614 2712 4669 in
2725 4620 2877 4669 recta
2896 4616 3007 4670 ﬁde
3021 4632 3088 4671 ex
3102 4616 3207 4671 hac
3225 4617 3343 4671 vita
3356 4613 3687 4673 excesserint,

435 4704 523 4759 Ad
536 4705 686 4760 hunc
701 4704 877 4775 igitur
894 4703 1125 4758 modum
1147 4702 1376 4757 Patrem
1400 4704 1458 4756 et
1467 4699 1674 4756 Filium
1694 4705 1751 4756 et
1768 4699 2041 4771 Spiritum
2121 4702 2526 4774 sempiternam
2540 4702 2712 4758 vitam
2727 4703 3084 4760 hereditario
3094 4704 3460 4777 possidebunt
3473 4722 3485 4771 ;
3500 4702 3590 4775 qui
3607 4717 3689 4755 au-

436 4798 695 4848 sanctum
717 4792 973 4858 adora,in
983 4790 1162 4846 tribus
1182 4790 1436 4862 personis
1458 4806 1558 4846 seu
1578 4787 2033 4861 proprietatibus,
2120 4795 2236 4846 tem
2260 4791 2320 4846 in
2341 4792 2582 4863 peccatis
2611 4809 2733 4848 sese
2761 4793 3131 4865 corruperint,
3163 4800 3331 4866 atque
3363 4811 3397 4849 a
3423 4797 3570 4849 recta
3592 4789 3685 4845 ﬁde

435 4887 605 4954 atque
631 4880 691 4935 in
719 4895 835 4935 una
862 4880 1175 4935 divinitate.
1205 4879 1534 4935 Communis
1569 4878 1721 4933 enim
1739 4877 1828 4933 his
1856 4876 2038 4933 tribus
2119 4880 2554 4950 deflexerint,'ad
2567 4884 2974 4956 sempiternum
2995 4884 3331 4956 supplicium
3351 4881 3555 4941 abituri
3571 4883 3685 4935 sunt

434 4976 523 5026 est
535 4968 818 5031 divinitas,
831 4973 999 5038 atque
1022 4984 1136 5022 una
1149 4968 1402 5038 ipsorum
1421 4973 1625 5023 natura
1644 4971 1748 5033 est,
1773 4983 1889 5022 una
1906 4964 2036 5021 sub-
2121 4970 2358 5040 (Joan.v)
2368 5010 2381 5024 .
2396 4969 2575 5025 Crede
2587 4987 2689 5027 nec
2699 4972 2872 5026 ullam
2885 4971 3018 5026 mali
3030 4972 3457 5039 essentiam,nec
3471 4981 3682 5041 regnum

433 5059 691 5123 stantia,_
718 5073 833 5112 una
856 5056 1056 5128 gloria,
1104 5072 1281 5111 unum
1329 5073 1586 5128 regnum,
1615 5072 1730 5110 una
1756 5056 2028 5127 potentia,
2115 5056 2295 5113 ullum
2323 5074 2443 5113 esse
2474 5076 2486 5123 ;
2519 5075 2621 5115 nec
2647 5060 2906 5132 principii
2933 5076 3131 5132 expers
3172 5060 3311 5115 illud
3338 5077 3456 5115 esse
3495 5063 3678 5118 statue,

429 5165 546 5203 una
563 5146 892 5202 auctoritas.
916 5146 1226 5201 Commune
1244 5149 1436 5200 autem
1454 5151 1540 5199 est
1559 5144 1699 5200 Filio
1720 5150 1773 5199 et
1797 5144 2030 5217 Spiritui
2114 5149 2213 5199 aut
2263 5145 2324 5200 in
2360 5147 2543 5219 seipso
2596 5149 2891 5215 exstitisse,
2938 5149 3023 5203 vel
3066 5148 3238 5205 etiam
3291 5166 3325 5204 a
3368 5149 3481 5203 Deo
3512 5154 3680 5199 ortum

429 5242 639 5303 sancto,
675 5234 825 5307 quod
851 5250 918 5289 ex
938 5234 1106 5288 Patre
1125 5238 1258 5288 sunt
1283 5249 1296 5285 :
1324 5238 1385 5287 at
1404 5250 1535 5289 vero
1561 5233 1717 5288 Patri
1738 5233 2029 5305 proprium

429 5332 515 5380 est
568 5324 883 5396 ingenitum
930 5339 1071 5389 esse,
1124 5322 1266 5377 Filio
1311 5322 1571 5393 genitum
1609 5338 1750 5391 esse,
1793 5322 2027 5394 Spiritui

429 5411 671 5485 denique
702 5412 1060 5485 processisse.

499 5500 589 5556 Sic
616 5500 790 5571 igitur
812 5501 930 5560 hec
957 5499 1122 5556 crede
1147 5517 1159 5555 :
1186 5504 1246 5555 at
1265 5498 1648 5571 generationis
1676 5503 1778 5556 aut
1801 5515 2025 5572 proces-

2110 5234 2346 5290 traxisse
2365 5237 2579 5307 (procul
2605 5254 2639 5291 a
2665 5243 2722 5292 te
2742 5245 2818 5293 εη
2834 5238 2952 5293 hac
2984 5237 3536 5303 absurditas),verum
3556 5246 3677 5304 opus

2109 5329 2364 5379 nostrum
2395 5341 2459 5380 ac
2486 5325 2695 5381 diaboli
2722 5327 2826 5382 hoc
2854 5327 3160 5398 esse,quod
3184 5334 3375 5381 nostra
3403 5321 3609 5379 incuria
3628 5321 3676 5371 et
3709 5317 3715 5321 “

2110 5413 2454 5484 negligentia
2490 5414 2728 5487 obrepit,
2760 5422 3059 5488 propterea
3086 5416 3235 5489 quod
3261 5414 3434 5470 libero
3463 5406 3675 5466 arbitrio

2107 5502 2329 5574 pmdiﬁ
2360 5519 2574 5573 sumus,
2606 5521 2672 5560 ac
2700 5511 2900 5577 sponte
2935 5510 3131 5561 nostra
3148 5510 3262 5560 tam
3294 5503 3496 5560 bonum
3526 5510 3674 5570 quam

2106 5588 2321 5647 malum
2351 5590 2632 5663 eligimus.
2671 5593 2759 5651 Ad
2791 5593 2910 5651 haec
2934 5609 3111 5653 unum
3137 5591 3413 5667 baptisma
3461 5604 3523 5647 ex
3548 5598 3675 5657 aqua
