3878 6388
64 335 159 395 517

445 333 616 389 VITA
655 329 1097 388 SANCTORUM
1135 327 1483 385 BARLAAM
1521 325 1860 383 EREMITIE
1898 327 1986 384 ET
2022 329 2389 387 JOSAPHAT
2429 331 2651 388 INDIA‘.‘
2690 332 2923 390 REGIS.

3216 335 3321 395 518

61 467 113 517 et
139 461 349 534 Spiritu
377 463 569 515 sancto
593 458 652 512 in
674 460 1030 528 peccatorum
1060 453 1446 508 remissionem
1467 451 1705 512 conﬁ-A
1726 452 1968 524 Spiritus
1987 455 2183 519 sancti,
2217 471 2347 508 eum
2386 456 2443 510 in
2473 456 2688 528 piscina
2725 475 2847 529 quae
2877 459 2934 513 in
2963 459 3140 531 ipsius
3157 461 3323 518 horto

59 558 185 606 tere.

120 642 300 711 Atque
317 639 547 709 insuper
564 636 634 691 ab
655 635 806 690 omni
827 633 952 689 labe
979 650 1124 704 pura
1152 631 1359 687 Christi
1377 631 1643 703 mysteria

59 730 252 801 accipe,
295 727 601 783 certissime
649 725 901 790 credens,
963 724 1064 778 Dei
1102 722 1279 776 nostri
1338 738 1540 792 corpus
1589 725 1646 774 et

57 819 378 889 sanguinem
419 834 562 880 esse,
597 833 720 887 quae
757 812 1082 868 hominibus
1129 812 1238 865 ﬁde
1276 810 1541 882 praeditis,
1575 808 1646 863 ad

56 913 402 980 peccatorum
437 905 652 960 veniam
683 905 832 958 dono
876 903 1048 956 dedit.
1084 901 1340 955 Christus
1387 899 1536 954 enim
1580 915 1647 952 ea

56 1002 208 1051 nocte
245 1013 356 1067 qua
382 994 728 1057 tradebatur,
757 996 1157 1047 testamentum
1179 1006 1384 1043 novum
1407 987 1647 1057 discipu-

1731 548 1852 596 erat
1883 542 2199 614 baptizavit,
2234 561 2298 597 ac
2325 561 2495 616 super
2513 562 2639 600 eum
2673 547 2912 618 Spiritus
2942 550 3119 604 sancti
3139 552 3326 622 gratia

1729 631 1896 685 venit.
1923 632 2175 702 Cumque
2200 633 2269 686 ad
2292 633 2468 704 ipsius
2497 634 2812 690 cubiculum
2840 638 3118 700 rediisset,
3153 645 3323 712 atque

1730 720 2008 775 incruenti
2037 722 2294 776 sacriﬁcii
2329 739 2552 777 sacrum
2590 727 2915 796 peregisset,
2959 727 3324 784 immaculata

1731 809 1935 864 Christi
1968 812 2237 881 mysteria
2264 812 2371 882 ipsi
2402 812 2728 884 impertivit.
2751 816 3060 888 Posteaque
3094 817 3186 872 ille
3204 819 3321 890 spi-

1727 899 1840 1040 riga
1856 900 2201 998 exsultabat,
2235 901 2521 956 Christum
2551 903 2732 957 Deum
2762 905 2926 960 laude
2955 911 3123 978 atque
3139 907 3323 978 gloria

1727 1003 1760 1040 a
1803 1003 1991 1040 iciens.

1726 1003 1991 1041 amcnens.

56 1086 122 1140 lis
147 1087 260 1140 suis
281 1091 340 1140 et
354 1084 638 1156 apostolis,
663 1100 728 1137 ac
749 1098 849 1152 per
866 1097 961 1135 eos
980 1079 1238 1134 omnibus
1261 1077 1356 1148 qui
1376 1077 1434 1130 in
1456 1077 1640 1147 ipsum
1796 1074 1949 1128 Dixit
1975 1081 2164 1130 autem
2196 1077 2266 1130 ad
2295 1094 2425 1131 eum
2454 1079 2712 1134 Barlaam
2741 1100 2751 1134 :
2787 1083 3122 1142 Benedictus
3146 1090 3317 1160 Deus,

56 1175 312 1229 credituri
343 1176 571 1232 erant(1
594 1174 714 1228 Cor.
750 1177 852 1241 x1),
873 1170 929 1224 in
952 1171 1069 1224 haec
1089 1167 1256 1221 verba
1285 1167 1507 1221 sanxit:
1541 1167 1644 1219 Ac-
1725 1168 1782 1217 et
1809 1164 1978 1218 Pater
2007 1165 2232 1218 Domini
2265 1167 2442 1220 nostri
2471 1169 2602 1222 Jesu
2625 1170 2850 1236 Christi,
2867 1175 2962 1243 qui
2983 1193 3084 1245 pro
3106 1177 3322 1250 ingenti

54 1265 210 1335 cipite
229 1269 287 1318 et
305 1263 660 1328 manducate,
685 1261 790 1314 hoc
818 1264 903 1313 est
931 1274 1132 1329 corpus
1152 1273 1341 1311 meum
1360 1255 1507 1327 quod
1540 1269 1640 1324 pro
1723 1269 1825 1306 sua
1848 1253 2232 1308 misericordia
2263 1257 2615 1324 regeneravit
2659 1259 2718 1312 in
2756 1265 2812 1314 te
2841 1279 2997 1331 spem
3027 1267 3227 1334 vivam,
3261 1271 3320 1325 in

54 1353 195 1407 vobis
208 1353 489 1423 frangitur
508 1352 565 1406 in
592 1350 980 1405 remissionem
1007 1351 1382 1418 peccatorum.
1410 1344 1642 1398 Eodem-
1723 1341 2109 1396 haereditatem
2137 1343 2637 1415 incorruptibilem,
2655 1347 3246 1423 etincontaminatam,
3263 1365 3320 1413 et

55 1460 154 1514 que
179 1443 346 1498 modo
374 1446 662 1513 sumptum
692 1439 921 1493 calicem
949 1437 1086 1507 ipsis
1117 1435 1380 1507 porrexit,
1404 1433 1596 1486 dicens
1622 1450 1633 1484 :
1722 1431 2262 1498 immarcescibilem,
2296 1441 2683 1490 conservatam
2713 1437 2772 1491 in
2802 1441 2956 1494 caelis
3000 1442 3059 1497 in
3097 1445 3318 1502 Christo

53 1533 148 1586 Hic
162 1537 245 1586 est
263 1532 494 1602 sanguis
515 1546 672 1584 meus
700 1528 826 1582 novi
856 1525 1199 1590 testamenti,
1229 1523 1324 1595 qui
1355 1540 1454 1594 pro
1484 1521 1638 1575 vobis
1721 1520 1748 1573 J
1755 1536 1853 1574 esu
1877 1521 2113 1575 Domino
2144 1529 2336 1576 nostro
2356 1539 2456 1594 per
2476 1524 2746 1594 Spiritum
2777 1535 3032 1584 sanctum
3053 1536 3102 1597 (Ι
3117 1537 3227 1588 Pet.
3251 1541 3316 1608 ι).

54 1622 348 1677 effunditur
382 1621 441 1675 in
477 1618 865 1674 remissionem
909 1621 1284 1688 peccatorum.
1321 1614 1437 1666 Hoc
1472 1612 1638 1666 facite
1722 1609 2005 1664 Hodierno
2033 1610 2183 1664 enim
2205 1611 2294 1664 die
2324 1628 2356 1665 a
2384 1620 2609 1682 peccato
2627 1614 3157 1692 liberatus,accepto
3177 1641 3320 1679 sem-

52 1712 104 1764 in
131 1727 312 1766 meam
339 1707 946 1764 commemorationem.
967 1706 1091 1775 Ipse
1121 1703 1296 1773 igitur
1322 1701 1422 1756 Dei
1453 1717 1636 1754 sermo
1719 1697 1954 1767 piternae
1987 1698 2109 1752 vitae
2139 1700 2390 1770 pignore,
2411 1701 2523 1756 Deo
2544 1704 2897 1774 mancipatus
2923 1724 3008 1776 es;
3035 1726 3100 1764 ac
3112 1713 3320 1768 relictis

52 1800 197 1854 vivus
207 1805 264 1854 et
277 1799 473 1854 efficax
494 1799 670 1862 (Hebr.
690 1795 787 1864 Iv),
812 1801 981 1864 atque
1001 1810 1104 1847 sua
1123 1793 1330 1846 virtute
1354 1791 1494 1844 nihil
1521 1806 1634 1843 non
1648 1811 1697 1870 Β
1720 1785 1964 1840 tenebris
1987 1785 2176 1842 lumen
2203 1789 2438 1843 induisti
2469 1791 2768 1862 ad0ptatus
2787 1793 2846 1847 in
2871 1795 3187 1853 libertatem
3202 1801 3321 1872 glo-

52 1889 303 1954 efﬁciens,
335 1905 438 1960 per
465 1887 715 1941 divinum
744 1902 808 1939 ac
850 1887 1268 1938 sacrosanctum
1294 1894 1632 1943 sermonem,
1717 1875 1814 1928 riae
1834 1875 2080 1930 ﬁliorum
2111 1877 2211 1930 Dei
2244 1896 2256 1930 :
2296 1877 2583 1948 Quotquot
2607 1881 2778 1946 enim,
2805 1882 2990 1954 inquit
3015 1885 3127 1952 ille,
3160 1905 3318 1944 rece-

52 1996 109 2032 ac
137 1978 377 2049 Spiritus
405 1976 584 2031 sancti
622 1975 942 2038 adventum,
976 1989 1040 2026 ex
1078 1969 1378 2025 oblationis
1405 1985 1548 2040 pane
1579 1973 1638 2021 et
1717 1970 1924 2033 perunt
1959 1981 2108 2031 cum,
2138 1965 2294 2019 dedit
2309 1967 2387 2020 eis
2405 1973 2741 2038 potestatem
2770 1971 2913 2026 ﬁlios
2933 1974 3034 2028 Dei
3063 1977 3204 2043 fieri,
3226 1979 3314 2033 his

49 2068 166 2122 vino
193 2083 396 2138 corpus
417 2082 583 2120 suum
603 2081 668 2118 ac
689 2062 1020 2133 sanguinem
1044 2060 1232 2121 efﬁcit,
1248 2065 1416 2129 atque
1437 2058 1637 2110 immu—
1719 2052 1815 2122 qui
1833 2053 2070 2108 credunt
2099 2054 2156 2107 in
2181 2055 2408 2109 nomine
2428 2057 2550 2126 ejus
2573 2060 2752 2125 (Joan.
2775 2068 2836 2123 I).
2853 2061 3048 2133 Itaque
3064 2081 3175 2119 non
3193 2067 3314 2137 jam

49 2163 142 2223 tat,
174 2162 230 2211 et
253 2156 322 2210 iis
353 2171 386 2209 a
417 2153 618 2226 quibus
637 2152 835 2224 cupido
854 2151 1041 2205 animo
1056 2148 1358 2222 percipitur
1373 2146 1637 2202 sanctita-
1719 2157 1912 2196 servus
1941 2159 2018 2207 eS,
2053 2143 2150 2196 sed
2179 2143 2326 2198 ﬁlius
2364 2151 2422 2199 et
2457 2145 2636 2200 haeres
2665 2147 2783 2214 Dei,
2809 2166 2909 2219 per
2938 2151 3227 2209 Christum
3255 2155 3315 2210 in

50 2252 154 2301 tem
185 2250 241 2300 et
266 2246 451 2300 lucem
478 2244 658 2297 affert.
738 2264 744 2272 -ι
1721 2229 1935 2299 Spiritu
1979 2237 2172 2285 sancto
2219 2232 2359 2301 (Gal.
2392 2238 2490 2301 Iv).
2535 2234 2824 2304 Quocirca,
2875 2239 3220 2310 charissime,
3255 2244 3313 2298 id

113 2334 504 2390 Venerandam
551 2330 892 2386 characteris
937 2328 1183 2388 Domini,
1226 2327 1330 2380 hoc
1373 2329 1477 2389 est,
1533 2323 1634 2378 Dei
1718 2318 1882 2372 stude
1903 2325 1968 2373 ut
1985 2320 2228 2375 mundus
2249 2327 2305 2375 et
2323 2321 2717 2379 immaculatus
2744 2325 2853 2396 ipsi
2879 2327 3203 2399 inveniaris,
3224 2349 3316 2388 su-

49 2415 1429 2491 Verbi,humanitatenostracausainduti,efﬁgiem
1440 2412 1632 2480 adora,
1717 2423 1820 2477 pra
1837 2408 1965 2461 ﬁdei
1988 2408 2418 2464 fundamentum
2434 2411 2609 2481 proba
2633 2429 2802 2484 opera
2831 2421 3312 2476 exstruens.Fides

51 2531 166 2569 cum
181 2514 290 2568 ﬁde
310 2511 656 2576 exosculans,
681 2514 848 2579 atque
873 2507 954 2561 ita
981 2506 1310 2560 existimans
1342 2509 1398 2557 te
1417 2502 1634 2572 ipsum-
1718 2495 1867 2550 enim
1895 2496 2015 2551 sine
2045 2498 2306 2568 operibus
2337 2506 2562 2555 mortua
2600 2508 2704 2569 est,
2748 2507 3223 2574 quemadmodum
3255 2515 3314 2565 et

51 2609 155 2658 met
180 2609 492 2657 creatorem
520 2600 579 2653 in
607 2597 854 2668 imagine
884 2595 1157 2650 contueri.
1185 2592 1473 2663 Siquidem
1498 2591 1636 2644 ima-
1717 2601 1888 2656 opera
1916 2586 2036 2640 sine
2068 2587 2176 2641 fide
2197 2589 2278 2650 (II
2302 2591 2446 2643 Petr.
2474 2603 2538 2643 III
2558 2609 2570 2656 ;
2591 2593 2706 2645 Jac.
2739 2595 2820 2660 II).

47 2692 180 2763 ginis
207 2692 408 2755 honor,
438 2693 502 2744 ut
529 2704 564 2742 α
590 2692 780 2742 sancto
822 2685 941 2739 viro
989 2683 1274 2755 proditum
1302 2687 1388 2735 est
1417 2682 1627 2748 (Βαείιη
1785 2675 1971 2745 Atque
2001 2682 2066 2730 ut
2079 2677 2196 2746 jam
2227 2676 2383 2748 prius
2413 2695 2502 2732 me
2532 2680 2604 2733 ad
2633 2685 2690 2734 te
2719 2681 2906 2737 dicere
2935 2685 3188 2753 memini,
3223 2687 3317 2742 de-

51 2785 135 2835 lib.
167 2783 228 2836 de
246 2780 469 2849 Spiritu
485 2781 689 2841 sancto,
714 2791 830 2844 cap.
855 2773 965 2843 18),
982 2774 1054 2828 ad
1075 2771 1357 2842 exemplar
1369 2769 1628 2823 refertur.
1714 2765 1898 2834 posita
1916 2766 2038 2835 jam
2066 2765 2218 2819 omni
2239 2766 2470 2833 malitia,
2487 2769 2805 2840 veterisque
2820 2771 3082 2841 hominis,
3117 2775 3212 2846 qui
3232 2793 3317 2831 se-

50 2871 336 2941 Exemplar
350 2883 516 2940 porro
547 2865 706 2920 estid
730 2865 890 2935 cujus
917 2863 1105 2933 imago
1125 2861 1430 2930 efﬁngitur,
1463 2863 1634 2928 atque
1718 2854 1963 2908 cundum
2004 2854 2211 2908 erroris
2249 2855 2530 2910 desideria
2563 2860 2944 2931 corrumpitur
2965 2864 3172 2932 (Ephes.
3206 2870 3309 2935 Iv),

49 2960 110 3014 ab
147 2977 209 3016 eo
238 2958 544 3014 derivatur.
587 2954 807 3009 Etenim
837 2969 964 3007 cum
993 2951 1270 3022 picturam
1300 2949 1359 3002 in
1388 2946 1635 3016 imagine
1719 2941 1981 3012 operibus
2011 2942 2268 2997 omnibus
2297 2943 2424 2998 odio
2444 2945 2961 3022 habitis.tanquam
2981 2953 3146 3007 modo
3161 2955 3313 3024 geni-

49 3047 424 3113 cernimus,ad
442 3060 630 3099 veram
646 3043 902 3107 formam,
930 3042 1090 3111 cujus
1106 3039 1290 3108 imago
1303 3041 1407 3100 est,
1429 3035 1636 3089 mentis
1718 3036 1811 3085 tus
1829 3031 2032 3098 infans,
2067 3031 2400 3087 rationabile
2431 3038 2488 3087 et
2511 3034 2633 3090 sine
2661 3035 2788 3091 dolo
2809 3037 3081 3095 virtutum
3113 3043 3199 3096 lac
3217 3059 3315 3097 su-

49 3135 682 3193 oculistransimus.eum
697 3131 994 3203 quinostra
1008 3142 1414 3183 causacarnem
1426 3123 1639 3178 sibiad-
1658 3128 1851 3190 Cgere
1897 3120 2224 3191 concupisce
2248 3123 2300 3188 (Ι
2321 3123 2431 3176 Pet.
2467 3127 2548 3191 ιι),
2580 3129 2644 3178 ut
2680 3125 2739 3178 in
2767 3142 2832 3180 eo
2859 3144 3093 3194 crescas,
3144 3136 3316 3202 atque

45 3227 217 3298 junxit
241 3227 335 3300 pie
363 3224 696 3288 adorantes;
729 3236 842 3275 non
884 3218 992 3290 ipsi
1032 3216 1259 3289 quidem
1285 3214 1518 3286 picturae
1545 3212 1632 3266 di-

47 3318 325 3371 vinitatem
355 3311 745 3375 attribuentes,
779 3325 974 3363 verum
993 3312 1058 3362 ut
1076 3304 1354 3360 incarnati
1375 3301 1623 3357 Deiima-

47 3407 246 3476 ginem,
270 3421 377 3477 pro
393 3407 585 3458 nostro
611 3417 746 3471 erga
765 3416 915 3465 eum,
941 3397 1038 3469 qui
1056 3400 1249 3451 nostra
1265 3409 1430 3449 causa
1462 3392 1635 3447 etiam

49 3511 212 3567 usque
236 3495 310 3549 ad
343 3491 490 3548 servi
511 3491 748 3546 formam
768 3506 889 3544 sese
909 3485 1230 3550 exinanivit,
1248 3498 1440 3538 amore
1459 3497 1524 3536 ac
1542 3480 1636 3535 be-

48 3584 352 3639 nevolentia
395 3580 846 3652 complectentes.
895 3576 1216 3645 Eodemque
1265 3571 1431 3627 modo
1462 3571 1636 3626 etiam

48 3689 188 3743 pum
224 3672 405 3745 ipsius
433 3668 646 3734 Matris,
691 3673 860 3738 atque
903 3663 1155 3720 omnium
1192 3669 1514 3716 sanctorum
1553 3658 1634 3713 efa

47 3764 211 3834 ﬁgies,
243 3762 445 3818 eadem
474 3761 688 3816 ratione
715 3755 1108 3828 complectens,
1141 3757 1310 3822 atque
1330 3750 1467 3803 item
1495 3746 1633 3801 vivi-

48 3852 150 3908 ἥρω
178 3869 242 3908 ac
263 3850 598 3906 venerandae
624 3846 802 3902 crucis
828 3850 1027 3917 typum
1054 3842 1164 3897 ﬁde
1203 3840 1462 3903 adorans,
1508 3853 1634 3891 exo-

46 3942 265 4007 sculare,
306 3940 376 3995 ob
407 3939 692 3995 Christum
719 3934 980 3990 videlicet
1025 3947 1092 3986 ac
1126 3931 1306 3985 Deum
1351 3932 1408 3981 et
1437 3923 1632 3979 mundi

48 4031 408 4094 Servatorem,
439 4028 534 4100 qui
566 4024 764 4081 salutis
793 4028 999 4078 nostrae
1028 4036 1198 4075 causa
1225 4032 1392 4071 carne
1422 4015 1481 4068 in
1508 4013 1634 4084 ipsa

46 4136 340 4192 suspensus
367 4124 471 4183 est,
499 4114 771 4185 nobisque
798 4112 867 4167 ad
896 4109 1184 4165 victoriam
1215 4106 1482 4160 adversus
1518 4103 1633 4156 dia-

45 4190 220 4262 bolum
260 4205 626 4262 obtinendam
654 4202 761 4256 hoc
787 4201 1013 4272 signum
1051 4196 1226 4252 dedit.
1281 4190 1635 4248 Cohorrescit

46 4297 182 4351 enim
233 4297 333 4351 ille
379 4311 444 4350 ac
480 4301 724 4349 tremore
749 4290 1014 4352 afficitur,
1045 4285 1221 4358 ipsius
1269 4282 1382 4336 vim
1423 4279 1632 4335 intueri

44 4385 261 4441 minime
291 4385 596 4439 sustinens.
628 4383 693 4437 In
712 4381 804 4435 his
831 4374 1205 4449 dogmatibus,
1241 4377 1411 4442 atque
1441 4369 1635 4439 hujus-

1717 3209 1786 3262 ad
1813 3209 2207 3263 mandatorum
2225 3209 2326 3263 Dei
2350 3210 2728 3280 cognitionem
2748 3217 3108 3284 perveniasin
3133 3219 3312 3274 virum

1716 3296 2042 3367 perfectum,
2075 3297 2134 3350 in
2164 3313 2488 3352 mensuram
2505 3301 2686 3354 aetatis
2706 3301 3073 3372 plenitudinis
3103 3305 3313 3362 Christi

1719 3387 2011 3454 (Ephes.1v)
2036 3404 2048 3453 ;
2085 3392 2147 3440 ut
2175 3402 2287 3441 non
2311 3388 2432 3457 jam
2455 3387 2530 3442 sis
2551 3390 2818 3460 parvulus
2847 3393 3122 3460 sensibus,
3147 3395 3312 3450 vitio-

1719 3491 1908 3528 sarum
1919 3475 2278 3530 aﬂ‘ectionum
2292 3475 2556 3531 ﬂuctibus
2572 3494 2636 3532 ac
2652 3483 2988 3550 tempestate
2998 3484 3245 3552 jactatus
3258 3491 3315 3540 et

1717 3563 2105 3630 circumactus,
2120 3580 2313 3620 verum
2344 3565 2559 3620 malitia
2590 3567 2816 3638 quidem
2835 3572 3101 3641 parvulus
3121 3573 3217 3640 sis,
3243 3575 3314 3630 ad

1717 3650 1928 3707 bonum
1954 3658 2146 3707 autem
2186 3653 2408 3707 ﬁrmam
2439 3670 2503 3708 ac
2536 3655 2773 3710 solidam
2807 3665 3054 3714 mentem
3083 3661 3308 3729 habeas,

1717 3747 1887 3812 atque
1909 3747 1972 3796 ut
1989 3741 2222 3812 dignum
2245 3747 2329 3796 est
2350 3758 2416 3796 ea
2437 3744 2724 3799 vocatione
2753 3762 2865 3817 qua
2894 3754 3120 3804 vocatus
3147 3767 3224 3808 es.
3254 3752 3312 3806 in

1716 3829 2112 3884 mandatorum
2136 3829 2362 3884 Domini
2391 3829 2775 3889 observatione
2797 3836 3052 3903 verseris,
3083 3855 3313 3894 excussa

1713 3917 1981 3973 nimirum
1991 3924 2160 3989 atque
2170 3925 2269 3972 ate
2281 3925 2495 3973 remota
2508 3921 2709 3991 prioris
2720 3922 2843 3979 vitae
2854 3925 3118 3988 vanitate,
3127 3944 3312 3998 quem-

1714 4007 2017 4062 admodum
2045 4013 2245 4077 gentes
2272 4007 2566 4064 ambulant
2600 4010 2660 4064 in
2683 4012 2930 4070 vanitate
2970 4032 3166 4071 sensus
3201 4018 3308 4085 sui,

1716 4095 2074 4151 obscuratum
2105 4095 2376 4152 habentes
2402 4097 2768 4169 intellectum,
2812 4103 3042 4159 alienati
3071 4122 3106 4159 a
3131 4106 3312 4176 gloria

1715 4185 1836 4249 Dei,
1863 4185 2373 4256 cupiditatibusque
2393 4187 2511 4241 suis
2528 4193 2585 4242 et
2599 4189 2843 4246 motibus
2860 4208 2894 4246 a
2915 4193 3130 4249 ratione
3153 4213 3312 4250 aver-

1715 4274 1794 4328 sis
1815 4273 2070 4345 subjecti.
2099 4275 2183 4329 Tu
2202 4292 2332 4329 vero
2356 4277 2828 4347 quemadmodum
2839 4281 2910 4336 ad
2928 4283 3106 4339 Deum
3127 4285 3314 4340 vivum

1717 4368 1774 4417 et
1792 4379 1988 4417 verum
2018 4362 2319 4424 accessisti,
2345 4363 2424 4418 sic
2449 4365 2620 4420 etiam
2641 4372 2706 4421 ut
2732 4368 2880 4424 {ilius
2900 4370 3040 4426 lucis
3062 4372 3307 4428 ambula.

44 4474 183 4529 modi
211 4474 324 4529 ﬂde
337 4471 710 4545 baptizaberis
729 4485 852 4524 eam
883 4446 1212 4522 mutationis
1232 4459 1414 4515 omnis
1442 4473 1634 4530 exper—
1649 4446 1699 4506 D
1715 4451 1954 4545 Fructus
1969 4452 2122 4506 enim
2133 4451 2375 4523 Spiritus
2387 4453 2539 4508 estin
2556 4456 2710 4509 omni
2723 4455 3305 4531 bonitate,etjustitia,

43 4567 164 4630 tem,
189 4568 361 4635 atque
388 4561 458 4616 ab
487 4555 641 4616 omni
670 4557 872 4614 haeresi
900 4570 1102 4628 puram
1134 4565 1314 4622 usque
1343 4547 1415 4602 ad
1453 4552 1631 4602 extre-

42 4667 185 4707 mum
214 4652 344 4707 vitae
363 4650 625 4723 spiritum
645 4648 895 4704 retinens
917 4663 928 4698 :
960 4657 1187 4700 omnem
1208 4644 1400 4694 autem
1419 4636 1628 4691 doctri-

43 4747 357 4814 nam,atque
367 4739 558 4796 omnia
571 4739 852 4809 dogmata,
862 4751 984 4806 quae
1005 4731 1135 4787 huic
1147 4747 1182 4785 a
1196 4725 1631 4800 reprehensione

44 4831 226 4887 alienae
255 4830 387 4886 fidei
411 4829 798 4894 adversantur,
817 4838 1128 4888 exsecrare,
1151 4824 1320 4890 atque
1351 4815 1630 4870 abaliena-

43 4920 242 4975 tionem
273 4937 309 4974 a
334 4919 450 4974 Deo
481 4934 602 4972 esse
632 4915 906 4971 existima.
941 4912 1036 4968 Ait
1083 4909 1233 4965 enim
1276 4904 1578 4977 Apostolus
1611 4919 1623 4955 :

44 5007 262 5062 Etiamsi
287 5007 535 5078 Angelus
567 5006 636 5059 de
669 5004 806 5058 coelo
836 4998 1177 5072 evangelizet
1217 4994 1370 5050 vobis
1397 4997 1630 5064 praeter-

46 5113 202 5167 quam
245 5095 394 5169 quod
441 5092 950 5164 evangelizavimus
984 5088 1157 5154 vobis,
1200 5084 1503 5140 anathema
1560 5079 1634 5134 sit

45 5186 171 5251 (Gal.
190 5193 252 5252 ι).
288 5186 482 5256 Neque
512 5183 663 5238 enim
688 5181 841 5236 aliud
871 5186 957 5234 est
984 5175 1369 5247 Evangelium,
1400 5176 1498 5226 aut
1524 5169 1635 5224 alia

46 5273 190 5341 ﬁdes,
220 5280 428 5347 praeter
451 5289 580 5328 eam
605 5289 727 5343 qua:
741 5270 811 5325 ab
832 5267 1098 5341 apostolis
1114 5264 1434 5338 pradicata,
1463 5265 1633 5330 atque

44 5377 74 5415 a
98 5363 298 5418 divinis
329 5361 592 5417 Patribus
621 5361 680 5415 in
710 5359 877 5414 variis
907 5355 1155 5412 conciliis
1173 5353 1507 5408 conﬁrmata
1524 5352 1627 5403 est.

108 5453 234 5508 Haec
263 5468 389 5507 cum
416 5451 646 5507 dixisset
674 5449 1143 5517 Barlaam,atque
1159 5442 1298 5497 illud
1326 5439 1457 5495 ﬁdei
1478 5454 1633 5511 sym—

44 5537 240 5609 bolum,
275 5541 422 5614 quod
451 5541 511 5596 in
543 5540 772 5596 Niceno
813 5535 1048 5592 concilio
1087 5533 1302 5588 editum
1336 5535 1440 5595 est,
1484 5526 1633 5598 regis

46 5627 149 5686 tilio
179 5629 541 5704 exposuisset,
572 5627 632 5686 in
649 5626 878 5684 nomine
908 5628 1094 5692 991
1129 5618 1315 5679 Patris
1342 5623 1401 5676 et
1427 5614 1558 5675 Filii
1578 5619 1636 5671 et

1717 4547 1774 4596 et
1790 4541 2026 4596 veritate
2049 4542 2188 4606 (Gal.
2207 4545 2281 4609 v).
2301 4543 2484 4611 Atque
2505 4542 2644 4597 illud
2657 4561 2886 4614 operam
2906 4547 2996 4612 da,
3013 4565 3084 4602 ne
3106 4566 3310 4604 novum

1713 4646 1844 4684 eum
1862 4628 2166 4696 hominem,
2201 4645 2310 4698 quo
2339 4628 2506 4683 hodie
2530 4629 2760 4686 indutus
2791 4650 2869 4700 es,
2891 4635 3062 4705 priori
3079 4637 3313 4707 posthac

1711 4723 1989 4773 vetustate
2033 4716 2349 4782 labefactes,
2385 4733 2579 4772 verum
2617 4721 2869 4790 quotidie
2904 4722 2964 4777 in
3005 4725 3232 4796 justitia
3254 4732 3312 4782 et

1713 4807 2010 4863 sanctitate
2039 4811 2095 4860 et
2123 4806 2358 4860 veritate
2388 4807 2852 4866 renoveris.Nam
2871 4811 2977 4866 hoc
3008 4830 3175 4871 nemo
3197 4833 3309 4872 non

1713 4894 1972 4968 potest,si
1985 4894 2134 4958 velit,
2154 4893 2629 4965 quemadmodum
2649 4899 2875 4964 audisti,
2899 4903 3048 4972 quod
3069 4910 3312 4975 potesta-

1714 4991 1830 5040 tem
1851 4984 2069 5038 dederit
2088 4983 2232 5036 filios
2253 4983 2352 5036 Dei
2366 4984 2507 5050 fieri,
2531 4985 2618 5039 his
2633 4987 2728 5058 qui
2751 4989 2988 5046 credunt
3003 4991 3062 5046 in
3085 4995 3310 5049 nomine

1716 5076 1838 5145 ejus
1853 5076 2035 5138 (Joan.
2069 5072 2629 5143 1).Quapr0pternon
2644 5077 2766 5146 jam
2787 5078 2890 5133 hoc
2911 5079 3095 5135 dicere
3117 5099 3310 5152 possu-

1715 5182 1862 5231 mus,
1897 5180 1998 5218 nos
2020 5162 2255 5216 virtutes
2295 5161 2530 5233 adipisci
2567 5165 2801 5222 minime
2833 5187 3014 5240 posse.
3044 5171 3308 5227 Proclivis

1716 5255 1868 5309 enim
1901 5270 1965 5307 ac
1990 5251 2171 5306 facilis
2199 5250 2286 5305 via
2313 5257 2429 5318 est;
2462 5257 2631 5324 atque
2669 5255 2888 5311 etiamsi
2936 5258 3005 5313 ob
3062 5261 3310 5331 corporis

1716 5342 2078 5398 afflictionem
2101 5349 2256 5395 arcta
2275 5340 2688 5411 quodammodo
2709 5351 2766 5398 et
2793 5353 3036 5416 angusta
3055 5347 3204 5402 dicta
3225 5355 3312 5403 est

1719 5433 1932 5503 (Matth.
1951 5431 2053 5501 x1),
2087 5435 2277 5484 tamen
2300 5428 2369 5483 ob
2386 5428 2701 5485 futurorum
2717 5449 2948 5488 suorum
2965 5452 3120 5507 spem
3134 5436 3203 5493 iis
3231 5454 3317 5493 re-

1715 5527 1804 5578 cta
1825 5526 1883 5576 et
1903 5520 2056 5576 clara
2075 5525 2178 5588 est,
2203 5517 2299 5591 qui
2319 5535 2432 5573 non
2446 5519 2614 5575 stulte
2644 5520 2957 5593 ambulant,
2989 5539 3182 5581 verum
3214 5526 3321 5583 Dei

1715 5608 2063 5668 voluntatem
2084 5613 2274 5664 exacte
2293 5607 2636 5680 intelligunt,
2661 5613 2830 5684 aulae
2847 5609 2915 5670 ad
2938 5610 3321 5673 dimicandum
