3878 6410
481 349 589 408 519

1362 330 1367 337 ’
1454 341 1579 398 ’ΒΕ
1614 339 1807 397 VITIS
1842 334 2142 396 PATRUM
2178 335 2394 395 LIBER
2431 334 2722 393 PRIMUS.

3655 332 3752 391 520

484 476 749 531 adversus
777 471 982 529 diaboli
1007 468 1185 525 hostis
1202 467 1477 523 versutias
1517 467 1693 537 ipsius
1721 469 2067 520 armaturam
2087 464 2138 523 Α
2154 467 2325 533 atque
2356 461 2511 516 omni
2530 460 2732 515 vitiosa
2751 458 3155 515 consuetudine
3167 462 3554 518 teremovemc
3572 456 3749 527 potius

482 565 747 631 induunt,
772 568 831 618 et
856 562 915 616 in
943 560 1196 615 oratione
1226 563 1397 627 atque
1417 555 1818 621 obsecratione,
1843 570 1968 609 cum
1989 568 2084 625 pa-

483 654 688 708 tientia
713 657 771 708 et
797 669 897 723 spe
923 649 979 704 in
1010 648 1115 703 hoc
1136 648 1323 718 ipsum
1354 644 1651 716 invigilant
1680 644 1882 712 lEphcs.
1908 646 2008 711 γι).

552 744 635 797 Ac
669 740 906 813 proinde
934 738 1101 793 facito
1119 743 1182 791 ut
1210 733 1685 807 quemadmodum
1700 748 1737 786 a
1762 749 1852 785 me
1872 731 2079 785 audisti

484 835 543 886 et
569 829 824 885 eruditus
853 845 932 895 es,
964 828 1304 897 ﬁrmumque
1327 823 1757 879 fundamentum
1783 819 1989 891 jecisti,
2021 819 2081 873 in

483 920 605 991 ipso
625 917 893 983 abundes,
919 932 1174 971 crescens
1192 913 1447 967 videlicet
1464 917 1519 965 et
1527 910 1843 982 proﬁciens,
1868 925 1933 963 ac
1951 907 2081 963 boni

483 1007 680 1062 militis
710 1006 890 1061 otﬁcio
918 1005 1176 1075 fungens,
1204 1002 1373 1057 ﬁdem
1403 1000 1633 1064 habens,
1654 1006 1711 1054 et
1725 998 1929 1053 bonam
1946 1013 2080 1052 con-

485 1096 775 1152 scientiam
793 1094 1097 1167 proborum
1110 1106 1343 1164 operum
1357 1089 1679 1144 testimonio
1688 1089 2081 1142 conﬁrmatam

488 1186 534 1253 (Ι
571 1188 799 1253 Tim.v1)
825 1203 837 1251 ;
850 1181 1351 1255 justitiamcolens,
1375 1178 1664 1250 pietatem,
1697 1177 1885 1241 ﬁdem,
1904 1176 2083 1230 chari-

485 1279 683 1340 tatem,
704 1269 1377 1345 patientiamJenitatem;
1390 1268 1564 1321 vitam
1580 1265 2081 1337 sempiternam,ad

487 1379 660 1434 quam
678 1366 908 1417 vocatus
928 1377 1008 1426 es,
1036 1357 1496 1430 apprehendens;
1531 1371 1754 1410 omnem
1775 1361 1965 1409 autem
1994 1370 2085 1409 vo-

487 1451 768 1523 luptatum
812 1466 875 1506 ac
915 1448 1245 1503 vitiosarum
1285 1445 1642 1501 aﬁectionum
1698 1442 2080 1515 cupiditatem,

488 1557 603 1597 non
622 1540 789 1597 modo
804 1544 1077 1610 quantum
1094 1536 1163 1591 ad
1187 1535 1483 1593 actionem.
1501 1534 1598 1588 sed
1621 1534 1791 1587 etiam
1811 1538 2084 1604 quantum

491 1630 565 1684 ad
591 1628 1009 1700 cogitationem,
1040 1624 1234 1697 procul
1263 1641 1298 1678 a
1321 1628 1376 1679 te
1407 1638 1716 1686 removens,
1751 1627 1814 1677 ut
1836 1621 2085 1676 animam

489 1723 651 1773 tuam
679 1716 750 1772 ab
778 1715 932 1772 omni
963 1713 1226 1787 spurcitie
1255 1728 1455 1785 puram
1499 1712 1613 1766 Deo
1643 1710 1921 1765 exhibeas.
1958 1711 2084 1764 Non

2163 549 2465 605 virtutibus
2479 566 2757 614 assuesce,
2780 564 2988 619 easque
3006 547 3087 601 ita
3110 547 3230 601 cole
3258 552 3427 619 atque
3454 561 3670 610 exerce,
3692 552 3751 600 ut

2163 656 2356 694 earum
2375 639 2600 694 habitus
2623 638 2725 692 tibi
2746 642 3121 709 comparetur.
3138 637 3283 691 Nam
3295 635 3344 690 si
3361 634 3598 707 paulum
3616 632 3751 688 labo-

2161 730 2241 783 ris
2271 728 2329 783 in
2358 728 2494 800 ipsis
2530 727 2860 799 susceperis,
2905 731 3074 797 atque
3114 741 3310 780 earum
3337 723 3600 778 habitum
3627 739 3749 777 con-

2162 816 2418 883 traxeris,
2452 823 2666 889 postea,
2697 818 2814 872 Deo
2836 817 3087 887 juvante,
3126 814 3269 869 citra
3291 812 3544 868 laborem
3584 811 3750 866 ullum

2162 907 2440 978 proﬁcies.
2484 906 2772 978 Siquidem
2794 902 3271 959 virtutis'habitus
3297 902 3504 958 animae
3534 901 3745 966 insitus,

2164 1002 2360 1068 utpote
2380 996 2698 1050 naturalem
2715 1011 2844 1049 cum
2869 1010 2937 1049 ea
2962 993 3353 1064 cognationem
3374 990 3609 1055 habens,
3637 990 3751 1044 Dei-

2163 1103 2271 1157 que
2300 1103 2403 1157 ope
2421 1086 2666 1157 adjutus,
2689 1085 2777 1138 vix
2815 1083 3043 1139 omnino
3064 1081 3437 1137 mutationem
3465 1079 3642 1134 ullam
3668 1096 3748 1132 re-

2161 1176 2314 1247 cipit,
2322 1182 2490 1247 atque
2501 1176 2560 1229 in
2577 1174 2773 1246 primis
2784 1175 2980 1228 ﬁrmus
2991 1178 3093 1239 est,
3119 1169 3598 1243 quemadmodum
3612 1168 3750 1222 vides

2163 1264 2551 1320 fortitudinem
2564 1269 2621 1318 et
2640 1263 3016 1335 prudentiam,
3038 1260 3593 1332 temperantiamque
3625 1257 3748 1311 item

2164 1371 2230 1408 ac
2254 1353 2554 1424 justitiam,
2581 1354 2671 1408 vix
2696 1353 2923 1407 omnino
2951 1351 3323 1407 mutationem
3348 1348 3527 1403 ullam
3558 1346 3749 1401 admit-

2164 1448 2304 1507 tere,
2336 1448 2636 1514 propterea
2660 1442 2808 1514 quod
2834 1441 3034 1497 animae
3053 1439 3279 1494 habitus
3306 1443 3365 1493 et
3383 1436 3685 1509 qualitates
3703 1442 3750 1490 et

2166 1532 2517 1603 operationes
2533 1532 2663 1598 sint,
2689 1547 2813 1585 eam
2828 1530 3054 1602 penitus
3072 1533 3451 1601 penetrantes.
3476 1526 3624 1580 Nam
3637 1539 3750 1577 cum

2164 1620 2285 1675 vitii
2300 1620 2639 1686 affectiones,
2656 1636 2779 1692 quae
2799 1619 2959 1675 nobis
2980 1634 3094 1674 non
3112 1616 3418 1682 naturales,
3438 1614 3542 1670 sed
3561 1613 3752 1668 adven-

2166 1709 2305 1765 titize
2334 1714 2485 1775 sunt,
2511 1715 2876 1781 posteaquam
2904 1709 2975 1763 ad
3000 1708 3255 1763 habitum
3276 1704 3655 1778 pervenerint,
3677 1702 3752 1754 vix

493 1806 643 1860 enim
668 1804 913 1860 actiones
939 1804 1229 1867 duntaxat,
1270 1815 1462 1855 verum
1508 1799 1677 1853 etiam
1713 1798 2148 1880 cogitationesB
2173 1798 2403 1855 omnino
2421 1798 2694 1854 dimoveri
2727 1798 2962 1870 possint,
2998 1798 3131 1868 quid
3161 1796 3346 1851 aﬁ'erri
3389 1798 3601 1866 potest,
3632 1790 3752 1862 quin

490 1900 695 1950 nostrae
707 1893 855 1964 apud
866 1894 983 1947 Deu
991 1908 1043 1946 m
1066 1891 1123 1946 in
1135 1894 1430 1945 numerato
1441 1894 1592 1955 sunt,
1626 1903 1973 1959 coronasque
1987 1892 2088 1942 aut

490 1982 761 2055 supplicia
779 1980 943 2036 nobis
961 1980 1277 2035 conciliant.
1297 1977 1586 2049 Siquidem
1608 1976 1893 2032 Christum
1916 1976 2085 2031 simul

489 2088 613 2127 cum
641 2070 810 2127 Patre
836 2087 901 2126 ac
921 2069 1134 2141 Spiritu
1154 2072 1348 2123 sancto
1369 2068 1428 2122 in
1458 2066 1613 2138 puris
1641 2065 1902 2120 cordibus
1928 2064 2086 2119 habi-

488 2165 610 2215 tare
651 2164 1005 2232 perspectum
1044 2157 1341 2213 habemus.
1397 2158 1479 2211 Ac
1516 2170 1741 2210 rursum
1784 2155 1924 2209 illud
1973 2170 2086 2209 non

488 2249 835 2321 ignoramus,
851 2247 999 2320 quod
1021 2245 1495 2319 quemadmodum
1516 2244 1702 2299 fumus
1722 2260 1874 2315 apes,
1890 2243 2087 2298 eodem

489 2337 657 2393 modo
678 2354 861 2409 pravae
902 2336 1275 2407 cogitationes
1301 2333 1474 2389 divini
1502 2332 1747 2405 Spiritus
1775 2332 2022 2405 gratiam
2053 2347 2088 2385 a

489 2426 650 2483 nobis
678 2427 1017 2498 propellunt.

560 2511 938 2577 Quamobrem
960 2526 1183 2566 summo
1201 2510 1387 2565 studio
1400 2508 1460 2564 in
1479 2509 1585 2564 hoc
1602 2508 1831 2571 enitere,
1855 2512 1921 2562 ut
1934 2505 2088 2561 omni

492 2600 693 2655 vitiosa
714 2599 1049 2670 cogitatione
1079 2615 1144 2653 ex
1170 2598 1360 2653 animo
1386 2604 1484 2653 tuo
1504 2598 1780 2652 exstincta
1807 2600 1865 2650 et
1880 2594 2087 2661 deleta,

494 2688 669 2760 optim
676 2703 738 2743 as
752 2702 1003 2758 quasque
1013 2686 1380 2756 cogitationes
1397 2686 1456 2740 in
1467 2701 1534 2740 ea
1550 2683 2091 2754 inseras,templum-

495 2793 605 2849 que
633 2775 878 2847 Spiritus
914 2774 1093 2830 sancti
1120 2774 1364 2846 teipsum
1410 2774 1639 2829 efﬁcias.
1670 2772 1960 2844 Siquidem
1989 2787 2091 2843 per

498 2864 869 2935 cogitationes
889 2863 961 2919 ad
990 2863 1238 2919 actiones
1256 2863 1408 2934 ipsas
1426 2862 1707 2923 venimus;
1733 2867 1901 2932 atque
1923 2876 2089 2914 omne

498 2968 639 3026 opus
668 2969 701 3008 a
721 2952 1060 3023 cogitatione
1080 2951 1366 3023 animique
1380 2951 1687 3022 agitatione
1702 2950 2085 3022 progrediens,

500 3058 734 3113 parvum
746 3041 929 3113 primo
945 3040 1170 3096 initium
1183 3040 1473 3111 arripit,ac
1494 3039 1697 3094 deinde
1712 3038 1898 3093 tacitis
1912 3037 2092 3093 incre-

2168 1888 2363 1952 virtus,
2384 1904 2506 1959 qua:
2527 1893 2586 1943 et
2602 1888 2940 1942 naturaliter
2948 1886 3109 1942 nobis
3128 1902 3162 1941 a
3180 1900 3402 1940 summo
3423 1883 3526 1936 illo
3537 1884 3751 1953 parente

2169 1982 2227 2032 et
2244 1978 2502 2032 eﬁ‘ectore
2539 1977 2710 2032 insita
2741 1982 2843 2042 est,
2874 1976 3166 2048 ipsiusque
3201 1989 3307 2045 ope
3334 1977 3395 2027 et
3434 1970 3752 2041 adjumento

2167 2066 2389 2132 nititur,
2422 2067 2468 2120 si
2496 2066 2659 2122 nobis
2687 2066 2944 2121 nonnihil
2967 2062 3355 2119 laborantibus
3380 2077 3489 2134 per
3512 2058 3751 2115 habitum

2167 2156 2227 2209 in
2274 2155 2466 2211 anima
2509 2154 2727 2211 radices
2773 2154 2969 2227 egerit,
3017 2155 3195 2209 multo
3247 2152 3434 2207 minus
3478 2145 3751 2205 immutari

2169 2250 2342 2317 queat
2357 2245 2382 2297 ’I

2241 2335 2372 2389 CAP.
2396 2334 2753 2390 XX.-Unde
2769 2333 2940 2388 etiam
2960 2331 3100 2386 mihi
3125 2330 3354 2403 quidam
3373 2329 3559 2401 ipsius
3585 2327 3750 2383 cultor

2173 2437 2295 2476 rem
2322 2420 2643 2493 hujusmodi
2665 2420 2917 2477 narravit
2939 2438 2950 2474 :
2976 2418 3137 2485 Cum,
3160 2417 3363 2488 inquit,
3377 2415 3750 2471 ﬁrmissimum

2172 2510 2371 2566 divine
2389 2509 2879 2582 contemplationis
2895 2505 3150 2563 habitum
3173 2506 3313 2562 mihi
3330 2518 3747 2577 comparassem,

2172 2597 2459 2671 ipsiusque
2480 2599 2843 2655 meditatione
2865 2600 3055 2654 anima
3075 2613 3201 2654 mea
3218 2596 3395 2651 tincta
3409 2600 3579 2660 esset,
3602 2594 3751 2663 hujus

2171 2689 2253 2743 rei
2307 2689 2617 2761 periculum
2661 2689 2963 2761 aliquando
3004 2688 3185 2743 facere
3227 2685 3480 2757 cupiens,
3523 2688 3750 2738 mentem

2171 2794 2356 2833 meam
2376 2778 2457 2833 ita
2475 2778 2743 2844 continui,
2767 2784 2832 2834 ut
2846 2793 2969 2833 eam
2992 2793 3094 2849 pro
3116 2793 3218 2832 suo
3237 2790 3392 2830 more
3415 2769 3749 2828 meditationi

2172 2884 2292 2921 sese
2307 2867 2615 2939 adiungere
2631 2868 2864 2922 minime
2874 2868 3115 2922 sinerem
3129 2907 3138 2918 .
3155 2864 3314 2931 Quod
3327 2863 3560 2935 quidem
3573 2861 3629 2916 id
3643 2874 3749 2915 eam

2172 2971 2419 3027 peraegre
2449 2973 2513 3011 ac
2541 2958 2873 3028 permoleste
2900 2957 3047 3011 ferre
3066 2954 3329 3018 intellexi,
3352 2958 3532 3024 atque
3556 2951 3625 3005 ad
3642 2964 3748 3004 eam

2174 3046 2445 3100 eﬁ’renata
2471 3046 2714 3117 quadam
2742 3046 3051 3117 cupiditate
3068 3056 3390 3117 properare,
3424 3057 3534 3097 nec
3551 3040 3621 3095 ad
3634 3054 3749 3093 con-

498 3131 704 3188 mentis
723 3146 1047 3202 augescens,
1080 3130 1279 3200 ingens
1304 3128 1373 3184 ad
1398 3133 1710 3184 extremum
1730 3127 1988 3183 efﬁCitur-
2006 3125 2089 3182 0b
2110 3137 2155 3198 Ο
2171 3134 2406 3189 trariam
2435 3136 2610 3190 ullam
2630 3134 3027 3206 cogitationem
3040 3134 3155 3189 ullo
3170 3133 3334 3188 modo
3350 3130 3567 3186 inﬂecti
3585 3142 3744 3202 posse.

499 3234 736 3292 eamque
756 3235 1002 3285 causam,
1033 3219 1188 3273 nullo
1222 3218 1388 3273 modo
1433 3217 1697 3290 permitte
1723 3223 1789 3272 ut
1833 3215 2088 3288 improba

497 3309 844 3367 consuetudo
863 3308 967 3364 tibi
988 3308 1311 3364 dominetur
1331 3326 1344 3375 ;
1364 3322 1559 3363 verum
1578 3307 1756 3362 donec
1772 3322 1970 3362 recens
1983 3310 2085 3370 est,

496 3415 727 3470 parvam
746 3397 995 3453 radicem
1016 3414 1048 3453 e
1066 3402 1290 3469 pectore
1309 3403 1408 3452 tuo
1429 3396 1603 3452 evelle
1617 3398 1642 3449 ?
1659 3412 1731 3451 ne
1741 3395 1952 3467 alioqui
1963 3410 2092 3449 cum

498 3486 808 3559 pullularit,
839 3502 905 3542 ac
931 3486 1146 3542 radices
1175 3503 1308 3541 suas
1331 3486 1444 3541 alte
1469 3485 1735 3553 inﬁxerit,
1762 3492 1951 3556 postea
1979 3498 2093 3538 non

497 3575 607 3631 nisi
626 3576 793 3646 longo
818 3581 1090 3647 tempore.
1109 3591 1174 3630 ac
1207 3590 1413 3646 magno
1430 3589 1559 3630 cum
1576 3573 1769 3628 labore
1796 3572 2093 3644 exstirpari

498 3665 696 3737 possit.
731 3665 815 3721 Ob
838 3665 896 3720 id
932 3665 1082 3721 enim
1112 3666 1330 3736 majora
1347 3670 1576 3736 peccata
1614 3663 1863 3737 quotidie
1890 3662 1961 3717 ad
1991 3677 2093 3718 nos

498 3754 714 3810 aditum
743 3753 969 3819 habent,
1001 3760 1173 3826 atque
1200 3753 1261 3809 in
1287 3754 1508 3810 animas
1535 3759 1758 3809 nostras
1787 3751 2092 3824 imperium

452 3878 469 3895 κ
497 3842 772 3904 obtinent.
797 3843 1063 3915 quoniam
1083 3843 1154 3898 iis
1173 3859 1296 3915 qum
1314 3843 1535 3898 minora
1553 3858 1675 3898 esse
1695 3847 1883 3908 εδδ
1903 3839 2094 3896 viden—

495 3935 608 3998 tur,
636 3931 743 3988 hoc
770 3936 858 3986 est
873 3930 1143 4003 improbis
1165 3930 1618 4002 cogitationibus,
1645 3930 1957 3986 inhonestis
1980 3944 2094 3984 ser-

496 4018 776 4084 monibus,
800 4018 1074 4090 malisque
1103 4018 1395 4090 colloquiis
1421 4025 1795 4074 consentanea
1821 4017 2093 4073 correctio

497 4106 731 4162 minime
751 4106 1066 4162 adhibetur.
1090 4107 1168 4161 Ut
1188 4107 1339 4162 enim
1365 4108 1425 4162 in
1454 4105 1781 4179 corporibus
1812 4106 1907 4178 qui
1922 4121 2094 4178 parva

496 4194 732 4249 vulnera
743 4194 1037 4266 negligant
1053 4194 1269 4250 saniem
1288 4196 1620 4268 plerumque
1635 4211 1700 4250 ac
1719 4200 1957 4250 mortem
1985 4194 2092 4250 sibi

500 4282 636 4355 ipsis
666 4289 976 4350 accersunt,
990 4283 1060 4338 ad
1084 4283 1346 4339 eumdem
1376 4285 1607 4339 modum
1627 4284 1873 4339 etiamin
1887 4284 2091 4339 animis

498 4370 605 4425 hoc
631 4386 737 4426 usu
769 4370 940 4435 venit,
969 4377 1033 4426 ut
1062 4373 1158 4443 qui
1186 4371 1422 4426 minima
1445 4372 1581 4427 vitia
1597 4387 1663 4427 ac
1685 4378 1913 4445 peccata
1930 4372 2091 4428 nihili

498 4460 1153 4555 pendunt,graviorasibi
1163 4460 1449 4555 invehant.
1465 4462 1757 4528 Quatenus
1767 4462 1955 4519 autem
1967 4479 2093 4534 gra-
2107 4496 2155 4555 Β

496 4550 655 4605 viora
682 4553 913 4621 peccata
953 4549 1095 4622 ipsis
1135 4549 1488 4619 oboriuntur,
1531 4557 1818 4609 contracto
1860 4553 2092 4609 tandem

496 4637 697 4694 habitu
715 4638 906 4695 anima
923 4638 983 4695 in
1003 4644 1389 4713 contemptum
1399 4641 1567 4696 cadit.
1588 4641 1800 4714 Impius
1820 4643 1989 4710 enim,
2013 4642 2096 4699 in-

500 4727 624 4798 quit
648 4727 760 4796 ille,
783 4744 911 4784 cum
929 4728 988 4783 in
1000 4728 1342 4801 profundum
1361 4730 1597 4800 venerit,
1619 4732 2094 4800 contemnit(Pro-

498 4818 643 4870 verb.
677 4822 822 4893 vin).
863 4818 946 4872 As
983 4818 1264 4891 deinceps,
1309 4825 1375 4875 ut
1421 4835 1516 4875 sus
1553 4820 1612 4875 in
1654 4835 1811 4876 coeno
1855 4820 2096 4876 volutari

496 4903 706 4975 gaudet
727 4906 809 4972 (II
828 4906 938 4963 Pet.
969 4905 1057 4978 ιι),
1092 4906 1172 4962 sic
1197 4907 1369 4963 etiam
1386 4906 1592 4964 anima
1619 4909 1719 4965 illa
1749 4925 1932 4982 pravae
1958 4925 2092 4964 con-

497 4991 785 5048 suetudini
812 4992 1101 5064 immersa,
1115 5011 1186 5050 ne
1213 5001 1571 5068 peccatorum
1596 4998 1822 5070 quidem
1857 4999 2091 5053 fetorem

496 5081 686 5149 sentit,
718 5097 914 5137 verum
941 5082 1129 5154 potius
1156 5083 1333 5155 ipsius
1358 5086 1569 5157 gaudet
1594 5092 1652 5142 et
1671 5085 2001 5153 oblectatur,
2014 5086 2094 5140 vi-

494 5171 752 5243 tiumque
778 5170 960 5226 instar
986 5169 1119 5227 boni
1153 5174 1469 5246 cujuspiam
1506 5175 1820 5231 arctissime
1863 5175 2086 5231 retinet.

492 5261 679 5333 Atque
704 5266 771 5316 ut
798 5260 968 5316 etiam
1010 5261 1331 5333 aliquando,
1367 5270 1592 5336 recepta
1624 5264 1844 5320 meliori
1878 5270 2087 5332 mente,

492 5349 766 5406 scelerum
796 5366 1029 5406 suorum
1057 5366 1228 5407 sensu
1258 5351 1560 5420 afﬁciatur,
1591 5370 1705 5409 non
1742 5360 1932 5409 tamen
1968 5355 2089 5409 sine

484 5453 697 5508 magno
726 5438 917 5496 labore
953 5456 1020 5495 ac
1046 5440 1253 5497 sudore
1276 5458 1312 5495 a
1340 5459 1514 5514 prava
1541 5444 1966 5513 consuetudine,
1998 5444 2087 5500 cui

492 5524 642 5585 ultro
671 5540 738 5585 ac
761 5534 964 5600 sponte
990 5545 1052 5585 se
1086 5529 1147 5585 in
1169 5531 1499 5587 servitutem
1527 5531 1759 5599 addixit,
1791 5532 2083 5589 liberatur.

557 5609 1099 5679 Quocircaomnibus
1109 5616 1321 5676 viribus
1332 5618 1405 5676 ab
1413 5618 1569 5677 omni
1579 5617 1730 5677 mala
1739 5620 2083 5694 cogitatione

2170 3224 2245 3278 At
2270 3239 2400 3278 cum
2445 3222 2691 3280 habenas
2722 3224 2830 3296 ipsi
2869 3224 3123 3279 nonnihil
3150 3220 3554 3295 permisissem,
3579 3218 3748 3273 statim

2173 3312 2245 3366 ad
2264 3312 2514 3368 studium
2530 3329 2695 3368 suum
2709 3319 2767 3368 et
2785 3328 3013 3385 operam
3033 3312 3324 3367 celerrimo
3355 3324 3528 3365 cursu
3552 3305 3746 3362 fereba-

2174 3405 2270 3456 tur
2289 3423 2302 3461 :
2319 3400 2684 3474 exstabatque
2711 3402 2769 3457 id
2789 3402 2938 3475 quod
2959 3403 3042 3457 ait
3060 3400 3367 3473 PrOpheta:
3397 3396 3749 3464 Quemadmo-

2176 3488 2310 3544 dum
2330 3490 2611 3546 desiderat
2627 3506 2821 3546 cervus
2850 3491 2921 3545 ad
2936 3491 3117 3545 fontes
3130 3503 3425 3561 aquarum,
3443 3494 3529 3543 ita
3551 3483 3748 3541 deside-

2176 3583 2267 3633 rat
2292 3579 2486 3634 anima
2510 3592 2641 3635 mea
2668 3580 2739 3636 ad
2760 3589 2837 3647 te,
2883 3581 3052 3635 Deus.
3087 3578 3274 3636 Sitivit
3314 3577 3509 3633 anima
3536 3589 3657 3630 mea
3686 3571 3747 3627 ad

2175 3666 2355 3722 Deum
2366 3667 2578 3724 fontem
2601 3685 2781 3724 vivum
2806 3670 2973 3737 (Psal.
2988 3667 3201 3738 xu).Ex
3211 3667 3301 3722 his
3311 3665 3491 3738 igitur
3509 3661 3745 3721 omnibus

2174 3755 2621 3813 demonstratum
2646 3764 2732 3813 est
2757 3758 2818 3813 in
2844 3757 3006 3813 nobis
3034 3757 3141 3813 hoc
3156 3757 3329 3812 situm
3349 3771 3493 3822 esse,
3517 3760 3583 3810 ut
3597 3753 3746 3811 virtu-

2171 3848 2288 3899 tem
2310 3845 2725 3917 adipiscamur;
2756 3845 2926 3918 idque
2951 3845 3129 3903 nostri
3154 3844 3453 3901 arbitriiac
3472 3838 3746 3915 potestatis

2175 3948 2316 3999 esse,
2339 3949 2540 3990 eamne
2559 3935 2838 4006 amplecti,
2853 3950 2925 3990 an
2952 3940 3149 3991 contra
3166 3939 3456 4007 peccatum
3479 3930 3586 4003 ipsi
3598 3933 3744 3984 ante-

2174 4020 2319 4077 ferre
2339 4023 2596 4082 velimus.
2637 4025 2706 4079 Et
2724 4024 2951 4096 quidem
2979 4024 3021 4079 ii
3050 4023 3145 4095 qui
3181 4021 3314 4077 vitio
3344 4022 3405 4077 in
3436 4019 3744 4076 servitutem

2174 4125 2234 4166 se
2264 4111 2617 4181 addixerunt,
2646 4129 2796 4185 aegre
2824 4112 2893 4168 ab
2921 4130 2987 4169 eo
3017 4111 3267 4169 abstrahi
3291 4116 3548 4184 possint»
3573 4121 3741 4180 ειυωο

2173 4199 2477 4257 admodum
2506 4219 2542 4257 a
2569 4219 2661 4257 me
2680 4202 2938 4275 superius
2960 4202 3173 4257 dictum
3202 4207 3307 4257 est.
3718 4214 3725 4219 '

2243 4290 2325 4346 Tu
2354 4308 2504 4360 vero,
2536 4292 2633 4364 qui
2657 4308 2759 4364 per
2785 4292 2997 4347 viscera
3028 4290 3422 4347 misericordia:
3452 4290 3556 4345 Dei
3584 4282 3738 4342 nostri

2174 4390 2240 4431 eo
2266 4376 2534 4432 liberatus
2564 4393 2643 4433 es.
2666 4393 2735 4433 ac
2754 4394 2855 4450 per
2874 4377 3115 4450 Spiritus
3135 4375 3306 4431 divini
3330 4375 3575 4447 gratiam
3603 4369 3739 4427 Chri-

2173 4468 2322 4519 stum
2349 4465 2604 4533 induisti,
2623 4465 2709 4521 fac
2724 4472 2783 4521 te
2808 4471 2992 4522 totum
3010 4465 3079 4521 ad
3103 4465 3404 4520 Dominum
3432 4462 3734 4523 transferas,

2173 4570 2277 4609 nec
2304 4554 2520 4610 vitiosis
2537 4554 2921 4612 affectionibus
2938 4556 3175 4627 januam
3193 4553 3309 4610 ullo
3333 4553 3500 4609 modo
3521 4550 3734 4624 aperias.

2173 4659 2368 4699 verum
2395 4644 2644 4700 animam
2663 4650 2823 4700 tuam
2842 4644 3000 4699 suavi
3021 4645 3295 4699 virtutum
3313 4642 3483 4698 odore
3504 4639 3741 4712 acsplen-

2175 4731 2311 4788 dore
2340 4739 2684 4803 coornatam,
2710 4738 2915 4789 sanctae
2936 4732 3230 4789 Trinitatis
3243 4732 3516 4804 templum
3542 4727 3736 4788 reddas,

2177 4827 2347 4894 atque
2374 4822 2435 4878 in
2462 4822 2638 4895 ipsius
2683 4821 3153 4895 contemplatione
3190 4835 3383 4877 omnes
3424 4817 3623 4875 mentis
3645 4821 3739 4870 tum

2173 4911 2468 4967 facultates
2478 4927 2731 4984 occupes.
2756 4913 2901 4967 Nam
2912 4927 3040 4967 cum
3061 4911 3113 4965 is
3133 4909 3229 4983 qui
3249 4926 3376 4965 cum
3391 4915 3609 4965 terreno
3626 4918 3739 4974 rege

2174 5000 2328 5077 degit
2354 5006 2523 5073 atque
2540 5001 2883 5073 colloquitur
2901 5000 3099 5056 beatus
3128 4998 3199 5055 ab
3223 4998 3481 5055 omnibus
3507 4995 3739 5070 praedice-

2172 5094 2269 5145 tur
2292 5106 2403 5145 non
2426 5095 2513 5145 est
2529 5089 2763 5145 dubium
2786 5090 2923 5162 quin
2943 5090 2992 5145 is
3016 5090 3108 5145 cui
3126 5087 3315 5143 divino
3343 5088 3606 5143 beneﬁcio
3631 5098 3738 5138 con.

2171 5178 2302 5249 tigit
2318 5184 2384 5233 ut
2397 5184 2585 5234 mente
2603 5195 2731 5233 cum
2750 5178 2867 5234 Deo
2887 5178 3258 5249 colloquatur,
3280 5172 3739 5231 consuetudinem-

2172 5283 2281 5338 que
2302 5283 2432 5322 cum
2445 5284 2512 5323 eo
2532 5266 2916 5334 habeat,omni
2930 5264 3275 5321 beatitudine
3289 5259 3736 5322 cumuletur.Que

2170 5372 2299 5412 cum
2328 5357 2408 5412 ita
2438 5357 2568 5424 sint,
2601 5373 2731 5412 eum
2771 5373 2993 5428 semper
3021 5353 3092 5410 ob
3137 5352 3326 5409 oculos
3363 5352 3465 5408 tibi
3493 5360 3733 5424 propone,

2170 5451 2340 5518 atque
2368 5462 2493 5501 cum
2524 5447 2646 5519 ipso
2666 5447 3004 5518 colloquere.
3045 5446 3299 5510 Quanam
3329 5450 3516 5499 autem
3544 5438 3733 5495 ratione

2168 5550 2297 5592 cum
2327 5534 2445 5591 Deo
2458 5535 2831 5608 colloqueris?
2851 5533 3134 5591 Nimirum
3155 5551 3258 5607 per
3270 5533 3577 5590 orationem
3595 5532 3647 5582 et
3659 5521 3737 5578 ob-

2166 5621 2536 5679 secrationem
2550 5622 2617 5679 ad
2631 5624 2815 5681 Deum
2826 5621 3453 5698 appropinquanmNam
3463 5616 3557 5693 qui
3566 5611 3736 5673 arden-
