3878 6420
96 399 174 455 521
449 389 619 445 VITA
656 385 1097 442 SANCTORUM
1134 387 1472 443 BARLAAM
1515 388 1853 443 EREMlT/E
1891 390 1979 444 ET
2016 390 2384 445 JOSAPHAT
2424 391 2500 445 IN
2509 391 2655 445 DI/E
2696 391 2927 447 REGIS.
3220 395 3333 460 522

100 523 283 579 ιίεείωο
319 516 590 573 desiderio
619 533 684 570 ac
711 519 951 586 purgato
967 520 1189 585 pectore
1216 519 1357 580 orat,
1383 517 1551 584 atque
1581 513 1650 567 ab
1666 516 1718 574 A
1735 514 1923 584 sicque
1947 516 2251 570 Dominum
2276 532 2441 570 suum
2472 516 2708 583 invocat,
2755 517 3076 589 sceleraque
3122 536 3226 575 sua
3268 523 3330 576 in

97 610 320 670 omnibus
347 606 508 661 rebus
536 624 604 660 ex
636 605 877 659 materia
905 605 1177 658 concretis
1210 610 1267 658 et
1294 604 1534 658 terrenis
1550 604 1650 658 ab-
1735 606 2063 658 memoriam
2090 616 2330 670 revocat,
2363 622 2427 659 ac
2474 606 2542 659 de
2588 623 2784 660 eorum
2828 607 3156 663 remissione
3203 627 3331 665 cum

97 704 237 757 ducta
253 702 449 763 mente,
468 702 739 767 tanquam
759 710 947 749 coram
958 695 1074 748 Deo
1088 699 1253 759 astat,
1274 712 1338 748 ac
1358 710 1484 747 cum
1498 700 1652 748 metu
1733 692 1847 747 Deo
1877 695 2232 765 colloquitur,
2258 695 2760 765 calentissimisque
2788 696 3049 768 lacrymis
3079 715 3209 753 eum
3240 699 3335 753 ob-

98 799 143 845 et
166 796 389 844 tremore
411 803 601 857 preces
629 785 699 838 ad
717 801 845 838 eum
862 783 1108 847 adhibet,
1135 784 1223 837 hic
1244 783 1509 836 nimirum
1524 801 1651 837 cum
1735 790 1934 848 secrat,
1970 789 2033 837 ut
2054 801 2153 854 pro
2185 801 2288 837 sua
2307 784 2654 854 benignitate
2688 787 2994 856 propitium
3023 804 3089 841 ac
3112 789 3333 843 facilem

96 898 148 934 eo
173 876 613 932 consuetudinem
636 873 827 939 habet,
859 873 1108 943 facieque
1130 873 1199 925 ad
1222 873 1419 926 faciem
1440 890 1564 926 cum
1589 889 1653 926 eo
1736 888 1795 924 se
1826 872 1930 942 ipsi
1962 873 2223 942 praebeat,
2251 890 2314 925 ex
2340 874 2662 942 hujusmodi
2683 892 3007 929 sermonum
3037 883 3094 930 et
3127 878 3335 948 cogita-

95 966 410 1037 colloquitur.
1736 960 1951 1013 tionum
1974 978 2079 1015 usu
2098 967 2153 1015 et
2177 963 2579 1015 consuetudine
2601 964 2705 1017 hoc
2725 966 3106 1035 consequitur,
3134 974 3196 1020 ut
3212 983 3334 1020 om-

153 1055 415 1126 Siquidem
443 1052 622 1106 bonus
644 1058 834 1105 noster
865 1053 1015 1106 Deus
1043 1067 1107 1104 ac
1146 1050 1418 1105 Dominus
1445 1050 1655 1120 ubique
1737 1066 1866 1102 nem
1899 1051 2132 1119 hujusce
2152 1051 2277 1104 vitae
2290 1068 2479 1104 curam
2501 1052 2762 1122 deponat,
2783 1059 2951 1124 atque
2976 1055 3238 1109 humanis
3259 1055 3337 1110 af-

94 1146 245 1208 adest,
261 1160 349 1197 eos
369 1141 463 1212 qui
484 1141 698 1194 sincero
721 1158 785 1194 ac
800 1157 939 1210 puro
952 1141 1140 1193 animo
1156 1139 1341 1209 ipsum
1356 1146 1655 1210 precantur
1736 1138 2069 1192 factionibus
2094 1140 2349 1209 superior
2372 1141 2591 1203 existat,
2615 1142 2930 1212 dignusque
2947 1142 3220 1197 habeatur
3238 1145 3336 1214 qui

94 1233 378 1296 exaudiens,
405 1230 881 1300 quemadmodum
898 1229 979 1283 ait.
1006 1229 1288 1297 Propheta
1311 1247 1323 1280 :
1359 1228 1516 1282 Oculi
1550 1229 1655 1281 Do-
1737 1231 1837 1285 Dei
1869 1249 2138 1299 congerro
2162 1234 2493 1303 appelletur.
2521 1235 2642 1296 Quo
2660 1235 2791 1304 quid
2812 1235 3030 1289 beatius
3044 1242 3141 1289 aut
3159 1237 3335 1291 subli-

95 1322 213 1377 mini
236 1338 396 1391 super
414 1321 618 1389 justos,
654 1324 709 1371 et
747 1335 911 1372 aures
949 1319 1071 1387 ejus
1117 1317 1175 1370 in
1224 1334 1416 1387 preces
1460 1333 1654 1370 eorum
1738 1319 1884 1373 mius
1909 1321 2232 1390 contingere
2254 1322 2464 1391 possit?
2488 1322 2712 1376 Utinam
2735 1323 2924 1393 itaque
2944 1325 3045 1378 Dei
3065 1325 3335 1380 beneﬁcio

94 1415 235 1473 (Psal.
262 1412 467 1475 XXXIII).
502 1410 622 1472 Quo
651 1409 715 1461 ﬁt
738 1412 802 1461 ut
830 1409 1025 1461 Patres
1073 1406 1317 1460 hominis
1365 1423 1489 1459 cum
1538 1407 1653 1459 Deo
1735 1408 2098 1462 beatitudinis
2126 1411 2359 1479 hujusce
2380 1427 2604 1481 compos
2634 1413 2737 1465 ﬁas
2762 1412 2772 1463 ε

92 1498 515 1569 conjunctionem
528 1497 837 1551 orationem
854 1513 977 1549 esse
996 1495 1287 1557 deﬁniant,
1308 1511 1544 1565 eamque
1560 1511 1657 1547 an-
1810 1498 1947 1551 Ecce
1978 1498 2129 1551 enim
2151 1500 2547 1552 mandatorum
2559 1499 2783 1553 Domini
2803 1500 2951 1554 viain
2970 1499 3073 1554 tibi
3103 1502 3337 1556 demon-

90 1590 465 1658 gelorumoPus
486 1578 551 1639 ac
570 1586 770 1641 futurae
788 1585 993 1639 laetitiae
1007 1584 1336 1655 praeludium
1349 1585 1649 1654 appellent.
1739 1586 1925 1652 stravi,
1964 1604 2071 1640 nec
2097 1588 2403 1658 quidquam
2422 1588 2687 1653 subtraxi,
2723 1590 3024 1659 quominus
3054 1607 3220 1645 omne
3233 1592 3336 1646 Dei

93 1677 351 1748 Siquidem
365 1677 422 1729 in
434 1677 541 1729 hoc
556 1676 743 1746 potius
754 1691 924 1745 quam
946 1673 1144 1727 inullis
1166 1673 1468 1726 aliisrebus
1484 1674 1655 1727 situm
1738 1676 2031 1729 consilium
2056 1676 2155 1730 tibi
2183 1677 2600 1730 annuntiarem.
2628 1680 2706 1730 Ac
2721 1679 2842 1747 jam
2866 1679 3091 1748 quidem
3112 1697 3215 1751 ego
3237 1680 3340 1734 mi-

93 1784 193 1820 esse
218 1766 477 1820 ccelorum
508 1781 744 1834 regnum
765 1769 1013 1827 censent,
1049 1768 1112 1815 ut
1137 1763 1261 1833 quis
1304 1763 1375 1815 ad
1406 1768 1657 1815 sanctam
1738 1765 2031 1818 nisterium
2056 1782 2244 1819 meum
2269 1766 2477 1821 absolvi
2504 1769 2559 1833 (Α
2571 1771 2637 1818 et.
2668 1768 2778 1832 xx).
2807 1769 3090 1837 Superest,
3124 1775 3190 1822 ut
3208 1786 3336 1823 suc-

90 1856 391 1909 Trinitatem
438 1853 868 1924 appropinquet,
919 1869 1155 1922 eamque
1201 1852 1650 1921 comtempletur.
1679 1848 1937 1906 Bcinctis
1957 1854 2162 1907 lumbis
2192 1855 2396 1907 mentis
2425 1862 2554 1919 tuae,
2574 1855 2753 1908 instar
2772 1856 2950 1909 sancti
2980 1856 3131 1910 illius
3162 1858 3259 1927 qui
3281 1863 3338 1912 te

89 1946 245 2007 Quam
264 1944 485 2014 quidem
506 1944 577 1996 ad
606 1960 726 1995 rem
742 1959 866 1995 cum
884 1941 1148 2012 precandi
1173 1940 1475 1994 assiduitas
1496 1957 1656 1993 men-

87 2042 184 2087 tem
213 2035 357 2087 velut
374 2049 547 2086 manu
565 2032 749 2092 ducat,
781 2048 892 2084 non
924 2030 1023 2084 abs
1045 2048 1103 2084 re
1120 2030 1484 2083 beatitudinis
1506 2029 1655 2083 illius

87 2123 388 2192 praaludium
420 2138 485 2175 ac
518 2122 668 2175 velut
695 2120 907 2190 efﬁgies
938 2120 1193 2190 quaedam
1225 2120 1504 2189 appellata
1532 2125 1643 2176 est.

88 2215 245 2276 289
264 2212 469 2264 Verum
491 2227 605 2264 non
626 2210 809 2263 omnis
828 2209 1008 2263 oratio
1029 2208 1306 2278 ejusmodi
1334 2213 1421 2261 est
1442 2227 1455 2273 ;
1479 2208 1574 2261 sed
1589 2224 1654 2261 ea

87 2300 287 2353 demum
305 2301 408 2353 hoc
429 2300 657 2353 nomine
673 2298 1049 2369 nuncupanda
1074 2303 1177 2361 est,
1200 2314 1321 2367 qua:
1342 2297 1541 2364 Deum,
1558 2296 1654 2367 qui

87 2389 328 2442 orationis
358 2387 657 2442 materiam
703 2388 1042 2458 suppeditat,
1084 2386 1421 2455 magistrum
1464 2385 1651 2454 habet,

89 2494 299 2548 qumque
326 2494 499 2549 supra
527 2483 755 2531 terrena
780 2476 970 2530 omnia
997 2476 1261 2545 assurgit,
1314 2482 1484 2545 atque
1529 2492 1658 2528 cum

87 2566 300 2620 Domino
325 2567 550 2621 Christo
575 2566 694 2619 sine
715 2566 832 2619 ulla
859 2565 1196 2618 intermedia
1224 2582 1284 2617 re
1310 2571 1583 2618 versatur.

147 2656 293 2709 Hanc
320 2656 485 2709 velim
508 2655 612 2709 tibi
632 2655 907 2726 acquiras,
941 2661 1109 2725 atque
1129 2655 1187 2707 in
1209 2672 1275 2708 ea
1293 2654 1520 2724 provehi
1536 2670 1663 2707 con-

87 2745 282 2798 tendas.
304 2746 528 2799 Etenim
547 2744 669 2815 ipsa
688 2746 831 2798 hanc
850 2744 961 2797 vim
982 2743 1169 2808 habet,
1190 2749 1254 2797 ut
1274 2749 1330 2796 te
1360 2760 1394 2795 a
1424 2748 1578 2797 terra
1605 2743 1664 2796 in

86 2834 232 2887 ccelos
258 2834 567 2888 subvehere
596 2834 787 2904 possit.
834 2834 1114 2888 Caeterum
1162 2850 1276 2886 non
1315 2838 1548 2897 temere,
1600 2848 1665 2885 ac

85 2921 189 2974 sine
208 2922 317 2975 ulla
334 2923 749 2993 praeparatione
777 2922 836 2975 in
858 2922 980 2992 ipsa
1000 2939 1327 2993 progressus
1358 2921 1546 2988 facies;
1572 2938 1665 2974 ve-

86 3026 196 3063 rum
214 3011 292 3064 ita
305 3012 562 3078 demum,
586 3012 633 3064 si
658 3011 904 3065 animam
920 3017 1077 3065 tuam
1092 3010 1160 3064 ab
1181 3010 1441 3065 omnibus
1454 3011 1666 3064 vitiosis

1738 1943 1971 2008 vocavit,
1993 1944 2111 2013 ipse
2138 1960 2360 2013 quoque
2380 1944 2439 1997 in
2460 1944 2613 1997 omni
2644 1944 2767 2006 vitae
2784 1950 2895 1998 tuae
2936 1945 3155 1999 ratione
3202 1963 3335 2000 san-

1739 2037 1891 2085 ctum
1920 2038 1975 2085 te
1997 2031 2265 2102 praebeas.
2300 2033 2487 2085 Sancti
2518 2033 2665 2085 enim
2691 2040 2887 2095 estote,
2934 2035 3201 2104 quoniam
3232 2052 3336 2104 ego

1736 2127 1961 2175 sanctus
1986 2138 2131 2187 sum,
2159 2121 2294 2174 dicit
2307 2121 2578 2174 Dominus
2603 2124 2782 2189 (Levii.
2806 2123 2940 2192 XIX).
2959 2124 3145 2192 Atque
3168 2123 3339 2177 etiam

1736 2211 2115 2280 apostolorum
2145 2210 2404 2280 princeps
2434 2210 2503 2263 ad
2529 2211 2676 2263 hunc
2704 2211 2934 2264 modum
2966 2211 3242 2281 loquitur:
3278 2212 3338 2267 Si

1736 2301 1962 2353 Patrem
1992 2300 2259 2352 invocatis
2290 2316 2419 2352 eum
2446 2299 2541 2369 qui
2583 2299 2702 2353 sine
2734 2317 3102 2370 personarum
3135 2318 3335 2371 accep-

1738 2388 1889 2442 tione
1901 2388 2208 2442 secundum
2231 2389 2501 2458 cujusque
2526 2405 2665 2458 opus
2675 2389 2908 2457 judicat,
2939 2390 2997 2443 in
3022 2389 3225 2444 timore
3254 2390 3343 2444 in-

1741 2480 1953 2532 eolatus
1986 2478 2153 2531 vestri
2179 2484 2430 2547 tempore
2461 2478 2885 2545 conversamini,
2929 2479 3167 2533 scientes
3199 2497 3339 2549 quo-

1743 2567 1895 2621 niam
1928 2585 2038 2621 non
2065 2567 2519 2637 cormptibilibus
2551 2584 2689 2620 auro
2739 2574 2796 2621 et
2838 2575 3071 2637 argento
3120 2568 3344 2623 liberati

1745 2658 1878 2709 estis
1892 2657 1960 2710 de
1983 2674 2123 2709 vana
2140 2663 2323 2709 vestra
2342 2657 2765 2710 conversatione
2787 2662 3151 2726 paternarum
3172 2657 3343 2711 tradi-

1745 2746 1984 2808 tionum,
2002 2746 2097 2798 sed
2117 2746 2360 2815 pretioso
2383 2746 2655 2815 sanguine
2680 2762 2839 2816 quaSI
2860 2747 2991 2816 agni
3015 2746 3346 2800 incontami-

1747 2835 1865 2888 nati
1882 2840 1938 2888 et
1956 2835 2446 2888 immaculatiJesu
2472 2835 2679 2888 Christi
2714 2836 2759 2901 (Ι
2785 2838 2893 2889 Pet.
2930 2838 2984 2901 Ι).

1820 2925 1952 2977 Haec
1980 2923 2153 2992 igitur
2175 2924 2364 2977 omnia
2383 2924 2436 2976 in
2460 2929 2644 2976 mente
2662 2924 2884 2977 condita
2902 2924 3023 2977 sine
3043 2925 3160 2978 ulla
3175 2925 3347 2979 inter-

1749 3013 2016 3067 missione
2039 3013 2352 3078 recordare,
2378 3012 2479 3066 Dei
2511 3020 2661 3065 metu
2673 3031 2724 3066 ni
2747 3018 2803 3065 et
2818 3014 3159 3066 horrendum
3172 3013 3348 3084 ipsius

89 3100 452 3155 affectionibus
490 3100 645 3171 prius
676 3100 1016 3171 repurgaris,
1051 3117 1288 3171 eamque
1312 3099 1382 3153 ab
1398 3099 1551 3153 omni
1567 3100 1669 3153 im-
1749 3102 2016 3165 tribunal,
2050 3106 2105 3154 et
2152 3101 2505 3171 splendorem
2536 3119 2665 3154 eum
2698 3119 2863 3171 quem
2897 3102 3038 3171 justi
3068 3102 3125 3155 in
3156 3103 3348 3157 futuro

87 3188 241 3256 proba
257 3189 601 3259 cogitatione
624 3190 925 3253 detersam,
940 3189 1067 3259 puri
1085 3190 1377 3259 cujusdam
1393 3207 1456 3243 ac
1474 3206 1666 3242 recens
1683 3194 1724 3253 C
1747 3208 1860 3245 aevo
1882 3192 2163 3260 accepturi
2192 3196 2342 3256 sunt,
2363 3208 2425 3243 ac
2447 3197 2639 3243 contra
2663 3195 3017 3261 peccatorum
3040 3190 3099 3243 in
3120 3191 3347 3244 teterri-

83 3276 298 3332 abstersi
327 3279 546 3349 speculi
578 3278 755 3331 instar
783 3278 1049 3343 effeceris,
1082 3284 1139 3331 et
1151 3278 1220 3331 ab
1250 3279 1402 3331 omni
1433 3278 1665 3347 injuria-
1745 3280 1853 3332 mis
1869 3277 2119 3332 tenebris
2139 3295 2470 3345 mcerorem;
2497 3279 2860 3349 praesentium
2882 3279 3019 3332 item
3040 3280 3348 3333 rerumim-

80 3383 192 3420 rum
221 3367 614 3421 recordatione
642 3374 809 3437 atque
839 3368 925 3420 ira
948 3370 1090 3437 (quze
1120 3367 1321 3435 majori
1343 3383 1513 3437 quam
1542 3367 1666 3420 reli-
1746 3368 2105 3422 becillitatem
2125 3373 2181 3421 et
2200 3368 2524 3432 vanitatem,
2549 3385 2612 3420 ac
2632 3368 2947 3421 futurorum
2976 3368 3351 3423 aeternitatem

82 3472 178 3525 qua
206 3457 393 3510 omnia
420 3456 834 3527 impedimento
869 3464 955 3510 est
983 3474 1091 3527 quo
1114 3457 1301 3510 minus
1330 3474 1521 3526 preces
1562 3474 1664 3509 no-
1748 3474 1970 3528 semper
2000 3457 2068 3510 ob
2099 3458 2287 3510 oculos
2318 3456 2529 3510 habens
2554 3475 2564 3508 :
2596 3457 2844 3526 illudque
2866 3462 3155 3527 praeterea,
3199 3458 3349 3529 quod

80 3552 195 3599 strae
222 3546 292 3599 ad
312 3547 503 3602 Deum
518 3545 784 3600 sublimes
801 3546 1077 3612 ferantur)
1103 3546 1343 3615 teipsum
1363 3546 1554 3615 procul
1584 3562 1668 3599 re-
1749 3547 1930 3601 omnis
1956 3563 2086 3599 caro
2116 3544 2228 3599 feni
2262 3546 2441 3598 instar
2471 3551 2572 3610 est,
2599 3552 2655 3599 et
2684 3546 2865 3599 omnis
2890 3547 3071 3616 gloria
3091 3548 3213 3616 ejus
3230 3553 3351 3601 tan-

82 3635 321 3699 moveris,
354 3635 690 3705 cunctisque
717 3636 812 3705 qui
839 3641 895 3689 te
917 3635 1181 3700 laeserint,
1208 3635 1571 3688 offensionem
1603 3651 1666 3687 ex
1751 3654 1917 3706 quam
1961 3637 2060 3688 flos
2083 3634 2213 3687 feni.
2242 3635 2588 3688 Exsiccatum
2621 3639 2704 3687 est
2734 3635 2944 3700 fenum,
2996 3641 3053 3688 et
3085 3636 3185 3688 ﬂos
3229 3636 3351 3705 ejus

81 3723 252 3777 animo
271 3723 585 3789 remiseris,
600 3730 880 3794 atqueper
899 3724 1667 3794 eleemosynasetpauperum
1753 3725 1977 3777 decidit.
2006 3724 2249 3776 Verbum
2271 3730 2458 3777 autem
2492 3722 2715 3776 Domini
2747 3730 2939 3777 manet
2984 3724 3041 3777 in
3073 3731 3349 3777 {etei-num

84 3812 477 3879 miserationes,
499 3813 1125 3882 orationivelutpennas
1145 3813 1413 3882 quasdam
1429 3812 1667 3876 additas,
1756 3816 1879 3884 (Isa.
1916 3813 2024 3882 XL).
2058 3814 2188 3865 Haec
2216 3830 2438 3882 semper
2465 3811 2739 3865 meditare
2764 3814 2811 3881 (Ι
2842 3814 2977 3865 Tim.
3014 3816 3086 3881 Iv)
3113 3831 3127 3879 ;
3158 3818 3216 3865 et
3242 3829 3350 3883 pax

82 3917 191 3954 eam
220 3903 335 3957 Deo
354 3920 488 3957 cum
515 3901 826 3955 calentibus
840 3902 1103 3971 lacrymis
1127 3900 1511 3954 obtuleris.Ad
1528 3901 1674 3953 hunc
1755 3903 1855 3957 Dei
1885 3909 2065 3955 tecum
2098 3902 2173 3955 sit
2204 3903 2429 3969 (Philip.
2455 3906 2555 3968 Iv),
2583 3918 2705 3971 quae
2748 3906 2802 3954 te
2829 3901 3130 3966 illuminet,
3166 3907 3224 3955 et
3259 3918 3354 3955 sa-

84 3991 273 4062 quippe
295 3993 537 4046 modum
557 4008 743 4055 orans,
776 3990 977 4044 iisdem
997 3990 1178 4044 verbis
1201 3991 1282 4043 uti
1304 3990 1531 4060 poteris,
1555 3990 1674 4060 qui-
1756 3992 1969 4063 pientia
1988 3992 2247 4057 instruat,
2267 3997 2323 4043 et
2344 3990 2412 4043 ad
2433 3990 2629 4043 salutis
2649 3990 2793 4043 viam
2810 3990 2997 4055 ducat,
3014 3990 3353 4062 improbam-

85 4077 173 4133 bus
195 4080 388 4136 beatus
410 4081 516 4135 ille
545 4080 740 4145 David,
777 4080 872 4150 qui
904 4097 999 4133 rex
1023 4085 1161 4145 erat,
1187 4098 1251 4133 ac
1282 4079 1558 4132 sexcentis
1584 4097 1674 4132 cu-
1756 4099 1863 4151 que
1892 4081 2235 4134 voluntatem
2263 4081 2454 4150 procul
2484 4097 2518 4132 a
2548 4085 2645 4132 tua
2673 4084 2858 4132 mente
2886 4080 3149 4149 depellat,
3184 4086 3355 4150 atque

86 4168 152 4221 ris
180 4170 625 4236 distrahebatur,
670 4170 958 4239 nihiloque
988 4170 1166 4223 secius
1205 4175 1395 4221 tamen
1426 4168 1674 4221 animam
1757 4170 2005 4223 animam
2032 4176 2189 4223 tuam
2212 4169 2391 4221 crucis
2414 4168 2571 4237 signo
2594 4168 2902 4238 imprimat,
2936 4185 3006 4222 ne
3032 4170 3210 4223 ullum
3224 4186 3356 4239 per-

83 4260 509 4314 suamavitiosis
529 4258 915 4313 aﬂ‘ectionibds
932 4263 1387 4329 perpurgaverat,
1408 4258 1475 4310 ad
1498 4258 1675 4311 Deum
1756 4260 1898 4312 versi
1930 4259 2163 4329 spiritus
2194 4259 2519 4311 scandalum
2545 4258 2613 4310 ad
2640 4264 2696 4311 te
2718 4258 2946 4328 propius
2986 4259 3231 4325 accedat,
3270 4276 3363 4313 ve-

84 4348 353 4415 utebatur,
378 4350 580 4403 dicens
605 4372 617 4403 :
650 4348 1012 4419 Iniquitatem
1029 4349 1155 4401 odio
1176 4348 1366 4412 habui,
1392 4354 1449 4401 et
1467 4346 1677 4400 abomi—
1756 4366 1882 4401 rum
1914 4348 2099 4401 divino
2129 4347 2397 4401 beneﬁcio
2428 4347 2485 4400 in
2518 4347 2670 4400 omni
2718 4346 2983 4400 virtutum
3020 4348 3360 4418 perfectione

83 4441 234 4492 natus
266 4456 415 4505 sum,
451 4439 638 4508 legem
669 4444 859 4491 autem
877 4443 1035 4491 tuam
1050 4437 1237 4491 dilexi.
1264 4437 1479 4507 Septies
1508 4436 1566 4489 in
1586 4436 1738 4529 dieD
1758 4437 2009 4491 futurum
2039 4437 2176 4489 illud
2209 4454 2273 4490 ac
2290 4436 2415 4489 ﬁnis
2437 4441 2494 4489 et
2515 4435 2879 4489 successionis
2894 4452 3089 4505 expers
3119 4452 3357 4504 regnum

82 4527 291 4582 laudem
309 4529 430 4582 dixi
447 4528 574 4594 tibi,
602 4544 771 4598 super
793 4527 1007 4598 judicia
1018 4527 1249 4597 justitiae
1271 4532 1400 4580 tuae.
1425 4524 1680 4579 Custodi-
1696 4522 1731 4529 ⁷
1760 4524 2109 4595 adipiscaris,
2141 4542 2206 4578 ac
2224 4523 2397 4576 beatze
2419 4529 2476 4576 et
2495 4523 2617 4576 vita:
2638 4522 2860 4576 initium
2882 4522 3362 4575 atferentis’l‘rini-

81 4616 150 4669 vit
176 4618 516 4672 animamea
533 4617 857 4671 testimonia
875 4622 992 4681 tua,
1018 4622 1074 4670 et
1096 4616 1370 4670 dilexitea
1388 4615 1679 4669 vehemen-
1761 4616 1913 4677 tat-Is,
1951 4631 2072 4683 qum
2100 4614 2157 4666 in
2176 4614 2342 4666 Patre
2368 4618 2425 4665 et
2449 4612 2588 4665 Filio
2615 4618 2670 4665 et
2699 4610 2910 4681 Spiritu
2932 4616 3123 4664 sancto
3150 4610 3360 4680 gloriﬁ-

82 4713 175 4759 ter.
208 4708 653 4779 Appropinquet
666 4706 985 4777 deprecatio
1006 4723 1132 4759 mea
1152 4706 1209 4758 in
1230 4710 1527 4774 conspectu
1558 4710 1675 4769 tuo,
1762 4709 1939 4767 catur,
1965 4702 2176 4755 lumine
2197 4700 2557 4754 collustreris.

80 4794 306 4850 Domine
331 4816 344 4864 ;
371 4798 548 4867 juxta
574 4796 862 4867 eloquium
883 4800 1045 4849 tuum
1073 4795 1143 4848 da
1171 4794 1308 4847 mihi
1338 4794 1683 4847 intellectum
1840 4792 1973 4844 Cm.
2002 4791 2149 4844 XXI.
2172 4820 2236 4829 —
2261 4792 2401 4843 Cum
2419 4788 2737 4858 hujusmodi
2754 4788 3043 4855 doctrinis,
3066 4789 3137 4842 ad
3174 4806 3362 4843 mores
3408 4838 3411 4843 .

82 4887 231 4941 IPsal.
267 4891 496 4955 CXVIII).
1766 4880 2150 4934 informandos
2204 4877 2669 4943 accommodatis,
2723 4878 3226 4948 prazstantissimus
3281 4896 3366 4933 se-

142 4975 231 5028 Sic
260 4976 536 5030 videlicet
563 4974 841 5028 clamante
872 4980 945 5039 te,
980 4974 1134 5027 Deus
1170 4973 1451 5035 exaudiet,
1487 4976 1544 5023 et
1589 4970 1677 5023 ad-
1766 4987 1870 5022 nex
1900 4969 2048 5038 regis
2075 4968 2253 5021 ﬁlium
2288 4966 2658 5031 instruxisset,
2697 4967 2767 5020 ad
2789 4984 2953 5020 suum
2974 4968 3278 5037 hospitium
3305 4985 3364 5021 se

76 5060 175 5115 huc
195 5064 474 5134 loquente
492 5068 550 5115 te
580 5062 908 5116 dicetzEcce
921 5062 1119 5115 adsum
1139 5064 1263 5129 (Isa.
1286 5064 1501 5126 Lxxxv).
1527 5059 1679 5121 Quo-
1762 5058 2016 5112 contulit.
2044 5059 2117 5110 At
2138 5055 2503 5109 adolescentis
2524 5055 2768 5108 ministri
2798 5062 2854 5108 et
2874 5062 3241 5126 prmeeptores
3260 5056 3366 5108 fre-

76 5149 230 5218 circa,
259 5153 310 5206 si
324 5151 665 5223 hujusmodi
684 5152 996 5206 orationem
1017 5151 1254 5220 adeptus
1276 5149 1467 5213 tueris,
1487 5148 1680 5201 beatus
1764 5154 2024 5218 quentem
2053 5146 2225 5216 ipsius
2244 5146 2300 5198 in
2313 5145 2581 5215 palatium
2604 5145 2917 5214 ingressum
2942 5144 3360 5215 perspicientes,

75 5241 195 5294 eris.
226 5244 431 5313 Neque
455 5240 613 5295 enim
635 5240 756 5294 ﬁeri
772 5246 976 5311 potest,
1001 5239 1136 5310 quin
1159 5239 1203 5292 is
1223 5238 1461 5308 quicum
1483 5238 1679 5307 hujus-
1763 5237 2133 5291 admiratione
2159 5234 2729 5287 alticiebantui-.Unus
2745 5238 2933 5286 autem
2950 5233 3095 5286 exiis
3109 5233 3201 5303 qui
3216 5232 3363 5302 prio-

76 5332 217 5383 modi
233 5331 415 5385 animi
434 5330 733 5384 alacritate
749 5331 930 5383 Deum
944 5334 1069 5382 orat
1081 5335 1249 5398 atque
1264 5327 1535 5391 obsecrat,
1552 5344 1684 5397 quo-
1764 5344 1881 5379 rem
1900 5327 2045 5379 inter
2067 5343 2160 5379 eos
2184 5326 2364 5377 locum
2376 5322 2663 5376 obtinebat
2682 5329 2738 5375 et
2754 5339 2951 5391 quemr
2964 5338 3026 5374 ex
3052 5322 3198 5374 velut
3221 5321 3358 5373 ﬁde-

74 5418 198 5474 tidie
227 5438 409 5476 novos
424 5420 489 5473 in
512 5418 717 5473 virtute
734 5435 1063 5491 progressus
1090 5417 1275 5479 faciat,
1298 5422 1466 5487 atque
1488 5433 1681 5469 omnes
1764 5415 2042 5469 lissimum
2062 5432 2125 5467 ac
2137 5414 2220 5467 sui
2236 5412 2708 5466 studiosissimum
2725 5410 2823 5462 ﬁlii
2844 5410 2929 5462 sui
2947 5410 3152 5480 palatio
3172 5409 3368 5480 prmfe-

76 5506 242 5562 hostis
272 5510 526 5580 laqueos
556 5513 800 5577 superet.
842 5508 986 5561 Nam
1015 5505 1110 5577 qui
1138 5511 1381 5558 mentem
1410 5521 1590 5570 suam,
1620 5510 1685 5558 ut
1766 5510 1937 5567 cerat,
1969 5505 2185 5558 Zardan
2214 5502 2459 5567 nomine,
2484 5500 2632 5569 regis
2654 5499 2827 5552 ﬁlium
2845 5498 2932 5551 his
2961 5498 3143 5551 verbis
3163 5498 3369 5553 allocu-

76 5599 367 5667 cujusdam
390 5597 508 5651 viri
538 5598 718 5652 sancti
745 5596 928 5651 verbis
976 5602 1123 5662 utar,
1174 5594 1508 5660 excalefecit,
1562 5594 1686 5647 ani-
1714 5596 1719 5599 ’
1772 5599 1860 5648 tus
1874 5595 2127 5648 estzNon
2145 5599 2201 5646 te
2215 5592 2377 5662 fugit,
2395 5592 2547 5656 here,
2564 5594 2773 5660 quanto
2790 5587 2966 5658 patris
2981 5588 3122 5642 tuim
3140 5593 3197 5641 et
3211 5588 3371 5667 uafﬁ-

76 5702 335 5760 mamque
363 5703 546 5742 suam
565 5688 758 5755 erexit,
793 5692 961 5758 atque
979 5686 1039 5740 in
1067 5685 1268 5739 ccelum
1297 5699 1357 5737 se
1377 5684 1685 5750 transtulit,
1771 5683 1905 5750 ciar,
1937 5699 2159 5754 quaque
2175 5698 2307 5752 erga
2322 5698 2448 5735 eum
2468 5680 2575 5734 ﬁde
2595 5678 2720 5747 sim,
2751 5694 2927 5748 eoque
2949 5678 3121 5732 etiam
3141 5677 3368 5732 nomine

459 5788 736 5849 Parnon.
767 5788 1037 5853 LXXIII.
2981 5780 3055 5844 i7
