3878 6452
442 343 458 362 ι
539 393 645 450 528

1549 401 1644 455 DE
1679 403 1868 458 VITIS
1903 403 2202 459 PATRUM
2237 402 2454 457 LIBER
2491 400 2780 455 PRIMUS.

3689 391 3776 448 524

537 537 628 575 me
661 527 932 592 tanquam
951 521 1290 576 ﬁdissimum
1303 522 1573 577 famulum
1597 524 1698 578 tibi
1727 527 2119 582 administrum
2144 526 2426 588 Adixerit,
2446 523 2799 578 mevidelicet
2814 518 2968 578 inani
2994 532 3100 572 suo
3130 513 3429 578 verborum
3453 513 3778 568 lenocinioin

538 627 659 664 esse
691 611 878 680 jussit.
903 615 1089 676 ιιου
1105 612 1266 664 Nunc
1286 619 1476 666 autem
1493 619 1742 668 exterum
1769 616 1918 669 hunc
1945 618 2125 671 virum

536 700 727 754 crebro
747 705 930 752 tecum
957 701 1196 770 colloqui
1219 700 1429 754 videns.
1465 703 1602 756 illud
1641 720 1832 757 vereor
1862 723 1930 758 ne
1961 707 2124 759 Chri-

532 789 728 842 etiame
757 788 1065 858 religionis,
1095 807 1262 860 quam
1283 797 1442 860 pater
1456 797 1588 844 tuus
1603 791 1814 862 ingenti
1837 795 1964 847 odio
1981 795 2124 848 insc-

530 882 733 944 ctatur,
767 879 950 932 cultor
966 879 1272 948 sit;sicque
1298 897 1404 948 ego
1429 881 1652 950 capitali
1681 885 1972 937 sententiae
2019 884 2121 937 ob-

529 966 726 1020 noxius
745 967 1013 1037 reperiar.
1046 968 1288 1021 Proinde
1305 970 1390 1022 vel
1407 968 1474 1021 de
1495 986 1560 1022 eo
1579 977 1794 1040 patrem
1825 973 2120 1028 certiorem

523 1055 629 1120 fac,
663 1057 749 1110 vel
769 1058 1002 1126 posthac
1029 1074 1158 1110 cum
1182 1074 1248 1110 eo
1279 1059 1520 1128 colloqui
1553 1059 1776 1124 desine;
1828 1062 1912 1114 vel
1949 1069 2116 1130 certe,

525 1161 596 1200 ne
623 1145 683 1199 in
711 1145 1202 1216 reprehensionem
1223 1147 1526 1213 incurram,
1561 1163 1594 1200 a
1620 1148 1758 1202 facie
1784 1155 1884 1203 tua
1916 1168 2003 1204 me
2031 1151 2123 1204 ab-

522 1235 668 1304 lega,
697 1239 871 1305 atque
899 1235 1071 1288 alium
1095 1235 1192 1306 qui
1231 1236 1368 1288 mihi
1395 1236 1730 1304 subrogetur
1758 1256 1792 1292 a
1824 1247 1982 1308 patre
2025 1247 2121 1294 tuo

523 1324 749 1392 pustula
761 1369 773 1380 .

594 1411 763 1482 Regis
793 1418 982 1465 autem
1012 1412 1160 1465 ﬁlius
1189 1413 1258 1465 ad
1288 1429 1415 1466 eum
1435 1414 1608 1466 dixit:
1653 1417 1770 1468 Hoc
1797 1417 2061 1486 primum,
2086 1436 2117 1470 ο

522 1499 756 1565 Zardan,
789 1499 1077 1554 faciamus.
1093 1501 1228 1553 Velo
1249 1501 1491 1571 quodam
1512 1502 1784 1558 obductus
1803 1510 1907 1570 sta,
1925 1506 2120 1576 ipsius-

523 1604 631 1658 que
649 1589 720 1642 ad
740 1605 830 1642 me
861 1606 1147 1643 sermones
1164 1589 1315 1655 audi,
1338 1597 1506 1660 atque
1523 1591 1603 1645 ita
1625 1593 1893 1663 quidnam
1917 1594 2018 1648 tibi
2043 1596 2120 1649 fa.

521 1677 783 1733 ciendum
813 1679 887 1732 sit
911 1695 1208 1750 exponam.

593 1767 732 1820 Cum
759 1767 935 1837 igitur
958 1769 1214 1822 Barlaam
1247 1770 1317 1822 ad
1355 1771 1540 1840 ipsum
1575 1788 1900 1825 accessurus
1945 1779 2110 1833 esset,

2210 615 2462 668 fraudem
2494 614 2754 666 inducere
2777 609 3027 671 studens,
3052 623 3117 660 ac
3139 603 3391 675 jucunda
3419 603 3524 656 hac
3553 602 3772 657 oblecta-

2209 705 2360 758 tione
2389 712 2445 757 et
2475 703 2797 756 ammnitate
2829 699 3066 769 privare,
3093 701 3266 764 atque
3295 693 3364 746 ad
3695 693 3778 746 Dei

2208 795 2418 847 cultum
2452 793 2742 846 traducere
2761 790 2786 841 ?
2810 788 3024 841 Zardan
3040 790 3250 847 autem,
3272 782 3580 847 Quidnam,
3600 781 3776 851 inquit,

2205 883 2306 935 tibi
2335 883 2516 934 visum
2550 887 2653 943 est,
2685 897 2716 932 o
2746 895 2860 941 rex,
2893 875 3162 929 famulum
3187 879 3352 926 tuum
3379 876 3610 924 tentare
3635 869 3658 921 7
3681 869 3790 924 Per-

2206 979 2456 1042 spectum
2480 969 2627 1022 enim
2646 967 2822 1020 habeo
2845 965 3246 1018 virisermones
3268 967 3463 1031 pectus
3477 965 3650 1013 tuum
3666 959 3792 1013 aliis

2206 1060 2345 1112 sime
2367 1064 2708 1130 penetrasse.
2732 1057 2876 1110 Nam
2898 1054 3005 1107 nisi
3026 1053 3106 1106 ita
3123 1055 3290 1115 esset,
3310 1066 3424 1103 non
3448 1055 3570 1103 tam
3605 1047 3782 1104 luben-

2204 1154 2293 1202 ter
2321 1166 2383 1202 ac
2413 1153 2683 1219 perpetuo
2713 1161 2839 1199 cum
2869 1160 2935 1196 eo
2965 1158 3252 1196 sermones
3273 1139 3562 1193 misceres.
3591 1137 3780 1208 thui-

2204 1239 2332 1291 dem
2375 1255 2476 1291 nos
2507 1235 2822 1290 istiusmodi
2864 1231 3316 1304 prmdicationem
3363 1228 3776 1298 haudquaquam

2204 1326 2548 1396 ignoramus.
2581 1327 2792 1379 Verum
2804 1340 2868 1376 ex
2890 1339 3000 1393 quo
3020 1328 3276 1390 tempore
3291 1323 3454 1389 pater
3480 1324 3617 1384 tuus
3658 1322 3790 1369 atro-

2203 1415 2485 1467 cissimam
2518 1415 2782 1466 adversus
2813 1409 3160 1466 Christianos
3191 1407 3639 1478 persecutionem
3657 1405 3780 1458 exci-

2203 1503 2358 1568 tavit,
2387 1503 2465 1556 illi
2483 1503 2612 1556 hinc
2632 1501 2846 1572 expulsi
2868 1503 3017 1563 sunt,
3042 1502 3212 1566 atque
3227 1496 3476 1566 ipsorum
3491 1493 3782 1565 praedicatio

2202 1593 2491 1645 conticuit.
2525 1591 2685 1654 Quod
2717 1590 2763 1642 si
2791 1589 2893 1642 tibi
2909 1588 3116 1656 dogma
3141 1586 3246 1638 hoc
3267 1583 3500 1650 arridet,
3519 1583 3782 1654 ipsiusque

2201 1680 2462 1734 duritiem
2491 1686 2548 1734 et
2576 1679 2826 1733 laborem
2857 1676 3044 1730 subire
3070 1681 3248 1746 potes,
3281 1672 3532 1726 faustum
3558 1687 3694 1726 sane
3734 1687 3782 1723 ac

2199 1769 2327 1822 felix
2360 1771 2434 1822 sit
2459 1770 2513 1822 id
2546 1769 2694 1838 quod
2713 1767 2900 1820 animo
2928 1770 3028 1818 tuo
3055 1763 3284 1817 insedit.
3318 1763 3432 1831 Ego
3463 1767 3655 1814 autem
3673 1759 3782 1830 quid

516 1855 765 1910 Zardane
784 1857 933 1909 intra
953 1857 1135 1910 velum
1164 1858 1500 1924 introducto,
1525 1861 1592 1912 ad
1610 1877 1798 1913 senem
1813 1861 1894 1912 ait
1916 1879 1926 1912 :
1958 1862 2110 1914 Divi-
2128 1848 2174 1906 Β
2203 1859 2430 1913 tandem
2460 1858 2684 1920 faciam,
2714 1856 2808 1926 qui
2825 1852 3149 1924 hujusmodi
3175 1850 3444 1906 duritiem
3467 1866 3542 1903 ne
3567 1848 3788 1904 adversis

516 1960 646 1998 nam
669 1949 826 1998 tuam
843 1945 1158 2000 doctrinam
1176 1947 1312 2000 mihi
1326 1949 1650 2002 summatim
1667 1957 1878 2020 repete,
1902 1967 2012 2020 quo
2027 1953 2119 2003 lir-

513 2033 658 2088 mius
674 2034 884 2104 pectori
913 2052 1038 2088 meo
1056 2035 1351 2089 inseratur.
1377 2038 1619 2106 Excepto
1643 2037 1816 2106 igitur
1829 2056 2112 2102 sermone,

512 2123 774 2176 Barlaam
799 2124 1026 2194 longam
1057 2125 1126 2177 de
1149 2125 1262 2179 Deo
1283 2130 1453 2195 atque
1479 2143 1612 2195 erga
1629 2143 1757 2180 eum
1773 2128 1982 2197 pietate
1995 2145 2116 2181 ora-

509 2211 723 2266 tionem
749 2211 966 2279 habuit,
985 2214 1244 2283 quodque
1259 2231 1388 2267 eum
1417 2215 1596 2268 solum
1618 2233 1682 2268 ex
1701 2222 1818 2268 toto
1839 2217 2023 2282 corde,
2057 2222 2112 2269 et

513 2317 580 2354 ex
605 2305 725 2354 tota
749 2301 957 2367 anima,
983 2307 1042 2355 et
1071 2319 1135 2355 ex
1165 2308 1286 2356 tota
1335 2309 1522 2356 mente
1563 2321 1773 2368 amare,
1826 2305 2116 2376 ipsiusque

512 2390 780 2444 mandata
801 2407 931 2444 cum
961 2391 1164 2444 timore
1194 2409 1258 2444 ac
1273 2391 1550 2445 desiderio
1567 2392 1861 2446 observare
1883 2411 1989 2463 opo
1999 2402 2116 2448 rte-

512 2485 600 2532 ret
631 2481 838 2547 (Matth.
861 2481 998 2547 xxn)
1025 2499 1036 2544 ;
1067 2481 1327 2550 quodque
1348 2481 1466 2550 ipse
1485 2488 1633 2534 esset
1658 2483 1751 2552 qui
1773 2483 1980 2546 omnia,
1997 2490 2115 2537 tam

513 2583 636 2638 quae
657 2567 715 2620 in
733 2569 999 2621 cernendi
1028 2586 1252 2622 sensum
1269 2571 1473 2623 cadunt
1495 2588 1662 2640 quam
1684 2589 1806 2641 quae
1831 2572 1901 2624 ab
1933 2574 2117 2626 oculo-

514 2671 640 2710 rum
665 2673 832 2710 sensu
845 2664 1220 2722 remotasunt,
1255 2660 1612 2712 condidisset.
1630 2662 1707 2712 Ac
1730 2661 1931 2713 deinde
1947 2662 2111 2730 primi

513 2744 754 2798 hominis
785 2745 1140 2806 eﬂictionem,
1174 2748 1616 2818 mandatumque
1647 2748 1754 2818 ipsi
1786 2750 2001 2812 datum,
2037 2751 2115 2802 la-

513 2839 745 2903 tamque
761 2833 818 2887 in
835 2851 984 2898 eum,
1008 2833 1077 2887 ob
1099 2835 1362 2888 violatum
1382 2836 1624 2888 edictum
1649 2853 1683 2888 a
1706 2843 1976 2902 creatore,
1995 2855 2117 2892 sen-

513 2922 751 2975 tentiam
768 2923 1248 2976 commemoravit.
1272 2924 1544 2994 Deinceps
1557 2924 1699 2978 bona
1721 2943 1789 2978 ea
1809 2928 2108 2991 recensuit,

515 3011 718 3082 quibus
746 3029 868 3075 nos,
894 3013 1102 3081 rejecto
1133 3012 1310 3082 ipsius
1337 3014 1618 3079 mandato,
1645 3022 1864 3068 nosmet
1883 3017 2114 3069 exclusi-

511 3116 658 3154 mus.
688 3101 814 3154 Mox
833 3117 1029 3154 earum
1053 3101 1437 3155 molestiarum
1458 3104 1801 3156 mentionem
1822 3105 1970 3171 fecit,
1991 3123 2112 3176 quae

2203 1949 2429 2018 quidem
2442 1947 2617 2000 oculis
2641 1945 2848 2000 intueri
2873 1959 3120 2014 possum,
3137 1957 3206 1994 ac
3225 1939 3374 2009 regis
3389 1945 3548 1992 metu
3564 1939 3791 1993 auixnum

2203 2036 2488 2090 doloribus
2503 2042 2672 2106 atque
2689 2031 3091 2088 acerbitatibus
3104 2031 3436 2084 distractum
3455 2027 3666 2082 habeo?
3677 2027 3796 2090 Qua-
3850 2023 3851 2034 ¹

2212 2142 2344 2179 nam
2379 2126 2526 2196 apud
2563 2140 2690 2178 eum
2709 2122 3071 2178 excusatione
3092 2125 3241 2179 utar,
3261 2119 3358 2188 qui
3377 2117 3560 2188 ipsius
3589 2117 3796 2186 imperia

2211 2215 2451 2283 neglexi,
2487 2221 2657 2284 atque
2679 2213 2809 2266 huic
2843 2211 2956 2264 viro
2981 2211 3053 2262 ad
3082 2215 3140 2263 te
3165 2207 3380 2261 aditum
3402 2206 3680 2277 permisi?

2285 2304 2439 2356 Dixit
2466 2310 2654 2355 autem
2689 2302 2760 2355 ad
2793 2318 2918 2354 eum
2947 2299 3097 2368 regis
3133 2297 3283 2350 (ilius
3310 2315 3322 2350 :
3353 2295 3636 2366 Equidem
3677 2294 3795 2347 nihil

2203 2392 2351 2445 aliud
2390 2391 2548 2462 quod
2580 2391 2795 2461 ingenti
2825 2395 2936 2443 tua;
2963 2405 3102 2457 erga
3133 2403 3224 2440 me
3254 2383 3657 2438 benevolentiae
3679 2381 3795 2435 satis

2200 2481 2414 2550 praemii
2443 2483 2676 2533 afferret
2711 2494 3037 2548 agnoscens,
3063 2477 3166 2529 hoc
3195 2491 3372 2528 unum
3403 2473 3676 2527 beneﬁcio
3717 2477 3796 2524 tuo

2198 2571 2382 2638 majus
2405 2569 2605 2640 reperi,
2624 2568 2901 2622 nimirum
2932 2573 2998 2620 ut
3025 2564 3124 2618 tibi
3145 2564 3352 2618 bonum
3367 2562 3526 2625 illud,
3548 2561 3702 2632 quod
3717 2576 3796 2612 ua-

2197 2664 2381 2712 turam
2423 2665 2672 2729 superat,
2696 2657 3050 2728 perspicuum
3079 2654 3321 2708 reddere
3350 2651 3664 2714 studerem,
3709 2650 3794 2702 hoc

2199 2755 2303 2809 est,
2336 2754 2401 2800 ut
2430 2763 2596 2818 quem
2625 2747 2696 2800 ad
2718 2748 2888 2799 ﬁnem
2907 2748 3233 2815 procreatus
3253 2742 3330 2795 sis
3352 2740 3718 2810 intelligeres,
3741 2755 3791 2790 ac

2198 2843 2508 2890 creatorem
2531 2851 2886 2906 agnosceres,
2910 2833 3232 2903 relictisque
3244 2830 3512 2894 tenebris,
3533 2829 3614 2884 ad
3629 2830 3791 2884 lucem

2199 2943 2538 2980 accurreres.
2574 2929 2758 2995 Atque
2787 2924 2845 2977 in
2867 2924 2970 2976 hac
2991 2939 3089 2993 spe
3114 2938 3286 2984 eram,
3309 2921 3430 2974 fore
3449 2919 3700 2976 utsimul
3725 2925 3791 2970 at-

2195 3032 2304 3086 que
2327 3016 2395 3068 de
2425 3033 2490 3068 ea
2520 3014 2726 3084 aliquid
2775 3013 3066 3074 audiisses,
3108 3009 3508 3064 ardentissima
3563 3007 3789 3080 quadam

2196 3105 2503 3176 cupiditate
2523 3105 2678 3157 illam
2695 3102 3242 3173 sequereris.Verum
3262 3115 3362 3170 spe
3379 3114 3532 3162 mea,
3547 3105 3618 3151 ut
3627 3097 3786 3150 video~

511 3195 808 3260 postquam
830 3189 900 3243 ab
920 3191 1030 3243 illis
1045 3190 1202 3245 bonis
1223 3192 1547 3250 excidimus.
1565 3193 1767 3247 misere
1787 3211 1887 3247 nos
1901 3195 2114 3248 invase—
2133 3207 2174 3265 ί]
2196 3194 2372 3247 falsus
2402 3211 2545 3258 sum,
2571 3199 2634 3246 ut
2663 3193 2758 3262 qui
2781 3192 2848 3244 ad
2881 3208 2946 3244 ea
2971 3207 3093 3260 quae
3111 3189 3263 3242 dicta
3275 3193 3418 3241 sunt
3432 3186 3790 3257 tepideeﬂ‘ec-

510 3283 664 3332 runt.
686 3277 830 3332 Tum
850 3284 1040 3332 autem
1065 3296 1131 3332 ea
1148 3297 1271 3349 quae
1292 3280 1361 3332 ad
1382 3281 1783 3348 benignitatem
1798 3289 2115 3337 etamorem

509 3383 647 3437 erga
672 3368 967 3422 hominum
995 3385 1174 3437 genus
1204 3369 1562 3438 pertinebant
1589 3370 2114 3442 subjunxit,nempe

511 3472 760 3525 quonam
788 3457 954 3509 modo
967 3473 1222 3511 summus
1241 3457 1331 3511 ille
1353 3459 1536 3528 opifex
1565 3461 1762 3513 salutis
1793 3468 1996 3515 nostrae
2017 3479 2114 3516 cu-

512 3561 634 3598 nam
665 3562 888 3614 gerens,
918 3547 1222 3614 magistros
1242 3563 1305 3600 ac
1327 3549 1628 3618 prophetas
1643 3549 1926 3618 Unigeniti
1942 3551 2118 3604 incar-

514 3634 800 3688 nationem
833 3635 1198 3705 praedicantes
1229 3635 1467 3694 miserit.
1502 3637 1716 3691 Deinde
1747 3639 1915 3692 etiam
1941 3641 2116 3710 ipsius

513 3725 864 3789 descensum,
880 3724 1340 3788 incarnationem,
1364 3725 1648 3790 beneﬁcia,
1671 3727 1959 3788 miracula,
1979 3731 2115 3782 tole-

512 3818 750 3883 rataque
779 3829 880 3882 pro
907 3812 1067 3866 nobis
1091 3813 1514 3882 ingratitudinis
1546 3815 1680 3868 vitio
1729 3816 2113 3871 laborantibus

515 3901 804 3972 supplicia,
819 3919 1064 3966 crucem,
1078 3903 1354 3968 lanceam,
1376 3904 1748 3958 voluntariam
1767 3913 2027 3968 mortem,
2050 3923 2114 3960 ac

511 3992 758 4061 denique
778 3997 1029 4044 nostram
1057 3991 1114 4044 in
1131 3991 1415 4061 integrum
1436 3993 1850 4047 restitutionem
1869 4001 1926 4048 et
1952 4012 2111 4049 revo-

515 4080 814 4145 cationem,
840 4085 1007 4148 atque
1029 4081 1099 4132 ad
1121 4081 1365 4150 primum
1396 4081 1606 4134 bonum
1628 4083 1891 4150 reditum;
1908 4101 1971 4137 ac
1988 4092 2114 4156 post

519 4184 588 4221 ea
613 4169 880 4222 caelorum
897 4184 1154 4238 regnum,
1174 4170 1320 4238 quod
1344 4170 1598 4224 homines
1612 4187 1676 4224 eo
1688 4171 1886 4241 dignos
1902 4179 2107 4240 manet,

519 4256 869 4310 reconditum
891 4256 1160 4326 improbis
1173 4258 1421 4310 cruciatu
1429 4274 1484 4310 m
1498 4258 1686 4328 ignem
1717 4276 2003 4331 nunquam
2017 4279 2112 4315 ex-

519 4345 940 4416 stinguendum,
975 4352 1274 4416 perpetuas
1294 4346 1573 4413 tenebras,
1599 4347 1973 4405 immortalem
1995 4369 2113 4405 ver-

519 4452 690 4501 mem,
724 4442 1066 4505 craterasque
1093 4451 1286 4489 omnes
1316 4452 1528 4506 pueras,
1563 4439 1754 4507 quasti
1784 4439 1878 4508 qui
1901 4442 2113 4510 peccati

2197 3290 2320 3336 tum
2350 3289 2407 3335 te
2435 3282 2791 3352 conspiciam.
2823 3280 2963 3349 Regi
2990 3285 3177 3332 autem
3205 3293 3272 3330 ac
3292 3277 3440 3347 patri
3457 3291 3597 3336 meo
3621 3277 3672 3328 si
3693 3276 3790 3328 haec

2195 3373 2547 3437 iudicaveris,
2578 3372 2717 3425 nihil
2747 3371 2899 3424 aliud
2930 3370 3060 3423 hinc
3095 3367 3470 3437 consequeris,
3514 3382 3695 3436 quam
3738 3369 3792 3417 ut

2197 3462 2373 3532 ipsius
2401 3463 2651 3515 animum
2677 3460 2826 3514 curis
2844 3477 2911 3514 ac
2925 3457 3258 3512 maeroribus
3273 3455 3557 3510 conﬁcias.
3582 3455 3788 3508 .Verum

2202 3551 2248 3604 si
2280 3551 2516 3604 candido
2547 3567 2611 3604 ac
2631 3550 2847 3603 sincero
2872 3549 2930 3602 in
2947 3564 3077 3601 eum
3098 3547 3286 3600 animo
3315 3562 3392 3606 es,
3414 3560 3557 3598 cave
3583 3560 3662 3597 ne
3685 3543 3789 3613 ipse

2197 3647 2501 3710 antequam
2523 3639 2818 3693 commoda
2843 3637 3058 3691 occasio
3092 3653 3150 3691 se
3179 3633 3461 3697 obtulerit,
3479 3634 3789 3704 quidquam

2191 3727 2517 3797 ’hujusmodi
2546 3744 2610 3780 ex
2638 3735 2694 3779 te
2725 3725 3002 3778 resciscat.
3026 3725 3148 3778 'Hac
3171 3723 3426 3776 oratione
3445 3721 3520 3774 ad
3543 3737 3680 3774 eum
3699 3721 3789 3772 ha-

2197 3817 2330 3882 bita,
2364 3822 2634 3886 tanquam
2674 3815 2733 3869 in
2787 3831 2990 3884 aquam
3039 3812 3316 3866 seminare
3349 3809 3456 3879 (4‘2)
3481 3809 3789 3863 videbatur.

2195 3907 2389 3976 Neque
2419 3906 2567 3960 enim
2609 3904 2898 3975 sapientiae
2923 3903 2992 3956 ad
3019 3901 3285 3956 stolidum
3311 3904 3494 3966 ὀι
3543 3899 3790 3952 animum

2195 3996 2380 4049 aditus
2411 4011 2658 4064 unquam
2692 3992 2921 4064 patebit.

2266 4084 2542 4138 Postridie
2555 4089 2744 4136 autem
2757 4082 3016 4134 Barlaam
3037 4079 3109 4136 ad
3130 4095 3259 4133 eum
3287 4077 3580 4142 accedens,
3609 4078 3686 4130 de
3715 4076 3791 4129 di-

2195 4191 2384 4228 scessu
2415 4190 2515 4227 suo
2545 4188 2863 4225 sermonem
2891 4167 3202 4240 ingerebat.
3229 4167 3336 4222 Ille
3375 4173 3570 4220 autem
3615 4166 3692 4220 ab
3733 4181 3790 4218 eo

2195 4263 2379 4316 divelli
2405 4262 2636 4315 minime
2667 4260 2972 4325 sustinens,
3009 4258 3196 4312 animo
3235 4255 3686 4318 excruciabatur,
3719 4255 3793 4306 la-

2197 4351 2513 4422 crymisque
2539 4356 2694 4404 totus
2713 4347 3174 4420 perfundebatur.
3193 4346 3513 4400 Senexvero
3523 4361 3673 4398 cum
3689 4344 3797 4397 lon-

2193 4457 2327 4512 gum
2359 4440 2430 4492 ad
2465 4455 2592 4493 eum
2619 4454 2938 4492 sermonem
2968 4435 3276 4498 habuisset,
3307 4449 3550 4504 eumque
3589 4440 3660 4486 ut
3706 4436 3794 4485 tir-

520 4525 787 4580 servitute
817 4541 877 4578 se
905 4525 1376 4588 constrinxerunt,
1409 4525 1512 4580 sibi
1545 4526 1680 4596 ipsis
1723 4535 2108 4597 aggesserunt.
2133 4525 2176 4581 D
2199 4529 2486 4582 missimus
2513 4529 2573 4581 in
2601 4527 2746 4581 bono
2767 4531 3046 4598 perstaret
3060 4524 3369 4580 obtestatus
3395 4526 3564 4588 esset,
3589 4521 3798 4576 verbis-

520 4615 650 4669 Haec
671 4631 797 4669 cum
827 4614 1080 4668 oratione
1105 4620 1438 4684 prosecutus
1462 4621 1627 4679 esset,
1651 4633 1714 4669 ac
1743 4617 1846 4670 sub
1864 4619 2033 4672 ﬁnem
2056 4618 2113 4672 in

519 4704 834 4757 doctrinam
849 4704 918 4756 ad
932 4720 1116 4758 mores
1127 4720 1156 4757 8
1166 4705 1606 4758 ccommodatam
1618 4705 1881 4776 delapsus
1895 4708 2109 4773 fuisset,

521 4793 810 4862 multaque
835 4792 904 4845 de
936 4794 1060 4847 vita:
1088 4791 1330 4862 puritate
1365 4793 1533 4846 verba
1576 4794 1814 4860 fecisset,
1867 4813 2113 4866 praesen-

517 4880 776 4951 tiumque
795 4897 986 4935 rerum
1005 4881 1308 4935 vanitatem
1320 4882 1662 4948 damnasset,
1685 4901 1990 4954 eorumque
2017 4885 2112 4955 qui

519 4968 610 5022 his
621 4974 768 5023 totos
781 4987 840 5022 se
849 4969 1114 5023 addicunt
1129 4970 1412 5024 miseriam
1423 4971 1786 5040 coarguisset,
1801 4973 2113 5028 orationem

519 5059 750 5112 tandem
774 5057 1092 5129 precatione
1113 5059 1402 5126 conclusit,
1433 5060 1591 5113 aDeo
1615 5061 1883 5115 nimirum
1904 5062 2116 5132 ipsiﬁr—

519 5163 673 5202 mam
702 5152 760 5200 et
777 5153 1126 5200 constantem
1156 5149 1474 5202 orthodoxae
1520 5149 1649 5202 ﬁdei
1686 5150 2110 5219 confessionem,

519 5237 803 5307 vitamque
823 5236 893 5289 ab
913 5237 1064 5289 omni
1078 5237 1526 5307 reprehensionis
1545 5245 1675 5291 nota
1699 5238 2026 5307 immunem,
2049 5259 2113 5296 ac

521 5327 878 5396 purissimam
910 5326 1158 5379 muneris
1187 5327 1271 5380 sui
1302 5327 1846 5382 administrationem
1890 5338 2108 5400 Optans.

520 5417 598 5468 Ac
626 5422 823 5486 postea
851 5416 1157 5486 precationi
1197 5418 1304 5469 fine
1351 5417 1633 5486 imposito,
1684 5418 1754 5471 ad
1806 5418 2112 5489 hospitium

521 5520 683 5558 suum
715 5522 911 5558 rursus
938 5521 996 5557 se
1022 5505 1248 5575 recepit.

593 5592 760 5662 Regis
787 5600 977 5647 autem
993 5595 1352 5659 iilius,accito
1364 5595 1632 5661 Zardane,
1659 5597 1792 5667 quid
1814 5597 1989 5650 animi
2010 5597 2113 5650 ha-

522 5677 680 5732 beret
703 5681 1046 5750 periclitans,
1069 5681 1235 5734 dixit:
1259 5682 1503 5736 Audiisti
1517 5699 1642 5755 quae
1651 5685 1788 5739 mihi
1806 5684 2112 5739 tabulaiste

2196 4635 2303 4688 que
2349 4618 2416 4670 ad
2469 4616 2874 4670 cohortandum
2941 4612 3314 4668 accomodatis
3361 4611 3544 4682 ipsius
3600 4616 3795 4680 pectus

2195 4709 2600 4770 conﬁrmasset,
2634 4705 2891 4776 precibus
2921 4703 2990 4757 ab
3022 4720 3087 4757 eo
3139 4700 3514 4759 contendebat
3557 4705 3632 4753 ut
3674 4699 3796 4752 laete

2196 4801 2364 4865 atque
2376 4795 2542 4848 hilari
2565 4794 2752 4847 animo
2765 4792 3086 4846 discedendi
3101 4795 3436 4862 potestatem
3446 4788 3555 4846 sibi
3567 4789 3796 4842 faceret.

2195 4885 2338 4938 Illud
2370 4883 2541 4937 etiam
2569 4882 2932 4952 adjungebat,
2959 4898 3082 4935 eam
3113 4879 3266 4933 brevi
3295 4880 3444 4933 inter
3481 4895 3542 4932 se
3573 4879 3805 4947 conjun-

2194 4973 2434 5027 ctionem
2473 4979 2730 5026 mutuam
2772 4973 2910 5036 fore,
2961 4987 3084 5042 qum
3127 4967 3343 5023 dissidii
3374 4967 3558 5022 omnis
3606 4982 3802 5037 expers

2196 5069 2360 5116 esset.
2392 5063 2466 5116 At
2485 5061 2634 5130 regis
2659 5060 2825 5118 filius.
2861 5076 2990 5113 cum
3011 5075 3113 5113 nec
3128 5057 3342 5112 diutius
3356 5057 3476 5110 seni
3505 5055 3802 5126 negotium

2187 5151 2483 5213 facessere,
2519 5166 2621 5202 nec
2638 5165 2765 5202 eum
2795 5149 3038 5220 expetito
3052 5147 3254 5201 itinere
3277 5145 3574 5218 prohibere
3589 5150 3801 5214 posset,

2195 5256 2260 5293 ac
2291 5245 2559 5311 praeterea
2573 5245 2828 5292 metuens
2849 5255 2918 5290 ne
2939 5237 3155 5294 Zardan
3179 5237 3272 5289 ille
3299 5251 3491 5304 regem
3509 5234 3580 5287 de
3607 5251 3680 5287 eo
3695 5249 3802 5284 cer-

2194 5330 2395 5382 tiorem
2426 5330 2652 5395 faceret,
2681 5344 2746 5381 ac
2783 5326 3070 5397 suppliciis
3121 5342 3249 5379 eum
3282 5325 3547 5384 adiceret,
3602 5323 3698 5375 his
3737 5320 3798 5373 ad

2197 5436 2325 5472 eum
2355 5418 2536 5472 verbis
2569 5434 2700 5470 usus
2729 5422 2849 5470 est:
2909 5414 3372 5485 Quandoquidem
3415 5413 3493 5465 ita
3541 5411 3652 5464 tibi
3695 5411 3798 5462 hoc

2196 5508 2382 5561 animo
2412 5507 2636 5571 insidet,
2669 5505 2976 5576 spiritualis
3005 5505 3172 5558 Pater
3191 5520 3256 5560 ac
3267 5507 3688 5574 praeceptorum
3710 5517 3800 5569 op-

2195 5597 2349 5662 time,
2368 5596 2616 5666 mihique
2645 5611 2828 5648 omnis
2851 5593 2982 5648 boni
3027 5599 3243 5658 auctor,
3273 5598 3338 5646 ut
3368 5608 3458 5644 me
3496 5591 3556 5644 in
3599 5586 3804 5648 mundi

2195 5685 2440 5739 vanitate
2451 5684 3024 5749 versantemdeseras,
3047 5687 3218 5752 atque
3227 5682 3298 5736 ad
3307 5679 3622 5752 spin'tualis
3638 5677 3780 5748 quia
