  <div class='ocr_page' id='page_1' title='image "/cluster/home/n/w/nwhite01/storage/ocr_20150623/73/umn.31951002477366m/268.png"; bbox 0 0 3878 6388; ppageno 0'>
   <div class='ocr_carea' id='block_1_1' title="bbox 97 382 193 437">
    <p class='ocr_par' dir='ltr' id='par_1_1' title="bbox 97 382 193 437">
     <span class='ocr_line' id='line_1_1' title="bbox 97 382 193 437; baseline 0 0"><span class='ocrx_word' id='word_1_1' title='bbox 97 382 193 437; x_wconf 72' lang='grc'><strong>525</strong></span> 
     </span>
    </p>
   </div>
   <div class='ocr_carea' id='block_1_2' title="bbox 486 377 2963 439">
    <p class='ocr_par' dir='ltr' id='par_1_2' title="bbox 486 377 2963 439">
     <span class='ocr_line' id='line_1_2' title="bbox 486 377 2963 439; baseline 0 -3"><span class='ocrx_word' id='word_1_2' title='bbox 486 380 656 436; x_wconf 83' lang='lat' dir='ltr'><strong>VITA</strong></span> <span class='ocrx_word' id='word_1_3' title='bbox 692 379 1135 436; x_wconf 80' lang='lat' dir='ltr'><strong>SANC’I‘ORUM</strong></span> <span class='ocrx_word' id='word_1_4' title='bbox 1168 381 1516 436; x_wconf 67' lang='lat' dir='ltr'><strong>BARLAAM</strong></span> <span class='ocrx_word' id='word_1_5' title='bbox 1557 378 1902 436; x_wconf 69' lang='lat' dir='ltr'><strong>EREMITIE</strong></span> <span class='ocrx_word' id='word_1_6' title='bbox 1941 379 2029 437; x_wconf 89' lang='lat' dir='ltr'>ET</span> <span class='ocrx_word' id='word_1_7' title='bbox 2064 378 2432 439; x_wconf 85' lang='lat' dir='ltr'><strong>JOSAPHAT</strong></span> <span class='ocrx_word' id='word_1_8' title='bbox 2470 377 2693 433; x_wconf 76' lang='lat' dir='ltr'><strong>INDUE</strong></span> <span class='ocrx_word' id='word_1_9' title='bbox 2732 380 2963 438; x_wconf 87' lang='lat' dir='ltr'><strong>REGIS.</strong></span> 
     </span>
    </p>
   </div>
   <div class='ocr_carea' id='block_1_3' title="bbox 3250 387 3361 459">
    <p class='ocr_par' dir='ltr' id='par_1_3' title="bbox 3250 387 3361 459">
     <span class='ocr_line' id='line_1_3' title="bbox 3250 387 3361 459; baseline 0.045 -5"><span class='ocrx_word' id='word_1_10' title='bbox 3250 387 3361 459; x_wconf 63' lang='grc'><strong>,526</strong></span> 
     </span>
    </p>
   </div>
   <div class='ocr_carea' id='block_1_4' title="bbox 96 504 3364 581">
    <p class='ocr_par' dir='ltr' id='par_1_4' title="bbox 96 504 3364 581">
     <span class='ocr_line' id='line_1_4' title="bbox 96 504 3364 581; baseline 0.001 -20"><span class='ocrx_word' id='word_1_11' title='bbox 96 509 163 561; x_wconf 87' lang='lat' dir='ltr'><strong>tis</strong></span> <span class='ocrx_word' id='word_1_12' title='bbox 192 508 374 560; x_wconf 88' lang='lat' dir='ltr'><strong>locum</strong></span> <span class='ocrx_word' id='word_1_13' title='bbox 402 506 788 577; x_wconf 86' lang='lat' dir='ltr'><strong>proﬁciscaris,</strong></span> <span class='ocrx_word' id='word_1_14' title='bbox 834 522 947 559; x_wconf 91' lang='lat' dir='ltr'><strong>non</strong></span> <span class='ocrx_word' id='word_1_15' title='bbox 978 507 1127 560; x_wconf 88' lang='lat' dir='ltr'><strong>ultra</strong></span> <span class='ocrx_word' id='word_1_16' title='bbox 1153 512 1208 561; x_wconf 90' lang='lat' dir='ltr'><strong>te</strong></span> <span class='ocrx_word' id='word_1_17' title='bbox 1237 506 1480 561; x_wconf 87' lang='lat' dir='ltr'><strong>retinere</strong></span> <span class='ocrx_word' id='word_1_18' title='bbox 1509 512 1678 578; x_wconf 86' lang='lat' dir='ltr'><strong>atque</strong></span> <span class='ocrx_word' id='word_1_19' title='bbox 1696 504 1991 567; x_wconf 79' lang='lat' dir='ltr'><strong>Abonum,</strong></span> <span class='ocrx_word' id='word_1_20' title='bbox 2022 506 2169 575; x_wconf 90' lang='lat' dir='ltr'><strong>quod</strong></span> <span class='ocrx_word' id='word_1_21' title='bbox 2191 512 2349 563; x_wconf 84' lang='lat' dir='ltr'><strong>tanta</strong></span> <span class='ocrx_word' id='word_1_22' title='bbox 2369 506 2618 565; x_wconf 88' lang='lat' dir='ltr'><strong>animum</strong></span> <span class='ocrx_word' id='word_1_23' title='bbox 2648 508 2932 578; x_wconf 78' lang='lat' dir='ltr'><strong>voluptate</strong></span> <span class='ocrx_word' id='word_1_24' title='bbox 2962 510 3364 581; x_wconf 69' lang='lat' dir='ltr'><strong>pei&#39;fundat,pt</strong></span> 
     </span>
    </p>
   </div>
   <div class='ocr_carea' id='block_1_5' title="bbox 98 595 1683 667">
    <p class='ocr_par' dir='ltr' id='par_1_5' title="bbox 98 595 1683 667">
     <span class='ocr_line' id='line_1_5' title="bbox 98 595 1683 667; baseline -0.001 -16"><span class='ocrx_word' id='word_1_25' title='bbox 98 595 491 667; x_wconf 89' lang='lat' dir='ltr'><strong>impedimento</strong></span> <span class='ocrx_word' id='word_1_26' title='bbox 529 595 628 648; x_wconf 83' lang='lat' dir='ltr'><strong>tibi</strong></span> <span class='ocrx_word' id='word_1_27' title='bbox 659 612 780 648; x_wconf 88' lang='lat' dir='ltr'><strong>esse</strong></span> <span class='ocrx_word' id='word_1_28' title='bbox 828 596 1027 648; x_wconf 82' lang='lat' dir='ltr'>audeo.</span> <span class='ocrx_word' id='word_1_29' title='bbox 1063 596 1167 649; x_wconf 82' lang='lat' dir='ltr'><strong>Abi</strong></span> <span class='ocrx_word' id='word_1_30' title='bbox 1197 596 1369 663; x_wconf 80' lang='lat' dir='ltr'><strong>igitur</strong></span> <span class='ocrx_word' id='word_1_31' title='bbox 1412 598 1509 650; x_wconf 86' lang='lat' dir='ltr'><strong>Dei</strong></span> <span class='ocrx_word' id='word_1_32' title='bbox 1552 614 1683 667; x_wconf 97' lang='lat' dir='ltr'><strong>pace</strong></span> 
     </span>
    </p>
   </div>
   <div class='ocr_carea' id='block_1_6' title="bbox 97 684 1685 757">
    <p class='ocr_par' dir='ltr' id='par_1_6' title="bbox 97 684 1685 757">
     <span class='ocr_line' id='line_1_6' title="bbox 97 684 1685 757; baseline -0.001 -18"><span class='ocrx_word' id='word_1_33' title='bbox 97 694 298 757; x_wconf 91' lang='lat' dir='ltr'><strong>septus,</strong></span> <span class='ocrx_word' id='word_1_34' title='bbox 333 702 399 739; x_wconf 88' lang='lat' dir='ltr'><strong>ac</strong></span> <span class='ocrx_word' id='word_1_35' title='bbox 427 701 563 737; x_wconf 68' lang='lat' dir='ltr'><strong>mete</strong></span> <span class='ocrx_word' id='word_1_36' title='bbox 606 684 846 739; x_wconf 65' lang='lat' dir='ltr'><strong>miseriae</strong></span> <span class='ocrx_word' id='word_1_37' title='bbox 876 685 933 738; x_wconf 90' lang='lat' dir='ltr'><strong>in</strong></span> <span class='ocrx_word' id='word_1_38' title='bbox 964 686 1241 755; x_wconf 79' lang='lat' dir='ltr'><strong>praeclaris</strong></span> <span class='ocrx_word' id='word_1_39' title='bbox 1268 686 1382 738; x_wconf 83' lang='lat' dir='ltr'><strong>tuis</strong></span> <span class='ocrx_word' id='word_1_40' title='bbox 1413 686 1483 739; x_wconf 86' lang='lat' dir='ltr'><strong>ad</strong></span> <span class='ocrx_word' id='word_1_41' title='bbox 1501 685 1685 739; x_wconf 91' lang='lat' dir='ltr'><strong>Domi-</strong></span> 
     </span>
    </p>
   </div>
   <div class='ocr_carea' id='block_1_7' title="bbox 99 773 1682 845">
    <p class='ocr_par' dir='ltr' id='par_1_7' title="bbox 99 773 1682 845">
     <span class='ocr_line' id='line_1_7' title="bbox 99 773 1682 845; baseline -0.001 -16"><span class='ocrx_word' id='word_1_42' title='bbox 99 792 225 829; x_wconf 91' lang='lat' dir='ltr'><strong>num</strong></span> <span class='ocrx_word' id='word_1_43' title='bbox 239 773 495 845; x_wconf 81' lang='lat' dir='ltr'><strong>precibus</strong></span> <span class='ocrx_word' id='word_1_44' title='bbox 516 774 843 827; x_wconf 81' lang='lat' dir='ltr'><strong>memoriam</strong></span> <span class='ocrx_word' id='word_1_45' title='bbox 862 791 932 827; x_wconf 90' lang='lat' dir='ltr'><strong>ne</strong></span> <span class='ocrx_word' id='word_1_46' title='bbox 953 774 1312 835; x_wconf 88' lang='lat' dir='ltr'><strong>intermittas,</strong></span> <span class='ocrx_word' id='word_1_47' title='bbox 1330 791 1440 844; x_wconf 91' lang='lat' dir='ltr'><strong>quo</strong></span> <span class='ocrx_word' id='word_1_48' title='bbox 1455 776 1682 828; x_wconf 82' lang='lat' dir='ltr'><strong>tandem</strong></span> 
     </span>
    </p>
   </div>
   <div class='ocr_carea' id='block_1_8' title="bbox 98 862 1681 934">
    <p class='ocr_par' dir='ltr' id='par_1_8' title="bbox 98 862 1681 934">
     <span class='ocr_line' id='line_1_8' title="bbox 98 862 1681 934; baseline -0.003 -15"><span class='ocrx_word' id='word_1_49' title='bbox 98 865 163 919; x_wconf 87' lang='lat' dir='ltr'><strong>ad</strong></span> <span class='ocrx_word' id='word_1_50' title='bbox 192 870 246 917; x_wconf 90' lang='lat' dir='ltr'><strong>te</strong></span> <span class='ocrx_word' id='word_1_51' title='bbox 276 862 568 934; x_wconf 80' lang='lat' dir='ltr'><strong>pervenire</strong></span> <span class='ocrx_word' id='word_1_52' title='bbox 593 880 657 916; x_wconf 91' lang='lat' dir='ltr'><strong>ac</strong></span> <span class='ocrx_word' id='word_1_53' title='bbox 690 863 889 917; x_wconf 81' lang='lat' dir='ltr'><strong>faciem</strong></span> <span class='ocrx_word' id='word_1_54' title='bbox 923 869 1079 917; x_wconf 88' lang='lat' dir='ltr'><strong>tuam</strong></span> <span class='ocrx_word' id='word_1_55' title='bbox 1114 864 1429 934; x_wconf 82' lang='lat' dir='ltr'><strong>perspicere</strong></span> <span class='ocrx_word' id='word_1_56' title='bbox 1462 881 1681 934; x_wconf 89' lang='lat' dir='ltr'><strong>queam.</strong></span> 
     </span>
    </p>
   </div>
   <div class='ocr_carea' id='block_1_9' title="bbox 164 953 1689 1024">
    <p class='ocr_par' dir='ltr' id='par_1_9' title="bbox 164 953 1689 1024">
     <span class='ocr_line' id='line_1_9' title="bbox 164 953 1689 1024; baseline -0.001 -17"><span class='ocrx_word' id='word_1_57' title='bbox 164 954 341 1007; x_wconf 89' lang='lat' dir='ltr'><strong>Unam</strong></span> <span class='ocrx_word' id='word_1_58' title='bbox 371 960 565 1007; x_wconf 89' lang='lat' dir='ltr'><strong>autem</strong></span> <span class='ocrx_word' id='word_1_59' title='bbox 592 968 712 1005; x_wconf 90' lang='lat' dir='ltr'><strong>rem</strong></span> <span class='ocrx_word' id='word_1_60' title='bbox 728 969 762 1005; x_wconf 89' lang='lat' dir='ltr'><strong>a</strong></span> <span class='ocrx_word' id='word_1_61' title='bbox 781 956 837 1005; x_wconf 86' lang='lat' dir='ltr'><strong>te</strong></span> <span class='ocrx_word' id='word_1_62' title='bbox 860 953 1099 1022; x_wconf 85' lang='lat' dir='ltr'><strong>postulo,</strong></span> <span class='ocrx_word' id='word_1_63' title='bbox 1132 953 1420 1013; x_wconf 84' lang='lat' dir='ltr'><strong>nimirum,</strong></span> <span class='ocrx_word' id='word_1_64' title='bbox 1455 959 1535 1017; x_wconf 91' lang='lat' dir='ltr'><strong>ut,</strong></span> <span class='ocrx_word' id='word_1_65' title='bbox 1556 970 1689 1024; x_wconf 84' lang='lat' dir='ltr'><strong>quo-</strong></span> 
     </span>
    </p>
   </div>
   <div class='ocr_carea' id='block_1_10' title="bbox 100 1040 1688 1113">
    <p class='ocr_par' dir='ltr' id='par_1_10' title="bbox 100 1040 1688 1113">
     <span class='ocr_line' id='line_1_10' title="bbox 100 1040 1688 1113; baseline -0.001 -16"><span class='ocrx_word' id='word_1_66' title='bbox 100 1043 244 1097; x_wconf 83' lang='lat' dir='ltr'><strong>niam</strong></span> <span class='ocrx_word' id='word_1_67' title='bbox 276 1059 377 1113; x_wconf 88' lang='lat' dir='ltr'><strong>pro</strong></span> <span class='ocrx_word' id='word_1_68' title='bbox 403 1042 518 1096; x_wconf 88' lang='lat' dir='ltr'><strong>tuis</strong></span> <span class='ocrx_word' id='word_1_69' title='bbox 534 1041 809 1111; x_wconf 67' lang='lat' dir='ltr'><strong>religiosa:</strong></span> <span class='ocrx_word' id='word_1_70' title='bbox 830 1041 955 1094; x_wconf 67' lang='lat' dir='ltr'><strong>vita!</strong></span> <span class='ocrx_word' id='word_1_71' title='bbox 969 1040 1251 1095; x_wconf 83' lang='lat' dir='ltr'><strong>sodalibus</strong></span> <span class='ocrx_word' id='word_1_72' title='bbox 1275 1042 1413 1094; x_wconf 89' lang='lat' dir='ltr'><strong>nihil</strong></span> <span class='ocrx_word' id='word_1_73' title='bbox 1439 1043 1688 1113; x_wconf 88' lang='lat' dir='ltr'><strong>accipere</strong></span> 
     </span>
    </p>
   </div>
   <div class='ocr_carea' id='block_1_11' title="bbox 101 1130 1688 1201">
    <p class='ocr_par' dir='ltr' id='par_1_11' title="bbox 101 1130 1688 1201">
     <span class='ocr_line' id='line_1_11' title="bbox 101 1130 1688 1201; baseline 0.001 -16"><span class='ocrx_word' id='word_1_74' title='bbox 101 1131 333 1196; x_wconf 86' lang='lat' dir='ltr'><strong>voluisti,</strong></span> <span class='ocrx_word' id='word_1_75' title='bbox 365 1133 568 1185; x_wconf 79' lang='lat' dir='ltr'><strong>saltem</strong></span> <span class='ocrx_word' id='word_1_76' title='bbox 592 1148 693 1201; x_wconf 90' lang='lat' dir='ltr'><strong>pro</strong></span> <span class='ocrx_word' id='word_1_77' title='bbox 730 1137 788 1184; x_wconf 89' lang='lat' dir='ltr'><strong>te</strong></span> <span class='ocrx_word' id='word_1_78' title='bbox 817 1130 1079 1200; x_wconf 83' lang='lat' dir='ltr'><strong>exiguum</strong></span> <span class='ocrx_word' id='word_1_79' title='bbox 1109 1130 1321 1201; x_wconf 89' lang='lat' dir='ltr'><strong>aliquid</strong></span> <span class='ocrx_word' id='word_1_80' title='bbox 1351 1131 1599 1201; x_wconf 63' lang='lat' dir='ltr'><strong>pecuniae</strong></span> <span class='ocrx_word' id='word_1_81' title='bbox 1629 1132 1688 1186; x_wconf 91' lang='lat' dir='ltr'><strong>in</strong></span> 
     </span>
    </p>
   </div>
   <div class='ocr_carea' id='block_1_12' title="bbox 103 1219 1687 1289">
    <p class='ocr_par' dir='ltr' id='par_1_12' title="bbox 103 1219 1687 1289">
     <span class='ocr_line' id='line_1_12' title="bbox 103 1219 1687 1289; baseline 0.001 -16"><span class='ocrx_word' id='word_1_82' title='bbox 103 1222 295 1275; x_wconf 90' lang='lat' dir='ltr'><strong>victum</strong></span> <span class='ocrx_word' id='word_1_83' title='bbox 322 1220 1087 1275; x_wconf 88' lang='lat' dir='ltr'><strong>acvesteminindumentum</strong></span> <span class='ocrx_word' id='word_1_84' title='bbox 1103 1219 1471 1289; x_wconf 89' lang='lat' dir='ltr'><strong>accipias.llle</strong></span> <span class='ocrx_word' id='word_1_85' title='bbox 1498 1228 1687 1274; x_wconf 86' lang='lat' dir='ltr'><strong>autem</strong></span> 
     </span>
    </p>
   </div>
   <div class='ocr_carea' id='block_1_13' title="bbox 101 1308 1690 1379">
    <p class='ocr_par' dir='ltr' id='par_1_13' title="bbox 101 1308 1690 1379">
     <span class='ocr_line' id='line_1_13' title="bbox 101 1308 1690 1379; baseline -0.001 -16"><span class='ocrx_word' id='word_1_86' title='bbox 101 1310 165 1363; x_wconf 89' lang='lat' dir='ltr'><strong>ad</strong></span> <span class='ocrx_word' id='word_1_87' title='bbox 194 1326 319 1363; x_wconf 89' lang='lat' dir='ltr'><strong>eum</strong></span> <span class='ocrx_word' id='word_1_88' title='bbox 351 1308 671 1379; x_wconf 87' lang='lat' dir='ltr'><strong>respondit:</strong></span> <span class='ocrx_word' id='word_1_89' title='bbox 693 1308 833 1362; x_wconf 91' lang='lat' dir='ltr'><strong>Cum</strong></span> <span class='ocrx_word' id='word_1_90' title='bbox 866 1325 966 1378; x_wconf 91' lang='lat' dir='ltr'><strong>pro</strong></span> <span class='ocrx_word' id='word_1_91' title='bbox 986 1308 1253 1361; x_wconf 82' lang='lat' dir='ltr'><strong>fratribus</strong></span> <span class='ocrx_word' id='word_1_92' title='bbox 1285 1308 1571 1361; x_wconf 89' lang='lat' dir='ltr'><strong>meisnihil</strong></span> <span class='ocrx_word' id='word_1_93' title='bbox 1590 1314 1690 1362; x_wconf 92' lang='lat' dir='ltr'><strong>ate</strong></span> 
     </span>
    </p>
   </div>
   <div class='ocr_carea' id='block_1_14' title="bbox 109 1396 1689 1469">
    <p class='ocr_par' dir='ltr' id='par_1_14' title="bbox 109 1396 1689 1469">
     <span class='ocr_line' id='line_1_14' title="bbox 109 1396 1689 1469; baseline 0 -19"><span class='ocrx_word' id='word_1_94' title='bbox 109 1397 405 1469; x_wconf 85' lang='lat' dir='ltr'><strong>acceperim</strong></span> <span class='ocrx_word' id='word_1_95' title='bbox 435 1399 635 1468; x_wconf 90' lang='lat' dir='ltr'><strong>(neque</strong></span> <span class='ocrx_word' id='word_1_96' title='bbox 665 1397 814 1451; x_wconf 90' lang='lat' dir='ltr'><strong>enim</strong></span> <span class='ocrx_word' id='word_1_97' title='bbox 839 1397 918 1451; x_wconf 86' lang='lat' dir='ltr'><strong>illi</strong></span> <span class='ocrx_word' id='word_1_98' title='bbox 950 1396 1161 1467; x_wconf 81' lang='lat' dir='ltr'><strong>aliquid</strong></span> <span class='ocrx_word' id='word_1_99' title='bbox 1191 1414 1257 1450; x_wconf 85' lang='lat' dir='ltr'><strong>ex</strong></span> <span class='ocrx_word' id='word_1_100' title='bbox 1295 1398 1465 1466; x_wconf 87' lang='lat' dir='ltr'><strong>hujus</strong></span> <span class='ocrx_word' id='word_1_101' title='bbox 1493 1398 1689 1451; x_wconf 89' lang='lat' dir='ltr'><strong>mundi</strong></span> 
     </span>
    </p>
   </div>
   <div class='ocr_carea' id='block_1_15' title="bbox 104 1486 1690 1557">
    <p class='ocr_par' dir='ltr' id='par_1_15' title="bbox 104 1486 1690 1557">
     <span class='ocr_line' id='line_1_15' title="bbox 104 1486 1690 1557; baseline -0.001 -16"><span class='ocrx_word' id='word_1_102' title='bbox 104 1487 319 1553; x_wconf 87' lang='lat' dir='ltr'><strong>rebus,a</strong></span> <span class='ocrx_word' id='word_1_103' title='bbox 334 1486 539 1557; x_wconf 82' lang='lat' dir='ltr'><strong>quibus</strong></span> <span class='ocrx_word' id='word_1_104' title='bbox 556 1487 703 1541; x_wconf 91' lang='lat' dir='ltr'><strong>ultro</strong></span> <span class='ocrx_word' id='word_1_105' title='bbox 723 1503 845 1540; x_wconf 89' lang='lat' dir='ltr'><strong>sese</strong></span> <span class='ocrx_word' id='word_1_106' title='bbox 863 1492 1242 1549; x_wconf 81' lang='lat' dir='ltr'><strong>removerunt,</strong></span> <span class='ocrx_word' id='word_1_107' title='bbox 1267 1487 1518 1556; x_wconf 90' lang='lat' dir='ltr'><strong>accipere</strong></span> <span class='ocrx_word' id='word_1_108' title='bbox 1549 1503 1690 1557; x_wconf 83' lang='lat' dir='ltr'><strong>Opus</strong></span> 
     </span>
    </p>
   </div>
   <div class='ocr_carea' id='block_1_16' title="bbox 106 1574 1684 1646">
    <p class='ocr_par' dir='ltr' id='par_1_16' title="bbox 106 1574 1684 1646">
     <span class='ocr_line' id='line_1_16' title="bbox 106 1574 1684 1646; baseline -0.001 -17"><span class='ocrx_word' id='word_1_109' title='bbox 106 1575 344 1644; x_wconf 81' lang='lat' dir='ltr'><strong>habent),</strong></span> <span class='ocrx_word' id='word_1_110' title='bbox 389 1592 635 1646; x_wconf 87' lang='lat' dir='ltr'><strong>quonam</strong></span> <span class='ocrx_word' id='word_1_111' title='bbox 668 1576 895 1629; x_wconf 85' lang='lat' dir='ltr'><strong>tandem</strong></span> <span class='ocrx_word' id='word_1_112' title='bbox 926 1580 1088 1645; x_wconf 86' lang='lat' dir='ltr'><strong>pacto</strong></span> <span class='ocrx_word' id='word_1_113' title='bbox 1118 1574 1255 1628; x_wconf 89' lang='lat' dir='ltr'><strong>mihi</strong></span> <span class='ocrx_word' id='word_1_114' title='bbox 1283 1576 1339 1628; x_wconf 90' lang='lat' dir='ltr'><strong>id</strong></span> <span class='ocrx_word' id='word_1_115' title='bbox 1374 1574 1684 1643; x_wconf 88' lang='lat' dir='ltr'><strong>acquiram,</strong></span> 
     </span>
    </p>
   </div>
   <div class='ocr_carea' id='block_1_17' title="bbox 107 1663 1689 1735">
    <p class='ocr_par' dir='ltr' id='par_1_17' title="bbox 107 1663 1689 1735">
     <span class='ocr_line' id='line_1_17' title="bbox 107 1663 1689 1735; baseline -0.002 -17"><span class='ocrx_word' id='word_1_116' title='bbox 107 1666 241 1735; x_wconf 90' lang='lat' dir='ltr'><strong>quod</strong></span> <span class='ocrx_word' id='word_1_117' title='bbox 264 1664 401 1735; x_wconf 86' lang='lat' dir='ltr'><strong>ipsis</strong></span> <span class='ocrx_word' id='word_1_118' title='bbox 429 1665 731 1719; x_wconf 77' lang='lat' dir='ltr'><strong>interdixi?</strong></span> <span class='ocrx_word' id='word_1_119' title='bbox 771 1665 915 1718; x_wconf 84' lang='lat' dir='ltr'><strong>Nam</strong></span> <span class='ocrx_word' id='word_1_120' title='bbox 949 1664 995 1718; x_wconf 89' lang='lat' dir='ltr'><strong>si</strong></span> <span class='ocrx_word' id='word_1_121' title='bbox 1028 1664 1390 1734; x_wconf 85' lang='lat' dir='ltr'><strong>pecuniarum</strong></span> <span class='ocrx_word' id='word_1_122' title='bbox 1414 1663 1689 1734; x_wconf 86' lang='lat' dir='ltr'><strong>possessio</strong></span> 
     </span>
    </p>
   </div>
   <div class='ocr_carea' id='block_1_18' title="bbox 106 1753 1687 1823">
    <p class='ocr_par' dir='ltr' id='par_1_18' title="bbox 106 1753 1687 1823">
     <span class='ocr_line' id='line_1_18' title="bbox 106 1753 1687 1823; baseline -0.001 -17"><span class='ocrx_word' id='word_1_123' title='bbox 106 1753 240 1809; x_wconf 88' lang='lat' dir='ltr'><strong>bona</strong></span> <span class='ocrx_word' id='word_1_124' title='bbox 266 1760 430 1820; x_wconf 86' lang='lat' dir='ltr'><strong>esset,</strong></span> <span class='ocrx_word' id='word_1_125' title='bbox 474 1754 587 1808; x_wconf 83' lang='lat' dir='ltr'><strong>illis</strong></span> <span class='ocrx_word' id='word_1_126' title='bbox 617 1760 765 1807; x_wconf 91' lang='lat' dir='ltr'><strong>certe</strong></span> <span class='ocrx_word' id='word_1_127' title='bbox 816 1759 947 1808; x_wconf 84' lang='lat' dir='ltr'><strong>ante</strong></span> <span class='ocrx_word' id='word_1_128' title='bbox 996 1770 1085 1807; x_wconf 89' lang='lat' dir='ltr'><strong>me</strong></span> <span class='ocrx_word' id='word_1_129' title='bbox 1131 1772 1225 1807; x_wconf 84' lang='lat' dir='ltr'><strong>eas</strong></span> <span class='ocrx_word' id='word_1_130' title='bbox 1268 1753 1687 1823; x_wconf 90' lang='lat' dir='ltr'><strong>impertiissem.</strong></span> 
     </span>
    </p>
   </div>
   <div class='ocr_carea' id='block_1_19' title="bbox 1766 595 3359 673">
    <p class='ocr_par' dir='ltr' id='par_1_19' title="bbox 1766 595 3359 673">
     <span class='ocr_line' id='line_1_19' title="bbox 1766 595 3359 673; baseline 0.003 -24"><span class='ocrx_word' id='word_1_131' title='bbox 1766 596 1916 649; x_wconf 86' lang='lat' dir='ltr'><strong>Deus</strong></span> <span class='ocrx_word' id='word_1_132' title='bbox 1946 612 2004 648; x_wconf 89' lang='lat' dir='ltr'><strong>se</strong></span> <span class='ocrx_word' id='word_1_133' title='bbox 2028 595 2209 665; x_wconf 87' lang='lat' dir='ltr'><strong>ipsum</strong></span> <span class='ocrx_word' id='word_1_134' title='bbox 2234 595 2303 647; x_wconf 88' lang='lat' dir='ltr'><strong>iis</strong></span> <span class='ocrx_word' id='word_1_135' title='bbox 2334 613 2367 649; x_wconf 87' lang='lat' dir='ltr'><strong>a</strong></span> <span class='ocrx_word' id='word_1_136' title='bbox 2397 596 2598 664; x_wconf 84' lang='lat' dir='ltr'><strong>quibus</strong></span> <span class='ocrx_word' id='word_1_137' title='bbox 2628 596 2881 666; x_wconf 86' lang='lat' dir='ltr'><strong>diligitur</strong></span> <span class='ocrx_word' id='word_1_138' title='bbox 2905 600 3154 659; x_wconf 87' lang='lat' dir='ltr'><strong>donans:</strong></span> <span class='ocrx_word' id='word_1_139' title='bbox 3198 604 3359 673; x_wconf 74' lang='lat' dir='ltr'><strong>cujus</strong></span> 
     </span>
    </p>
   </div>
   <div class='ocr_carea' id='block_1_20' title="bbox 1768 684 3361 763">
    <p class='ocr_par' dir='ltr' id='par_1_20' title="bbox 1768 684 3361 763">
     <span class='ocr_line' id='line_1_20' title="bbox 1768 684 3361 763; baseline 0.001 -26"><span class='ocrx_word' id='word_1_140' title='bbox 1768 692 1824 737; x_wconf 88' lang='lat' dir='ltr'><strong>et</strong></span> <span class='ocrx_word' id='word_1_141' title='bbox 1851 684 2207 753; x_wconf 84' lang='lat' dir='ltr'><strong>pulchritudo</strong></span> <span class='ocrx_word' id='word_1_142' title='bbox 2240 701 2497 741; x_wconf 85' lang='lat' dir='ltr'><strong>sermone</strong></span> <span class='ocrx_word' id='word_1_143' title='bbox 2529 686 2682 738; x_wconf 91' lang='lat' dir='ltr'><strong>omni</strong></span> <span class='ocrx_word' id='word_1_144' title='bbox 2706 689 3062 755; x_wconf 65' lang='lat' dir='ltr'><strong>praestantior</strong></span> <span class='ocrx_word' id='word_1_145' title='bbox 3078 696 3247 759; x_wconf 53' lang='lat' dir='ltr'><strong>estet</strong></span> <span class='ocrx_word' id='word_1_146' title='bbox 3262 709 3361 763; x_wconf 83' lang='lat' dir='ltr'><strong>po-</strong></span> 
     </span>
    </p>
   </div>
   <div class='ocr_carea' id='block_1_21' title="bbox 1766 773 3364 848">
    <p class='ocr_par' dir='ltr' id='par_1_21' title="bbox 1766 773 3364 848">
     <span class='ocr_line' id='line_1_21' title="bbox 1766 773 3364 848; baseline 0.006 -22"><span class='ocrx_word' id='word_1_147' title='bbox 1766 773 1945 826; x_wconf 86' lang='lat' dir='ltr'><strong>tentia</strong></span> <span class='ocrx_word' id='word_1_148' title='bbox 1971 774 2194 831; x_wconf 85' lang='lat' dir='ltr'><strong>invicta,</strong></span> <span class='ocrx_word' id='word_1_149' title='bbox 2229 778 2284 829; x_wconf 87' lang='lat' dir='ltr'><strong>et</strong></span> <span class='ocrx_word' id='word_1_150' title='bbox 2310 774 2925 844; x_wconf 77' lang='lat' dir='ltr'><strong>gloriasempiterna,et</strong></span> <span class='ocrx_word' id='word_1_151' title='bbox 2953 780 3112 848; x_wconf 86' lang='lat' dir='ltr'><strong>cujus</strong></span> <span class='ocrx_word' id='word_1_152' title='bbox 3130 780 3273 836; x_wconf 84' lang='lat' dir='ltr'><strong>bona</strong></span> <span class='ocrx_word' id='word_1_153' title='bbox 3295 797 3364 835; x_wconf 86' lang='lat' dir='ltr'><strong>ea</strong></span> 
     </span>
    </p>
   </div>
   <div class='ocr_carea' id='block_1_22' title="bbox 1770 862 3362 939">
    <p class='ocr_par' dir='ltr' id='par_1_22' title="bbox 1770 862 3362 939">
     <span class='ocr_line' id='line_1_22' title="bbox 1770 862 3362 939; baseline 0.008 -24"><span class='ocrx_word' id='word_1_154' title='bbox 1770 878 1891 931; x_wconf 65' lang='lat' dir='ltr'><strong>quin</strong></span> <span class='ocrx_word' id='word_1_155' title='bbox 1919 862 2094 932; x_wconf 83' lang='lat' dir='ltr'><strong>ipsius</strong></span> <span class='ocrx_word' id='word_1_156' title='bbox 2132 862 2341 916; x_wconf 86' lang='lat' dir='ltr'><strong>amicos</strong></span> <span class='ocrx_word' id='word_1_157' title='bbox 2372 868 2621 925; x_wconf 83' lang='lat' dir='ltr'><strong>manent,</strong></span> <span class='ocrx_word' id='word_1_158' title='bbox 2656 866 2845 919; x_wconf 86' lang='lat' dir='ltr'><strong>omnia</strong></span> <span class='ocrx_word' id='word_1_159' title='bbox 2876 884 2998 936; x_wconf 70' lang='lat' dir='ltr'><strong>quae</strong></span> <span class='ocrx_word' id='word_1_160' title='bbox 3037 870 3211 925; x_wconf 89' lang='lat' dir='ltr'><strong>oculis</strong></span> <span class='ocrx_word' id='word_1_161' title='bbox 3238 887 3362 939; x_wconf 67' lang='lat' dir='ltr'><strong>cer-</strong></span> 
     </span>
    </p>
   </div>
   <div class='ocr_carea' id='block_1_23' title="bbox 1770 950 3364 1026">
    <p class='ocr_par' dir='ltr' id='par_1_23' title="bbox 1770 950 3364 1026">
     <span class='ocr_line' id='line_1_23' title="bbox 1770 950 3364 1026; baseline 0.008 -24"><span class='ocrx_word' id='word_1_162' title='bbox 1770 957 1985 1003; x_wconf 91' lang='lat' dir='ltr'><strong>nuntur</strong></span> <span class='ocrx_word' id='word_1_163' title='bbox 2006 950 2537 1021; x_wconf 86' lang='lat' dir='ltr'><strong>imcomparabiliter</strong></span> <span class='ocrx_word' id='word_1_164' title='bbox 2579 954 2922 1008; x_wconf 83' lang='lat' dir='ltr'><strong>antecellunt</strong></span> <span class='ocrx_word' id='word_1_165' title='bbox 2954 974 2964 1008; x_wconf 91' lang='lat'><strong>:</strong></span> <span class='ocrx_word' id='word_1_166' title='bbox 2997 973 3119 1026; x_wconf 73' lang='lat' dir='ltr'><strong>quae</strong></span> <span class='ocrx_word' id='word_1_167' title='bbox 3167 960 3364 1019; x_wconf 74' lang='lat' dir='ltr'><strong>oculus</strong></span> 
     </span>
    </p>
   </div>
   <div class='ocr_carea' id='block_1_24' title="bbox 1772 1039 3365 1112">
    <p class='ocr_par' dir='ltr' id='par_1_24' title="bbox 1772 1039 3365 1112">
     <span class='ocr_line' id='line_1_24' title="bbox 1772 1039 3365 1112; baseline 0.005 -19"><span class='ocrx_word' id='word_1_168' title='bbox 1772 1055 1883 1093; x_wconf 90' lang='lat' dir='ltr'><strong>non</strong></span> <span class='ocrx_word' id='word_1_169' title='bbox 1923 1039 2076 1102; x_wconf 85' lang='lat' dir='ltr'><strong>vidit,</strong></span> <span class='ocrx_word' id='word_1_170' title='bbox 2111 1056 2214 1097; x_wconf 90' lang='lat' dir='ltr'><strong>nec</strong></span> <span class='ocrx_word' id='word_1_171' title='bbox 2251 1040 2404 1094; x_wconf 85' lang='lat' dir='ltr'><strong>auris</strong></span> <span class='ocrx_word' id='word_1_172' title='bbox 2445 1040 2672 1105; x_wconf 85' lang='lat' dir='ltr'><strong>audivit,</strong></span> <span class='ocrx_word' id='word_1_173' title='bbox 2717 1060 2817 1098; x_wconf 90' lang='lat' dir='ltr'><strong>nec</strong></span> <span class='ocrx_word' id='word_1_174' title='bbox 2867 1044 2926 1099; x_wconf 94' lang='lat' dir='ltr'><strong>in</strong></span> <span class='ocrx_word' id='word_1_175' title='bbox 2981 1062 3077 1101; x_wconf 90' lang='lat' dir='ltr'><strong>cor</strong></span> <span class='ocrx_word' id='word_1_176' title='bbox 3116 1047 3365 1112; x_wconf 78' lang='lat' dir='ltr'><strong>hominis</strong></span> 
     </span>
    </p>
   </div>
   <div class='ocr_carea' id='block_1_25' title="bbox 1771 1116 3367 1205">
    <p class='ocr_par' dir='ltr' id='par_1_25' title="bbox 1771 1116 3367 1205">
     <span class='ocr_line' id='line_1_25' title="bbox 1771 1116 3367 1205; baseline 0.007 -25"><span class='ocrx_word' id='word_1_177' title='bbox 1771 1127 2145 1182; x_wconf 87' lang='lat' dir='ltr'><strong>ascenderunt</strong></span> <span class='ocrx_word' id='word_1_178' title='bbox 2176 1129 2223 1197; x_wconf 91' lang='grc' dir='ltr'><strong>(Ῑ</strong></span> <span class='ocrx_word' id='word_1_179' title='bbox 2247 1128 2364 1181; x_wconf 81' lang='lat' dir='ltr'><strong>Cor.</strong></span> <span class='ocrx_word' id='word_1_180' title='bbox 2394 1130 2448 1196; x_wconf 85' lang='grc' dir='ltr'><strong>ιι)</strong></span> <span class='ocrx_word' id='word_1_181' title='bbox 2479 1129 2503 1182; x_wconf 76' lang='lat' dir='ltr'><em>&#39;I</em></span> <span class='ocrx_word' id='word_1_182' title='bbox 2542 1130 2792 1195; x_wconf 85' lang='lat' dir='ltr'><strong>Quorum</strong></span> <span class='ocrx_word' id='word_1_183' title='bbox 2824 1132 3039 1191; x_wconf 84' lang='lat' dir='ltr'><strong>utinam</strong></span> <span class='ocrx_word' id='word_1_184' title='bbox 3068 1135 3173 1201; x_wconf 72' lang='lat' dir='ltr'><strong>tibi</strong></span> <span class='ocrx_word' id='word_1_185' title='bbox 3200 1116 3367 1205; x_wconf 72' lang='lat' dir='ltr'><strong>robu-</strong></span> 
     </span>
    </p>
   </div>
   <div class='ocr_carea' id='block_1_26' title="bbox 1771 1216 3367 1295">
    <p class='ocr_par' dir='ltr' id='par_1_26' title="bbox 1771 1216 3367 1295">
     <span class='ocr_line' id='line_1_26' title="bbox 1771 1216 3367 1295; baseline 0.006 -26"><span class='ocrx_word' id='word_1_186' title='bbox 1771 1216 2017 1270; x_wconf 89' lang='lat' dir='ltr'><strong>stissima</strong></span> <span class='ocrx_word' id='word_1_187' title='bbox 2038 1216 2139 1273; x_wconf 86' lang='lat' dir='ltr'><strong>Dei</strong></span> <span class='ocrx_word' id='word_1_188' title='bbox 2172 1234 2342 1271; x_wconf 84' lang='lat' dir='ltr'><strong>manu</strong></span> <span class='ocrx_word' id='word_1_189' title='bbox 2374 1223 2532 1288; x_wconf 90' lang='lat' dir='ltr'><strong>septo</strong></span> <span class='ocrx_word' id='word_1_190' title='bbox 2579 1236 2645 1275; x_wconf 87' lang='lat' dir='ltr'><strong>ac</strong></span> <span class='ocrx_word' id='word_1_191' title='bbox 2670 1220 2889 1275; x_wconf 91' lang='lat' dir='ltr'><strong>munito</strong></span> <span class='ocrx_word' id='word_1_192' title='bbox 2936 1222 3217 1295; x_wconf 72' lang='lat' dir='ltr'><strong>haeredem</strong></span> <span class='ocrx_word' id='word_1_193' title='bbox 3246 1242 3367 1293; x_wconf 81' lang='lat' dir='ltr'><strong>esse</strong></span> 
     </span>
    </p>
   </div>
   <div class='ocr_carea' id='block_1_27' title="bbox 1773 1305 2110 1374">
    <p class='ocr_par' dir='ltr' id='par_1_27' title="bbox 1773 1305 2110 1374">
     <span class='ocr_line' id='line_1_27' title="bbox 1773 1305 2110 1374; baseline 0.003 -17"><span class='ocrx_word' id='word_1_194' title='bbox 1773 1305 2064 1374; x_wconf 81' lang='lat' dir='ltr'><strong>contingat</strong></span> <span class='ocrx_word' id='word_1_195' title='bbox 2098 1306 2110 1357; x_wconf 88' lang='lat'><strong>!</strong></span> 
     </span>
    </p>
   </div>
   <div class='ocr_carea' id='block_1_28' title="bbox 1843 1394 3367 1481">
    <p class='ocr_par' dir='ltr' id='par_1_28' title="bbox 1843 1394 3367 1481">
     <span class='ocr_line' id='line_1_28' title="bbox 1843 1394 3367 1481; baseline 0.008 -35"><span class='ocrx_word' id='word_1_196' title='bbox 1843 1394 2012 1463; x_wconf 81' lang='lat' dir='ltr'><strong>Regis</strong></span> <span class='ocrx_word' id='word_1_197' title='bbox 2042 1400 2231 1448; x_wconf 89' lang='lat' dir='ltr'><strong>autem</strong></span> <span class='ocrx_word' id='word_1_198' title='bbox 2260 1396 2409 1450; x_wconf 84' lang='lat' dir='ltr'><strong>ﬁlius</strong></span> <span class='ocrx_word' id='word_1_199' title='bbox 2431 1397 2695 1467; x_wconf 82' lang='lat' dir='ltr'><strong>lacrymis</strong></span> <span class='ocrx_word' id='word_1_200' title='bbox 2724 1396 3000 1468; x_wconf 71' lang='lat' dir='ltr'><strong>perfusus,</strong></span> <span class='ocrx_word' id='word_1_201' title='bbox 3035 1398 3367 1481; x_wconf 62' lang='lat' dir='ltr'><strong>angebatur,</strong></span> 
     </span>
    </p>
   </div>
   <div class='ocr_carea' id='block_1_29' title="bbox 1771 1486 3371 1559">
    <p class='ocr_par' dir='ltr' id='par_1_29' title="bbox 1771 1486 3371 1559">
     <span class='ocr_line' id='line_1_29' title="bbox 1771 1486 3371 1559; baseline 0.007 -24"><span class='ocrx_word' id='word_1_202' title='bbox 1771 1499 1837 1535; x_wconf 87' lang='lat' dir='ltr'><strong>ac</strong></span> <span class='ocrx_word' id='word_1_203' title='bbox 1867 1500 2087 1537; x_wconf 88' lang='lat' dir='ltr'><strong>summa</strong></span> <span class='ocrx_word' id='word_1_204' title='bbox 2116 1486 2373 1541; x_wconf 87' lang='lat' dir='ltr'><strong>molestia</strong></span> <span class='ocrx_word' id='word_1_205' title='bbox 2402 1486 2768 1555; x_wconf 82' lang='lat' dir='ltr'><strong>afﬁciebatur,</strong></span> <span class='ocrx_word' id='word_1_206' title='bbox 2802 1494 2866 1543; x_wconf 92' lang='lat' dir='ltr'><strong>ut</strong></span> <span class='ocrx_word' id='word_1_207' title='bbox 2894 1489 2987 1559; x_wconf 90' lang='lat' dir='ltr'><strong>qui</strong></span> <span class='ocrx_word' id='word_1_208' title='bbox 3009 1490 3078 1545; x_wconf 87' lang='lat' dir='ltr'><strong>ab</strong></span> <span class='ocrx_word' id='word_1_209' title='bbox 3105 1491 3371 1551; x_wconf 87' lang='lat' dir='ltr'><strong>amantis-</strong></span> 
     </span>
    </p>
   </div>
   <div class='ocr_carea' id='block_1_30' title="bbox 1773 1572 3374 1651">
    <p class='ocr_par' dir='ltr' id='par_1_30' title="bbox 1773 1572 3374 1651">
     <span class='ocr_line' id='line_1_30' title="bbox 1773 1572 3374 1651; baseline 0.006 -27"><span class='ocrx_word' id='word_1_210' title='bbox 1773 1572 1914 1625; x_wconf 88' lang='lat' dir='ltr'><strong>simo</strong></span> <span class='ocrx_word' id='word_1_211' title='bbox 1938 1579 2096 1642; x_wconf 88' lang='lat' dir='ltr'><strong>patre</strong></span> <span class='ocrx_word' id='word_1_212' title='bbox 2125 1592 2189 1629; x_wconf 85' lang='lat' dir='ltr'><strong>ac</strong></span> <span class='ocrx_word' id='word_1_213' title='bbox 2206 1576 2672 1643; x_wconf 70' lang='lat' dir='ltr'><strong>praestantissimo</strong></span> <span class='ocrx_word' id='word_1_214' title='bbox 2698 1578 2970 1647; x_wconf 84' lang='lat' dir='ltr'><strong>magistro</strong></span> <span class='ocrx_word' id='word_1_215' title='bbox 3000 1580 3242 1651; x_wconf 88' lang='lat' dir='ltr'><strong>relinqui</strong></span> <span class='ocrx_word' id='word_1_216' title='bbox 3268 1581 3374 1637; x_wconf 92' lang='lat' dir='ltr'><strong>mi-</strong></span> 
     </span>
    </p>
   </div>
   <div class='ocr_carea' id='block_1_31' title="bbox 1773 1661 3369 1739">
    <p class='ocr_par' dir='ltr' id='par_1_31' title="bbox 1773 1661 3369 1739">
     <span class='ocr_line' id='line_1_31' title="bbox 1773 1661 3369 1739; baseline 0.008 -26"><span class='ocrx_word' id='word_1_217' title='bbox 1773 1661 1925 1714; x_wconf 90' lang='lat' dir='ltr'><strong>nime</strong></span> <span class='ocrx_word' id='word_1_218' title='bbox 1973 1662 2297 1717; x_wconf 84' lang='lat' dir='ltr'><strong>sustineret.</strong></span> <span class='ocrx_word' id='word_1_219' title='bbox 2333 1665 2402 1723; x_wconf 84' lang='lat' dir='ltr'><strong>Et</strong></span> <span class='ocrx_word' id='word_1_220' title='bbox 2438 1665 2716 1734; x_wconf 88' lang='lat' dir='ltr'><strong>quisnam,</strong></span> <span class='ocrx_word' id='word_1_221' title='bbox 2773 1666 3086 1738; x_wconf 73' lang='lat' dir='ltr'><strong>inquiebat,</strong></span> <span class='ocrx_word' id='word_1_222' title='bbox 3120 1686 3152 1727; x_wconf 90' lang='grc' dir='ltr'>ο</span> <span class='ocrx_word' id='word_1_223' title='bbox 3180 1670 3369 1739; x_wconf 72' lang='lat' dir='ltr'><strong>Pater,</strong></span> 
     </span>
    </p>
   </div>
   <div class='ocr_carea' id='block_1_32' title="bbox 1774 1752 3373 1828">
    <p class='ocr_par' dir='ltr' id='par_1_32' title="bbox 1774 1752 3373 1828">
     <span class='ocr_line' id='line_1_32' title="bbox 1774 1752 3373 1828; baseline 0.006 -26"><span class='ocrx_word' id='word_1_224' title='bbox 1774 1756 1899 1803; x_wconf 85' lang='lat' dir='ltr'><strong>tuas</strong></span> <span class='ocrx_word' id='word_1_225' title='bbox 1930 1758 2119 1820; x_wconf 87' lang='lat' dir='ltr'><strong>partes</strong></span> <span class='ocrx_word' id='word_1_226' title='bbox 2149 1752 2417 1822; x_wconf 76' lang='lat' dir='ltr'><strong>explebit?</strong></span> <span class='ocrx_word' id='word_1_227' title='bbox 2456 1760 2555 1807; x_wconf 86' lang='lat' dir='ltr'><strong>aut</strong></span> <span class='ocrx_word' id='word_1_228' title='bbox 2591 1771 2758 1824; x_wconf 88' lang='lat' dir='ltr'><strong>quem</strong></span> <span class='ocrx_word' id='word_1_229' title='bbox 2787 1756 3015 1821; x_wconf 86' lang='lat' dir='ltr'><strong>tandem</strong></span> <span class='ocrx_word' id='word_1_230' title='bbox 3046 1757 3373 1828; x_wconf 75' lang='lat' dir='ltr'><strong>hujusniodi</strong></span> 
     </span>
    </p>
   </div>
   <div class='ocr_carea' id='block_1_33' title="bbox 107 1841 3373 1923">
    <p class='ocr_par' dir='ltr' id='par_1_33' title="bbox 107 1841 3373 1923">
     <span class='ocr_line' id='line_1_33' title="bbox 107 1841 3373 1923; baseline 0.002 -26"><span class='ocrx_word' id='word_1_231' title='bbox 107 1843 368 1907; x_wconf 86' lang='lat' dir='ltr'><strong>Quoniam</strong></span> <span class='ocrx_word' id='word_1_232' title='bbox 394 1849 586 1897; x_wconf 90' lang='lat' dir='ltr'><strong>autem</strong></span> <span class='ocrx_word' id='word_1_233' title='bbox 609 1843 898 1897; x_wconf 83' lang='lat' dir='ltr'><strong>exitiosam</strong></span> <span class='ocrx_word' id='word_1_234' title='bbox 922 1859 1117 1897; x_wconf 88' lang='lat' dir='ltr'><strong>earum</strong></span> <span class='ocrx_word' id='word_1_235' title='bbox 1138 1843 1546 1912; x_wconf 85' lang='lat' dir='ltr'><strong>possessionem</strong></span> <span class='ocrx_word' id='word_1_236' title='bbox 1570 1858 1691 1896; x_wconf 88' lang='lat' dir='ltr'><strong>esse</strong></span> <span class='ocrx_word' id='word_1_237' title='bbox 1713 1865 1755 1923; x_wconf 78' lang='grc' dir='ltr'>Β</span> <span class='ocrx_word' id='word_1_238' title='bbox 1775 1846 2055 1908; x_wconf 80' lang='lat' dir='ltr'><strong>pastorem</strong></span> <span class='ocrx_word' id='word_1_239' title='bbox 2079 1858 2145 1894; x_wconf 89' lang='lat' dir='ltr'><strong>ac</strong></span> <span class='ocrx_word' id='word_1_240' title='bbox 2173 1841 2371 1899; x_wconf 88' lang='lat' dir='ltr'><strong>ducem</strong></span> <span class='ocrx_word' id='word_1_241' title='bbox 2397 1844 2662 1913; x_wconf 90' lang='lat' dir='ltr'><strong>consequi</strong></span> <span class='ocrx_word' id='word_1_242' title='bbox 2691 1845 2921 1914; x_wconf 78' lang='lat' dir='ltr'><strong>potero?</strong></span> <span class='ocrx_word' id='word_1_243' title='bbox 2951 1851 3007 1899; x_wconf 90' lang='lat' dir='ltr'><strong>et</strong></span> <span class='ocrx_word' id='word_1_244' title='bbox 3021 1863 3265 1917; x_wconf 88' lang='lat' dir='ltr'><strong>quonam</strong></span> <span class='ocrx_word' id='word_1_245' title='bbox 3289 1866 3373 1902; x_wconf 79' lang='lat' dir='ltr'><strong>so-</strong></span> 
     </span>
    </p>
   </div>
   <div class='ocr_carea' id='block_1_34' title="bbox 105 1931 1689 2002">
    <p class='ocr_par' dir='ltr' id='par_1_34' title="bbox 105 1931 1689 2002">
     <span class='ocr_line' id='line_1_34' title="bbox 105 1931 1689 2002; baseline 0.001 -18"><span class='ocrx_word' id='word_1_246' title='bbox 105 1931 226 1997; x_wconf 86' lang='lat' dir='ltr'><strong>scio,</strong></span> <span class='ocrx_word' id='word_1_247' title='bbox 255 1948 356 1987; x_wconf 89' lang='lat' dir='ltr'><strong>nec</strong></span> <span class='ocrx_word' id='word_1_248' title='bbox 381 1932 528 1998; x_wconf 92' lang='lat' dir='ltr'><strong>illos,</strong></span> <span class='ocrx_word' id='word_1_249' title='bbox 561 1949 664 1987; x_wconf 89' lang='lat' dir='ltr'><strong>nec</strong></span> <span class='ocrx_word' id='word_1_250' title='bbox 692 1949 781 1986; x_wconf 92' lang='lat' dir='ltr'><strong>me</strong></span> <span class='ocrx_word' id='word_1_251' title='bbox 808 1932 946 1986; x_wconf 86' lang='lat' dir='ltr'><strong>item</strong></span> <span class='ocrx_word' id='word_1_252' title='bbox 980 1932 1305 2002; x_wconf 88' lang='lat' dir='ltr'><strong>hujusmodi</strong></span> <span class='ocrx_word' id='word_1_253' title='bbox 1334 1931 1551 2001; x_wconf 89' lang='lat' dir='ltr'><strong>laqueis</strong></span> <span class='ocrx_word' id='word_1_254' title='bbox 1583 1931 1689 1985; x_wconf 89' lang='lat' dir='ltr'><strong>im-</strong></span> 
     </span>
    </p>
   </div>
   <div class='ocr_carea' id='block_1_35' title="bbox 107 2020 354 2089">
    <p class='ocr_par' dir='ltr' id='par_1_35' title="bbox 107 2020 354 2089">
     <span class='ocr_line' id='line_1_35' title="bbox 107 2020 354 2089; baseline 0.016 -16"><span class='ocrx_word' id='word_1_255' title='bbox 107 2020 294 2089; x_wconf 88' lang='lat' dir='ltr'><strong>plicato</strong></span> <span class='ocrx_word' id='word_1_256' title='bbox 312 2021 331 2055; x_wconf 69' lang='grc'>³</span> <span class='ocrx_word' id='word_1_257' title='bbox 342 2063 354 2076; x_wconf 94' lang='grc'><strong>.</strong></span> 
     </span>
    </p>
   </div>
   <div class='ocr_carea' id='block_1_36' title="bbox 171 2108 1692 2180">
    <p class='ocr_par' dir='ltr' id='par_1_36' title="bbox 171 2108 1692 2180">
     <span class='ocr_line' id='line_1_36' title="bbox 171 2108 1692 2180; baseline -0.001 -17"><span class='ocrx_word' id='word_1_258' title='bbox 171 2110 302 2163; x_wconf 90' lang='lat' dir='ltr'><strong>Cum</strong></span> <span class='ocrx_word' id='word_1_259' title='bbox 330 2109 511 2180; x_wconf 83' lang='lat' dir='ltr'><strong>igitur</strong></span> <span class='ocrx_word' id='word_1_260' title='bbox 538 2126 608 2165; x_wconf 88' lang='lat' dir='ltr'><strong>ne</strong></span> <span class='ocrx_word' id='word_1_261' title='bbox 636 2110 741 2164; x_wconf 87' lang='lat' dir='ltr'><strong>hoc</strong></span> <span class='ocrx_word' id='word_1_262' title='bbox 764 2126 985 2180; x_wconf 90' lang='lat' dir='ltr'><strong>quoque</strong></span> <span class='ocrx_word' id='word_1_263' title='bbox 998 2109 1105 2180; x_wconf 88' lang='lat' dir='ltr'><strong>ipsi</strong></span> <span class='ocrx_word' id='word_1_264' title='bbox 1126 2110 1463 2180; x_wconf 85' lang='lat' dir='ltr'><strong>persuadere</strong></span> <span class='ocrx_word' id='word_1_265' title='bbox 1482 2108 1692 2180; x_wconf 84' lang='lat' dir='ltr'><strong>potuis—</strong></span> 
     </span>
    </p>
   </div>
   <div class='ocr_carea' id='block_1_37' title="bbox 110 2198 1683 2268">
    <p class='ocr_par' dir='ltr' id='par_1_37' title="bbox 110 2198 1683 2268">
     <span class='ocr_line' id='line_1_37' title="bbox 110 2198 1683 2268; baseline -0.001 -16"><span class='ocrx_word' id='word_1_266' title='bbox 110 2203 199 2263; x_wconf 83' lang='lat' dir='ltr'><strong>set,</strong></span> <span class='ocrx_word' id='word_1_267' title='bbox 218 2198 284 2252; x_wconf 89' lang='lat' dir='ltr'><strong>ad</strong></span> <span class='ocrx_word' id='word_1_268' title='bbox 305 2198 543 2255; x_wconf 85' lang='lat' dir='ltr'><strong>alteram</strong></span> <span class='ocrx_word' id='word_1_269' title='bbox 567 2198 895 2268; x_wconf 88' lang='lat' dir='ltr'><strong>petitionem</strong></span> <span class='ocrx_word' id='word_1_270' title='bbox 920 2212 1146 2253; x_wconf 89' lang='lat' dir='ltr'><strong>rursum</strong></span> <span class='ocrx_word' id='word_1_271' title='bbox 1166 2216 1225 2253; x_wconf 90' lang='lat' dir='ltr'><strong>se</strong></span> <span class='ocrx_word' id='word_1_272' title='bbox 1249 2198 1683 2268; x_wconf 86' lang='lat' dir='ltr'><strong>convertit,sup-</strong></span> 
     </span>
    </p>
   </div>
   <div class='ocr_carea' id='block_1_38' title="bbox 108 2286 1690 2359">
    <p class='ocr_par' dir='ltr' id='par_1_38' title="bbox 108 2286 1690 2359">
     <span class='ocr_line' id='line_1_38' title="bbox 108 2286 1690 2359; baseline -0.003 -16"><span class='ocrx_word' id='word_1_273' title='bbox 108 2289 325 2359; x_wconf 83' lang='lat' dir='ltr'><strong>plexque</strong></span> <span class='ocrx_word' id='word_1_274' title='bbox 354 2288 423 2344; x_wconf 88' lang='lat' dir='ltr'><strong>ab</strong></span> <span class='ocrx_word' id='word_1_275' title='bbox 454 2305 524 2344; x_wconf 89' lang='lat' dir='ltr'><strong>eo</strong></span> <span class='ocrx_word' id='word_1_276' title='bbox 553 2288 714 2359; x_wconf 87' lang='lat' dir='ltr'><strong>petiit</strong></span> <span class='ocrx_word' id='word_1_277' title='bbox 740 2304 810 2343; x_wconf 89' lang='lat' dir='ltr'><strong>ne</strong></span> <span class='ocrx_word' id='word_1_278' title='bbox 834 2304 1022 2358; x_wconf 88' lang='lat' dir='ltr'><strong>preces</strong></span> <span class='ocrx_word' id='word_1_279' title='bbox 1046 2304 1175 2342; x_wconf 90' lang='lat' dir='ltr'><strong>suas</strong></span> <span class='ocrx_word' id='word_1_280' title='bbox 1193 2287 1423 2342; x_wconf 89' lang='lat' dir='ltr'><strong>omnino</strong></span> <span class='ocrx_word' id='word_1_281' title='bbox 1443 2286 1690 2355; x_wconf 86' lang='lat' dir='ltr'><strong>neglige-</strong></span> 
     </span>
    </p>
   </div>
   <div class='ocr_carea' id='block_1_39' title="bbox 106 2376 1689 2447">
    <p class='ocr_par' dir='ltr' id='par_1_39' title="bbox 106 2376 1689 2447">
     <span class='ocr_line' id='line_1_39' title="bbox 106 2376 1689 2447; baseline -0.002 -16"><span class='ocrx_word' id='word_1_282' title='bbox 106 2384 199 2443; x_wconf 77' lang='lat' dir='ltr'><strong>ret,</strong></span> <span class='ocrx_word' id='word_1_283' title='bbox 216 2395 313 2433; x_wconf 89' lang='lat' dir='ltr'><strong>nec</strong></span> <span class='ocrx_word' id='word_1_284' title='bbox 341 2395 400 2433; x_wconf 89' lang='lat' dir='ltr'><strong>se</strong></span> <span class='ocrx_word' id='word_1_285' title='bbox 435 2377 591 2435; x_wconf 87' lang='lat' dir='ltr'><strong>omni</strong></span> <span class='ocrx_word' id='word_1_286' title='bbox 610 2377 890 2435; x_wconf 70' lang='lat' dir='ltr'><strong>maestitiae</strong></span> <span class='ocrx_word' id='word_1_287' title='bbox 910 2394 1117 2445; x_wconf 80' lang='lat' dir='ltr'><strong>genere</strong></span> <span class='ocrx_word' id='word_1_288' title='bbox 1140 2376 1689 2447; x_wconf 79' lang='lat' dir='ltr'><strong>proﬂigarct,verum</strong></span> 
     </span>
    </p>
   </div>
   <div class='ocr_carea' id='block_1_40' title="bbox 107 2465 1690 2536">
    <p class='ocr_par' dir='ltr' id='par_1_40' title="bbox 107 2465 1690 2536">
     <span class='ocr_line' id='line_1_40' title="bbox 107 2465 1690 2536; baseline -0.001 -17"><span class='ocrx_word' id='word_1_289' title='bbox 107 2473 164 2520; x_wconf 92' lang='lat' dir='ltr'><strong>ut</strong></span> <span class='ocrx_word' id='word_1_290' title='bbox 183 2466 442 2525; x_wconf 87' lang='lat' dir='ltr'><strong>detritum</strong></span> <span class='ocrx_word' id='word_1_291' title='bbox 464 2467 604 2525; x_wconf 90' lang='lat' dir='ltr'><strong>illud</strong></span> <span class='ocrx_word' id='word_1_292' title='bbox 622 2474 675 2520; x_wconf 88' lang='lat' dir='ltr'><strong>et</strong></span> <span class='ocrx_word' id='word_1_293' title='bbox 698 2483 1051 2536; x_wconf 86' lang='lat' dir='ltr'><strong>asperum,ac</strong></span> <span class='ocrx_word' id='word_1_294' title='bbox 1068 2471 1347 2520; x_wconf 80' lang='lat' dir='ltr'><strong>vetustate</strong></span> <span class='ocrx_word' id='word_1_295' title='bbox 1377 2465 1690 2521; x_wconf 82' lang='lat' dir='ltr'><strong>confectum</strong></span> 
     </span>
    </p>
   </div>
   <div class='ocr_carea' id='block_1_41' title="bbox 106 2554 1691 2626">
    <p class='ocr_par' dir='ltr' id='par_1_41' title="bbox 106 2554 1691 2626">
     <span class='ocr_line' id='line_1_41' title="bbox 106 2554 1691 2626; baseline -0.003 -15"><span class='ocrx_word' id='word_1_296' title='bbox 106 2556 318 2626; x_wconf 76' lang='lat' dir='ltr'><strong>pallium</strong></span> <span class='ocrx_word' id='word_1_297' title='bbox 344 2562 484 2624; x_wconf 82' lang='lat' dir='ltr'><strong>(tum</strong></span> <span class='ocrx_word' id='word_1_298' title='bbox 505 2556 574 2610; x_wconf 87' lang='lat' dir='ltr'><strong>ad</strong></span> <span class='ocrx_word' id='word_1_299' title='bbox 596 2556 869 2625; x_wconf 72' lang='lat' dir='ltr'><strong>religiosa:</strong></span> <span class='ocrx_word' id='word_1_300' title='bbox 890 2556 1141 2621; x_wconf 81' lang='lat' dir='ltr'><strong>magistri</strong></span> <span class='ocrx_word' id='word_1_301' title='bbox 1170 2554 1256 2608; x_wconf 88' lang='lat' dir='ltr'><strong>sui</strong></span> <span class='ocrx_word' id='word_1_302' title='bbox 1280 2555 1403 2608; x_wconf 75' lang='lat' dir='ltr'><strong>vitae</strong></span> <span class='ocrx_word' id='word_1_303' title='bbox 1425 2554 1691 2608; x_wconf 84' lang='lat' dir='ltr'><strong>refrican-</strong></span> 
     </span>
    </p>
   </div>
   <div class='ocr_carea' id='block_1_42' title="bbox 107 2643 1688 2715">
    <p class='ocr_par' dir='ltr' id='par_1_42' title="bbox 107 2643 1688 2715">
     <span class='ocr_line' id='line_1_42' title="bbox 107 2643 1688 2715; baseline -0.002 -17"><span class='ocrx_word' id='word_1_304' title='bbox 107 2645 222 2699; x_wconf 88' lang='lat' dir='ltr'><strong>dam</strong></span> <span class='ocrx_word' id='word_1_305' title='bbox 251 2645 603 2703; x_wconf 74' lang='lat' dir='ltr'><strong>memoriam.</strong></span> <span class='ocrx_word' id='word_1_306' title='bbox 635 2645 839 2701; x_wconf 80' lang='lat' dir='ltr'><strong>tumad</strong></span> <span class='ocrx_word' id='word_1_307' title='bbox 868 2644 1189 2715; x_wconf 66' lang='lat' dir='ltr'><strong>praesidium</strong></span> <span class='ocrx_word' id='word_1_308' title='bbox 1211 2643 1478 2697; x_wconf 89' lang='lat' dir='ltr'><strong>adversus</strong></span> <span class='ocrx_word' id='word_1_309' title='bbox 1494 2658 1688 2695; x_wconf 92' lang='lat' dir='ltr'><strong>omnes</strong></span> 
     </span>
    </p>
   </div>
   <div class='ocr_carea' id='block_1_43' title="bbox 108 2732 1687 2804">
    <p class='ocr_par' dir='ltr' id='par_1_43' title="bbox 108 2732 1687 2804">
     <span class='ocr_line' id='line_1_43' title="bbox 108 2732 1687 2804; baseline -0.003 -15"><span class='ocrx_word' id='word_1_310' title='bbox 108 2734 306 2789; x_wconf 69' lang='lat' dir='ltr'><strong>Satanae</strong></span> <span class='ocrx_word' id='word_1_311' title='bbox 337 2735 587 2801; x_wconf 75' lang='lat' dir='ltr'><strong>afﬂatus)</strong></span> <span class='ocrx_word' id='word_1_312' title='bbox 620 2734 724 2791; x_wconf 89' lang='lat' dir='ltr'><strong>sibi</strong></span> <span class='ocrx_word' id='word_1_313' title='bbox 747 2734 1111 2803; x_wconf 89' lang='lat' dir='ltr'><strong>relinqueret,</strong></span> <span class='ocrx_word' id='word_1_314' title='bbox 1144 2738 1312 2804; x_wconf 63' lang='lat' dir='ltr'><strong>amne</strong></span> <span class='ocrx_word' id='word_1_315' title='bbox 1343 2732 1461 2802; x_wconf 88' lang='lat' dir='ltr'><strong>ipse</strong></span> <span class='ocrx_word' id='word_1_316' title='bbox 1491 2748 1591 2801; x_wconf 90' lang='lat' dir='ltr'><strong>pro</strong></span> <span class='ocrx_word' id='word_1_317' title='bbox 1622 2748 1687 2785; x_wconf 91' lang='lat' dir='ltr'><strong>eo</strong></span> 
     </span>
    </p>
   </div>
   <div class='ocr_carea' id='block_1_44' title="bbox 106 2820 1687 2895">
    <p class='ocr_par' dir='ltr' id='par_1_44' title="bbox 106 2820 1687 2895">
     <span class='ocr_line' id='line_1_44' title="bbox 106 2820 1687 2895; baseline -0.001 -20"><span class='ocrx_word' id='word_1_318' title='bbox 106 2821 238 2878; x_wconf 87' lang='lat' dir='ltr'><strong>aliud</strong></span> <span class='ocrx_word' id='word_1_319' title='bbox 261 2823 578 2895; x_wconf 84' lang='lat' dir='ltr'><strong>acciperet:</strong></span> <span class='ocrx_word' id='word_1_320' title='bbox 612 2840 721 2893; x_wconf 92' lang='lat' dir='ltr'><strong>quo</strong></span> <span class='ocrx_word' id='word_1_321' title='bbox 750 2822 979 2887; x_wconf 89' lang='lat' dir='ltr'><strong>scilicet,</strong></span> <span class='ocrx_word' id='word_1_322' title='bbox 1013 2822 1218 2892; x_wconf 88' lang='lat' dir='ltr'><strong>inquit,</strong></span> <span class='ocrx_word' id='word_1_323' title='bbox 1254 2821 1311 2875; x_wconf 93' lang='lat' dir='ltr'><strong>id</strong></span> <span class='ocrx_word' id='word_1_324' title='bbox 1355 2820 1502 2891; x_wconf 89' lang='lat' dir='ltr'><strong>quod</strong></span> <span class='ocrx_word' id='word_1_325' title='bbox 1533 2837 1567 2874; x_wconf 87' lang='lat' dir='ltr'><strong>a</strong></span> <span class='ocrx_word' id='word_1_326' title='bbox 1598 2836 1687 2873; x_wconf 89' lang='lat' dir='ltr'><strong>me</strong></span> 
     </span>
    </p>
   </div>
   <div class='ocr_carea' id='block_1_45' title="bbox 102 2911 1687 2989">
    <p class='ocr_par' dir='ltr' id='par_1_45' title="bbox 102 2911 1687 2989">
     <span class='ocr_line' id='line_1_45' title="bbox 102 2911 1687 2989; baseline -0.002 -24"><span class='ocrx_word' id='word_1_327' title='bbox 102 2911 282 2968; x_wconf 85' lang='lat' dir='ltr'><strong>datum</strong></span> <span class='ocrx_word' id='word_1_328' title='bbox 300 2912 495 2975; x_wconf 73' lang='lat' dir='ltr'><strong>fuerit,</strong></span> <span class='ocrx_word' id='word_1_329' title='bbox 525 2912 887 2989; x_wconf 84' lang='lat' dir='ltr'><strong>perspiciens,</strong></span> <span class='ocrx_word' id='word_1_330' title='bbox 920 2911 1258 2967; x_wconf 85' lang='lat' dir='ltr'><strong>humilitatis</strong></span> <span class='ocrx_word' id='word_1_331' title='bbox 1304 2927 1443 2964; x_wconf 73' lang='lat' dir='ltr'><strong>mea:</strong></span> <span class='ocrx_word' id='word_1_332' title='bbox 1470 2925 1687 2963; x_wconf 89' lang='lat' dir='ltr'><strong>memo-</strong></span> 
     </span>
    </p>
   </div>
   <div class='ocr_carea' id='block_1_46' title="bbox 105 3002 523 3073">
    <p class='ocr_par' dir='ltr' id='par_1_46' title="bbox 105 3002 523 3073">
     <span class='ocr_line' id='line_1_46' title="bbox 105 3002 523 3073; baseline 0.002 -20"><span class='ocrx_word' id='word_1_333' title='bbox 105 3002 232 3073; x_wconf 74' lang='lat' dir='ltr'><strong>riam</strong></span> <span class='ocrx_word' id='word_1_334' title='bbox 260 3002 523 3057; x_wconf 86' lang='lat' dir='ltr'><strong>retineas.</strong></span> 
     </span>
    </p>
   </div>
   <div class='ocr_carea' id='block_1_47' title="bbox 167 3088 1686 3158">
    <p class='ocr_par' dir='ltr' id='par_1_47' title="bbox 167 3088 1686 3158">
     <span class='ocr_line' id='line_1_47' title="bbox 167 3088 1686 3158; baseline -0.003 -13"><span class='ocrx_word' id='word_1_335' title='bbox 167 3090 253 3145; x_wconf 81' lang='lat' dir='ltr'><strong>Ait</strong></span> <span class='ocrx_word' id='word_1_336' title='bbox 263 3097 455 3146; x_wconf 86' lang='lat' dir='ltr'><strong>autem</strong></span> <span class='ocrx_word' id='word_1_337' title='bbox 478 3108 663 3145; x_wconf 86' lang='lat' dir='ltr'><strong>senex:</strong></span> <span class='ocrx_word' id='word_1_338' title='bbox 688 3091 862 3147; x_wconf 84' lang='lat' dir='ltr'><strong>Vetus</strong></span> <span class='ocrx_word' id='word_1_339' title='bbox 885 3105 1149 3145; x_wconf 87' lang='lat' dir='ltr'><strong>meumac</strong></span> <span class='ocrx_word' id='word_1_340' title='bbox 1169 3088 1435 3143; x_wconf 87' lang='lat' dir='ltr'><strong>detritum</strong></span> <span class='ocrx_word' id='word_1_341' title='bbox 1454 3088 1686 3158; x_wconf 82' lang='lat' dir='ltr'><strong>pallium</strong></span> 
     </span>
    </p>
   </div>
   <div class='ocr_carea' id='block_1_48' title="bbox 1772 1928 3371 2013">
    <p class='ocr_par' dir='ltr' id='par_1_48' title="bbox 1772 1928 3371 2013">
     <span class='ocr_line' id='line_1_48' title="bbox 1772 1928 3371 2013; baseline 0.008 -32"><span class='ocrx_word' id='word_1_342' title='bbox 1772 1928 1907 1982; x_wconf 87' lang='lat' dir='ltr'><strong>latio</strong></span> <span class='ocrx_word' id='word_1_343' title='bbox 1924 1930 2267 1987; x_wconf 81' lang='lat' dir='ltr'><strong>desiderium</strong></span> <span class='ocrx_word' id='word_1_344' title='bbox 2282 1931 2364 1985; x_wconf 89' lang='lat' dir='ltr'><strong>tui</strong></span> <span class='ocrx_word' id='word_1_345' title='bbox 2380 1931 2593 1986; x_wconf 87' lang='lat' dir='ltr'><strong>lenibo?</strong></span> <span class='ocrx_word' id='word_1_346' title='bbox 2609 1933 2744 1996; x_wconf 86' lang='lat' dir='ltr'><strong>Ecce</strong></span> <span class='ocrx_word' id='word_1_347' title='bbox 2766 1934 2913 1999; x_wconf 75' lang='lat' dir='ltr'><strong>enim</strong></span> <span class='ocrx_word' id='word_1_348' title='bbox 2939 1952 3028 1988; x_wconf 89' lang='lat' dir='ltr'><strong>me</strong></span> <span class='ocrx_word' id='word_1_349' title='bbox 3050 1935 3371 2013; x_wconf 74' lang='lat' dir='ltr'><strong>improbum</strong></span> 
     </span>
    </p>
   </div>
   <div class='ocr_carea' id='block_1_49' title="bbox 1774 2018 3371 2095">
    <p class='ocr_par' dir='ltr' id='par_1_49' title="bbox 1774 2018 3371 2095">
     <span class='ocr_line' id='line_1_49' title="bbox 1774 2018 3371 2095; baseline 0.003 -23"><span class='ocrx_word' id='word_1_350' title='bbox 1774 2034 1839 2072; x_wconf 89' lang='lat' dir='ltr'><strong>ac</strong></span> <span class='ocrx_word' id='word_1_351' title='bbox 1866 2018 1961 2071; x_wconf 83' lang='lat' dir='ltr'><strong>reb</strong></span> <span class='ocrx_word' id='word_1_352' title='bbox 1986 2020 2129 2073; x_wconf 66' lang='lat' dir='ltr'><strong>,Tlem</strong></span> <span class='ocrx_word' id='word_1_353' title='bbox 2153 2036 2372 2073; x_wconf 89' lang='lat' dir='ltr'><strong>servum</strong></span> <span class='ocrx_word' id='word_1_354' title='bbox 2398 2020 2468 2073; x_wconf 83' lang='lat' dir='ltr'><strong>ad</strong></span> <span class='ocrx_word' id='word_1_355' title='bbox 2500 2021 2677 2075; x_wconf 87' lang='lat' dir='ltr'><strong>Deum</strong></span> <span class='ocrx_word' id='word_1_356' title='bbox 2696 2022 3173 2095; x_wconf 84' lang='lat' dir='ltr'><strong>adduxisti,atque</strong></span> <span class='ocrx_word' id='word_1_357' title='bbox 3195 2024 3251 2091; x_wconf 80' lang='lat' dir='ltr'><strong>in</strong></span> <span class='ocrx_word' id='word_1_358' title='bbox 3270 2024 3371 2093; x_wconf 70' lang='lat' dir='ltr'><strong>filii</strong></span> 
     </span>
    </p>
   </div>
   <div class='ocr_carea' id='block_1_50' title="bbox 1775 2102 3372 2187">
    <p class='ocr_par' dir='ltr' id='par_1_50' title="bbox 1775 2102 3372 2187">
     <span class='ocr_line' id='line_1_50' title="bbox 1775 2102 3372 2187; baseline 0.005 -27"><span class='ocrx_word' id='word_1_359' title='bbox 1775 2113 1830 2161; x_wconf 90' lang='lat' dir='ltr'><strong>et</strong></span> <span class='ocrx_word' id='word_1_360' title='bbox 1861 2107 2096 2161; x_wconf 73' lang='lat' dir='ltr'><strong>haeredis</strong></span> <span class='ocrx_word' id='word_1_361' title='bbox 2128 2108 2304 2163; x_wconf 87' lang='lat' dir='ltr'><strong>classe</strong></span> <span class='ocrx_word' id='word_1_362' title='bbox 2333 2110 2635 2177; x_wconf 87' lang='lat' dir='ltr'><strong>collocasti,</strong></span> <span class='ocrx_word' id='word_1_363' title='bbox 2670 2128 2734 2166; x_wconf 89' lang='lat' dir='ltr'><strong>ac</strong></span> <span class='ocrx_word' id='word_1_364' title='bbox 2764 2129 2853 2166; x_wconf 91' lang='lat' dir='ltr'><strong>me</strong></span> <span class='ocrx_word' id='word_1_365' title='bbox 2889 2113 3172 2183; x_wconf 80' lang='lat' dir='ltr'><strong>perditum</strong></span> <span class='ocrx_word' id='word_1_366' title='bbox 3201 2102 3372 2187; x_wconf 82' lang='lat' dir='ltr'><strong>atque</strong></span> 
     </span>
    </p>
   </div>
   <div class='ocr_carea' id='block_1_51' title="bbox 1774 2196 3372 2277">
    <p class='ocr_par' dir='ltr' id='par_1_51' title="bbox 1774 2196 3372 2277">
     <span class='ocr_line' id='line_1_51' title="bbox 1774 2196 3372 2277; baseline 0.007 -28"><span class='ocrx_word' id='word_1_367' title='bbox 1774 2196 2035 2253; x_wconf 89' lang='lat' dir='ltr'><strong>omnibus</strong></span> <span class='ocrx_word' id='word_1_368' title='bbox 2052 2197 2245 2251; x_wconf 85' lang='lat' dir='ltr'><strong>bestiis</strong></span> <span class='ocrx_word' id='word_1_369' title='bbox 2256 2200 2500 2267; x_wconf 71' lang='lat' dir='ltr'><strong>prazdam</strong></span> <span class='ocrx_word' id='word_1_370' title='bbox 2515 2202 2833 2270; x_wconf 84' lang='lat' dir='ltr'><strong>expositum</strong></span> <span class='ocrx_word' id='word_1_371' title='bbox 2845 2202 3372 2277; x_wconf 62' lang='lat' dir='ltr'><strong>exquisiisti,m</strong></span> 
     </span>
    </p>
   </div>
   <div class='ocr_carea' id='block_1_52' title="bbox 1773 2286 3369 2365">
    <p class='ocr_par' dir='ltr' id='par_1_52' title="bbox 1773 2286 3369 2365">
     <span class='ocr_line' id='line_1_52' title="bbox 1773 2286 3369 2365; baseline 0.004 -26"><span class='ocrx_word' id='word_1_372' title='bbox 1773 2292 1971 2340; x_wconf 88' lang='lat' dir='ltr'><strong>etcum</strong></span> <span class='ocrx_word' id='word_1_373' title='bbox 1992 2286 2059 2340; x_wconf 90' lang='lat' dir='ltr'><strong>iis</strong></span> <span class='ocrx_word' id='word_1_374' title='bbox 2075 2288 2175 2345; x_wconf 71' lang='lat' dir='ltr'><strong>Dei</strong></span> <span class='ocrx_word' id='word_1_375' title='bbox 2215 2287 2408 2343; x_wconf 84' lang='lat' dir='ltr'><strong>ovibus</strong></span> <span class='ocrx_word' id='word_1_376' title='bbox 2438 2306 2559 2359; x_wconf 67' lang='lat' dir='ltr'><strong>quae</strong></span> <span class='ocrx_word' id='word_1_377' title='bbox 2590 2289 2822 2344; x_wconf 88' lang='lat' dir='ltr'><strong>minime</strong></span> <span class='ocrx_word' id='word_1_378' title='bbox 2852 2290 3249 2363; x_wconf 72' lang='lat' dir='ltr'><strong>aberraverant</strong></span> <span class='ocrx_word' id='word_1_379' title='bbox 3276 2308 3369 2365; x_wconf 74' lang='lat' dir='ltr'><strong>cp-</strong></span> 
     </span>
    </p>
   </div>
   <div class='ocr_carea' id='block_1_53' title="bbox 1773 2376 3366 2451">
    <p class='ocr_par' dir='ltr' id='par_1_53' title="bbox 1773 2376 3366 2451">
     <span class='ocr_line' id='line_1_53' title="bbox 1773 2376 3366 2451; baseline 0.003 -21"><span class='ocrx_word' id='word_1_380' title='bbox 1773 2376 2012 2447; x_wconf 87' lang='lat' dir='ltr'><strong>pulasti(</strong></span> <span class='ocrx_word' id='word_1_381' title='bbox 2018 2378 2141 2431; x_wconf 86' lang='lat' dir='ltr'><strong>Luc.</strong></span> <span class='ocrx_word' id='word_1_382' title='bbox 2161 2379 2242 2445; x_wconf 81' lang='lat' dir='ltr'><strong>xv)</strong></span> <span class='ocrx_word' id='word_1_383' title='bbox 2254 2384 2443 2448; x_wconf 87' lang='lat' dir='ltr'><strong>,atque</strong></span> <span class='ocrx_word' id='word_1_384' title='bbox 2466 2380 2938 2451; x_wconf 84' lang='lat' dir='ltr'><strong>compendiariam</strong></span> <span class='ocrx_word' id='word_1_385' title='bbox 2956 2380 3206 2451; x_wconf 67' lang='lat' dir='ltr'><strong>veritatis</strong></span> <span class='ocrx_word' id='word_1_386' title='bbox 3220 2382 3366 2435; x_wconf 88' lang='lat' dir='ltr'><strong>viam</strong></span> 
     </span>
    </p>
   </div>
   <div class='ocr_carea' id='block_1_54' title="bbox 1772 2466 3370 2543">
    <p class='ocr_par' dir='ltr' id='par_1_54' title="bbox 1772 2466 3370 2543">
     <span class='ocr_line' id='line_1_54' title="bbox 1772 2466 3370 2543; baseline 0.002 -24"><span class='ocrx_word' id='word_1_387' title='bbox 1772 2466 1913 2519; x_wconf 88' lang='lat' dir='ltr'><strong>mihi</strong></span> <span class='ocrx_word' id='word_1_388' title='bbox 1951 2467 2350 2521; x_wconf 85' lang='lat' dir='ltr'><strong>demonstrasti</strong></span> <span class='ocrx_word' id='word_1_389' title='bbox 2371 2470 2537 2535; x_wconf 79' lang='lat' dir='ltr'><strong>(Psal.</strong></span> <span class='ocrx_word' id='word_1_390' title='bbox 2567 2472 2776 2538; x_wconf 79' lang='lat' dir='ltr'><strong>Lxxxv),</strong></span> <span class='ocrx_word' id='word_1_391' title='bbox 2810 2486 3009 2541; x_wconf 88' lang='lat' dir='ltr'><strong>meque</strong></span> <span class='ocrx_word' id='word_1_392' title='bbox 3030 2470 3098 2539; x_wconf 86' lang='lat' dir='ltr'><strong>de</strong></span> <span class='ocrx_word' id='word_1_393' title='bbox 3122 2468 3370 2543; x_wconf 75' lang='lat' dir='ltr'><strong>tenebris</strong></span> 
     </span>
    </p>
   </div>
   <div class='ocr_carea' id='block_1_55' title="bbox 1773 2555 3370 2631">
    <p class='ocr_par' dir='ltr' id='par_1_55' title="bbox 1773 2555 3370 2631">
     <span class='ocr_line' id='line_1_55' title="bbox 1773 2555 3370 2631; baseline 0.002 -22"><span class='ocrx_word' id='word_1_394' title='bbox 1773 2562 1830 2609; x_wconf 92' lang='lat' dir='ltr'><strong>et</strong></span> <span class='ocrx_word' id='word_1_395' title='bbox 1860 2555 2059 2610; x_wconf 88' lang='lat' dir='ltr'><strong>umbra</strong></span> <span class='ocrx_word' id='word_1_396' title='bbox 2077 2556 2274 2610; x_wconf 88' lang='lat' dir='ltr'><strong>mortis</strong></span> <span class='ocrx_word' id='word_1_397' title='bbox 2302 2557 2541 2611; x_wconf 86' lang='lat' dir='ltr'><strong>eduxisti</strong></span> <span class='ocrx_word' id='word_1_398' title='bbox 2577 2560 2763 2623; x_wconf 53' lang='lat' dir='ltr'><strong>(Luce,</strong></span> <span class='ocrx_word' id='word_1_399' title='bbox 2794 2566 2857 2624; x_wconf 56' lang='grc' dir='ltr'><strong>Α),</strong></span> <span class='ocrx_word' id='word_1_400' title='bbox 2881 2576 2946 2613; x_wconf 92' lang='lat' dir='ltr'><strong>ac</strong></span> <span class='ocrx_word' id='word_1_401' title='bbox 2962 2560 3133 2629; x_wconf 83' lang='lat' dir='ltr'><strong>pedes</strong></span> <span class='ocrx_word' id='word_1_402' title='bbox 3152 2576 3311 2631; x_wconf 60' lang='lat' dir='ltr'><strong>ineos</strong></span> <span class='ocrx_word' id='word_1_403' title='bbox 3340 2575 3370 2612; x_wconf 92' lang='lat' dir='ltr'><strong>e</strong></span> 
     </span>
    </p>
   </div>
   <div class='ocr_carea' id='block_1_56' title="bbox 1772 2645 3365 2725">
    <p class='ocr_par' dir='ltr' id='par_1_56' title="bbox 1772 2645 3365 2725">
     <span class='ocr_line' id='line_1_56' title="bbox 1772 2645 3365 2725; baseline 0.001 -26"><span class='ocrx_word' id='word_1_404' title='bbox 1772 2645 1989 2699; x_wconf 86' lang='lat' dir='ltr'><strong>lubrica</strong></span> <span class='ocrx_word' id='word_1_405' title='bbox 2004 2651 2061 2699; x_wconf 88' lang='lat' dir='ltr'><strong>et</strong></span> <span class='ocrx_word' id='word_1_406' title='bbox 2076 2646 2310 2701; x_wconf 83' lang='lat' dir='ltr'><strong>exitiosa</strong></span> <span class='ocrx_word' id='word_1_407' title='bbox 2321 2663 2384 2699; x_wconf 88' lang='lat' dir='ltr'><strong>ac</strong></span> <span class='ocrx_word' id='word_1_408' title='bbox 2404 2664 2668 2725; x_wconf 79' lang='lat' dir='ltr'><strong>perversa</strong></span> <span class='ocrx_word' id='word_1_409' title='bbox 2689 2652 2746 2701; x_wconf 92' lang='lat' dir='ltr'><strong>et</strong></span> <span class='ocrx_word' id='word_1_410' title='bbox 2758 2664 2929 2701; x_wconf 86' lang='lat' dir='ltr'><strong>curva</strong></span> <span class='ocrx_word' id='word_1_411' title='bbox 2952 2648 3040 2701; x_wconf 92' lang='lat' dir='ltr'><strong>via</strong></span> <span class='ocrx_word' id='word_1_412' title='bbox 3060 2647 3365 2707; x_wconf 74' lang='lat' dir='ltr'><strong>extraxisti.</strong></span> 
     </span>
    </p>
   </div>
   <div class='ocr_carea' id='block_1_57' title="bbox 1770 2735 3370 2809">
    <p class='ocr_par' dir='ltr' id='par_1_57' title="bbox 1770 2735 3370 2809">
     <span class='ocr_line' id='line_1_57' title="bbox 1770 2735 3370 2809; baseline 0 -19"><span class='ocrx_word' id='word_1_413' title='bbox 1770 2736 1975 2803; x_wconf 85' lang='lat' dir='ltr'><strong>Magna</strong></span> <span class='ocrx_word' id='word_1_414' title='bbox 1996 2740 2052 2788; x_wconf 91' lang='lat' dir='ltr'><strong>et</strong></span> <span class='ocrx_word' id='word_1_415' title='bbox 2067 2735 2400 2790; x_wconf 86' lang='lat' dir='ltr'><strong>admiranda</strong></span> <span class='ocrx_word' id='word_1_416' title='bbox 2414 2736 2553 2791; x_wconf 84' lang='lat' dir='ltr'><strong>mihi</strong></span> <span class='ocrx_word' id='word_1_417' title='bbox 2569 2753 2603 2790; x_wconf 88' lang='lat' dir='ltr'><strong>a</strong></span> <span class='ocrx_word' id='word_1_418' title='bbox 2623 2741 2679 2789; x_wconf 92' lang='lat' dir='ltr'><strong>te</strong></span> <span class='ocrx_word' id='word_1_419' title='bbox 2701 2735 2849 2791; x_wconf 88' lang='lat' dir='ltr'><strong>bona</strong></span> <span class='ocrx_word' id='word_1_420' title='bbox 2870 2742 2994 2807; x_wconf 80' lang='lat' dir='ltr'><strong>orta</strong></span> <span class='ocrx_word' id='word_1_421' title='bbox 3021 2742 3173 2803; x_wconf 88' lang='lat' dir='ltr'><strong>sunt,</strong></span> <span class='ocrx_word' id='word_1_422' title='bbox 3200 2743 3370 2809; x_wconf 66' lang='lat' dir='ltr'><strong>atque</strong></span> 
     </span>
    </p>
   </div>
   <div class='ocr_carea' id='block_1_58' title="bbox 1772 2824 3371 2901">
    <p class='ocr_par' dir='ltr' id='par_1_58' title="bbox 1772 2824 3371 2901">
     <span class='ocr_line' id='line_1_58' title="bbox 1772 2824 3371 2901; baseline 0.002 -26"><span class='ocrx_word' id='word_1_423' title='bbox 1772 2824 2068 2893; x_wconf 78' lang='lat' dir='ltr'><strong>ejusmodi,</strong></span> <span class='ocrx_word' id='word_1_424' title='bbox 2095 2830 2157 2878; x_wconf 91' lang='lat' dir='ltr'><strong>ut</strong></span> <span class='ocrx_word' id='word_1_425' title='bbox 2172 2824 2512 2895; x_wconf 86' lang='lat' dir='ltr'><strong>singularem</strong></span> <span class='ocrx_word' id='word_1_426' title='bbox 2527 2842 2722 2887; x_wconf 86' lang='lat' dir='ltr'><strong>eorum</strong></span> <span class='ocrx_word' id='word_1_427' title='bbox 2736 2826 3187 2896; x_wconf 78' lang='lat' dir='ltr'><strong>magnitudinem</strong></span> <span class='ocrx_word' id='word_1_428' title='bbox 3209 2826 3371 2901; x_wconf 52' lang='lat' dir='ltr'><strong>nulla</strong></span> 
     </span>
    </p>
   </div>
   <div class='ocr_carea' id='block_1_59' title="bbox 1771 2912 3371 2987">
    <p class='ocr_par' dir='ltr' id='par_1_59' title="bbox 1771 2912 3371 2987">
     <span class='ocr_line' id='line_1_59' title="bbox 1771 2912 3371 2987; baseline 0.001 -20"><span class='ocrx_word' id='word_1_429' title='bbox 1771 2912 1949 2968; x_wconf 87' lang='lat' dir='ltr'><strong>oratio</strong></span> <span class='ocrx_word' id='word_1_430' title='bbox 1968 2914 2233 2984; x_wconf 86' lang='lat' dir='ltr'><strong>consequi</strong></span> <span class='ocrx_word' id='word_1_431' title='bbox 2248 2914 2447 2984; x_wconf 90' lang='lat' dir='ltr'><strong>possit.</strong></span> <span class='ocrx_word' id='word_1_432' title='bbox 2473 2915 2803 2984; x_wconf 80' lang='lat' dir='ltr'><strong>Magnorum</strong></span> <span class='ocrx_word' id='word_1_433' title='bbox 2822 2916 2996 2985; x_wconf 82' lang='lat' dir='ltr'><strong>igitur</strong></span> <span class='ocrx_word' id='word_1_434' title='bbox 3008 2916 3131 2986; x_wconf 88' lang='lat' dir='ltr'><strong>ipse</strong></span> <span class='ocrx_word' id='word_1_435' title='bbox 3148 2932 3371 2987; x_wconf 78' lang='lat' dir='ltr'><strong>quoque</strong></span> 
     </span>
    </p>
   </div>
   <div class='ocr_carea' id='block_1_60' title="bbox 1770 3002 3370 3073">
    <p class='ocr_par' dir='ltr' id='par_1_60' title="bbox 1770 3002 3370 3073">
     <span class='ocr_line' id='line_1_60' title="bbox 1770 3002 3370 3073; baseline 0.004 -17"><span class='ocrx_word' id='word_1_436' title='bbox 1770 3019 1973 3071; x_wconf 86' lang='lat' dir='ltr'><strong>prome</strong></span> <span class='ocrx_word' id='word_1_437' title='bbox 1989 3003 2188 3072; x_wconf 82' lang='lat' dir='ltr'><strong>exiguo</strong></span> <span class='ocrx_word' id='word_1_438' title='bbox 2200 3002 3139 3073; x_wconf 69' lang='lat' dir='ltr'><strong>homunculoipsius-beneﬁciorum</strong></span> <span class='ocrx_word' id='word_1_439' title='bbox 3150 3005 3370 3063; x_wconf 77' lang='lat' dir='ltr'><strong>utinam</strong></span> 
     </span>
    </p>
   </div>
   <div class='ocr_carea' id='block_1_61' title="bbox 1771 3091 3368 3165">
    <p class='ocr_par' dir='ltr' id='par_1_61' title="bbox 1771 3091 3368 3165">
     <span class='ocr_line' id='line_1_61' title="bbox 1771 3091 3368 3165; baseline 0.001 -20"><span class='ocrx_word' id='word_1_440' title='bbox 1771 3091 1848 3145; x_wconf 88' lang='lat' dir='ltr'><strong>sis</strong></span> <span class='ocrx_word' id='word_1_441' title='bbox 1873 3092 2152 3161; x_wconf 86' lang='lat' dir='ltr'><strong>particeps</strong></span> <span class='ocrx_word' id='word_1_442' title='bbox 2178 3091 2189 3144; x_wconf 87' lang='lat'>!</span> <span class='ocrx_word' id='word_1_443' title='bbox 2216 3102 2385 3162; x_wconf 89' lang='lat' dir='ltr'><strong>atque</strong></span> <span class='ocrx_word' id='word_1_444' title='bbox 2415 3092 2466 3146; x_wconf 89' lang='lat' dir='ltr'><strong>id</strong></span> <span class='ocrx_word' id='word_1_445' title='bbox 2502 3093 2650 3163; x_wconf 87' lang='lat' dir='ltr'><strong>quod</strong></span> <span class='ocrx_word' id='word_1_446' title='bbox 2673 3110 2810 3147; x_wconf 76' lang='lat' dir='ltr'><strong>meae</strong></span> <span class='ocrx_word' id='word_1_447' title='bbox 2826 3093 3144 3162; x_wconf 77' lang='lat' dir='ltr'><strong>gratiarum</strong></span> <span class='ocrx_word' id='word_1_448' title='bbox 3160 3094 3368 3165; x_wconf 69' lang='lat' dir='ltr'><strong>actioni</strong></span> 
     </span>
    </p>
   </div>
   <div class='ocr_carea' id='block_1_62' title="bbox 107 3178 3368 3255">
    <p class='ocr_par' dir='ltr' id='par_1_62' title="bbox 107 3178 3368 3255">
     <span class='ocr_line' id='line_1_62' title="bbox 107 3178 3368 3255; baseline 0.003 -24"><span class='ocrx_word' id='word_1_449' title='bbox 107 3178 196 3232; x_wconf 90' lang='lat' dir='ltr'><strong>tibi</strong></span> <span class='ocrx_word' id='word_1_450' title='bbox 222 3180 361 3234; x_wconf 91' lang='lat' dir='ltr'><strong>dono</strong></span> <span class='ocrx_word' id='word_1_451' title='bbox 390 3182 551 3245; x_wconf 86' lang='lat' dir='ltr'><strong>dare,</strong></span> <span class='ocrx_word' id='word_1_452' title='bbox 585 3180 848 3251; x_wconf 88' lang='lat' dir='ltr'><strong>aliudque</strong></span> <span class='ocrx_word' id='word_1_453' title='bbox 876 3196 1083 3235; x_wconf 88' lang='lat' dir='ltr'><strong>novum</strong></span> <span class='ocrx_word' id='word_1_454' title='bbox 1116 3179 1509 3232; x_wconf 90' lang='lat' dir='ltr'><strong>indumentum</strong></span> <span class='ocrx_word' id='word_1_455' title='bbox 1538 3178 1687 3249; x_wconf 86' lang='lat' dir='ltr'><strong>acci-</strong></span> <span class='ocrx_word' id='word_1_456' title='bbox 1706 3178 1750 3205; x_wconf 77' lang='grc' dir='ltr'>υ</span> <span class='ocrx_word' id='word_1_457' title='bbox 1772 3180 1931 3234; x_wconf 88' lang='lat' dir='ltr'><strong>deest</strong></span> <span class='ocrx_word' id='word_1_458' title='bbox 1950 3181 2171 3251; x_wconf 85' lang='lat' dir='ltr'><strong>expleat</strong></span> <span class='ocrx_word' id='word_1_459' title='bbox 2192 3181 2482 3247; x_wconf 91' lang='lat' dir='ltr'><strong>Dominus,</strong></span> <span class='ocrx_word' id='word_1_460' title='bbox 2515 3181 2775 3251; x_wconf 90' lang='lat' dir='ltr'><strong>quisolus</strong></span> <span class='ocrx_word' id='word_1_461' title='bbox 2798 3181 3201 3255; x_wconf 73' lang='lat' dir='ltr'><strong>beneﬁciorum</strong></span> <span class='ocrx_word' id='word_1_462' title='bbox 3226 3182 3368 3251; x_wconf 62' lang='grc' dir='ltr'><strong>τριβ-</strong></span> 
     </span>
    </p>
   </div>
   <div class='ocr_carea' id='block_1_63' title="bbox 107 3266 1687 3337">
    <p class='ocr_par' dir='ltr' id='par_1_63' title="bbox 107 3266 1687 3337">
     <span class='ocr_line' id='line_1_63' title="bbox 107 3266 1687 3337; baseline -0.002 -16"><span class='ocrx_word' id='word_1_463' title='bbox 107 3283 242 3337; x_wconf 88' lang='lat' dir='ltr'><strong>pere,</strong></span> <span class='ocrx_word' id='word_1_464' title='bbox 264 3270 400 3325; x_wconf 80' lang='lat' dir='ltr'><strong>mihi</strong></span> <span class='ocrx_word' id='word_1_465' title='bbox 416 3286 541 3325; x_wconf 85' lang='lat' dir='ltr'><strong>non</strong></span> <span class='ocrx_word' id='word_1_466' title='bbox 561 3269 787 3333; x_wconf 89' lang='lat' dir='ltr'><strong>licet,ne</strong></span> <span class='ocrx_word' id='word_1_467' title='bbox 802 3269 987 3337; x_wconf 80' lang='lat' dir='ltr'><strong>exigui</strong></span> <span class='ocrx_word' id='word_1_468' title='bbox 1009 3267 1117 3320; x_wconf 89' lang='lat' dir='ltr'><strong>mei</strong></span> <span class='ocrx_word' id='word_1_469' title='bbox 1137 3266 1345 3322; x_wconf 83' lang='lat' dir='ltr'><strong>laboris</strong></span> <span class='ocrx_word' id='word_1_470' title='bbox 1373 3266 1687 3320; x_wconf 88' lang='lat' dir='ltr'><strong>mercedem</strong></span> 
     </span>
    </p>
   </div>
   <div class='ocr_carea' id='block_1_64' title="bbox 100 3356 1682 3429">
    <p class='ocr_par' dir='ltr' id='par_1_64' title="bbox 100 3356 1682 3429">
     <span class='ocr_line' id='line_1_64' title="bbox 100 3356 1682 3429; baseline -0.002 -18"><span class='ocrx_word' id='word_1_471' title='bbox 100 3357 181 3411; x_wconf 83' lang='lat' dir='ltr'><strong>hic</strong></span> <span class='ocrx_word' id='word_1_472' title='bbox 196 3360 467 3429; x_wconf 77' lang='lat' dir='ltr'><strong>reaepisse</strong></span> <span class='ocrx_word' id='word_1_473' title='bbox 486 3358 675 3415; x_wconf 84' lang='lat' dir='ltr'><strong>divina</strong></span> <span class='ocrx_word' id='word_1_474' title='bbox 706 3358 987 3412; x_wconf 88' lang='lat' dir='ltr'><strong>sententia</strong></span> <span class='ocrx_word' id='word_1_475' title='bbox 1004 3356 1349 3427; x_wconf 86' lang='lat' dir='ltr'><strong>pronuntiet.</strong></span> <span class='ocrx_word' id='word_1_476' title='bbox 1382 3356 1682 3422; x_wconf 73' lang='lat' dir='ltr'><strong>Cmterum,</strong></span> 
     </span>
    </p>
   </div>
   <div class='ocr_carea' id='block_1_65' title="bbox 107 3447 1687 3511">
    <p class='ocr_par' dir='ltr' id='par_1_65' title="bbox 107 3447 1687 3511">
     <span class='ocr_line' id='line_1_65' title="bbox 107 3447 1687 3511; baseline -0.001 -12"><span class='ocrx_word' id='word_1_477' title='bbox 107 3462 167 3500; x_wconf 90' lang='lat' dir='ltr'><strong>ne</strong></span> <span class='ocrx_word' id='word_1_478' title='bbox 192 3453 339 3502; x_wconf 85' lang='lat' dir='ltr'><strong>tuam</strong></span> <span class='ocrx_word' id='word_1_479' title='bbox 351 3448 529 3502; x_wconf 88' lang='lat' dir='ltr'><strong>animi</strong></span> <span class='ocrx_word' id='word_1_480' title='bbox 548 3448 895 3502; x_wconf 87' lang='lat' dir='ltr'><strong>alacritatem</strong></span> <span class='ocrx_word' id='word_1_481' title='bbox 926 3447 1247 3511; x_wconf 88' lang='lat' dir='ltr'><strong>retundam,</strong></span> <span class='ocrx_word' id='word_1_482' title='bbox 1264 3450 1503 3509; x_wconf 88' lang='lat' dir='ltr'><strong>vetusta,</strong></span> <span class='ocrx_word' id='word_1_483' title='bbox 1529 3461 1631 3499; x_wconf 89' lang='lat' dir='ltr'><strong>nec</strong></span> <span class='ocrx_word' id='word_1_484' title='bbox 1652 3461 1687 3497; x_wconf 89' lang='lat' dir='ltr'><strong>a</strong></span> 
     </span>
    </p>
   </div>
   <div class='ocr_carea' id='block_1_66' title="bbox 106 3534 1682 3609">
    <p class='ocr_par' dir='ltr' id='par_1_66' title="bbox 106 3534 1682 3609">
     <span class='ocr_line' id='line_1_66' title="bbox 106 3534 1682 3609; baseline -0.002 -20"><span class='ocrx_word' id='word_1_485' title='bbox 106 3536 230 3589; x_wconf 88' lang='lat' dir='ltr'><strong>meis</strong></span> <span class='ocrx_word' id='word_1_486' title='bbox 248 3538 553 3609; x_wconf 87' lang='lat' dir='ltr'><strong>quidquam</strong></span> <span class='ocrx_word' id='word_1_487' title='bbox 573 3537 815 3599; x_wconf 84' lang='lat' dir='ltr'><strong>diversa,</strong></span> <span class='ocrx_word' id='word_1_488' title='bbox 834 3554 902 3591; x_wconf 89' lang='lat' dir='ltr'><strong>ea</strong></span> <span class='ocrx_word' id='word_1_489' title='bbox 922 3536 1254 3590; x_wconf 85' lang='lat' dir='ltr'><strong>indumenta</strong></span> <span class='ocrx_word' id='word_1_490' title='bbox 1264 3536 1526 3604; x_wconf 78' lang='lat' dir='ltr'><strong>sint,quae</strong></span> <span class='ocrx_word' id='word_1_491' title='bbox 1544 3534 1682 3587; x_wconf 89' lang='lat' dir='ltr'><strong>mihi</strong></span> 
     </span>
    </p>
   </div>
   <div class='ocr_carea' id='block_1_67' title="bbox 105 3624 1683 3698">
    <p class='ocr_par' dir='ltr' id='par_1_67' title="bbox 105 3624 1683 3698">
     <span class='ocr_line' id='line_1_67' title="bbox 105 3624 1683 3698; baseline 0 -21"><span class='ocrx_word' id='word_1_492' title='bbox 105 3624 191 3678; x_wconf 85' lang='lat' dir='ltr'><strong>abs</strong></span> <span class='ocrx_word' id='word_1_493' title='bbox 217 3632 269 3679; x_wconf 90' lang='lat' dir='ltr'><strong>te</strong></span> <span class='ocrx_word' id='word_1_494' title='bbox 285 3627 667 3698; x_wconf 80' lang='lat' dir='ltr'><strong>porrigentur.</strong></span> <span class='ocrx_word' id='word_1_495' title='bbox 696 3626 869 3695; x_wconf 86' lang='lat' dir='ltr'><strong>Regis</strong></span> <span class='ocrx_word' id='word_1_496' title='bbox 896 3626 1086 3695; x_wconf 90' lang='lat' dir='ltr'><strong>itaque</strong></span> <span class='ocrx_word' id='word_1_497' title='bbox 1113 3625 1283 3687; x_wconf 82' lang='lat' dir='ltr'><strong>ﬁlius,</strong></span> <span class='ocrx_word' id='word_1_498' title='bbox 1305 3641 1433 3680; x_wconf 89' lang='lat' dir='ltr'><strong>cum</strong></span> <span class='ocrx_word' id='word_1_499' title='bbox 1454 3640 1683 3693; x_wconf 85' lang='lat' dir='ltr'><strong>asperos</strong></span> 
     </span>
    </p>
   </div>
   <div class='ocr_carea' id='block_1_68' title="bbox 105 3714 1681 3787">
    <p class='ocr_par' dir='ltr' id='par_1_68' title="bbox 105 3714 1681 3787">
     <span class='ocr_line' id='line_1_68' title="bbox 105 3714 1681 3787; baseline -0.001 -19"><span class='ocrx_word' id='word_1_500' title='bbox 105 3716 353 3783; x_wconf 85' lang='lat' dir='ltr'><strong>quosdam</strong></span> <span class='ocrx_word' id='word_1_501' title='bbox 401 3734 471 3773; x_wconf 79' lang='lat' dir='ltr'><strong>ac</strong></span> <span class='ocrx_word' id='word_1_502' title='bbox 515 3720 767 3770; x_wconf 91' lang='lat' dir='ltr'><strong>vetustos</strong></span> <span class='ocrx_word' id='word_1_503' title='bbox 810 3732 1024 3786; x_wconf 89' lang='lat' dir='ltr'><strong>pannos</strong></span> <span class='ocrx_word' id='word_1_504' title='bbox 1068 3714 1428 3787; x_wconf 64' lang='lat' dir='ltr'><strong>qumsivisset,</strong></span> <span class='ocrx_word' id='word_1_505' title='bbox 1476 3730 1681 3783; x_wconf 89' lang='lat' dir='ltr'><strong>eosque</strong></span> 
     </span>
    </p>
   </div>
   <div class='ocr_carea' id='block_1_69' title="bbox 105 3804 1677 3875">
    <p class='ocr_par' dir='ltr' id='par_1_69' title="bbox 105 3804 1677 3875">
     <span class='ocr_line' id='line_1_69' title="bbox 105 3804 1677 3875; baseline 0 -20"><span class='ocrx_word' id='word_1_506' title='bbox 105 3804 210 3856; x_wconf 87' lang='lat' dir='ltr'><strong>seni</strong></span> <span class='ocrx_word' id='word_1_507' title='bbox 228 3804 489 3870; x_wconf 78' lang='lat' dir='ltr'><strong>dedisset,</strong></span> <span class='ocrx_word' id='word_1_508' title='bbox 524 3806 701 3875; x_wconf 88' lang='lat' dir='ltr'><strong>ipsius</strong></span> <span class='ocrx_word' id='word_1_509' title='bbox 727 3810 879 3858; x_wconf 73' lang='lat' dir='ltr'><strong>veste</strong></span> <span class='ocrx_word' id='word_1_510' title='bbox 894 3804 1132 3858; x_wconf 89' lang='lat' dir='ltr'><strong>invicem</strong></span> <span class='ocrx_word' id='word_1_511' title='bbox 1149 3810 1395 3873; x_wconf 87' lang='lat' dir='ltr'><strong>accepta,</strong></span> <span class='ocrx_word' id='word_1_512' title='bbox 1416 3819 1677 3872; x_wconf 83' lang='lat' dir='ltr'><strong>magnam</strong></span> 
     </span>
    </p>
   </div>
   <div class='ocr_carea' id='block_1_70' title="bbox 102 3891 1680 3965">
    <p class='ocr_par' dir='ltr' id='par_1_70' title="bbox 102 3891 1680 3965">
     <span class='ocr_line' id='line_1_70' title="bbox 102 3891 1680 3965; baseline 0 -21"><span class='ocrx_word' id='word_1_513' title='bbox 102 3891 219 3947; x_wconf 90' lang='lat' dir='ltr'><strong>inde</strong></span> <span class='ocrx_word' id='word_1_514' title='bbox 246 3894 495 3965; x_wconf 67' lang='lat' dir='ltr'><strong>laetitiam</strong></span> <span class='ocrx_word' id='word_1_515' title='bbox 527 3895 797 3964; x_wconf 88' lang='lat' dir='ltr'><strong>concepit,</strong></span> <span class='ocrx_word' id='word_1_516' title='bbox 823 3894 1018 3965; x_wconf 87' lang='lat' dir='ltr'><strong>quavis</strong></span> <span class='ocrx_word' id='word_1_517' title='bbox 1046 3909 1296 3963; x_wconf 90' lang='lat' dir='ltr'><strong>purpura</strong></span> <span class='ocrx_word' id='word_1_518' title='bbox 1322 3909 1386 3949; x_wconf 83' lang='lat' dir='ltr'><strong>ac</strong></span> <span class='ocrx_word' id='word_1_519' title='bbox 1408 3892 1563 3961; x_wconf 87' lang='lat' dir='ltr'><strong>regio</strong></span> <span class='ocrx_word' id='word_1_520' title='bbox 1594 3908 1680 3946; x_wconf 92' lang='lat' dir='ltr'><strong>or-</strong></span> 
     </span>
    </p>
   </div>
   <div class='ocr_carea' id='block_1_71' title="bbox 104 3981 1679 4053">
    <p class='ocr_par' dir='ltr' id='par_1_71' title="bbox 104 3981 1679 4053">
     <span class='ocr_line' id='line_1_71' title="bbox 104 3981 1679 4053; baseline 0.002 -20"><span class='ocrx_word' id='word_1_521' title='bbox 104 3988 344 4038; x_wconf 82' lang='lat' dir='ltr'><strong>namento</strong></span> <span class='ocrx_word' id='word_1_522' title='bbox 371 3985 518 4038; x_wconf 82' lang='lat' dir='ltr'><strong>citra</strong></span> <span class='ocrx_word' id='word_1_523' title='bbox 549 4000 773 4041; x_wconf 85' lang='lat' dir='ltr'><strong>onmem</strong></span> <span class='ocrx_word' id='word_1_524' title='bbox 804 3983 1280 4053; x_wconf 86' lang='lat' dir='ltr'><strong>comparationem</strong></span> <span class='ocrx_word' id='word_1_525' title='bbox 1324 3981 1679 4052; x_wconf 70' lang='lat' dir='ltr'><strong>praestantio-</strong></span> 
     </span>
    </p>
   </div>
   <div class='ocr_carea' id='block_1_72' title="bbox 102 4072 738 4131">
    <p class='ocr_par' dir='ltr' id='par_1_72' title="bbox 102 4072 738 4131">
     <span class='ocr_line' id='line_1_72' title="bbox 102 4072 738 4131; baseline 0.011 -11"><span class='ocrx_word' id='word_1_526' title='bbox 102 4083 204 4122; x_wconf 87' lang='lat' dir='ltr'><strong>rem</strong></span> <span class='ocrx_word' id='word_1_527' title='bbox 232 4087 350 4126; x_wconf 86' lang='lat' dir='ltr'><strong>eam</strong></span> <span class='ocrx_word' id='word_1_528' title='bbox 380 4072 738 4131; x_wconf 79' lang='lat' dir='ltr'><strong>existimans.</strong></span> 
     </span>
    </p>
   </div>
   <div class='ocr_carea' id='block_1_73' title="bbox 164 4159 1679 4230">
    <p class='ocr_par' dir='ltr' id='par_1_73' title="bbox 164 4159 1679 4230">
     <span class='ocr_line' id='line_1_73' title="bbox 164 4159 1679 4230; baseline -0.001 -15"><span class='ocrx_word' id='word_1_529' title='bbox 164 4159 546 4218; x_wconf 71' lang='lat' dir='ltr'><strong>Divinissnmus</strong></span> <span class='ocrx_word' id='word_1_530' title='bbox 562 4162 1013 4216; x_wconf 88' lang='lat' dir='ltr'><strong>autemBarlaam</strong></span> <span class='ocrx_word' id='word_1_531' title='bbox 1022 4162 1140 4230; x_wconf 88' lang='lat' dir='ltr'><strong>jam</strong></span> <span class='ocrx_word' id='word_1_532' title='bbox 1154 4159 1679 4230; x_wconf 88' lang='lat' dir='ltr'><strong>jamquediscedere</strong></span> 
     </span>
    </p>
   </div>
   <div class='ocr_carea' id='block_1_74' title="bbox 99 4249 1677 4329">
    <p class='ocr_par' dir='ltr' id='par_1_74' title="bbox 99 4249 1677 4329">
     <span class='ocr_line' id='line_1_74' title="bbox 99 4249 1677 4329; baseline -0.001 -24"><span class='ocrx_word' id='word_1_533' title='bbox 99 4250 324 4318; x_wconf 77' lang='lat' dir='ltr'><strong>Cllpiens,</strong></span> <span class='ocrx_word' id='word_1_534' title='bbox 346 4270 412 4307; x_wconf 90' lang='lat' dir='ltr'><strong>ea</strong></span> <span class='ocrx_word' id='word_1_535' title='bbox 442 4270 566 4329; x_wconf 67' lang='lat' dir='ltr'><strong>quae</strong></span> <span class='ocrx_word' id='word_1_536' title='bbox 583 4252 651 4306; x_wconf 88' lang='lat' dir='ltr'><strong>ad</strong></span> <span class='ocrx_word' id='word_1_537' title='bbox 682 4252 989 4305; x_wconf 86' lang='lat' dir='ltr'><strong>discessum</strong></span> <span class='ocrx_word' id='word_1_538' title='bbox 1019 4249 1375 4320; x_wconf 84' lang='lat' dir='ltr'><strong>pertinebant</strong></span> <span class='ocrx_word' id='word_1_539' title='bbox 1410 4249 1677 4319; x_wconf 86' lang='lat' dir='ltr'><strong>loqueba-</strong></span> 
     </span>
    </p>
   </div>
   <div class='ocr_carea' id='block_1_75' title="bbox 102 4339 1673 4417">
    <p class='ocr_par' dir='ltr' id='par_1_75' title="bbox 102 4339 1673 4417">
     <span class='ocr_line' id='line_1_75' title="bbox 102 4339 1673 4417; baseline 0.003 -30"><span class='ocrx_word' id='word_1_540' title='bbox 102 4340 198 4403; x_wconf 89' lang='lat' dir='ltr'><strong>tur,</strong></span> <span class='ocrx_word' id='word_1_541' title='bbox 239 4347 690 4411; x_wconf 88' lang='lat' dir='ltr'><strong>postremamque</strong></span> <span class='ocrx_word' id='word_1_542' title='bbox 718 4341 862 4395; x_wconf 84' lang='lat' dir='ltr'><strong>hanc</strong></span> <span class='ocrx_word' id='word_1_543' title='bbox 904 4339 1009 4410; x_wconf 91' lang='lat' dir='ltr'><strong>ipsi</strong></span> <span class='ocrx_word' id='word_1_544' title='bbox 1046 4339 1356 4393; x_wconf 88' lang='lat' dir='ltr'><strong>doctrinam</strong></span> <span class='ocrx_word' id='word_1_545' title='bbox 1400 4339 1673 4417; x_wconf 82' lang='lat' dir='ltr'><strong>adhibuit.</strong></span> 
     </span>
    </p>
   </div>
   <div class='ocr_carea' id='block_1_76' title="bbox 101 4422 1677 4499">
    <p class='ocr_par' dir='ltr' id='par_1_76' title="bbox 101 4422 1677 4499">
     <span class='ocr_line' id='line_1_76' title="bbox 101 4422 1677 4499; baseline 0.003 -22"><span class='ocrx_word' id='word_1_546' title='bbox 101 4422 418 4482; x_wconf 86' lang='lat' dir='ltr'><strong>Charissime</strong></span> <span class='ocrx_word' id='word_1_547' title='bbox 445 4429 641 4493; x_wconf 83' lang='lat' dir='ltr'><strong>frater,</strong></span> <span class='ocrx_word' id='word_1_548' title='bbox 674 4428 877 4499; x_wconf 90' lang='lat' dir='ltr'><strong>inquit,</strong></span> <span class='ocrx_word' id='word_1_549' title='bbox 920 4445 984 4482; x_wconf 87' lang='lat' dir='ltr'><strong>ac</strong></span> <span class='ocrx_word' id='word_1_550' title='bbox 1007 4428 1338 4485; x_wconf 85' lang='lat' dir='ltr'><strong>suavissime</strong></span> <span class='ocrx_word' id='word_1_551' title='bbox 1376 4428 1474 4490; x_wconf 83' lang='lat' dir='ltr'><strong>ﬁli,</strong></span> <span class='ocrx_word' id='word_1_552' title='bbox 1509 4445 1677 4498; x_wconf 85' lang='lat' dir='ltr'><strong>quem</strong></span> 
     </span>
    </p>
   </div>
   <div class='ocr_carea' id='block_1_77' title="bbox 1769 3269 3282 3343">
    <p class='ocr_par' dir='ltr' id='par_1_77' title="bbox 1769 3269 3282 3343">
     <span class='ocr_line' id='line_1_77' title="bbox 1769 3269 3282 3343; baseline 0.002 -21"><span class='ocrx_word' id='word_1_553' title='bbox 1769 3270 1922 3323; x_wconf 86' lang='lat' dir='ltr'><strong>tione</strong></span> <span class='ocrx_word' id='word_1_554' title='bbox 1954 3286 2049 3323; x_wconf 88' lang='lat' dir='ltr'><strong>eos</strong></span> <span class='ocrx_word' id='word_1_555' title='bbox 2078 3269 2174 3339; x_wconf 89' lang='lat' dir='ltr'><strong>qui</strong></span> <span class='ocrx_word' id='word_1_556' title='bbox 2206 3269 2381 3339; x_wconf 89' lang='lat' dir='ltr'><strong>ipsius</strong></span> <span class='ocrx_word' id='word_1_557' title='bbox 2406 3287 2597 3324; x_wconf 88' lang='lat' dir='ltr'><strong>amore</strong></span> <span class='ocrx_word' id='word_1_558' title='bbox 2623 3270 2844 3341; x_wconf 67' lang='lat' dir='ltr'><strong>pI‘EBdltl</strong></span> <span class='ocrx_word' id='word_1_559' title='bbox 2873 3278 3008 3325; x_wconf 90' lang='lat' dir='ltr'><strong>sunt</strong></span> <span class='ocrx_word' id='word_1_560' title='bbox 3034 3277 3282 3343; x_wconf 79' lang='lat' dir='ltr'><strong>superat.</strong></span> 
     </span>
    </p>
   </div>
   <div class='ocr_carea' id='block_1_78' title="bbox 1842 3359 3361 3432">
    <p class='ocr_par' dir='ltr' id='par_1_78' title="bbox 1842 3359 3361 3432">
     <span class='ocr_line' id='line_1_78' title="bbox 1842 3359 3361 3432; baseline 0.003 -20"><span class='ocrx_word' id='word_1_561' title='bbox 1842 3359 2099 3413; x_wconf 85' lang='lat' dir='ltr'><strong>Barlaam</strong></span> <span class='ocrx_word' id='word_1_562' title='bbox 2131 3364 2342 3425; x_wconf 86' lang='lat' dir='ltr'><strong>autem,</strong></span> <span class='ocrx_word' id='word_1_563' title='bbox 2374 3359 2549 3430; x_wconf 91' lang='lat' dir='ltr'><strong>ipsius</strong></span> <span class='ocrx_word' id='word_1_564' title='bbox 2582 3359 3013 3417; x_wconf 77' lang='lat' dir='ltr'><strong>lamentationes</strong></span> <span class='ocrx_word' id='word_1_565' title='bbox 3041 3366 3361 3432; x_wconf 78' lang='lat' dir='ltr'><strong>amputans,</strong></span> 
     </span>
    </p>
   </div>
   <div class='ocr_carea' id='block_1_79' title="bbox 1768 3448 3362 3522">
    <p class='ocr_par' dir='ltr' id='par_1_79' title="bbox 1768 3448 3362 3522">
     <span class='ocr_line' id='line_1_79' title="bbox 1768 3448 3362 3522; baseline 0.004 -21"><span class='ocrx_word' id='word_1_566' title='bbox 1768 3448 2027 3511; x_wconf 86' lang='lat' dir='ltr'><strong>surrexit,</strong></span> <span class='ocrx_word' id='word_1_567' title='bbox 2065 3454 2234 3517; x_wconf 89' lang='lat' dir='ltr'><strong>atque</strong></span> <span class='ocrx_word' id='word_1_568' title='bbox 2267 3449 2334 3502; x_wconf 89' lang='lat' dir='ltr'><strong>ad</strong></span> <span class='ocrx_word' id='word_1_569' title='bbox 2380 3449 2656 3502; x_wconf 89' lang='lat' dir='ltr'><strong>orandum</strong></span> <span class='ocrx_word' id='word_1_570' title='bbox 2686 3467 2746 3501; x_wconf 90' lang='lat' dir='ltr'><strong>se</strong></span> <span class='ocrx_word' id='word_1_571' title='bbox 2784 3449 3146 3520; x_wconf 87' lang='lat' dir='ltr'><strong>comparavit,</strong></span> <span class='ocrx_word' id='word_1_572' title='bbox 3172 3450 3362 3522; x_wconf 69' lang='lat' dir='ltr'><strong>maui-</strong></span> 
     </span>
    </p>
   </div>
   <div class='ocr_carea' id='block_1_80' title="bbox 1764 3535 3361 3609">
    <p class='ocr_par' dir='ltr' id='par_1_80' title="bbox 1764 3535 3361 3609">
     <span class='ocr_line' id='line_1_80' title="bbox 1764 3535 3361 3609; baseline 0.002 -19"><span class='ocrx_word' id='word_1_573' title='bbox 1764 3535 1979 3607; x_wconf 90' lang='lat' dir='ltr'><strong>busque</strong></span> <span class='ocrx_word' id='word_1_574' title='bbox 2005 3537 2063 3590; x_wconf 94' lang='lat' dir='ltr'><strong>in</strong></span> <span class='ocrx_word' id='word_1_575' title='bbox 2093 3538 2293 3591; x_wconf 66' lang='lat' dir='ltr'><strong>cadum</strong></span> <span class='ocrx_word' id='word_1_576' title='bbox 2323 3536 2577 3602; x_wconf 85' lang='lat' dir='ltr'><strong>sublatis,</strong></span> <span class='ocrx_word' id='word_1_577' title='bbox 2604 3537 2692 3591; x_wconf 90' lang='lat' dir='ltr'><strong>his</strong></span> <span class='ocrx_word' id='word_1_578' title='bbox 2714 3537 2896 3592; x_wconf 86' lang='lat' dir='ltr'><strong>verbis</strong></span> <span class='ocrx_word' id='word_1_579' title='bbox 2920 3555 3054 3593; x_wconf 91' lang='lat' dir='ltr'><strong>usus</strong></span> <span class='ocrx_word' id='word_1_580' title='bbox 3075 3544 3188 3595; x_wconf 82' lang='lat' dir='ltr'><strong>est:</strong></span> <span class='ocrx_word' id='word_1_581' title='bbox 3209 3539 3361 3609; x_wconf 72' lang='lat' dir='ltr'><strong>Deus</strong></span> 
     </span>
    </p>
   </div>
   <div class='ocr_carea' id='block_1_81' title="bbox 1765 3625 3360 3699">
    <p class='ocr_par' dir='ltr' id='par_1_81' title="bbox 1765 3625 3360 3699">
     <span class='ocr_line' id='line_1_81' title="bbox 1765 3625 3360 3699; baseline 0.002 -20"><span class='ocrx_word' id='word_1_582' title='bbox 1765 3631 1821 3679; x_wconf 90' lang='lat' dir='ltr'><strong>et</strong></span> <span class='ocrx_word' id='word_1_583' title='bbox 1850 3627 2016 3680; x_wconf 91' lang='lat' dir='ltr'><strong>Pater</strong></span> <span class='ocrx_word' id='word_1_584' title='bbox 2035 3625 2265 3681; x_wconf 88' lang='lat' dir='ltr'><strong>Domini</strong></span> <span class='ocrx_word' id='word_1_585' title='bbox 2295 3627 2472 3681; x_wconf 90' lang='lat' dir='ltr'><strong>nostri</strong></span> <span class='ocrx_word' id='word_1_586' title='bbox 2492 3627 2520 3680; x_wconf 91' lang='lat' dir='ltr'><strong>J</strong></span> <span class='ocrx_word' id='word_1_587' title='bbox 2527 3644 2625 3681; x_wconf 91' lang='lat' dir='ltr'><strong>esu</strong></span> <span class='ocrx_word' id='word_1_588' title='bbox 2642 3627 3052 3698; x_wconf 83' lang='lat' dir='ltr'><strong>Cliristi,quiea</strong></span> <span class='ocrx_word' id='word_1_589' title='bbox 3065 3645 3186 3699; x_wconf 67' lang='lat' dir='ltr'><strong>quae</strong></span> <span class='ocrx_word' id='word_1_590' title='bbox 3204 3627 3360 3699; x_wconf 83' lang='lat' dir='ltr'><strong>prius</strong></span> 
     </span>
    </p>
   </div>
   <div class='ocr_carea' id='block_1_82' title="bbox 1764 3714 3399 3787">
    <p class='ocr_par' dir='ltr' id='par_1_82' title="bbox 1764 3714 3399 3787">
     <span class='ocr_line' id='line_1_82' title="bbox 1764 3714 3399 3787; baseline 0.001 -20"><span class='ocrx_word' id='word_1_591' title='bbox 1764 3714 2009 3769; x_wconf 87' lang='lat' dir='ltr'><strong>tenebris</strong></span> <span class='ocrx_word' id='word_1_592' title='bbox 2054 3714 2292 3770; x_wconf 90' lang='lat' dir='ltr'><strong>obducta</strong></span> <span class='ocrx_word' id='word_1_593' title='bbox 2338 3720 2515 3779; x_wconf 91' lang='lat' dir='ltr'><strong>erant,</strong></span> <span class='ocrx_word' id='word_1_594' title='bbox 2568 3716 2690 3773; x_wconf 89' lang='lat' dir='ltr'><strong>luce</strong></span> <span class='ocrx_word' id='word_1_595' title='bbox 2719 3716 3031 3787; x_wconf 79' lang='lat' dir='ltr'><strong>perfudisti,</strong></span> <span class='ocrx_word' id='word_1_596' title='bbox 3071 3722 3240 3786; x_wconf 85' lang='lat' dir='ltr'><strong>atque</strong></span> <span class='ocrx_word' id='word_1_597' title='bbox 3269 3735 3359 3783; x_wconf 83' lang='lat' dir='ltr'><strong>res</strong></span> <span class='ocrx_word' id='word_1_598' title='bbox 3398 3718 3399 3721; x_wconf 63' lang='grc'><em>“</em></span> 
     </span>
    </p>
   </div>
   <div class='ocr_carea' id='block_1_83' title="bbox 1762 3798 3358 3877">
    <p class='ocr_par' dir='ltr' id='par_1_83' title="bbox 1762 3798 3358 3877">
     <span class='ocr_line' id='line_1_83' title="bbox 1762 3798 3358 3877; baseline 0.003 -21"><span class='ocrx_word' id='word_1_599' title='bbox 1762 3820 1958 3857; x_wconf 88' lang='lat' dir='ltr'><strong>omnes</strong></span> <span class='ocrx_word' id='word_1_600' title='bbox 1986 3804 2257 3869; x_wconf 82' lang='lat' dir='ltr'><strong>conditas,</strong></span> <span class='ocrx_word' id='word_1_601' title='bbox 2292 3811 2410 3857; x_wconf 90' lang='lat' dir='ltr'><strong>tam</strong></span> <span class='ocrx_word' id='word_1_602' title='bbox 2440 3821 2562 3875; x_wconf 68' lang='lat' dir='ltr'><strong>quae</strong></span> <span class='ocrx_word' id='word_1_603' title='bbox 2591 3812 2819 3875; x_wconf 88' lang='lat' dir='ltr'><strong>aspectu</strong></span> <span class='ocrx_word' id='word_1_604' title='bbox 2842 3798 3166 3865; x_wconf 84' lang='lat' dir='ltr'><strong>sentiuntur</strong></span> <span class='ocrx_word' id='word_1_605' title='bbox 3182 3822 3358 3877; x_wconf 79' lang='lat' dir='ltr'><strong>quam</strong></span> 
     </span>
    </p>
   </div>
   <div class='ocr_carea' id='block_1_84' title="bbox 1764 3892 3357 3967">
    <p class='ocr_par' dir='ltr' id='par_1_84' title="bbox 1764 3892 3357 3967">
     <span class='ocr_line' id='line_1_84' title="bbox 1764 3892 3357 3967; baseline 0.001 -21"><span class='ocrx_word' id='word_1_606' title='bbox 1764 3908 1885 3963; x_wconf 75' lang='lat' dir='ltr'><strong>quae</strong></span> <span class='ocrx_word' id='word_1_607' title='bbox 1916 3892 1986 3946; x_wconf 82' lang='lat' dir='ltr'><strong>ab</strong></span> <span class='ocrx_word' id='word_1_608' title='bbox 2016 3894 2304 3947; x_wconf 88' lang='lat' dir='ltr'><strong>oculorum</strong></span> <span class='ocrx_word' id='word_1_609' title='bbox 2334 3910 2500 3948; x_wconf 88' lang='lat' dir='ltr'><strong>sensu</strong></span> <span class='ocrx_word' id='word_1_610' title='bbox 2524 3900 2749 3948; x_wconf 69' lang='lat' dir='ltr'><strong>remotae</strong></span> <span class='ocrx_word' id='word_1_611' title='bbox 2770 3900 2920 3967; x_wconf 87' lang='lat' dir='ltr'><strong>sunt,</strong></span> <span class='ocrx_word' id='word_1_612' title='bbox 2946 3912 3010 3949; x_wconf 87' lang='lat' dir='ltr'><strong>ex</strong></span> <span class='ocrx_word' id='word_1_613' title='bbox 3037 3894 3211 3949; x_wconf 85' lang='lat' dir='ltr'><strong>nihilo</strong></span> <span class='ocrx_word' id='word_1_614' title='bbox 3231 3911 3357 3966; x_wconf 80' lang='lat' dir='ltr'><strong>pro-</strong></span> 
     </span>
    </p>
   </div>
   <div class='ocr_carea' id='block_1_85' title="bbox 1763 3980 3357 4054">
    <p class='ocr_par' dir='ltr' id='par_1_85' title="bbox 1763 3980 3357 4054">
     <span class='ocr_line' id='line_1_85' title="bbox 1763 3980 3357 4054; baseline -0.001 -17"><span class='ocrx_word' id='word_1_615' title='bbox 1763 3980 2090 4051; x_wconf 82' lang='lat' dir='ltr'><strong>duxisti,qui</strong></span> <span class='ocrx_word' id='word_1_616' title='bbox 2117 3983 2443 4051; x_wconf 80' lang='lat' dir='ltr'><strong>ﬁgmentum</strong></span> <span class='ocrx_word' id='word_1_617' title='bbox 2460 3989 2620 4037; x_wconf 90' lang='lat' dir='ltr'><strong>tuum</strong></span> <span class='ocrx_word' id='word_1_618' title='bbox 2643 3983 2984 4049; x_wconf 89' lang='lat' dir='ltr'><strong>convertisti,</strong></span> <span class='ocrx_word' id='word_1_619' title='bbox 3002 4000 3103 4036; x_wconf 91' lang='lat' dir='ltr'><strong>nec</strong></span> <span class='ocrx_word' id='word_1_620' title='bbox 3117 4000 3217 4037; x_wconf 89' lang='lat' dir='ltr'><strong>nos</strong></span> <span class='ocrx_word' id='word_1_621' title='bbox 3230 3989 3357 4054; x_wconf 90' lang='lat' dir='ltr'><strong>post</strong></span> 
     </span>
    </p>
   </div>
   <div class='ocr_carea' id='block_1_86' title="bbox 1762 4066 3355 4149">
    <p class='ocr_par' dir='ltr' id='par_1_86' title="bbox 1762 4066 3355 4149">
     <span class='ocr_line' id='line_1_86' title="bbox 1762 4066 3355 4149; baseline 0.001 -25"><span class='ocrx_word' id='word_1_622' title='bbox 1762 4071 2145 4141; x_wconf 85' lang='lat' dir='ltr'><strong>insipientiam</strong></span> <span class='ocrx_word' id='word_1_623' title='bbox 2179 4077 2426 4125; x_wconf 87' lang='lat' dir='ltr'><strong>nostram</strong></span> <span class='ocrx_word' id='word_1_624' title='bbox 2475 4070 2628 4127; x_wconf 87' lang='lat' dir='ltr'><strong>abire</strong></span> <span class='ocrx_word' id='word_1_625' title='bbox 2660 4073 2983 4142; x_wconf 83' lang='lat' dir='ltr'><strong>permisisti,</strong></span> <span class='ocrx_word' id='word_1_626' title='bbox 3015 4066 3228 4142; x_wconf 86' lang='lat' dir='ltr'><strong>gratias</strong></span> <span class='ocrx_word' id='word_1_627' title='bbox 3252 4072 3355 4149; x_wconf 75' lang='lat' dir='ltr'><strong>tibi</strong></span> 
     </span>
    </p>
   </div>
   <div class='ocr_carea' id='block_1_87' title="bbox 1762 4160 3355 4235">
    <p class='ocr_par' dir='ltr' id='par_1_87' title="bbox 1762 4160 3355 4235">
     <span class='ocr_line' id='line_1_87' title="bbox 1762 4160 3355 4235; baseline 0.003 -23"><span class='ocrx_word' id='word_1_628' title='bbox 1762 4160 1999 4229; x_wconf 84' lang='lat' dir='ltr'><strong>agimus,</strong></span> <span class='ocrx_word' id='word_1_629' title='bbox 2033 4178 2097 4213; x_wconf 85' lang='lat' dir='ltr'><strong>ac</strong></span> <span class='ocrx_word' id='word_1_630' title='bbox 2125 4165 2234 4214; x_wconf 69' lang='lat' dir='ltr'><strong>tua:</strong></span> <span class='ocrx_word' id='word_1_631' title='bbox 2273 4161 2537 4230; x_wconf 66' lang='lat' dir='ltr'><strong>potentiae</strong></span> <span class='ocrx_word' id='word_1_632' title='bbox 2568 4168 2624 4215; x_wconf 90' lang='lat' dir='ltr'><strong>et</strong></span> <span class='ocrx_word' id='word_1_633' title='bbox 2653 4161 2960 4231; x_wconf 67' lang='lat' dir='ltr'><strong>sapientiai,</strong></span> <span class='ocrx_word' id='word_1_634' title='bbox 2996 4162 3100 4215; x_wconf 85' lang='lat' dir='ltr'><strong>hoc</strong></span> <span class='ocrx_word' id='word_1_635' title='bbox 3125 4168 3211 4216; x_wconf 85' lang='lat' dir='ltr'><strong>est</strong></span> <span class='ocrx_word' id='word_1_636' title='bbox 3243 4163 3355 4235; x_wconf 81' lang='lat' dir='ltr'><strong>Do-</strong></span> 
     </span>
    </p>
   </div>
   <div class='ocr_carea' id='block_1_88' title="bbox 1762 4250 3356 4323">
    <p class='ocr_par' dir='ltr' id='par_1_88' title="bbox 1762 4250 3356 4323">
     <span class='ocr_line' id='line_1_88' title="bbox 1762 4250 3356 4323; baseline 0.002 -21"><span class='ocrx_word' id='word_1_637' title='bbox 1762 4250 1917 4303; x_wconf 90' lang='lat' dir='ltr'><strong>mino</strong></span> <span class='ocrx_word' id='word_1_638' title='bbox 1951 4256 2142 4305; x_wconf 79' lang='lat' dir='ltr'><strong>nestro</strong></span> <span class='ocrx_word' id='word_1_639' title='bbox 2174 4252 2303 4303; x_wconf 89' lang='lat' dir='ltr'><strong>Jesu</strong></span> <span class='ocrx_word' id='word_1_640' title='bbox 2342 4251 2585 4316; x_wconf 85' lang='lat' dir='ltr'><strong>Christo,</strong></span> <span class='ocrx_word' id='word_1_641' title='bbox 2628 4268 2727 4321; x_wconf 88' lang='lat' dir='ltr'><strong>per</strong></span> <span class='ocrx_word' id='word_1_642' title='bbox 2756 4268 2922 4321; x_wconf 88' lang='lat' dir='ltr'><strong>quem</strong></span> <span class='ocrx_word' id='word_1_643' title='bbox 2953 4251 3126 4305; x_wconf 89' lang='lat' dir='ltr'><strong>etiam</strong></span> <span class='ocrx_word' id='word_1_644' title='bbox 3155 4251 3356 4323; x_wconf 67' lang='lat' dir='ltr'><strong>saecula</strong></span> 
     </span>
    </p>
   </div>
   <div class='ocr_carea' id='block_1_89' title="bbox 1756 4338 3350 4413">
    <p class='ocr_par' dir='ltr' id='par_1_89' title="bbox 1756 4338 3350 4413">
     <span class='ocr_line' id='line_1_89' title="bbox 1756 4338 3350 4413; baseline 0.001 -22"><span class='ocrx_word' id='word_1_645' title='bbox 1756 4338 1937 4399; x_wconf 63' lang='lat' dir='ltr'><strong>fecisti</strong></span> <span class='ocrx_word' id='word_1_646' title='bbox 1961 4341 2105 4403; x_wconf 71' lang='lat' dir='ltr'><strong>(llcb.</strong></span> <span class='ocrx_word' id='word_1_647' title='bbox 2121 4348 2178 4405; x_wconf 82' lang='lat'><strong>1),</strong></span> <span class='ocrx_word' id='word_1_648' title='bbox 2198 4356 2410 4413; x_wconf 90' lang='lat' dir='ltr'><strong>nosque</strong></span> <span class='ocrx_word' id='word_1_649' title='bbox 2428 4340 2717 4410; x_wconf 86' lang='lat' dir='ltr'><strong>prolapsos</strong></span> <span class='ocrx_word' id='word_1_650' title='bbox 2736 4347 2793 4394; x_wconf 79' lang='lat' dir='ltr'><strong>et</strong></span> <span class='ocrx_word' id='word_1_651' title='bbox 2804 4341 3057 4410; x_wconf 88' lang='lat' dir='ltr'><strong>jacentcs</strong></span> <span class='ocrx_word' id='word_1_652' title='bbox 3077 4341 3350 4407; x_wconf 74' lang='lat' dir='ltr'><strong>excitasti,</strong></span> 
     </span>
    </p>
   </div>
   <div class='ocr_carea' id='block_1_90' title="bbox 1761 4428 3354 4505">
    <p class='ocr_par' dir='ltr' id='par_1_90' title="bbox 1761 4428 3354 4505">
     <span class='ocr_line' id='line_1_90' title="bbox 1761 4428 3354 4505; baseline 0 -24"><span class='ocrx_word' id='word_1_653' title='bbox 1761 4433 1819 4481; x_wconf 90' lang='lat' dir='ltr'><strong>et</strong></span> <span class='ocrx_word' id='word_1_654' title='bbox 1831 4428 2283 4505; x_wconf 86' lang='lat' dir='ltr'><strong>delinquentibus</strong></span> <span class='ocrx_word' id='word_1_655' title='bbox 2312 4435 2538 4499; x_wconf 86' lang='lat' dir='ltr'><strong>peccata</strong></span> <span class='ocrx_word' id='word_1_656' title='bbox 2560 4428 2842 4493; x_wconf 89' lang='lat' dir='ltr'><strong>remisisti,</strong></span> <span class='ocrx_word' id='word_1_657' title='bbox 2867 4444 3054 4493; x_wconf 81' lang='lat' dir='ltr'><strong>errore</strong></span> <span class='ocrx_word' id='word_1_658' title='bbox 3088 4436 3354 4499; x_wconf 85' lang='lat' dir='ltr'><strong>vagantes</strong></span> 
     </span>
    </p>
   </div>
   <div class='ocr_carea' id='block_1_91' title="bbox 100 4509 3353 4589">
    <p class='ocr_par' dir='ltr' id='par_1_91' title="bbox 100 4509 3353 4589">
     <span class='ocr_line' id='line_1_91' title="bbox 100 4509 3353 4589; baseline 0.002 -23"><span class='ocrx_word' id='word_1_659' title='bbox 100 4528 188 4582; x_wconf 78' lang='lat' dir='ltr'><strong>ego</strong></span> <span class='ocrx_word' id='word_1_660' title='bbox 214 4532 310 4586; x_wconf 89' lang='lat' dir='ltr'><strong>per</strong></span> <span class='ocrx_word' id='word_1_661' title='bbox 332 4517 700 4587; x_wconf 84' lang='lat' dir='ltr'><strong>Evangelium</strong></span> <span class='ocrx_word' id='word_1_662' title='bbox 727 4518 899 4588; x_wconf 86' lang='lat' dir='ltr'><strong>genui</strong></span> <span class='ocrx_word' id='word_1_663' title='bbox 932 4520 979 4583; x_wconf 78' lang='grc' dir='ltr'><strong>(Ι</strong></span> <span class='ocrx_word' id='word_1_664' title='bbox 1005 4520 1127 4574; x_wconf 77' lang='lat' dir='ltr'><strong>Cor.</strong></span> <span class='ocrx_word' id='word_1_665' title='bbox 1162 4522 1258 4587; x_wconf 85' lang='lat' dir='ltr'><strong>Iv).</strong></span> <span class='ocrx_word' id='word_1_666' title='bbox 1284 4518 1391 4573; x_wconf 90' lang='lat' dir='ltr'><strong>scis</strong></span> <span class='ocrx_word' id='word_1_667' title='bbox 1417 4517 1504 4571; x_wconf 91' lang='lat' dir='ltr'><strong>cui</strong></span> <span class='ocrx_word' id='word_1_668' title='bbox 1537 4517 1676 4587; x_wconf 85' lang='lat' dir='ltr'><strong>Regi</strong></span> <span class='ocrx_word' id='word_1_669' title='bbox 1700 4509 2049 4581; x_wconf 75' lang='lat' dir='ltr'><strong>Dreduxisti,</strong></span> <span class='ocrx_word' id='word_1_670' title='bbox 2080 4518 2323 4588; x_wconf 86' lang='lat' dir='ltr'><strong>captivos</strong></span> <span class='ocrx_word' id='word_1_671' title='bbox 2353 4517 2662 4584; x_wconf 79' lang='lat' dir='ltr'><strong>redemisti,</strong></span> <span class='ocrx_word' id='word_1_672' title='bbox 2699 4522 2879 4571; x_wconf 88' lang='lat' dir='ltr'><strong>morte</strong></span> <span class='ocrx_word' id='word_1_673' title='bbox 2910 4517 3210 4571; x_wconf 79' lang='lat' dir='ltr'><strong>exstinctos</strong></span> <span class='ocrx_word' id='word_1_674' title='bbox 3252 4534 3353 4589; x_wconf 85' lang='lat' dir='ltr'><strong>per</strong></span> 
     </span>
    </p>
   </div>
   <div class='ocr_carea' id='block_1_92' title="bbox 102 4606 1675 4677">
    <p class='ocr_par' dir='ltr' id='par_1_92' title="bbox 102 4606 1675 4677">
     <span class='ocr_line' id='line_1_92' title="bbox 102 4606 1675 4677; baseline 0.004 -24"><span class='ocrx_word' id='word_1_675' title='bbox 102 4615 283 4661; x_wconf 89' lang='lat' dir='ltr'><strong>nomen</strong></span> <span class='ocrx_word' id='word_1_676' title='bbox 325 4606 550 4672; x_wconf 84' lang='lat' dir='ltr'><strong>dedisti,</strong></span> <span class='ocrx_word' id='word_1_677' title='bbox 597 4613 653 4669; x_wconf 87' lang='lat' dir='ltr'><strong>et</strong></span> <span class='ocrx_word' id='word_1_678' title='bbox 691 4624 819 4661; x_wconf 92' lang='lat' dir='ltr'><strong>cum</strong></span> <span class='ocrx_word' id='word_1_679' title='bbox 857 4624 967 4677; x_wconf 90' lang='lat' dir='ltr'><strong>quo</strong></span> <span class='ocrx_word' id='word_1_680' title='bbox 1004 4613 1168 4677; x_wconf 89' lang='lat' dir='ltr'><strong>pacta</strong></span> <span class='ocrx_word' id='word_1_681' title='bbox 1215 4607 1451 4664; x_wconf 87' lang='lat' dir='ltr'><strong>inivisti.</strong></span> <span class='ocrx_word' id='word_1_682' title='bbox 1489 4606 1675 4669; x_wconf 88' lang='lat' dir='ltr'><strong>Quare</strong></span> 
     </span>
    </p>
   </div>
   <div class='ocr_carea' id='block_1_93' title="bbox 98 4691 1675 4766">
    <p class='ocr_par' dir='ltr' id='par_1_93' title="bbox 98 4691 1675 4766">
     <span class='ocr_line' id='line_1_93' title="bbox 98 4691 1675 4766; baseline 0.004 -24"><span class='ocrx_word' id='word_1_683' title='bbox 98 4691 243 4747; x_wconf 79' lang='lat' dir='ltr'><strong>ﬁrma</strong></span> <span class='ocrx_word' id='word_1_684' title='bbox 261 4712 326 4749; x_wconf 84' lang='lat' dir='ltr'><strong>ea</strong></span> <span class='ocrx_word' id='word_1_685' title='bbox 344 4713 531 4750; x_wconf 88' lang='lat' dir='ltr'><strong>serves</strong></span> <span class='ocrx_word' id='word_1_686' title='bbox 552 4712 777 4750; x_wconf 90' lang='lat' dir='ltr'><strong>necesse</strong></span> <span class='ocrx_word' id='word_1_687' title='bbox 798 4704 900 4762; x_wconf 89' lang='lat' dir='ltr'><strong>est,</strong></span> <span class='ocrx_word' id='word_1_688' title='bbox 922 4702 1091 4766; x_wconf 89' lang='lat' dir='ltr'><strong>atque</strong></span> <span class='ocrx_word' id='word_1_689' title='bbox 1112 4696 1304 4759; x_wconf 88' lang='lat' dir='ltr'><strong>omnia</strong></span> <span class='ocrx_word' id='word_1_690' title='bbox 1325 4695 1535 4749; x_wconf 67' lang='lat' dir='ltr'><strong>militia)</strong></span> <span class='ocrx_word' id='word_1_691' title='bbox 1556 4712 1675 4749; x_wconf 90' lang='lat' dir='ltr'><strong>mu-</strong></span> 
     </span>
    </p>
   </div>
   <div class='ocr_carea' id='block_1_94' title="bbox 94 4779 1673 4856">
    <p class='ocr_par' dir='ltr' id='par_1_94' title="bbox 94 4779 1673 4856">
     <span class='ocr_line' id='line_1_94' title="bbox 94 4779 1673 4856; baseline -0.002 -16"><span class='ocrx_word' id='word_1_692' title='bbox 94 4779 193 4847; x_wconf 74' lang='lat' dir='ltr'><strong>nia,</strong></span> <span class='ocrx_word' id='word_1_693' title='bbox 211 4800 327 4852; x_wconf 67' lang='lat' dir='ltr'><strong>quae</strong></span> <span class='ocrx_word' id='word_1_694' title='bbox 358 4785 417 4841; x_wconf 90' lang='lat' dir='ltr'><strong>in</strong></span> <span class='ocrx_word' id='word_1_695' title='bbox 436 4786 513 4843; x_wconf 85' lang='lat' dir='ltr'><strong>hu</strong></span> <span class='ocrx_word' id='word_1_696' title='bbox 514 4785 766 4855; x_wconf 87' lang='lat' dir='ltr'><strong>jusmodi</strong></span> <span class='ocrx_word' id='word_1_697' title='bbox 778 4791 1068 4856; x_wconf 90' lang='lat' dir='ltr'><strong>pactorum</strong></span> <span class='ocrx_word' id='word_1_698' title='bbox 1091 4786 1588 4855; x_wconf 62' lang='lat' dir='ltr'><strong>charta,pra3&lt;ente</strong></span> <span class='ocrx_word' id='word_1_699' title='bbox 1609 4801 1673 4837; x_wconf 90' lang='lat' dir='ltr'><strong>ac</strong></span> 
     </span>
    </p>
   </div>
   <div class='ocr_carea' id='block_1_95' title="bbox 97 4873 1671 4946">
    <p class='ocr_par' dir='ltr' id='par_1_95' title="bbox 97 4873 1671 4946">
     <span class='ocr_line' id='line_1_95' title="bbox 97 4873 1671 4946; baseline 0.002 -22"><span class='ocrx_word' id='word_1_700' title='bbox 97 4873 336 4937; x_wconf 76' lang='lat' dir='ltr'><strong>testante,</strong></span> <span class='ocrx_word' id='word_1_701' title='bbox 369 4881 539 4946; x_wconf 88' lang='lat' dir='ltr'><strong>atque</strong></span> <span class='ocrx_word' id='word_1_702' title='bbox 562 4876 730 4931; x_wconf 88' lang='lat' dir='ltr'><strong>etiam</strong></span> <span class='ocrx_word' id='word_1_703' title='bbox 762 4882 927 4946; x_wconf 89' lang='lat' dir='ltr'><strong>pacta</strong></span> <span class='ocrx_word' id='word_1_704' title='bbox 970 4875 1093 4945; x_wconf 89' lang='lat' dir='ltr'><strong>ipsa</strong></span> <span class='ocrx_word' id='word_1_705' title='bbox 1130 4876 1333 4931; x_wconf 87' lang='lat' dir='ltr'><strong>litteris</strong></span> <span class='ocrx_word' id='word_1_706' title='bbox 1369 4874 1671 4929; x_wconf 86' lang='lat' dir='ltr'><strong>mandante</strong></span> 
     </span>
    </p>
   </div>
   <div class='ocr_carea' id='block_1_96' title="bbox 97 4960 1670 5037">
    <p class='ocr_par' dir='ltr' id='par_1_96' title="bbox 97 4960 1670 5037">
     <span class='ocr_line' id='line_1_96' title="bbox 97 4960 1670 5037; baseline 0.002 -24"><span class='ocrx_word' id='word_1_707' title='bbox 97 4960 334 5017; x_wconf 82' lang='lat' dir='ltr'><strong>universo</strong></span> <span class='ocrx_word' id='word_1_708' title='bbox 358 4965 571 5019; x_wconf 80' lang='lat' dir='ltr'><strong>cmlesti</strong></span> <span class='ocrx_word' id='word_1_709' title='bbox 596 4965 861 5030; x_wconf 80' lang='lat' dir='ltr'><strong>exercitu,</strong></span> <span class='ocrx_word' id='word_1_710' title='bbox 907 4964 1233 5037; x_wconf 87' lang='lat' dir='ltr'><strong>promisisti,</strong></span> <span class='ocrx_word' id='word_1_711' title='bbox 1282 4963 1450 5019; x_wconf 85' lang='lat' dir='ltr'><strong>alacri</strong></span> <span class='ocrx_word' id='word_1_712' title='bbox 1482 4963 1670 5017; x_wconf 89' lang='lat' dir='ltr'><strong>animo</strong></span> 
     </span>
    </p>
   </div>
   <div class='ocr_carea' id='block_1_97' title="bbox 96 5052 1667 5124">
    <p class='ocr_par' dir='ltr' id='par_1_97' title="bbox 96 5052 1667 5124">
     <span class='ocr_line' id='line_1_97' title="bbox 96 5052 1667 5124; baseline 0.004 -24"><span class='ocrx_word' id='word_1_713' title='bbox 96 5054 421 5121; x_wconf 77' lang='lat' dir='ltr'><strong>exsequaris,</strong></span> <span class='ocrx_word' id='word_1_714' title='bbox 440 5054 589 5117; x_wconf 78' lang='lat' dir='ltr'><strong>Quae</strong></span> <span class='ocrx_word' id='word_1_715' title='bbox 618 5053 844 5124; x_wconf 85' lang='lat' dir='ltr'><strong>quidem</strong></span> <span class='ocrx_word' id='word_1_716' title='bbox 874 5054 919 5107; x_wconf 85' lang='lat' dir='ltr'><strong>si</strong></span> <span class='ocrx_word' id='word_1_717' title='bbox 942 5053 1286 5124; x_wconf 65' lang='lat' dir='ltr'><strong>praestiteris,</strong></span> <span class='ocrx_word' id='word_1_718' title='bbox 1311 5052 1507 5107; x_wconf 88' lang='lat' dir='ltr'><strong>beatus</strong></span> <span class='ocrx_word' id='word_1_719' title='bbox 1538 5069 1667 5107; x_wconf 84' lang='lat' dir='ltr'><strong>eris.</strong></span> 
     </span>
    </p>
   </div>
   <div class='ocr_carea' id='block_1_98' title="bbox 92 5133 1673 5214">
    <p class='ocr_par' dir='ltr' id='par_1_98' title="bbox 92 5133 1673 5214">
     <span class='ocr_line' id='line_1_98' title="bbox 92 5133 1673 5214; baseline -0.002 -17"><span class='ocrx_word' id='word_1_720' title='bbox 92 5133 349 5197; x_wconf 69' lang='lat' dir='ltr'><strong>Quocirca</strong></span> <span class='ocrx_word' id='word_1_721' title='bbox 370 5142 474 5201; x_wconf 87' lang='lat' dir='ltr'><strong>tibi</strong></span> <span class='ocrx_word' id='word_1_722' title='bbox 503 5143 910 5213; x_wconf 86' lang='lat' dir='ltr'><strong>providendum</strong></span> <span class='ocrx_word' id='word_1_723' title='bbox 941 5149 1026 5201; x_wconf 87' lang='lat' dir='ltr'><strong>est</strong></span> <span class='ocrx_word' id='word_1_724' title='bbox 1054 5161 1124 5199; x_wconf 91' lang='lat' dir='ltr'><strong>ne</strong></span> <span class='ocrx_word' id='word_1_725' title='bbox 1146 5143 1281 5214; x_wconf 88' lang='lat' dir='ltr'><strong>quid</strong></span> <span class='ocrx_word' id='word_1_726' title='bbox 1312 5142 1673 5213; x_wconf 64' lang='lat' dir='ltr'><strong>praesentium</strong></span> 
     </span>
    </p>
   </div>
   <div class='ocr_carea' id='block_1_99' title="bbox 92 5230 1671 5303">
    <p class='ocr_par' dir='ltr' id='par_1_99' title="bbox 92 5230 1671 5303">
     <span class='ocr_line' id='line_1_99' title="bbox 92 5230 1671 5303; baseline 0.006 -29"><span class='ocrx_word' id='word_1_727' title='bbox 92 5240 259 5283; x_wconf 88' lang='lat' dir='ltr'><strong>rerum</strong></span> <span class='ocrx_word' id='word_1_728' title='bbox 287 5231 420 5297; x_wconf 91' lang='lat' dir='ltr'><strong>Deo,</strong></span> <span class='ocrx_word' id='word_1_729' title='bbox 450 5232 737 5303; x_wconf 84' lang='lat' dir='ltr'><strong>ipsiusque</strong></span> <span class='ocrx_word' id='word_1_730' title='bbox 758 5232 927 5287; x_wconf 86' lang='lat' dir='ltr'><strong>bonis</strong></span> <span class='ocrx_word' id='word_1_731' title='bbox 960 5239 1288 5303; x_wconf 85' lang='lat' dir='ltr'><strong>anteponas.</strong></span> <span class='ocrx_word' id='word_1_732' title='bbox 1337 5230 1487 5296; x_wconf 85' lang='lat' dir='ltr'><strong>Quid</strong></span> <span class='ocrx_word' id='word_1_733' title='bbox 1520 5231 1671 5289; x_wconf 85' lang='lat' dir='ltr'><strong>enim</strong></span> 
     </span>
    </p>
   </div>
   <div class='ocr_carea' id='block_1_100' title="bbox 90 5321 1665 5391">
    <p class='ocr_par' dir='ltr' id='par_1_100' title="bbox 90 5321 1665 5391">
     <span class='ocr_line' id='line_1_100' title="bbox 90 5321 1665 5391; baseline 0.008 -28"><span class='ocrx_word' id='word_1_734' title='bbox 90 5327 258 5371; x_wconf 85' lang='lat' dir='ltr'><strong>rerum</strong></span> <span class='ocrx_word' id='word_1_735' title='bbox 294 5321 653 5390; x_wconf 65' lang='lat' dir='ltr'><strong>praesentium</strong></span> <span class='ocrx_word' id='word_1_736' title='bbox 694 5326 915 5381; x_wconf 86' lang='lat' dir='ltr'><strong>tantum</strong></span> <span class='ocrx_word' id='word_1_737' title='bbox 956 5323 1187 5377; x_wconf 86' lang='lat' dir='ltr'><strong>terroris</strong></span> <span class='ocrx_word' id='word_1_738' title='bbox 1224 5322 1424 5385; x_wconf 79' lang='lat' dir='ltr'><strong>alferre</strong></span> <span class='ocrx_word' id='word_1_739' title='bbox 1466 5326 1665 5391; x_wconf 84' lang='lat' dir='ltr'><strong>potest.</strong></span> 
     </span>
    </p>
   </div>
   <div class='ocr_carea' id='block_1_101' title="bbox 93 5410 1672 5482">
    <p class='ocr_par' dir='ltr' id='par_1_101' title="bbox 93 5410 1672 5482">
     <span class='ocr_line' id='line_1_101' title="bbox 93 5410 1672 5482; baseline -0.002 -14"><span class='ocrx_word' id='word_1_740' title='bbox 93 5412 339 5468; x_wconf 68' lang='lat' dir='ltr'><strong>quantum</strong></span> <span class='ocrx_word' id='word_1_741' title='bbox 369 5410 517 5481; x_wconf 86' lang='lat' dir='ltr'><strong>ignis</strong></span> <span class='ocrx_word' id='word_1_742' title='bbox 539 5411 733 5467; x_wconf 62' lang='lat' dir='ltr'><strong>aeterni</strong></span> <span class='ocrx_word' id='word_1_743' title='bbox 757 5413 1058 5478; x_wconf 85' lang='lat' dir='ltr'><strong>cruciatus,</strong></span> <span class='ocrx_word' id='word_1_744' title='bbox 1085 5412 1183 5482; x_wconf 91' lang='lat' dir='ltr'><strong>qui</strong></span> <span class='ocrx_word' id='word_1_745' title='bbox 1212 5412 1292 5465; x_wconf 88' lang='lat' dir='ltr'><strong>ita</strong></span> <span class='ocrx_word' id='word_1_746' title='bbox 1319 5411 1572 5474; x_wconf 81' lang='lat' dir='ltr'><strong>ardet,ut</strong></span> <span class='ocrx_word' id='word_1_747' title='bbox 1592 5410 1672 5465; x_wconf 90' lang='lat' dir='ltr'><strong>in-</strong></span> 
     </span>
    </p>
   </div>
   <div class='ocr_carea' id='block_1_102' title="bbox 93 5494 1669 5575">
    <p class='ocr_par' dir='ltr' id='par_1_102' title="bbox 93 5494 1669 5575">
     <span class='ocr_line' id='line_1_102' title="bbox 93 5494 1669 5575; baseline 0.005 -31"><span class='ocrx_word' id='word_1_748' title='bbox 93 5494 241 5550; x_wconf 88' lang='lat' dir='ltr'><strong>terim</strong></span> <span class='ocrx_word' id='word_1_749' title='bbox 263 5498 399 5554; x_wconf 85' lang='lat' dir='ltr'><strong>lucis</strong></span> <span class='ocrx_word' id='word_1_750' title='bbox 429 5501 613 5555; x_wconf 87' lang='lat' dir='ltr'><strong>omnis</strong></span> <span class='ocrx_word' id='word_1_751' title='bbox 636 5518 832 5572; x_wconf 83' lang='lat' dir='ltr'><strong>expers</strong></span> <span class='ocrx_word' id='word_1_752' title='bbox 864 5502 954 5567; x_wconf 91' lang='lat' dir='ltr'><strong>sit,</strong></span> <span class='ocrx_word' id='word_1_753' title='bbox 982 5519 1084 5557; x_wconf 90' lang='lat' dir='ltr'><strong>nec</strong></span> <span class='ocrx_word' id='word_1_754' title='bbox 1105 5519 1356 5575; x_wconf 86' lang='lat' dir='ltr'><strong>unquam</strong></span> <span class='ocrx_word' id='word_1_755' title='bbox 1398 5499 1669 5555; x_wconf 77' lang='lat' dir='ltr'><strong>cxurendi</strong></span> 
     </span>
    </p>
   </div>
   <div class='ocr_carea' id='block_1_103' title="bbox 94 5580 1664 5663">
    <p class='ocr_par' dir='ltr' id='par_1_103' title="bbox 94 5580 1664 5663">
     <span class='ocr_line' id='line_1_103' title="bbox 94 5580 1664 5663; baseline 0.005 -30"><span class='ocrx_word' id='word_1_756' title='bbox 94 5580 239 5638; x_wconf 84' lang='lat' dir='ltr'><strong>ﬁnem</strong></span> <span class='ocrx_word' id='word_1_757' title='bbox 266 5586 458 5643; x_wconf 81' lang='lat' dir='ltr'><strong>faciat?</strong></span> <span class='ocrx_word' id='word_1_758' title='bbox 478 5591 555 5643; x_wconf 87' lang='lat' dir='ltr'><strong>Ac</strong></span> <span class='ocrx_word' id='word_1_759' title='bbox 576 5606 824 5658; x_wconf 87' lang='lat' dir='ltr'><strong>rursum,</strong></span> <span class='ocrx_word' id='word_1_760' title='bbox 843 5592 1125 5663; x_wconf 86' lang='lat' dir='ltr'><strong>quodnam</strong></span> <span class='ocrx_word' id='word_1_761' title='bbox 1156 5597 1241 5645; x_wconf 83' lang='lat' dir='ltr'><strong>est</strong></span> <span class='ocrx_word' id='word_1_762' title='bbox 1272 5591 1440 5659; x_wconf 88' lang='lat' dir='ltr'><strong>hujus</strong></span> <span class='ocrx_word' id='word_1_763' title='bbox 1470 5588 1664 5645; x_wconf 90' lang='lat' dir='ltr'><strong>mundi</strong></span> 
     </span>
    </p>
   </div>
   <div class='ocr_carea' id='block_1_104' title="bbox 132 5669 1660 5759">
    <p class='ocr_par' dir='ltr' id='par_1_104' title="bbox 132 5669 1660 5759">
     <span class='ocr_line' id='line_1_104' title="bbox 132 5669 1660 5759; baseline 0 -28"><span class='ocrx_word' id='word_1_764' title='bbox 132 5669 166 5725; x_wconf 90' lang='grc'><strong>.¹</strong></span> <span class='ocrx_word' id='word_1_765' title='bbox 194 5673 303 5733; x_wconf 83' lang='lat' dir='ltr'><strong>Hoc</strong></span> <span class='ocrx_word' id='word_1_766' title='bbox 331 5678 585 5759; x_wconf 69' lang='lat' dir='ltr'><strong>intelligo</strong></span> <span class='ocrx_word' id='word_1_767' title='bbox 614 5680 684 5736; x_wconf 88' lang='lat' dir='ltr'><strong>de</strong></span> <span class='ocrx_word' id='word_1_768' title='bbox 700 5680 1151 5752; x_wconf 73' lang='lat' dir='ltr'><strong>,divitiis,quibus</strong></span> <span class='ocrx_word' id='word_1_769' title='bbox 1173 5680 1378 5750; x_wconf 82' lang='lat' dir='ltr'><strong>aliquis</strong></span> <span class='ocrx_word' id='word_1_770' title='bbox 1392 5679 1660 5739; x_wconf 84' lang='lat' dir='ltr'><strong>abutitur.</strong></span> 
     </span>
    </p>
   </div>
   <div class='ocr_carea' id='block_1_105' title="bbox 1759 4605 3351 4676">
    <p class='ocr_par' dir='ltr' id='par_1_105' title="bbox 1759 4605 3351 4676">
     <span class='ocr_line' id='line_1_105' title="bbox 1759 4605 3351 4676; baseline -0.001 -16"><span class='ocrx_word' id='word_1_771' title='bbox 1759 4605 1883 4660; x_wconf 87' lang='lat' dir='ltr'><strong>Filii</strong></span> <span class='ocrx_word' id='word_1_772' title='bbox 1913 4606 1996 4660; x_wconf 92' lang='lat' dir='ltr'><strong>tui</strong></span> <span class='ocrx_word' id='word_1_773' title='bbox 2024 4622 2089 4658; x_wconf 87' lang='lat' dir='ltr'><strong>ac</strong></span> <span class='ocrx_word' id='word_1_774' title='bbox 2120 4606 2343 4661; x_wconf 87' lang='lat' dir='ltr'><strong>Domini</strong></span> <span class='ocrx_word' id='word_1_775' title='bbox 2373 4606 2550 4660; x_wconf 90' lang='lat' dir='ltr'><strong>nostri</strong></span> <span class='ocrx_word' id='word_1_776' title='bbox 2584 4606 2890 4676; x_wconf 88' lang='lat' dir='ltr'><strong>pretiosum</strong></span> <span class='ocrx_word' id='word_1_777' title='bbox 2918 4605 3249 4675; x_wconf 87' lang='lat' dir='ltr'><strong>sanguinem</strong></span> <span class='ocrx_word' id='word_1_778' title='bbox 3278 4606 3351 4659; x_wconf 85' lang='lat' dir='ltr'><strong>ad</strong></span> 
     </span>
    </p>
   </div>
   <div class='ocr_carea' id='block_1_106' title="bbox 1757 4694 2254 4750">
    <p class='ocr_par' dir='ltr' id='par_1_106' title="bbox 1757 4694 2254 4750">
     <span class='ocr_line' id='line_1_106' title="bbox 1757 4694 2254 4750; baseline 0.004 -4"><span class='ocrx_word' id='word_1_779' title='bbox 1757 4694 1925 4747; x_wconf 88' lang='lat' dir='ltr'><strong>vitam</strong></span> <span class='ocrx_word' id='word_1_780' title='bbox 1958 4695 2254 4750; x_wconf 88' lang='lat' dir='ltr'><strong>revocasti.</strong></span> 
     </span>
    </p>
   </div>
   <div class='ocr_carea' id='block_1_107' title="bbox 1824 4781 3350 4854">
    <p class='ocr_par' dir='ltr' id='par_1_107' title="bbox 1824 4781 3350 4854">
     <span class='ocr_line' id='line_1_107' title="bbox 1824 4781 3350 4854; baseline 0.002 -18"><span class='ocrx_word' id='word_1_781' title='bbox 1824 4782 1900 4836; x_wconf 81' lang='lat' dir='ltr'><strong>Te</strong></span> <span class='ocrx_word' id='word_1_782' title='bbox 1924 4781 2098 4852; x_wconf 88' lang='lat' dir='ltr'><strong>igitur</strong></span> <span class='ocrx_word' id='word_1_783' title='bbox 2128 4782 2340 4845; x_wconf 88' lang='lat' dir='ltr'><strong>invoco,</strong></span> <span class='ocrx_word' id='word_1_784' title='bbox 2380 4789 2549 4854; x_wconf 85' lang='lat' dir='ltr'><strong>atque</strong></span> <span class='ocrx_word' id='word_1_785' title='bbox 2578 4782 2928 4853; x_wconf 87' lang='lat' dir='ltr'><strong>unigenitum</strong></span> <span class='ocrx_word' id='word_1_786' title='bbox 2950 4783 3159 4847; x_wconf 64' lang='lat' dir='ltr'><strong>,Filium</strong></span> <span class='ocrx_word' id='word_1_787' title='bbox 3187 4789 3350 4847; x_wconf 87' lang='lat' dir='ltr'><strong>tuum</strong></span> 
     </span>
    </p>
   </div>
   <div class='ocr_carea' id='block_1_108' title="bbox 1755 4870 3350 4944">
    <p class='ocr_par' dir='ltr' id='par_1_108' title="bbox 1755 4870 3350 4944">
     <span class='ocr_line' id='line_1_108' title="bbox 1755 4870 3350 4944; baseline 0.004 -20"><span class='ocrx_word' id='word_1_788' title='bbox 1755 4875 1810 4924; x_wconf 90' lang='lat' dir='ltr'><strong>et</strong></span> <span class='ocrx_word' id='word_1_789' title='bbox 1840 4870 2252 4926; x_wconf 86' lang='lat' dir='ltr'><strong>sanctissimum</strong></span> <span class='ocrx_word' id='word_1_790' title='bbox 2279 4877 2441 4929; x_wconf 85' lang='lat' dir='ltr'><strong>tuum</strong></span> <span class='ocrx_word' id='word_1_791' title='bbox 2469 4872 3067 4944; x_wconf 64' lang='lat' dir='ltr'><strong>Spiritumllespicein</strong></span> <span class='ocrx_word' id='word_1_792' title='bbox 3098 4876 3350 4930; x_wconf 89' lang='lat' dir='ltr'><strong>oratione</strong></span> 
     </span>
    </p>
   </div>
   <div class='ocr_carea' id='block_1_109' title="bbox 1757 4960 3352 5037">
    <p class='ocr_par' dir='ltr' id='par_1_109' title="bbox 1757 4960 3352 5037">
     <span class='ocr_line' id='line_1_109' title="bbox 1757 4960 3352 5037; baseline 0.003 -24"><span class='ocrx_word' id='word_1_793' title='bbox 1757 4960 2048 5029; x_wconf 77' lang='lat' dir='ltr'><strong>praeditam</strong></span> <span class='ocrx_word' id='word_1_794' title='bbox 2078 4961 2221 5015; x_wconf 86' lang='lat' dir='ltr'><strong>hanc</strong></span> <span class='ocrx_word' id='word_1_795' title='bbox 2242 4976 2420 5027; x_wconf 90' lang='lat' dir='ltr'><strong>ovem,</strong></span> <span class='ocrx_word' id='word_1_796' title='bbox 2446 4978 2567 5033; x_wconf 64' lang='lat' dir='ltr'><strong>quae</strong></span> <span class='ocrx_word' id='word_1_797' title='bbox 2589 4979 2689 5033; x_wconf 88' lang='lat' dir='ltr'><strong>per</strong></span> <span class='ocrx_word' id='word_1_798' title='bbox 2719 4980 2808 5017; x_wconf 91' lang='lat' dir='ltr'><strong>me</strong></span> <span class='ocrx_word' id='word_1_799' title='bbox 2836 4963 3132 5033; x_wconf 87' lang='lat' dir='ltr'><strong>indignum</strong></span> <span class='ocrx_word' id='word_1_800' title='bbox 3168 4964 3352 5037; x_wconf 80' lang='lat' dir='ltr'><strong>,homi-</strong></span> 
     </span>
    </p>
   </div>
   <div class='ocr_carea' id='block_1_110' title="bbox 1754 5050 3352 5125">
    <p class='ocr_par' dir='ltr' id='par_1_110' title="bbox 1754 5050 3352 5125">
     <span class='ocr_line' id='line_1_110' title="bbox 1754 5050 3352 5125; baseline 0.002 -22"><span class='ocrx_word' id='word_1_801' title='bbox 1754 5065 1882 5104; x_wconf 90' lang='lat' dir='ltr'><strong>nem</strong></span> <span class='ocrx_word' id='word_1_802' title='bbox 1898 5050 1968 5105; x_wconf 89' lang='lat' dir='ltr'><strong>ad</strong></span> <span class='ocrx_word' id='word_1_803' title='bbox 1990 5051 2165 5104; x_wconf 84' lang='lat' dir='ltr'><strong>altare</strong></span> <span class='ocrx_word' id='word_1_804' title='bbox 2185 5056 2345 5107; x_wconf 89' lang='lat' dir='ltr'><strong>tuum</strong></span> <span class='ocrx_word' id='word_1_805' title='bbox 2371 5051 2780 5122; x_wconf 87' lang='lat' dir='ltr'><strong>accedit,atque</strong></span> <span class='ocrx_word' id='word_1_806' title='bbox 2802 5051 2975 5123; x_wconf 90' lang='lat' dir='ltr'><strong>ipsius</strong></span> <span class='ocrx_word' id='word_1_807' title='bbox 2990 5053 3236 5119; x_wconf 84' lang='lat' dir='ltr'><strong>animam</strong></span> <span class='ocrx_word' id='word_1_808' title='bbox 3246 5069 3352 5125; x_wconf 75' lang='lat' dir='ltr'><strong>per</strong></span> 
     </span>
    </p>
   </div>
   <div class='ocr_carea' id='block_1_111' title="bbox 1756 5140 3351 5210">
    <p class='ocr_par' dir='ltr' id='par_1_111' title="bbox 1756 5140 3351 5210">
     <span class='ocr_line' id='line_1_111' title="bbox 1756 5140 3351 5210; baseline 0.003 -19"><span class='ocrx_word' id='word_1_809' title='bbox 1756 5140 2020 5201; x_wconf 64' lang='lat' dir='ltr'><strong>virtutem</strong></span> <span class='ocrx_word' id='word_1_810' title='bbox 2049 5157 2113 5195; x_wconf 89' lang='lat' dir='ltr'><strong>ac</strong></span> <span class='ocrx_word' id='word_1_811' title='bbox 2130 5140 2371 5210; x_wconf 81' lang='lat' dir='ltr'><strong>gratiam</strong></span> <span class='ocrx_word' id='word_1_812' title='bbox 2396 5146 2551 5197; x_wconf 89' lang='lat' dir='ltr'><strong>tuam</strong></span> <span class='ocrx_word' id='word_1_813' title='bbox 2577 5143 2884 5197; x_wconf 80' lang='lat' dir='ltr'><strong>sanctiﬁca.</strong></span> <span class='ocrx_word' id='word_1_814' title='bbox 2918 5142 3101 5197; x_wconf 86' lang='lat' dir='ltr'><strong>Visita</strong></span> <span class='ocrx_word' id='word_1_815' title='bbox 3129 5142 3351 5197; x_wconf 85' lang='lat' dir='ltr'><strong>vineam</strong></span> 
     </span>
    </p>
   </div>
   <div class='ocr_carea' id='block_1_112' title="bbox 1752 5229 3349 5301">
    <p class='ocr_par' dir='ltr' id='par_1_112' title="bbox 1752 5229 3349 5301">
     <span class='ocr_line' id='line_1_112' title="bbox 1752 5229 3349 5301; baseline 0.001 -18"><span class='ocrx_word' id='word_1_816' title='bbox 1752 5229 1897 5283; x_wconf 86' lang='lat' dir='ltr'><strong>hanc</strong></span> <span class='ocrx_word' id='word_1_817' title='bbox 1920 5232 2080 5299; x_wconf 79' lang='lat' dir='ltr'><strong>(Psal.</strong></span> <span class='ocrx_word' id='word_1_818' title='bbox 2107 5232 2307 5295; x_wconf 72' lang='lat' dir='ltr'><strong>LXXIX),</strong></span> <span class='ocrx_word' id='word_1_819' title='bbox 2332 5246 2454 5300; x_wconf 65' lang='lat' dir='ltr'><strong>quae</strong></span> <span class='ocrx_word' id='word_1_820' title='bbox 2472 5247 2571 5300; x_wconf 88' lang='lat' dir='ltr'><strong>per</strong></span> <span class='ocrx_word' id='word_1_821' title='bbox 2604 5229 2873 5301; x_wconf 88' lang='lat' dir='ltr'><strong>Spiritum</strong></span> <span class='ocrx_word' id='word_1_822' title='bbox 2902 5238 3161 5285; x_wconf 86' lang='lat' dir='ltr'><strong>sanctum</strong></span> <span class='ocrx_word' id='word_1_823' title='bbox 3189 5236 3349 5286; x_wconf 88' lang='lat' dir='ltr'><strong>tuum</strong></span> 
     </span>
    </p>
   </div>
   <div class='ocr_carea' id='block_1_113' title="bbox 1726 5319 3352 5390">
    <p class='ocr_par' dir='ltr' id='par_1_113' title="bbox 1726 5319 3352 5390">
     <span class='ocr_line' id='line_1_113' title="bbox 1726 5319 3352 5390; baseline -0.001 -17"><span class='ocrx_word' id='word_1_824' title='bbox 1726 5370 1731 5373; x_wconf 71' lang='lat'><strong>.</strong></span> <span class='ocrx_word' id='word_1_825' title='bbox 1752 5320 2005 5390; x_wconf 84' lang='lat' dir='ltr'><strong>plantata</strong></span> <span class='ocrx_word' id='word_1_826' title='bbox 2025 5326 2128 5385; x_wconf 89' lang='lat' dir='ltr'><strong>est,</strong></span> <span class='ocrx_word' id='word_1_827' title='bbox 2162 5324 2331 5389; x_wconf 87' lang='lat' dir='ltr'><strong>atque</strong></span> <span class='ocrx_word' id='word_1_828' title='bbox 2356 5320 2457 5373; x_wconf 86' lang='lat' dir='ltr'><strong>hoc</strong></span> <span class='ocrx_word' id='word_1_829' title='bbox 2479 5320 2528 5373; x_wconf 88' lang='lat' dir='ltr'><strong>ei</strong></span> <span class='ocrx_word' id='word_1_830' title='bbox 2557 5319 2647 5384; x_wconf 81' lang='lat' dir='ltr'><strong>da,</strong></span> <span class='ocrx_word' id='word_1_831' title='bbox 2677 5325 2741 5375; x_wconf 90' lang='lat' dir='ltr'><strong>ut</strong></span> <span class='ocrx_word' id='word_1_832' title='bbox 2758 5320 2995 5389; x_wconf 71' lang='lat' dir='ltr'><strong>justitize</strong></span> <span class='ocrx_word' id='word_1_833' title='bbox 3016 5320 3261 5375; x_wconf 86' lang='lat' dir='ltr'><strong>fructum</strong></span> <span class='ocrx_word' id='word_1_834' title='bbox 3275 5319 3352 5373; x_wconf 85' lang='lat' dir='ltr'><strong>fe-</strong></span> 
     </span>
    </p>
   </div>
   <div class='ocr_carea' id='block_1_114' title="bbox 1754 5408 3347 5479">
    <p class='ocr_par' dir='ltr' id='par_1_114' title="bbox 1754 5408 3347 5479">
     <span class='ocr_line' id='line_1_114' title="bbox 1754 5408 3347 5479; baseline 0.001 -18"><span class='ocrx_word' id='word_1_835' title='bbox 1754 5414 1837 5462; x_wconf 84' lang='lat' dir='ltr'><strong>rat</strong></span> <span class='ocrx_word' id='word_1_836' title='bbox 1870 5427 1882 5473; x_wconf 89' lang='lat'><strong>;</strong></span> <span class='ocrx_word' id='word_1_837' title='bbox 1921 5408 2215 5463; x_wconf 83' lang='lat' dir='ltr'><strong>corrobora</strong></span> <span class='ocrx_word' id='word_1_838' title='bbox 2245 5426 2394 5475; x_wconf 89' lang='lat' dir='ltr'><strong>eum,</strong></span> <span class='ocrx_word' id='word_1_839' title='bbox 2442 5414 2667 5479; x_wconf 88' lang='lat' dir='ltr'><strong>pactum</strong></span> <span class='ocrx_word' id='word_1_840' title='bbox 2696 5414 2856 5463; x_wconf 84' lang='lat' dir='ltr'><strong>tuum</strong></span> <span class='ocrx_word' id='word_1_841' title='bbox 2906 5409 2963 5461; x_wconf 89' lang='lat' dir='ltr'><strong>in</strong></span> <span class='ocrx_word' id='word_1_842' title='bbox 2994 5409 3114 5478; x_wconf 84' lang='lat' dir='ltr'><strong>ipso</strong></span> <span class='ocrx_word' id='word_1_843' title='bbox 3142 5409 3347 5477; x_wconf 77' lang='lat' dir='ltr'><strong>contir-</strong></span> 
     </span>
    </p>
   </div>
   <div class='ocr_carea' id='block_1_115' title="bbox 1754 5498 3354 5569">
    <p class='ocr_par' dir='ltr' id='par_1_115' title="bbox 1754 5498 3354 5569">
     <span class='ocr_line' id='line_1_115' title="bbox 1754 5498 3354 5569; baseline -0.001 -16"><span class='ocrx_word' id='word_1_844' title='bbox 1754 5515 1914 5555; x_wconf 81' lang='lat' dir='ltr'><strong>mans</strong></span> <span class='ocrx_word' id='word_1_845' title='bbox 1940 5518 1952 5566; x_wconf 86' lang='lat'><strong>;</strong></span> <span class='ocrx_word' id='word_1_846' title='bbox 1981 5517 2045 5554; x_wconf 85' lang='lat' dir='ltr'><strong>ac</strong></span> <span class='ocrx_word' id='word_1_847' title='bbox 2075 5517 2172 5569; x_wconf 88' lang='lat' dir='ltr'><strong>per</strong></span> <span class='ocrx_word' id='word_1_848' title='bbox 2217 5498 2347 5553; x_wconf 90' lang='lat' dir='ltr'><strong>boni</strong></span> <span class='ocrx_word' id='word_1_849' title='bbox 2393 5499 2476 5553; x_wconf 91' lang='lat' dir='ltr'><strong>tui</strong></span> <span class='ocrx_word' id='word_1_850' title='bbox 2508 5498 2763 5569; x_wconf 83' lang='lat' dir='ltr'><strong>Spiritus</strong></span> <span class='ocrx_word' id='word_1_851' title='bbox 2797 5498 3131 5567; x_wconf 82' lang='lat' dir='ltr'><strong>sapientiam</strong></span> <span class='ocrx_word' id='word_1_852' title='bbox 3158 5514 3287 5567; x_wconf 82' lang='lat' dir='ltr'><strong>eum</strong></span> <span class='ocrx_word' id='word_1_853' title='bbox 3320 5517 3354 5552; x_wconf 91' lang='lat' dir='ltr'><strong>a</strong></span> 
     </span>
    </p>
   </div>
   <div class='ocr_carea' id='block_1_116' title="bbox 1751 5587 3352 5659">
    <p class='ocr_par' dir='ltr' id='par_1_116' title="bbox 1751 5587 3352 5659">
     <span class='ocr_line' id='line_1_116' title="bbox 1751 5587 3352 5659; baseline 0.001 -16"><span class='ocrx_word' id='word_1_854' title='bbox 1751 5588 1957 5645; x_wconf 85' lang='lat' dir='ltr'><strong>diaboli</strong></span> <span class='ocrx_word' id='word_1_855' title='bbox 1987 5589 2181 5647; x_wconf 80' lang='lat' dir='ltr'><strong>fraude</strong></span> <span class='ocrx_word' id='word_1_856' title='bbox 2211 5594 2380 5659; x_wconf 83' lang='lat' dir='ltr'><strong>atque</strong></span> <span class='ocrx_word' id='word_1_857' title='bbox 2410 5588 2721 5659; x_wconf 89' lang='lat' dir='ltr'><strong>impostura</strong></span> <span class='ocrx_word' id='word_1_858' title='bbox 2746 5587 3090 5657; x_wconf 70' lang='lat' dir='ltr'><strong>eripe..,Doce</strong></span> <span class='ocrx_word' id='word_1_859' title='bbox 3121 5588 3352 5657; x_wconf 66' lang='lat' dir='ltr'><strong>eunrfa-</strong></span> 
     </span>
    </p>
   </div>
  </div>
