3878 6420
478 402 580 460 527

1485 383 1581 438 DE
1616 379 1806 437 VITIS
1843 371 2143 433 PATRUM
2179 367 2395 424 LIBER
2431 365 2722 421 PRIMUS.

3647 366 3746 424 528

475 544 604 585 cere
623 525 964 580 voluntatem
973 522 1132 572 tuam
1146 516 1290 586 (Psal
1297 553 1310 566 .
1333 508 1518 578 CXLII),
1532 514 1590 562 et
1613 505 1885 562 auxilium
1904 508 2067 556 tuum
2084 497 2132 556 A
2153 499 2315 586 ptum
2335 509 2456 546 esse
2477 489 2868 562 perspiciebat,
2889 493 3082 546 sedulo
3105 509 3236 547 eum
3255 492 3557 548 invisebat.
3578 494 3748 548 Cum-

479 619 550 673 ab
581 633 646 671 eo
675 631 746 668 ne
791 609 1010 666 auferas
1041 606 1202 681 (Psal.
1239 605 1314 672 L).
1346 603 1530 670 Atque
1573 602 1630 651 et
1675 595 1784 666 ipsi
1827 598 1884 646 et
1922 588 2072 681 mihi

477 721 636 761 servo
660 699 864 762 inutili,
883 680 1158 751 bonorum
1181 698 1410 746 tuorum
1431 705 1553 758 quae
1585 687 1752 739 ﬁnem
1781 680 2059 741 nesciunt,

477 792 863 850 hereditatem
886 783 1151 855 consequi
1179 779 1447 836 beneﬁcio
1474 783 1574 830 tuo
1589 773 1896 840 contingat.
1928 769 2075 832 Quo-

477 883 632 938 niam
672 877 997 934 benedictus
1035 890 1095 928 es
1138 877 1194 926 et
1235 867 1513 940 gloriosus
1545 865 1603 918 in
1639 861 1860 916 saecula.
1893 859 2075 912 Amen

477 974 648 1045 (Dan.
684 971 784 1036 III).

550 1059 820 1120 Absoluta
855 1059 1044 1110 autem
1080 1049 1353 1105 oratione.
1387 1059 1704 1107 conversus,
1737 1039 1920 1110 ipsum
1953 1037 2070 1106 jam

479 1148 718 1207 caelestis
732 1145 916 1201 Patris
943 1142 1124 1196 ﬁlium
1146 1136 1500 1192 exosculatus
1529 1136 1948 1201 est,pacemque
1969 1122 2075 1194 ipsi

480 1257 546 1295 ac
573 1236 975 1308 sempiternam
1005 1230 1244 1283 salutem
1275 1229 1554 1296 precatus,
1579 1237 1645 1273 ex
1668 1217 1798 1272 aula
1822 1213 2072 1276 excessit,

482 1305 757 1396 laetusque
787 1321 942 1386 abiit,
974 1317 1160 1389 gratia
1194 1317 1310 1370 Deo
1341 1327 1534 1381 agens,
1568 1309 1729 1378 cujus
1759 1305 1946 1358 favore
1974 1308 2079 1356 Iter

483 1417 593 1490 ipsi
621 1432 688 1470 ex
714 1409 890 1468 animi
918 1405 1198 1463 sententia
1216 1403 1578 1456 successerat.

557 1507 690 1560 CAP.
711 1501 888 1556 XXII.
910 1527 974 1538 —
1005 1494 1275 1565 Josaphat
1301 1495 1510 1554 autem,
1547 1491 1914 1558 posteaquam
1946 1479 2080 1534 exiit

488 1594 769 1658 Barlaam,
801 1585 1058 1660 precibus
1099 1599 1219 1638 sese
1257 1579 1430 1644 dedit,
1463 1572 1966 1640 calentissimisque
1999 1568 2081 1621 la-

487 1682 693 1752 crvmis
721 1659 961 1752 profusis
985 1675 1054 1728 ad
1079 1674 1229 1726 hunc
1257 1668 1485 1722 modum
1515 1667 1735 1718 locutus
1765 1666 1880 1714 est:
1907 1659 2078 1718 Deus,

488 1749 920 1842 in-adjut‘orium
950 1778 1139 1817 meum
1166 1757 1414 1813 intende.
1445 1753 1702 1817 Domine,
1725 1750 1794 1804 ad
1817 1749 2081 1818 adjuvan-

2153 600 2262 653 que
2285 581 2458 652 ipsius
2485 587 2694 636 statum
2711 587 2966 636 accurate
2987 582 3545 653 considerasset,regi
3565 583 3749 636 confe-

2155 673 2287 726 stim
2323 671 2606 734 indicavit,
2643 675 2834 736 πίνει
2862 687 2922 724 se
2967 671 3106 725 nihil
3143 672 3292 743 quod
3339 671 3606 726 morbum
3651 672 3751 742 ipsi

2155 767 2463 815 accerseret
2479 761 2534 814 in
2548 777 2612 814 eo
2633 761 2882 831 reperire
2897 761 3147 832 potuisse
3173 780 3186 828 ;
3211 778 3276 815 ac
3287 761 3526 832 proinde
3546 761 3630 815 ita
3639 761 3751 814 exi-

2156 851 2384 904 stimare
2410 867 2538 904 eum
2558 849 2746 919 aliquo
2761 849 2936 903 animi
2967 867 3204 904 maerore
3225 851 3488 904 affectum
3520 849 3578 903 in
3611 866 3755 903 mor-

2153 939 2286 993 bum
2303 939 2704 993 incidisse.Rex
2730 945 2939 1005 autem,
2963 939 3049 992 his
3067 939 3250 993 verbis
3269 940 3501 1002 auditis,
3526 939 3636 993 hoc
3664 955 3754 991 ar-

2155 1027 2394 1082 bitratus
2423 1034 2509 1082 est
2536 1045 2666 1082 eum
2706 1045 2741 1081 a
2779 1028 2893 1082 ﬁlio
2931 1029 3184 1100 asperius
3228 1034 3523 1100 acceptum
3559 1027 3750 1089 fuisse,

2157 1125 2326 1188 atque
2341 1117 2444 1170 hac
2457 1117 2526 1170 de
2538 1133 2705 1171 causa
2726 1124 2991 1188 concepto
3011 1134 3250 1171 maerore
3261 1117 3756 1180 recessisse.Quid-

2158 1223 2289 1260 nam
2313 1213 2502 1260 autem
2519 1206 2576 1260 id
2609 1211 2758 1260 esset
2777 1207 3038 1278 deinceps
3067 1207 3209 1260 scire
3227 1208 3482 1278 cupiens,
3514 1205 3753 1260 Zardani

2159 1313 2218 1349 se
2249 1313 2399 1361 eum,
2432 1301 2497 1349 ut
2528 1295 2709 1349 oborti
2737 1295 2916 1349 morbi
2961 1312 3186 1350 causam
3237 1295 3603 1366 intelligeret,
3643 1312 3755 1348 cra-

2159 1383 2306 1438 stino
2335 1384 2424 1438 die
2455 1384 2766 1439 invisurum
2781 1385 3132 1454 signiﬁcavit.

2231 1473 2448 1528 Zardan
2476 1480 2666 1528 autem
2696 1475 2865 1544 hujus
2894 1475 3154 1546 promissi
3183 1474 3393 1528 certior
3423 1474 3628 1540 factus,
3653 1479 3758 1526 sta-

2161 1563 2265 1617 tim
2292 1569 2356 1617 ut
2384 1564 2602 1630 diluxit,
2626 1564 2970 1618 indumentis
2994 1564 3342 1635 acceptis,ad
3362 1580 3558 1634 regem
3588 1563 3758 1634 proﬁ-

2164 1653 2408 1718 ciscitur,
2437 1669 2679 1723 eumque
2721 1653 2887 1706 simul
2919 1659 3088 1724 atque
3127 1653 3414 1723 ingressus
3445 1658 3550 1712 est,
3607 1651 3756 1705 humi

2162 1747 2477 1813 prostratus
2507 1744 2776 1796 adoravit.
2812 1744 2926 1796 Rex
2957 1749 3145 1796 autem
3178 1760 3190 1794 :
3222 1743 3387 1807 Quid,
3421 1741 3628 1812 inquit,
3662 1741 3756 1795 tibi

488 1863 624 1918 dum
645 1830 734 1914 Ine
753 1857 956 1911 festina
981 1854 1143 1920 (Psal.
1167 1851 1338 1917 LxIx).
1355 1844 1632 1910 Quoniam
1655 1839 1758 1894 tibi
1785 1835 2084 1892 derelictus
2103 1847 2150 1906 Β
2168 1833 2281 1886 vim
2307 1832 2565 1896 attulisti,
2595 1838 2660 1886 ut
2697 1832 2768 1886 ad
2797 1849 2887 1886 me
2917 1833 3246 1886 accederes?
3273 1833 3418 1888 Nam
3455 1832 3579 1902 ipse
3607 1830 3679 1884 ad
3705 1837 3756 1883 te

489 1957 576 2007 est
590 1962 804 2022 pauper
827 1962 840 1997 :
867 1943 1116 2014 orphano
1137 1943 1200 1992 tu
1229 1937 1339 1990 eris
1369 1934 1595 2004 adjutor
1617 1931 1784 1997 (Psal.
1817 1934 1910 2022 Ix).
1946 1922 2084 1978 Res-

485 2013 610 2113 pice
628 2039 687 2092 in
704 2013 825 2100 -me,
859 2038 918 2087 et
934 2013 1206 2086 miserere
1225 2025 1336 2080 mei
1359 2023 1520 2099 (Psal.
1547 2018 1761 2084 Lxxxv),
1781 2013 1876 2086 qui
1891 2028 2084 2066 omnes

488 2102 572 2184 vis
597 2127 779 2183 salvos
807 2122 951 2186 ﬁeri,
1003 2125 1060 2173 et
1080 2117 1150 2171 ad
1179 2113 1522 2185 agnitionem
1541 2105 1794 2162 veritatis
1812 2102 2001 2156 venire
2014 2103 2091 2166 (II

494 2221 634 2273 Tim.
669 2218 731 2285 ι).
763 2215 937 2269 Serva
964 2201 1598 2278 me,quaeso,indignum
1620 2197 1753 2249 licet
1780 2194 2088 2246 homuncu-

489 2308 604 2363 lum
627 2283 797 2376 atque
827 2297 1144 2361 corrobora,
1177 2299 1242 2348 ut
1261 2293 1319 2346 in
1348 2295 1667 2344 sanctorum
1690 2283 2084 2338 mandatorum

488 2367 722 2452 tuorum
733 2393 825 2446 via
843 2388 1146 2444 ambulem.
1171 2381 1448 2448 Quoniam
1470 2394 1572 2448 ego
1595 2371 1887 2429 imbecillis
1911 2367 2087 2423 acmi-

490 2503 584 2541 ser
597 2500 741 2548 sum,
758 2497 861 2536 nec
880 2474 1188 2538 iisviribus,
1207 2477 1273 2526 ut
1284 2469 1416 2524 boni
1435 2467 1742 2540 quidquam
1762 2462 1943 2516 facere
1964 2475 2087 2528 pos-

493 2575 618 2629 sim.
644 2547 736 2627 Tu
750 2585 879 2623 vero
909 2566 1148 2620 salutem
1169 2560 1308 2615 mihi
1333 2559 1532 2613 aﬂ'erre
1552 2559 1730 2626 potes,
1757 2551 1852 2622 qui
1875 2547 2084 2608 omnia,

493 2669 614 2718 tam
629 2676 751 2732 quae
769 2657 944 2713 oculis
963 2656 1272 2708 cernuntur
1284 2663 1451 2718 quam
1468 2662 1590 2716 quae
1605 2641 1756 2698 cerni
1779 2640 2085 2709 nequeunt,

495 2728 751 2806 contines
762 2753 928 2816 atque
957 2756 1268 2797 conservas.
1291 2739 1376 2792 Nc
1399 2752 1486 2788 me
1509 2737 1633 2804 post
1659 2728 1942 2800 improbas
1962 2742 2088 2780 car-

499 2839 588 2894 nis
603 2854 742 2892 meae
766 2835 1084 2889 voluntates
1096 2828 1248 2882 abire
1270 2826 1390 2879 sine
1407 2843 1418 2890 ;
1443 2839 1634 2877 verum
1648 2820 1785 2873 doce
1807 2833 1897 2870 me
1909 2816 2090 2868 facere

496 2929 843 2983 voluntatem
864 2929 1023 2976 tuam
1046 2920 1212 2986 (Psal.
1230 2917 1412 2981 CXLII),
1431 2909 1669 2982 atquein
1691 2905 2091 2977 sempiternam

499 3033 564 3072 ac
588 3016 814 3070 beatam
841 3011 1013 3064 vitam
1038 3023 1128 3061 me
1159 3019 1444 3058 conserva.
1477 3002 1523 3056 Ο
1553 3001 1740 3062 Pater,
1776 3001 1834 3049 et
1881 2993 2004 3059 Fili,
2037 2997 2094 3045 et

2169 1921 2462 1993 proﬁcisci,
2479 1937 2780 1992 meumque
2799 1938 2932 1992 erga
2950 1927 3005 1976 te
3030 1938 3278 1976 amorem
3296 1920 3561 1975 omnibus
3580 1920 3758 1974 decla-

2169 2027 2295 2064 rare
2324 2009 2381 2064 in
2412 2010 2600 2064 animo
2621 2010 2913 2065 habebam.
2947 2012 3045 2066 Ille
3075 2017 3264 2066 autem
3284 2011 3599 2082 respondit:
3625 2011 3760 2064 Mor-

2169 2099 2273 2154 bus
2291 2117 2468 2166 meus,
2503 2118 2536 2155 o
2560 2118 2676 2167 rex,
2710 2117 2823 2155 non
2854 2119 2918 2155 ex
2949 2118 3144 2156 eorum
3172 2117 3410 2155 numero
3441 2106 3533 2154 est
3562 2098 3760 2170 quibus

2169 2189 2424 2243 homines
2456 2189 2709 2243 laborare
2729 2191 2928 2254 solent,
2959 2207 3148 2244 verum
3184 2206 3250 2244 ex
3286 2189 3462 2242 animi
3494 2188 3764 2242 maestitia

2167 2283 2225 2332 et
2251 2279 2531 2332 anxietate
2557 2279 2723 2333 corde
2748 2279 2806 2332 in
2835 2279 3084 2333 dolorem
3105 2279 3364 2350 prolapso
3393 2294 3606 2349 corpus
3632 2293 3766 2348 quo-

2169 2385 2277 2438 que
2293 2368 2596 2423 condoluit.
2619 2368 2893 2424 Amentiaa
2914 2385 3079 2438 porro
3096 2367 3233 2422 mihi
3251 2367 3579 2421 ducendum
3602 2372 3764 2420 esset.

2168 2457 2215 2511 si
2245 2475 2372 2512 cum
2392 2458 2475 2512 ita
2494 2474 2585 2511 me
2616 2457 2903 2523 haberem,
2935 2473 3048 2511 non
3077 2461 3142 2510 ut
3167 2473 3390 2511 servum
3419 2455 3608 2520 decet,
3626 2454 3698 2508 ad
3715 2459 3768 2507 te

2171 2548 2710 2614 accederem;verum
2731 2553 2796 2602 ut
2810 2547 2966 2618 regia
2985 2553 3084 2601 tua
3101 2547 3367 2616 majestas
3387 2544 3458 2598 ad
3480 2561 3576 2598 me
3599 2543 3769 2597 famu-

2173 2637 2288 2690 lum
2299 2637 2527 2690 veniens
2547 2653 2668 2691 sese
2679 2637 2960 2706 fatigaret,
2984 2635 3768 2707 exspectarem.Percontante

2173 2733 2360 2781 autem
2390 2743 2520 2796 rege
2546 2725 2814 2797 quidnam
2844 2741 2972 2779 eum
3001 2725 3060 2778 in
3081 2725 3229 2778 hunc
3256 2739 3558 2777 mcerorem
3591 2723 3771 2792 conje-

2173 2816 2358 2880 cisset,
2389 2815 2732 2886 respondens
2751 2815 2996 2870 Zardan:
3019 2815 3304 2884 Magnum,
3323 2811 3529 2882 inquit,
3556 2811 3771 2882 pericu-

2174 2906 2292 2959 lum
2315 2905 2453 2958 mihi
2477 2904 2782 2975 impendet,
2815 2903 3145 2974 magnisque
3169 2901 3458 2973 suppliciis
3485 2917 3552 2954 ac
3582 2899 3770 2954 multis

2176 2994 2372 3048 mortis
2391 2993 2692 3064 generibus
2708 2993 2940 3062 dignum
2957 3009 3046 3046 me
3062 3007 3321 3061 agnosco,
3347 2990 3620 3060 quoniam
3643 3006 3773 3060 prae-

497 3105 684 3160 divine
703 3101 966 3174 Spiritus,
992 3090 1575 3154 eonsubstantialis,ac
1589 3084 1877 3141 divisionis
1898 3099 2151 3174 expers“
2177 3082 2352 3153 ceptis
2406 3083 2518 3136 tuis
2553 3083 2906 3153 negligenter
2941 3080 3296 3152 obsequendo
3344 3079 3638 3149 ingentem
3677 3077 3772 3131 tibi

498 3143 742 3160 ωηηυυ
784 3143 966 3164 ..ι-μη,
994 3143 1371 3151 "ww—“mw
1404 3143 1407 3144 ν
1493 3143 1500 3154 .
1967 3143 1984 3152 .
2242 3143 2261 3153 -
2625 3143 2658 3152 ν
2705 3143 2738 3153 ν
3093 3143 3110 3152 -

498 3143 854 3257 Divinim;,te
868 3189 1082 3251 invoco,
1107 3190 1164 3238 te
1187 3181 1368 3253 gloria
1396 3179 1600 3234 afficio.
1627 3177 1705 3231 Te
1725 3175 1874 3230 enim
1897 3143 2154 3225 laudata
2170 3172 2289 3242 jam
2311 3173 2542 3243 jamque
2571 3187 2871 3225 maerorem
2899 3170 3180 3224 arcersivi.

499 3281 773 3356 quidquid
789 3281 1040 3334 creatum
1072 3279 1175 3338 est,
1205 3287 1270 3324 ac
1298 3274 1355 3323 te
1381 3267 1564 3338 gloria
1585 3264 1841 3319 afﬁciunt
1871 3259 2093 3356 intelle-

2247 3261 2493 3314 Rursum
2519 3265 2708 3315 autem
2741 3278 2806 3314 ex
2835 3277 2900 3314 eo
2921 3265 3206 3331 quaerente
3239 3274 3368 3328 rege
3387 3273 3651 3328 quaenam
3674 3256 3771 3310 hu-

498 3346 714 3428 dtuales
768 3385 834 3424 ac
887 3379 1118 3436 corpore
1154 3364 1412 3415 vacantes
1467 3356 1703 3410 virtutes
1761 3353 1820 3406 in
1869 3349 2090 3405 saecula.
2171 3350 2419 3421 jusmodi
2448 3350 2791 3421 negligentia
2812 3356 2980 3417 esset,
3011 3350 3069 3403 in
3098 3365 3265 3420 quam
3285 3346 3774 3416 incidisset,un-

498 3463 701 3516 Amen.

572 3550 846 3620 Deinceps
862 3543 1036 3615 igitur
1063 3555 1232 3611 quam
1249 3533 1677 3604 diligentissime
1691 3531 1937 3601 seipsum
1969 3544 2098 3582 con-

503 3638 778 3704 servabat,
803 3641 972 3705 atque
995 3631 1074 3684 ita
1101 3620 1480 3698 comparabat,
1513 3627 1578 3676 ut
1603 3628 1660 3675 et
1673 3620 1876 3674 anima:
1896 3624 1954 3672 et
1981 3633 2098 3671 cor-

501 3729 654 3802 poris
681 3725 984 3799 puritatem
1001 3717 1335 3789 acquireret,
1369 3718 1536 3783 atque
1565 3711 1623 3764 in
1643 3707 2007 3771 continentia,
2043 3710 2099 3760 et

503 3795 870 3879 orationibus,
926 3803 1534 3873 obsecrationibusque,
1565 3815 1667 3872 per
1707 3803 1890 3852 totum
1919 3795 2098 3850 noctis

503 3905 844 3964 curriculum
857 3917 979 3956 sese
997 3891 1449 3970 prorogantibus,
1481 3889 1656 3943 vitam
1684 3888 1932 3942 duceret.
1955 3886 2098 3939 Nam

505 4013 632 4052 cum
655 3994 986 4066 plerumque
1010 3986 1212 4040 diurno
1239 3988 1512 4051 tempore,
1545 3983 1666 4032 tum
1689 3977 1760 4030 ob
1785 3991 1981 4030 eorum
2003 3972 2099 4045 qui

507 4101 635 4140 cum
655 4063 777 4152 ipso
796 4075 1182 4137 versabantur,
1203 4067 1654 4132 contubernium,
1675 4071 1797 4120 tum
1823 4065 1993 4118 etiam
2019 4063 2099 4116 in-

508 4151 734 4228 terdum
754 4167 824 4222 ob
843 4163 994 4235 regis
1021 4162 1092 4216 ad
1119 4175 1250 4214 eum
1274 4172 1576 4220 accessum,
1594 4161 1694 4209 aut
1711 4154 1857 4224 quod
1882 4153 2001 4224 ipse
2030 4151 2099 4206 ab

511 4278 578 4317 eo
609 4257 904 4320 acciretur,
933 4268 1054 4306 sese
1076 4245 1410 4316 interrumpi
1440 4243 1668 4309 videret,
1689 4241 2100 4313 noxipsi,quod

513 4349 624 4406 diei
651 4348 864 4410 deerat,
889 4338 1201 4412 supplebat,
1216 4341 1282 4389 ut
1307 4333 1471 4405 quiin
1485 4331 1742 4404 precibus
1763 4336 1820 4386 et
1841 4329 2104 4401 lacrymis

514 4439 586 4494 ad
617 4434 922 4492 diluculum
943 4444 1122 4499 usque
1143 4429 1338 4489 staret,
1356 4439 1420 4477 ac
1443 4422 1543 4476 Dei
1566 4438 1727 4492 opem
1757 4420 2101 4491 imploraret.

2178 3457 2286 3511 que
2308 3440 2618 3510 periculum
2649 3441 2787 3494 illud
2829 3441 2888 3495 in
2939 3456 3048 3511 quo
3089 3443 3346 3492 versatur
3374 3455 3386 3490 :
3423 3437 3488 3490 In
3518 3435 3775 3489 custodia

2178 3529 2392 3584 domini
2419 3529 2531 3583 mei
2556 3529 2655 3583 filii
2683 3529 2786 3591 tui,
2803 3529 3007 3600 inquit,
3032 3528 3412 3597 negligentem
3433 3542 3526 3580 me
3538 3524 3772 3594 praebui.

2180 3618 2472 3690 Improbus
2504 3619 2656 3673 enim
2711 3619 2938 3690 quidam
2967 3635 3032 3672 ac
3051 3616 3423 3689 praestigiator
3462 3615 3770 3684 ingressus,

2180 3708 2248 3762 de
2263 3709 2594 3764 Christianae
2605 3709 2896 3778 religionis
2911 3707 3165 3762 doctrina
3183 3706 3252 3760 ad
3280 3721 3411 3759 eum
3426 3702 3600 3758 verba
3623 3701 3773 3755 fecit.

2181 3798 2492 3869 Posteaque
2511 3797 2796 3869 regi,quos
2811 3798 2879 3851 ad
2893 3797 3068 3868 ipsius
3095 3795 3272 3850 ﬁlium
3287 3811 3458 3848 senex
3485 3806 3777 3846 sermones

2181 3887 2470 3941 habuisset
2483 3888 2526 3940 si
2531 3887 2770 3957 gillatim
2781 3887 3052 3958 exposuit,
3061 3890 3442 3957 quantamque
3457 3882 3556 3935 ille
3568 3898 3636 3935 ex
3647 3879 3778 3951 ipsis

2181 3977 2521 4046 voluptatem
2549 3977 2804 4047 cepisset,
2829 3976 3088 4047 quodque
3105 3989 3334 4045 prorsus
3349 3970 3578 4026 Christo
3600 3987 3664 4023 se
3684 3968 3774 4022 ad-

2181 4065 2430 4119 dixisset.
2485 4065 2632 4130 Quin
2675 4065 2846 4119 etiam
2895 4063 3044 4118 senis
3079 4078 3284 4118 nomen
3332 4060 3440 4132 ipsi
3490 4058 3776 4118 indicavit,

2182 4154 2440 4209 Barlaam
2472 4153 2656 4225 ipsum
2684 4153 2996 4225 nuncupari
3017 4152 3224 4207 dicens.
3249 4151 3391 4205 Nam
3405 4149 3586 4202 etiam
3619 4155 3782 4201 antea

2185 4261 2281 4298 rex
2309 4243 2377 4297 de
2407 4243 2688 4310 Barlaam,
2717 4259 2781 4296 ac
2803 4258 3025 4296 summa
3045 4237 3508 4310 religioszeipsius
3539 4237 3676 4290 vitze
3703 4252 3778 4288 as-

2187 4332 2446 4404 peritate,
2478 4333 2656 4386 multa
2683 4331 2974 4386 auditione
3013 4334 3320 4401 acceperat.
3343 4327 3418 4382 Ut
3444 4331 3648 4380 autem
3675 4325 3784 4378 haec

2188 4422 2259 4476 ad
2277 4421 2424 4493 regis
2441 4438 2606 4476 aures
2632 4424 3025 4492 pervenerunt,
3043 4424 3234 4474 tantus
3255 4416 3307 4470 ei
3321 4431 3534 4470 maeror
3554 4414 3783 4468 obortus

512 4528 673 4586 Unde
702 4523 874 4580 etiam
903 4513 1230 4591 prophetica
1255 4513 1352 4566 illa
1378 4527 1481 4566 vox
1513 4510 1571 4564 in
1592 4510 1714 4581 ipso
1743 4508 2102 4580 implebatur:
2125 4507 2295 4575 Dest,
2327 4516 2392 4564 ut
2407 4516 2560 4564 totus
2580 4513 2992 4575 concuteretur,
3015 4505 3308 4562 iracundia
3323 4509 3784 4572 aestuaret,atque

515 4619 580 4674 In
599 4613 856 4671 noctibus
885 4606 1135 4664 extollite
1165 4618 1364 4657 manus
1391 4605 1604 4654 vestras
1625 4599 1682 4654 in
1711 4603 1924 4663 sancta,
1941 4604 1998 4652 et
2016 4598 2109 4652 be-

516 4705 759 4762 nedicite
786 4698 1088 4756 Dominum
1122 4695 1283 4760 (Psal.
1309 4703 1482 4759 CXIII).

588 4793 806 4850 Zardan
829 4792 1019 4843 autem
1053 4784 1166 4848 ille,
1197 4797 1326 4836 cum
1347 4779 1672 4850 hujusmodi
1684 4778 1861 4850 ipsius
1882 4777 2007 4832 vita:
2023 4794 2112 4830 ra-

518 4885 729 4940 tionem
751 4874 1469 4940 intellexisset,summaque
1482 4869 1612 4922 inde
1639 4867 1906 4922 maestitia
1929 4867 2112 4922 afﬁce-

518 4977 696 5036 retur,
725 4964 1098 5040 gravibusque
1129 4959 1302 5014 animi
1331 4957 1481 5012 curis
1515 4962 1831 5023 vexaretur,
1851 4973 1952 5010 nec
1977 4957 2111 5028 quid

519 5063 730 5118 faceret
761 5054 1013 5118 haberet,
1047 5049 1118 5104 ad
1158 5054 1472 5102 extremum
1519 5063 1758 5100 maerore
1789 5063 2107 5116 oppressus,

521 5150 786 5208 simulato
811 5141 1026 5206 morbo,
1058 5139 1117 5193 in
1147 5134 1276 5192 suas
1289 5136 1434 5190 aedes
1458 5135 1918 5198 concessit.Quod
1941 5140 2005 5188 ut
2020 5152 2114 5189 rex

521 5236 810 5310 comperit,
845 5232 1018 5287 alium
1049 5226 1350 5299 quemdam
1396 5240 1462 5278 ex
1488 5224 1594 5289 his,
1633 5240 1772 5294 quos
1817 5223 2114 5279 ﬁdissimos

523 5328 784 5389 habebat,
808 5317 1084 5390 misit,qui
1112 5316 1288 5387 ipsius
1315 5315 1436 5367 loco
1458 5312 1573 5366 ﬁlio
1602 5313 1967 5367 ministraret.
1993 5315 2117 5384 Ipse

523 5424 714 5475 autem
741 5408 1078 5468 valetudinis
1100 5403 1368 5460 Zardanis
1383 5418 1577 5456 curam
1599 5403 2118 5471 gerens,celeberri-

526 5522 678 5561 mum
702 5503 773 5558 ad
798 5516 930 5556 eum
961 5493 1244 5550 medicum
1273 5491 1465 5554 mittit,
1497 5505 1737 5559 eumque
1753 5495 1818 5544 ut
1835 5507 2116 5545 summam

527 5595 600 5650 ad
617 5593 794 5664 ipsius
812 5585 1160 5643 curationem
1189 5577 1623 5635 sollicitudinem
1647 5579 1914 5633 adhibeat
1933 5586 2113 5650 rogat.

599 5680 851 5737 Medicus
870 5675 1064 5746 igitur,
1078 5669 1344 5744 quoniam
1366 5683 1495 5722 eum
1506 5667 1628 5738 regi
1651 5673 1878 5738 gratum
1890 5674 1948 5725 et
1967 5685 2120 5725 acce.

2190 4599 2296 4653 hoc
2328 4599 2525 4654 nuntio
2554 4616 2696 4670 pene
2723 4600 3158 4652 exanimaretur.
3188 4597 3269 4650 Ac
3306 4593 3498 4648 statim
3527 4593 3782 4646 Arachen

2193 4690 2512 4759 quemdam,
2537 4689 2634 4760 qui
2662 4688 2833 4742 etiam
2853 4687 3158 4742 secundum
3169 4683 3238 4738 ab
3258 4700 3324 4738 eo
3340 4681 3644 4752 dignitatis
3660 4697 3786 4752 gra-

2194 4778 2329 4831 dum
2357 4777 2664 4843 obtinebat,
2689 4777 3017 4848 primusque
3045 4775 3103 4828 in
3131 4771 3391 4828 omnibus
3415 4771 3649 4824 arcanis
3669 4785 3785 4822 con-

2193 4865 2330 4920 siliis
2343 4872 2482 4930 erat,
2499 4883 2564 4919 ac
2586 4871 2859 4936 praeterea
2884 4861 3198 4933 astrologia:
3219 4859 3517 4914 scientiam
3535 4856 3784 4917 tenebat,

2193 4956 2263 5010 ad
2294 4972 2352 5009 se
2382 4954 2593 5012 accivit.
2606 4954 2770 5024 eique
2791 4967 3124 5022 magnocum
3151 4964 3390 5002 maerore
3414 4951 3591 5016 atque
3618 4941 3786 4998 animi

2195 5045 2645 5100 consternatione
2676 5043 2824 5114 quod
2853 5041 3132 5096 acciderat
3167 5035 3436 5092 narravit.
3467 5035 3574 5090 Ille
3601 5041 3786 5088 autem

2195 5135 2372 5206 ipsius
2387 5133 2805 5205 perturbatione
2825 5131 3111 5202 animique
3127 5125 3448 5182 confusione
3467 5129 3781 5196 conspecta:

2195 5225 2412 5289 Mtesto,
2438 5223 2638 5294 inquit,
2669 5239 2701 5276 ο
2729 5238 2843 5288 rex,
2877 5237 2940 5274 ac
2969 5217 3293 5290 perturbato
3323 5214 3516 5268 animo
3549 5230 3676 5266 esse
3703 5211 3788 5263 de-

2199 5315 2339 5376 sine;
2359 5327 2544 5384 neque
2563 5313 2710 5367 enim
2735 5329 2824 5366 me
2837 5311 3021 5382 ipsum
3042 5310 3110 5362 de
3123 5305 3404 5362 sententia
3415 5304 3784 5358 deducturum

2199 5403 2410 5468 diftido,
2445 5402 2580 5473 quin
2617 5401 2802 5473 potius
2831 5399 2968 5453 illud
2997 5396 3372 5452 certissimum
3399 5393 3604 5458 habeo,
3646 5387 3785 5445 brevi

2200 5491 2316 5545 fore
2330 5497 2395 5545 ut
2405 5491 2496 5544 ille
2526 5491 2850 5562 impostoris
2876 5489 3028 5542 illius
3045 5485 3359 5542 doctrinam
3385 5483 3636 5553 abjuret,
3657 5485 3785 5534 tuae-

2201 5597 2309 5652 que
2337 5580 2611 5634 voluntati
2635 5597 2846 5634 morem
2889 5583 3068 5648 gerat.

2271 5669 2413 5724 Cum
2441 5669 2615 5740 igitur
2641 5669 2730 5725 his
2745 5668 2924 5725 verbis
2947 5667 3192 5723 Araches
3219 5661 3496 5737 regemad
3516 5660 3698 5716 animi
3713 5658 3790 5712 hi-
