  <div class='ocr_page' id='page_1' title='image "/cluster/home/n/w/nwhite01/storage/ocr_20150623/73/umn.31951002477366m/270.png"; bbox 0 0 3878 6386; ppageno 0'>
   <div class='ocr_carea' id='block_1_1' title="bbox 81 333 176 391">
    <p class='ocr_par' dir='ltr' id='par_1_1' title="bbox 81 333 176 391">
     <span class='ocr_line' id='line_1_1' title="bbox 81 333 176 391; baseline 0 -1"><span class='ocrx_word' id='word_1_1' title='bbox 81 333 176 391; x_wconf 75' lang='lat'>529</span> 
     </span>
    </p>
   </div>
   <div class='ocr_carea' id='block_1_2' title="bbox 457 332 2931 404">
    <p class='ocr_par' dir='ltr' id='par_1_2' title="bbox 457 332 2931 404">
     <span class='ocr_line' id='line_1_2' title="bbox 457 332 2931 404; baseline 0.001 -17"><span class='ocrx_word' id='word_1_2' title='bbox 457 332 627 388; x_wconf 85' lang='lat' dir='ltr'><strong>VITA</strong></span> <span class='ocrx_word' id='word_1_3' title='bbox 666 333 1107 391; x_wconf 80' lang='lat' dir='ltr'>SANCTORUM</span> <span class='ocrx_word' id='word_1_4' title='bbox 1142 337 1488 398; x_wconf 73' lang='lat' dir='ltr'>BARLAAM</span> <span class='ocrx_word' id='word_1_5' title='bbox 1526 344 1864 403; x_wconf 63' lang='lat' dir='ltr'>EREM&#39;IT/E</span> <span class='ocrx_word' id='word_1_6' title='bbox 1904 347 1994 404; x_wconf 87' lang='lat' dir='ltr'>ET</span> <span class='ocrx_word' id='word_1_7' title='bbox 2031 340 2398 401; x_wconf 77' lang='lat' dir='ltr'>JOSAPHAT</span> <span class='ocrx_word' id='word_1_8' title='bbox 2435 337 2660 395; x_wconf 65' lang='lat' dir='ltr'>INDL‘E</span> <span class='ocrx_word' id='word_1_9' title='bbox 2698 336 2931 392; x_wconf 85' lang='lat' dir='ltr'>REGIS.</span> 
     </span>
    </p>
   </div>
   <div class='ocr_carea' id='block_1_3' title="bbox 3232 332 3337 391">
    <p class='ocr_par' dir='ltr' id='par_1_3' title="bbox 3232 332 3337 391">
     <span class='ocr_line' id='line_1_3' title="bbox 3232 332 3337 391; baseline 0 0"><span class='ocrx_word' id='word_1_10' title='bbox 3232 332 3337 391; x_wconf 76' lang='lat'>530</span> 
     </span>
    </p>
   </div>
   <div class='ocr_carea' id='block_1_4' title="bbox 67 458 3339 544">
    <p class='ocr_par' dir='ltr' id='par_1_4' title="bbox 67 458 3339 544">
     <span class='ocr_line' id='line_1_4' title="bbox 67 458 3339 544; baseline 0.001 -33"><span class='ocrx_word' id='word_1_11' title='bbox 67 458 338 512; x_wconf 83' lang='lat' dir='ltr'>laritatem</span> <span class='ocrx_word' id='word_1_12' title='bbox 359 459 738 525; x_wconf 84' lang='lat' dir='ltr'>convertisset,</span> <span class='ocrx_word' id='word_1_13' title='bbox 775 461 845 514; x_wconf 89' lang='lat' dir='ltr'>ad</span> <span class='ocrx_word' id='word_1_14' title='bbox 875 462 1199 531; x_wconf 88' lang='lat' dir='ltr'>hujusmodi</span> <span class='ocrx_word' id='word_1_15' title='bbox 1228 468 1443 534; x_wconf 90' lang='lat' dir='ltr'>negotii</span> <span class='ocrx_word' id='word_1_16' title='bbox 1473 470 1942 544; x_wconf 83' lang='lat' dir='ltr'>consi-Aspecie,</span> <span class='ocrx_word' id='word_1_17' title='bbox 1969 476 2091 527; x_wconf 89' lang='lat' dir='ltr'>tum</span> <span class='ocrx_word' id='word_1_18' title='bbox 2121 468 2319 524; x_wconf 89' lang='lat' dir='ltr'>habitu</span> <span class='ocrx_word' id='word_1_19' title='bbox 2341 464 2705 528; x_wconf 84' lang='lat' dir='ltr'>venerandos,</span> <span class='ocrx_word' id='word_1_20' title='bbox 2730 462 3105 532; x_wconf 73' lang='lat' dir='ltr'>solitariaeque</span> <span class='ocrx_word' id='word_1_21' title='bbox 3134 461 3339 515; x_wconf 81' lang='lat' dir='ltr'>exerci-</span> 
     </span>
    </p>
   </div>
   <div class='ocr_carea' id='block_1_5' title="bbox 69 548 1657 624">
    <p class='ocr_par' dir='ltr' id='par_1_5' title="bbox 69 548 1657 624">
     <span class='ocr_line' id='line_1_5' title="bbox 69 548 1657 624; baseline 0.008 -23"><span class='ocrx_word' id='word_1_22' title='bbox 69 548 404 602; x_wconf 86' lang='lat' dir='ltr'>derationem</span> <span class='ocrx_word' id='word_1_23' title='bbox 433 549 684 603; x_wconf 91' lang='lat' dir='ltr'>animum</span> <span class='ocrx_word' id='word_1_24' title='bbox 706 550 930 620; x_wconf 83' lang='lat' dir='ltr'>adjecit.</span> <span class='ocrx_word' id='word_1_25' title='bbox 962 554 1043 607; x_wconf 87' lang='lat' dir='ltr'>Ac</span> <span class='ocrx_word' id='word_1_26' title='bbox 1068 554 1333 624; x_wconf 83' lang='lat' dir='ltr'>primum,</span> <span class='ocrx_word' id='word_1_27' title='bbox 1369 574 1401 610; x_wconf 95' lang='lat' dir='ltr'>o</span> <span class='ocrx_word' id='word_1_28' title='bbox 1431 575 1550 624; x_wconf 85' lang='lat' dir='ltr'>rex,</span> <span class='ocrx_word' id='word_1_29' title='bbox 1575 559 1657 613; x_wconf 86' lang='lat' dir='ltr'>in-</span> 
     </span>
    </p>
   </div>
   <div class='ocr_carea' id='block_1_6' title="bbox 72 638 1656 716">
    <p class='ocr_par' dir='ltr' id='par_1_6' title="bbox 72 638 1656 716">
     <span class='ocr_line' id='line_1_6' title="bbox 72 638 1656 716; baseline 0.008 -26"><span class='ocrx_word' id='word_1_30' title='bbox 72 638 199 709; x_wconf 82' lang='lat' dir='ltr'>quit,</span> <span class='ocrx_word' id='word_1_31' title='bbox 226 639 337 691; x_wconf 57' lang='lat' dir='ltr'>&#39;hoc</span> <span class='ocrx_word' id='word_1_32' title='bbox 388 655 664 708; x_wconf 89' lang='lat' dir='ltr'>agamus:</span> <span class='ocrx_word' id='word_1_33' title='bbox 702 640 900 694; x_wconf 90' lang='lat' dir='ltr'>demus</span> <span class='ocrx_word' id='word_1_34' title='bbox 946 659 1175 712; x_wconf 85' lang='lat' dir='ltr'>operam</span> <span class='ocrx_word' id='word_1_35' title='bbox 1225 650 1288 698; x_wconf 92' lang='lat' dir='ltr'>ut</span> <span class='ocrx_word' id='word_1_36' title='bbox 1330 647 1656 716; x_wconf 86' lang='lat' dir='ltr'>pestiferum</span> 
     </span>
    </p>
   </div>
   <div class='ocr_carea' id='block_1_7' title="bbox 74 728 1658 805">
    <p class='ocr_par' dir='ltr' id='par_1_7' title="bbox 74 728 1658 805">
     <span class='ocr_line' id='line_1_7' title="bbox 74 728 1658 805; baseline 0.008 -25"><span class='ocrx_word' id='word_1_37' title='bbox 74 729 217 781; x_wconf 91' lang='lat' dir='ltr'>illum</span> <span class='ocrx_word' id='word_1_38' title='bbox 245 728 507 782; x_wconf 86' lang='lat' dir='ltr'>Barlaam</span> <span class='ocrx_word' id='word_1_39' title='bbox 536 729 892 800; x_wconf 82' lang='lat' dir='ltr'>arripiamus.</span> <span class='ocrx_word' id='word_1_40' title='bbox 911 731 1134 794; x_wconf 91' lang='lat' dir='ltr'>Quodsi</span> <span class='ocrx_word' id='word_1_41' title='bbox 1164 750 1603 805; x_wconf 72' lang='lat' dir='ltr'>consequamur,‘</span> <span class='ocrx_word' id='word_1_42' title='bbox 1623 755 1658 792; x_wconf 86' lang='lat' dir='ltr'>a</span> 
     </span>
    </p>
   </div>
   <div class='ocr_carea' id='block_1_8' title="bbox 72 816 1657 895">
    <p class='ocr_par' dir='ltr' id='par_1_8' title="bbox 72 816 1657 895">
     <span class='ocr_line' id='line_1_8' title="bbox 72 816 1657 895; baseline 0.006 -24"><span class='ocrx_word' id='word_1_43' title='bbox 72 834 242 887; x_wconf 83' lang='lat' dir='ltr'>scopo,</span> <span class='ocrx_word' id='word_1_44' title='bbox 273 816 413 871; x_wconf 88' lang='lat' dir='ltr'>mihi</span> <span class='ocrx_word' id='word_1_45' title='bbox 443 818 624 884; x_wconf 88' lang='lat' dir='ltr'>crede,</span> <span class='ocrx_word' id='word_1_46' title='bbox 648 835 762 872; x_wconf 91' lang='lat' dir='ltr'>non</span> <span class='ocrx_word' id='word_1_47' title='bbox 778 818 1183 889; x_wconf 83' lang='lat' dir='ltr'>aberrabimus,</span> <span class='ocrx_word' id='word_1_48' title='bbox 1207 840 1309 877; x_wconf 90' lang='lat' dir='ltr'>nec</span> <span class='ocrx_word' id='word_1_49' title='bbox 1337 842 1434 895; x_wconf 88' lang='lat' dir='ltr'>spe</span> <span class='ocrx_word' id='word_1_50' title='bbox 1465 833 1657 881; x_wconf 91' lang='lat' dir='ltr'>nostra</span> 
     </span>
    </p>
   </div>
   <div class='ocr_carea' id='block_1_9' title="bbox 72 907 1655 983">
    <p class='ocr_par' dir='ltr' id='par_1_9' title="bbox 72 907 1655 983">
     <span class='ocr_line' id='line_1_9' title="bbox 72 907 1655 983; baseline 0.006 -23"><span class='ocrx_word' id='word_1_51' title='bbox 72 908 334 961; x_wconf 82' lang='lat' dir='ltr'>fallemur.</span> <span class='ocrx_word' id='word_1_52' title='bbox 360 907 507 961; x_wconf 90' lang='lat' dir='ltr'>Nam</span> <span class='ocrx_word' id='word_1_53' title='bbox 528 907 621 961; x_wconf 91' lang='lat' dir='ltr'>ille</span> <span class='ocrx_word' id='word_1_54' title='bbox 641 908 760 979; x_wconf 89' lang='lat' dir='ltr'>ipse</span> <span class='ocrx_word' id='word_1_55' title='bbox 768 915 898 977; x_wconf 82' lang='lat' dir='ltr'>,aut</span> <span class='ocrx_word' id='word_1_56' title='bbox 919 909 1101 965; x_wconf 88' lang='lat' dir='ltr'>verbis</span> <span class='ocrx_word' id='word_1_57' title='bbox 1115 912 1184 965; x_wconf 90' lang='lat' dir='ltr'>ad</span> <span class='ocrx_word' id='word_1_58' title='bbox 1202 915 1655 983; x_wconf 84' lang='lat' dir='ltr'>persuadendum</span> 
     </span>
    </p>
   </div>
   <div class='ocr_carea' id='block_1_10' title="bbox 71 996 1657 1062">
    <p class='ocr_par' dir='ltr' id='par_1_10' title="bbox 71 996 1657 1062">
     <span class='ocr_line' id='line_1_10' title="bbox 71 996 1657 1062; baseline 0.007 -13"><span class='ocrx_word' id='word_1_59' title='bbox 71 996 509 1062; x_wconf 88' lang='lat' dir='ltr'>accommodatis,</span> <span class='ocrx_word' id='word_1_60' title='bbox 534 1002 633 1051; x_wconf 92' lang='lat' dir='ltr'>aut</span> <span class='ocrx_word' id='word_1_61' title='bbox 651 998 821 1052; x_wconf 91' lang='lat' dir='ltr'>variis</span> <span class='ocrx_word' id='word_1_62' title='bbox 841 1005 1251 1055; x_wconf 88' lang='lat' dir='ltr'>tormentorum</span> <span class='ocrx_word' id='word_1_63' title='bbox 1269 1003 1657 1060; x_wconf 84' lang='lat' dir='ltr'>instrumentis</span> 
     </span>
    </p>
   </div>
   <div class='ocr_carea' id='block_1_11' title="bbox 73 1085 1657 1160">
    <p class='ocr_par' dir='ltr' id='par_1_11' title="bbox 73 1085 1657 1160">
     <span class='ocr_line' id='line_1_11' title="bbox 73 1085 1657 1160; baseline 0.007 -22"><span class='ocrx_word' id='word_1_64' title='bbox 73 1086 351 1157; x_wconf 87' lang='lat' dir='ltr'>impulsus,</span> <span class='ocrx_word' id='word_1_65' title='bbox 369 1085 575 1140; x_wconf 87' lang='lat' dir='ltr'>invitus</span> <span class='ocrx_word' id='word_1_66' title='bbox 589 1087 758 1141; x_wconf 89' lang='lat' dir='ltr'>etiam</span> <span class='ocrx_word' id='word_1_67' title='bbox 780 1105 842 1141; x_wconf 88' lang='lat' dir='ltr'>ac</span> <span class='ocrx_word' id='word_1_68' title='bbox 859 1106 1198 1160; x_wconf 79' lang='lat' dir='ltr'>repugnans,</span> <span class='ocrx_word' id='word_1_69' title='bbox 1218 1092 1357 1145; x_wconf 78' lang='lat' dir='ltr'>falsa</span> <span class='ocrx_word' id='word_1_70' title='bbox 1374 1100 1429 1147; x_wconf 85' lang='lat' dir='ltr'>et</span> <span class='ocrx_word' id='word_1_71' title='bbox 1451 1095 1657 1149; x_wconf 87' lang='lat' dir='ltr'>erroris</span> 
     </span>
    </p>
   </div>
   <div class='ocr_carea' id='block_1_12' title="bbox 72 1174 1659 1251">
    <p class='ocr_par' dir='ltr' id='par_1_12' title="bbox 72 1174 1659 1251">
     <span class='ocr_line' id='line_1_12' title="bbox 72 1174 1659 1251; baseline 0.007 -24"><span class='ocrx_word' id='word_1_72' title='bbox 72 1176 224 1245; x_wconf 85' lang='lat' dir='ltr'>plena</span> <span class='ocrx_word' id='word_1_73' title='bbox 254 1174 424 1228; x_wconf 87' lang='lat' dir='ltr'>verba</span> <span class='ocrx_word' id='word_1_74' title='bbox 461 1192 567 1229; x_wconf 89' lang='lat' dir='ltr'>sua</span> <span class='ocrx_word' id='word_1_75' title='bbox 602 1193 721 1231; x_wconf 90' lang='lat' dir='ltr'>esse</span> <span class='ocrx_word' id='word_1_76' title='bbox 760 1178 1135 1247; x_wconf 90' lang='lat' dir='ltr'>conﬁtebitur,</span> <span class='ocrx_word' id='word_1_77' title='bbox 1170 1186 1339 1251; x_wconf 92' lang='lat' dir='ltr'>atque</span> <span class='ocrx_word' id='word_1_78' title='bbox 1368 1183 1659 1238; x_wconf 89' lang='lat' dir='ltr'>dominum</span> 
     </span>
    </p>
   </div>
   <div class='ocr_carea' id='block_1_13' title="bbox 75 1265 1661 1335">
    <p class='ocr_par' dir='ltr' id='par_1_13' title="bbox 75 1265 1661 1335">
     <span class='ocr_line' id='line_1_13' title="bbox 75 1265 1661 1335; baseline 0.004 -17"><span class='ocrx_word' id='word_1_79' title='bbox 75 1282 246 1319; x_wconf 88' lang='lat' dir='ltr'>meum</span> <span class='ocrx_word' id='word_1_80' title='bbox 268 1265 447 1319; x_wconf 86' lang='lat' dir='ltr'>ﬁlium</span> <span class='ocrx_word' id='word_1_81' title='bbox 467 1271 629 1320; x_wconf 91' lang='lat' dir='ltr'>tuum</span> <span class='ocrx_word' id='word_1_82' title='bbox 654 1266 722 1323; x_wconf 87' lang='lat' dir='ltr'>de</span> <span class='ocrx_word' id='word_1_83' title='bbox 744 1267 1025 1321; x_wconf 86' lang='lat' dir='ltr'>sententia</span> <span class='ocrx_word' id='word_1_84' title='bbox 1044 1268 1368 1335; x_wconf 82' lang='lat' dir='ltr'>dimovebit,</span> <span class='ocrx_word' id='word_1_85' title='bbox 1398 1271 1661 1326; x_wconf 88' lang='lat' dir='ltr'>adducet-</span> 
     </span>
    </p>
   </div>
   <div class='ocr_carea' id='block_1_14' title="bbox 74 1354 1656 1426">
    <p class='ocr_par' dir='ltr' id='par_1_14' title="bbox 74 1354 1656 1426">
     <span class='ocr_line' id='line_1_14' title="bbox 74 1354 1656 1426; baseline 0.004 -19"><span class='ocrx_word' id='word_1_86' title='bbox 74 1371 167 1424; x_wconf 89' lang='lat' dir='ltr'>que</span> <span class='ocrx_word' id='word_1_87' title='bbox 201 1359 263 1408; x_wconf 91' lang='lat' dir='ltr'>ut</span> <span class='ocrx_word' id='word_1_88' title='bbox 290 1354 467 1425; x_wconf 87' lang='lat' dir='ltr'>patris</span> <span class='ocrx_word' id='word_1_89' title='bbox 495 1355 852 1426; x_wconf 85' lang='lat' dir='ltr'>dogmatibus</span> <span class='ocrx_word' id='word_1_90' title='bbox 875 1357 1087 1411; x_wconf 61' lang='lat' dir='ltr'>haereat</span> <span class='ocrx_word' id='word_1_91' title='bbox 1112 1375 1123 1409; x_wconf 85' lang='lat'><strong>:</strong></span> <span class='ocrx_word' id='word_1_92' title='bbox 1157 1358 1243 1412; x_wconf 92' lang='lat' dir='ltr'>sin</span> <span class='ocrx_word' id='word_1_93' title='bbox 1273 1364 1463 1413; x_wconf 89' lang='lat' dir='ltr'>autem</span> <span class='ocrx_word' id='word_1_94' title='bbox 1494 1360 1656 1414; x_wconf 92' lang='lat' dir='ltr'>illum</span> 
     </span>
    </p>
   </div>
   <div class='ocr_carea' id='block_1_15' title="bbox 73 1444 1654 1516">
    <p class='ocr_par' dir='ltr' id='par_1_15' title="bbox 73 1444 1654 1516">
     <span class='ocr_line' id='line_1_15' title="bbox 73 1444 1654 1516; baseline 0.004 -20"><span class='ocrx_word' id='word_1_95' title='bbox 73 1444 303 1514; x_wconf 82' lang='lat' dir='ltr'>arripere</span> <span class='ocrx_word' id='word_1_96' title='bbox 315 1446 864 1515; x_wconf 88' lang='lat' dir='ltr'>nequeamus,alium</span> <span class='ocrx_word' id='word_1_97' title='bbox 882 1464 983 1515; x_wconf 85' lang='lat' dir='ltr'>ego</span> <span class='ocrx_word' id='word_1_98' title='bbox 997 1464 1188 1500; x_wconf 90' lang='lat' dir='ltr'>senem</span> <span class='ocrx_word' id='word_1_99' title='bbox 1202 1448 1494 1502; x_wconf 89' lang='lat' dir='ltr'>eremitam</span> <span class='ocrx_word' id='word_1_100' title='bbox 1507 1450 1654 1516; x_wconf 90' lang='lat' dir='ltr'>novi,</span> 
     </span>
    </p>
   </div>
   <div class='ocr_carea' id='block_1_16' title="bbox 78 1533 1654 1606">
    <p class='ocr_par' dir='ltr' id='par_1_16' title="bbox 78 1533 1654 1606">
     <span class='ocr_line' id='line_1_16' title="bbox 78 1533 1654 1606; baseline 0.003 -19"><span class='ocrx_word' id='word_1_101' title='bbox 78 1533 281 1587; x_wconf 70' lang='lat' dir='ltr'>Nachor</span> <span class='ocrx_word' id='word_1_102' title='bbox 293 1534 542 1597; x_wconf 89' lang='lat' dir='ltr'>nomine,</span> <span class='ocrx_word' id='word_1_103' title='bbox 564 1534 658 1604; x_wconf 88' lang='lat' dir='ltr'>qui</span> <span class='ocrx_word' id='word_1_104' title='bbox 682 1535 974 1588; x_wconf 88' lang='lat' dir='ltr'>Barlaamo</span> <span class='ocrx_word' id='word_1_105' title='bbox 988 1536 1066 1589; x_wconf 89' lang='lat' dir='ltr'>ita</span> <span class='ocrx_word' id='word_1_106' title='bbox 1081 1554 1310 1606; x_wconf 89' lang='lat' dir='ltr'>prorsus</span> <span class='ocrx_word' id='word_1_107' title='bbox 1331 1537 1529 1592; x_wconf 87' lang='lat' dir='ltr'>similis</span> <span class='ocrx_word' id='word_1_108' title='bbox 1549 1547 1654 1603; x_wconf 89' lang='lat' dir='ltr'>est,</span> 
     </span>
    </p>
   </div>
   <div class='ocr_carea' id='block_1_17' title="bbox 78 1621 1660 1696">
    <p class='ocr_par' dir='ltr' id='par_1_17' title="bbox 78 1621 1660 1696">
     <span class='ocr_line' id='line_1_17' title="bbox 78 1621 1660 1696; baseline 0.003 -20"><span class='ocrx_word' id='word_1_109' title='bbox 78 1628 133 1676; x_wconf 92' lang='lat' dir='ltr'>ut</span> <span class='ocrx_word' id='word_1_110' title='bbox 160 1622 241 1675; x_wconf 91' lang='lat' dir='ltr'>vix</span> <span class='ocrx_word' id='word_1_111' title='bbox 262 1621 331 1676; x_wconf 84' lang='lat' dir='ltr'>ab</span> <span class='ocrx_word' id='word_1_112' title='bbox 360 1622 456 1675; x_wconf 90' lang='lat' dir='ltr'>illo</span> <span class='ocrx_word' id='word_1_113' title='bbox 501 1623 805 1677; x_wconf 89' lang='lat' dir='ltr'>internosci</span> <span class='ocrx_word' id='word_1_114' title='bbox 846 1625 1040 1694; x_wconf 83' lang='lat' dir='ltr'>possit.</span> <span class='ocrx_word' id='word_1_115' title='bbox 1076 1626 1178 1679; x_wconf 87' lang='lat' dir='ltr'>Hic</span> <span class='ocrx_word' id='word_1_116' title='bbox 1208 1643 1373 1696; x_wconf 89' lang='lat' dir='ltr'>porro</span> <span class='ocrx_word' id='word_1_117' title='bbox 1403 1628 1660 1681; x_wconf 80' lang='lat' dir='ltr'>eamdem</span> 
     </span>
    </p>
   </div>
   <div class='ocr_carea' id='block_1_18' title="bbox 82 1710 1662 1784">
    <p class='ocr_par' dir='ltr' id='par_1_18' title="bbox 82 1710 1662 1784">
     <span class='ocr_line' id='line_1_18' title="bbox 82 1710 1662 1784; baseline 0.004 -21"><span class='ocrx_word' id='word_1_118' title='bbox 82 1710 352 1765; x_wconf 89' lang='lat' dir='ltr'>nobiscum</span> <span class='ocrx_word' id='word_1_119' title='bbox 379 1711 690 1766; x_wconf 89' lang='lat' dir='ltr'>doctrinam</span> <span class='ocrx_word' id='word_1_120' title='bbox 732 1714 1045 1782; x_wconf 86' lang='lat' dir='ltr'>proﬁtetur,</span> <span class='ocrx_word' id='word_1_121' title='bbox 1087 1731 1327 1784; x_wconf 87' lang='lat' dir='ltr'>eumque</span> <span class='ocrx_word' id='word_1_122' title='bbox 1363 1715 1421 1769; x_wconf 92' lang='lat' dir='ltr'>in</span> <span class='ocrx_word' id='word_1_123' title='bbox 1447 1716 1662 1769; x_wconf 86' lang='lat' dir='ltr'>mathe-</span> 
     </span>
    </p>
   </div>
   <div class='ocr_carea' id='block_1_19' title="bbox 1737 551 3333 622">
    <p class='ocr_par' dir='ltr' id='par_1_19' title="bbox 1737 551 3333 622">
     <span class='ocr_line' id='line_1_19' title="bbox 1737 551 3333 622; baseline -0.007 -6"><span class='ocrx_word' id='word_1_124' title='bbox 1737 562 1968 616; x_wconf 90' lang='lat' dir='ltr'>tationis</span> <span class='ocrx_word' id='word_1_125' title='bbox 2014 565 2177 616; x_wconf 89' lang='lat' dir='ltr'>notas</span> <span class='ocrx_word' id='word_1_126' title='bbox 2227 558 2286 613; x_wconf 91' lang='lat' dir='ltr'>in</span> <span class='ocrx_word' id='word_1_127' title='bbox 2323 557 2481 612; x_wconf 88' lang='lat' dir='ltr'>vultu</span> <span class='ocrx_word' id='word_1_128' title='bbox 2528 554 2785 618; x_wconf 84' lang='lat' dir='ltr'>ferentes,</span> <span class='ocrx_word' id='word_1_129' title='bbox 2829 551 3333 622; x_wconf 88' lang='lat' dir='ltr'>comprehendunt,</span> 
     </span>
    </p>
   </div>
   <div class='ocr_carea' id='block_1_20' title="bbox 1738 642 3331 723">
    <p class='ocr_par' dir='ltr' id='par_1_20' title="bbox 1738 642 3331 723">
     <span class='ocr_line' id='line_1_20' title="bbox 1738 642 3331 723; baseline -0.007 -17"><span class='ocrx_word' id='word_1_130' title='bbox 1738 658 2100 723; x_wconf 85' lang='lat' dir='ltr'>raptatosque</span> <span class='ocrx_word' id='word_1_131' title='bbox 2122 647 2329 703; x_wconf 82' lang='lat' dir='ltr'>Arachi</span> <span class='ocrx_word' id='word_1_132' title='bbox 2352 644 2631 709; x_wconf 83' lang='lat' dir='ltr'>exhibent;</span> <span class='ocrx_word' id='word_1_133' title='bbox 2651 644 2730 696; x_wconf 90' lang='lat' dir='ltr'>sic</span> <span class='ocrx_word' id='word_1_134' title='bbox 2750 642 2939 696; x_wconf 89' lang='lat' dir='ltr'>animo</span> <span class='ocrx_word' id='word_1_135' title='bbox 2959 646 3331 712; x_wconf 84' lang='lat' dir='ltr'>comparatos,</span> 
     </span>
    </p>
   </div>
   <div class='ocr_carea' id='block_1_21' title="bbox 1739 730 3334 807">
    <p class='ocr_par' dir='ltr' id='par_1_21' title="bbox 1739 730 3334 807">
     <span class='ocr_line' id='line_1_21' title="bbox 1739 730 3334 807; baseline -0.008 -12"><span class='ocrx_word' id='word_1_136' title='bbox 1739 746 1803 795; x_wconf 92' lang='lat' dir='ltr'>ut</span> <span class='ocrx_word' id='word_1_137' title='bbox 1830 758 1931 795; x_wconf 90' lang='lat' dir='ltr'>nec</span> <span class='ocrx_word' id='word_1_138' title='bbox 1959 741 2073 795; x_wconf 91' lang='lat' dir='ltr'>ullo</span> <span class='ocrx_word' id='word_1_139' title='bbox 2104 738 2268 792; x_wconf 90' lang='lat' dir='ltr'>modo</span> <span class='ocrx_word' id='word_1_140' title='bbox 2296 734 2779 807; x_wconf 87' lang='lat' dir='ltr'>perturbarentur,</span> <span class='ocrx_word' id='word_1_141' title='bbox 2808 748 2910 785; x_wconf 88' lang='lat' dir='ltr'>nec</span> <span class='ocrx_word' id='word_1_142' title='bbox 2939 731 3204 800; x_wconf 89' lang='lat' dir='ltr'>ignavum</span> <span class='ocrx_word' id='word_1_143' title='bbox 3228 730 3334 784; x_wconf 87' lang='lat' dir='ltr'>ali-</span> 
     </span>
    </p>
   </div>
   <div class='ocr_carea' id='block_1_22' title="bbox 1739 820 3332 901">
    <p class='ocr_par' dir='ltr' id='par_1_22' title="bbox 1739 820 3332 901">
     <span class='ocr_line' id='line_1_22' title="bbox 1739 820 3332 901; baseline -0.008 -16"><span class='ocrx_word' id='word_1_144' title='bbox 1739 831 1873 901; x_wconf 89' lang='lat' dir='ltr'>quid</span> <span class='ocrx_word' id='word_1_145' title='bbox 1902 847 1966 884; x_wconf 93' lang='lat' dir='ltr'>ac</span> <span class='ocrx_word' id='word_1_146' title='bbox 1992 829 2154 883; x_wconf 87' lang='lat' dir='ltr'>triste</span> <span class='ocrx_word' id='word_1_147' title='bbox 2198 827 2281 880; x_wconf 85' lang='lat' dir='ltr'>vel</span> <span class='ocrx_word' id='word_1_148' title='bbox 2309 842 2422 896; x_wconf 65' lang='lat' dir='ltr'>pra:</span> <span class='ocrx_word' id='word_1_149' title='bbox 2454 840 2512 878; x_wconf 89' lang='lat' dir='ltr'>se</span> <span class='ocrx_word' id='word_1_150' title='bbox 2554 822 2781 886; x_wconf 86' lang='lat' dir='ltr'>ferrent,</span> <span class='ocrx_word' id='word_1_151' title='bbox 2817 821 2903 874; x_wconf 85' lang='lat' dir='ltr'>vel</span> <span class='ocrx_word' id='word_1_152' title='bbox 2948 820 3332 891; x_wconf 89' lang='lat' dir='ltr'>loquerentur.</span> 
     </span>
    </p>
   </div>
   <div class='ocr_carea' id='block_1_23' title="bbox 1739 908 3333 987">
    <p class='ocr_par' dir='ltr' id='par_1_23' title="bbox 1739 908 3333 987">
     <span class='ocr_line' id='line_1_23' title="bbox 1739 908 3333 987; baseline -0.006 -14"><span class='ocrx_word' id='word_1_153' title='bbox 1739 920 1846 983; x_wconf 88' lang='lat' dir='ltr'>Qui</span> <span class='ocrx_word' id='word_1_154' title='bbox 1878 925 2066 973; x_wconf 88' lang='lat' dir='ltr'>autem</span> <span class='ocrx_word' id='word_1_155' title='bbox 2098 918 2249 987; x_wconf 85' lang='lat' dir='ltr'>ipsos</span> <span class='ocrx_word' id='word_1_156' title='bbox 2298 931 2491 968; x_wconf 88' lang='lat' dir='ltr'>omnes</span> <span class='ocrx_word' id='word_1_157' title='bbox 2518 918 2787 982; x_wconf 89' lang='lat' dir='ltr'>tanquam</span> <span class='ocrx_word' id='word_1_158' title='bbox 2814 910 3049 964; x_wconf 88' lang='lat' dir='ltr'>antistes</span> <span class='ocrx_word' id='word_1_159' title='bbox 3079 908 3333 980; x_wconf 63' lang='lat' dir='ltr'>praeibat,</span> 
     </span>
    </p>
   </div>
   <div class='ocr_carea' id='block_1_24' title="bbox 1739 999 3336 1075">
    <p class='ocr_par' dir='ltr' id='par_1_24' title="bbox 1739 999 3336 1075">
     <span class='ocr_line' id='line_1_24' title="bbox 1739 999 3336 1075; baseline -0.007 -13"><span class='ocrx_word' id='word_1_160' title='bbox 1739 1026 1805 1063; x_wconf 89' lang='lat' dir='ltr'>ex</span> <span class='ocrx_word' id='word_1_161' title='bbox 1831 1008 2009 1062; x_wconf 89' lang='lat' dir='ltr'>cilicio</span> <span class='ocrx_word' id='word_1_162' title='bbox 2039 1010 2355 1060; x_wconf 84' lang='lat' dir='ltr'>contextam</span> <span class='ocrx_word' id='word_1_163' title='bbox 2384 1019 2596 1075; x_wconf 89' lang='lat' dir='ltr'>peram,</span> <span class='ocrx_word' id='word_1_164' title='bbox 2622 999 2996 1071; x_wconf 88' lang='lat' dir='ltr'>quorumdam</span> <span class='ocrx_word' id='word_1_165' title='bbox 3014 1005 3336 1052; x_wconf 89' lang='lat' dir='ltr'>sanctorum</span> 
     </span>
    </p>
   </div>
   <div class='ocr_carea' id='block_1_25' title="bbox 1740 1087 3339 1166">
    <p class='ocr_par' dir='ltr' id='par_1_25' title="bbox 1740 1087 3339 1166">
     <span class='ocr_line' id='line_1_25' title="bbox 1740 1087 3339 1166; baseline -0.007 -15"><span class='ocrx_word' id='word_1_166' title='bbox 1740 1099 1993 1158; x_wconf 82' lang='lat' dir='ltr'>Patrum,</span> <span class='ocrx_word' id='word_1_167' title='bbox 2021 1096 2116 1166; x_wconf 90' lang='lat' dir='ltr'>qui</span> <span class='ocrx_word' id='word_1_168' title='bbox 2147 1111 2211 1148; x_wconf 89' lang='lat' dir='ltr'>ex</span> <span class='ocrx_word' id='word_1_169' title='bbox 2244 1095 2347 1147; x_wconf 90' lang='lat' dir='ltr'>hac</span> <span class='ocrx_word' id='word_1_170' title='bbox 2373 1094 2490 1146; x_wconf 87' lang='lat' dir='ltr'>vita</span> <span class='ocrx_word' id='word_1_171' title='bbox 2518 1091 2908 1155; x_wconf 87' lang='lat' dir='ltr'>discesserant,</span> <span class='ocrx_word' id='word_1_172' title='bbox 2932 1087 3181 1158; x_wconf 85' lang='lat' dir='ltr'>reliquiis</span> <span class='ocrx_word' id='word_1_173' title='bbox 3210 1102 3339 1141; x_wconf 91' lang='lat' dir='ltr'>con-</span> 
     </span>
    </p>
   </div>
   <div class='ocr_carea' id='block_1_26' title="bbox 1741 1183 2639 1255">
    <p class='ocr_par' dir='ltr' id='par_1_26' title="bbox 1741 1183 2639 1255">
     <span class='ocr_line' id='line_1_26' title="bbox 1741 1183 2639 1255; baseline -0.014 -14"><span class='ocrx_word' id='word_1_174' title='bbox 1741 1188 1941 1241; x_wconf 87' lang='lat' dir='ltr'>fertam</span> <span class='ocrx_word' id='word_1_175' title='bbox 1969 1183 2245 1255; x_wconf 86' lang='lat' dir='ltr'>gestabat.</span> <span class='ocrx_word' id='word_1_176' title='bbox 2631 1221 2639 1228; x_wconf 94' lang='lat'>.</span> 
     </span>
    </p>
   </div>
   <div class='ocr_carea' id='block_1_27' title="bbox 1815 1266 3339 1345">
    <p class='ocr_par' dir='ltr' id='par_1_27' title="bbox 1815 1266 3339 1345">
     <span class='ocr_line' id='line_1_27' title="bbox 1815 1266 3339 1345; baseline -0.007 -16"><span class='ocrx_word' id='word_1_177' title='bbox 1815 1272 2139 1345; x_wconf 88' lang='lat' dir='ltr'>Conspectis</span> <span class='ocrx_word' id='word_1_178' title='bbox 2167 1276 2358 1326; x_wconf 89' lang='lat' dir='ltr'>autem</span> <span class='ocrx_word' id='word_1_179' title='bbox 2392 1269 2527 1339; x_wconf 89' lang='lat' dir='ltr'>ipsis</span> <span class='ocrx_word' id='word_1_180' title='bbox 2573 1268 2837 1331; x_wconf 83' lang='lat' dir='ltr'>Araches,</span> <span class='ocrx_word' id='word_1_181' title='bbox 2868 1272 2932 1320; x_wconf 93' lang='lat' dir='ltr'>ut</span> <span class='ocrx_word' id='word_1_182' title='bbox 2977 1266 3339 1320; x_wconf 90' lang='lat' dir='ltr'>Barlaamum</span> 
     </span>
    </p>
   </div>
   <div class='ocr_carea' id='block_1_28' title="bbox 1742 1354 3340 1427">
    <p class='ocr_par' dir='ltr' id='par_1_28' title="bbox 1742 1354 3340 1427">
     <span class='ocr_line' id='line_1_28' title="bbox 1742 1354 3340 1427; baseline -0.006 -8"><span class='ocrx_word' id='word_1_183' title='bbox 1742 1365 1976 1419; x_wconf 90' lang='lat' dir='ltr'>minime</span> <span class='ocrx_word' id='word_1_184' title='bbox 2000 1363 2141 1416; x_wconf 86' lang='lat' dir='ltr'>vidit</span> <span class='ocrx_word' id='word_1_185' title='bbox 2163 1365 2314 1427; x_wconf 91' lang='lat' dir='ltr'>(nam</span> <span class='ocrx_word' id='word_1_186' title='bbox 2338 1375 2467 1412; x_wconf 89' lang='lat' dir='ltr'>eum</span> <span class='ocrx_word' id='word_1_187' title='bbox 2493 1358 2675 1425; x_wconf 90' lang='lat' dir='ltr'>norat)</span> <span class='ocrx_word' id='word_1_188' title='bbox 2709 1372 2949 1410; x_wconf 71' lang='lat' dir='ltr'>mozrore</span> <span class='ocrx_word' id='word_1_189' title='bbox 2971 1354 3340 1410; x_wconf 85' lang='lat' dir='ltr'>conturbatus</span> 
     </span>
    </p>
   </div>
   <div class='ocr_carea' id='block_1_29' title="bbox 1743 1444 3342 1522">
    <p class='ocr_par' dir='ltr' id='par_1_29' title="bbox 1743 1444 3342 1522">
     <span class='ocr_line' id='line_1_29' title="bbox 1743 1444 3342 1522; baseline -0.007 -14"><span class='ocrx_word' id='word_1_190' title='bbox 1743 1460 1847 1519; x_wconf 88' lang='lat' dir='ltr'>est,</span> <span class='ocrx_word' id='word_1_191' title='bbox 1881 1458 2050 1522; x_wconf 91' lang='lat' dir='ltr'>atque</span> <span class='ocrx_word' id='word_1_192' title='bbox 2073 1451 2143 1504; x_wconf 89' lang='lat' dir='ltr'>ad</span> <span class='ocrx_word' id='word_1_193' title='bbox 2159 1467 2253 1503; x_wconf 88' lang='lat' dir='ltr'>eos</span> <span class='ocrx_word' id='word_1_194' title='bbox 2273 1448 2437 1502; x_wconf 83' lang='lat' dir='ltr'>dixit:</span> <span class='ocrx_word' id='word_1_195' title='bbox 2472 1446 2713 1501; x_wconf 85' lang='lat' dir='ltr'>Ubinam</span> <span class='ocrx_word' id='word_1_196' title='bbox 2734 1451 2820 1499; x_wconf 90' lang='lat' dir='ltr'>est</span> <span class='ocrx_word' id='word_1_197' title='bbox 2839 1445 3112 1516; x_wconf 90' lang='lat' dir='ltr'>impostor</span> <span class='ocrx_word' id='word_1_198' title='bbox 3130 1444 3225 1498; x_wconf 92' lang='lat' dir='ltr'>ille</span> <span class='ocrx_word' id='word_1_199' title='bbox 3246 1444 3342 1515; x_wconf 90' lang='lat' dir='ltr'>qui</span> 
     </span>
    </p>
   </div>
   <div class='ocr_carea' id='block_1_30' title="bbox 1742 1533 3339 1612">
    <p class='ocr_par' dir='ltr' id='par_1_30' title="bbox 1742 1533 3339 1612">
     <span class='ocr_line' id='line_1_30' title="bbox 1742 1533 3339 1612; baseline -0.007 -15"><span class='ocrx_word' id='word_1_200' title='bbox 1742 1543 1887 1612; x_wconf 85' lang='lat' dir='ltr'>regis</span> <span class='ocrx_word' id='word_1_201' title='bbox 1917 1542 2095 1595; x_wconf 90' lang='lat' dir='ltr'>ﬁlium</span> <span class='ocrx_word' id='word_1_202' title='bbox 2114 1540 2170 1592; x_wconf 90' lang='lat' dir='ltr'>in</span> <span class='ocrx_word' id='word_1_203' title='bbox 2188 1553 2437 1591; x_wconf 90' lang='lat' dir='ltr'>errorem</span> <span class='ocrx_word' id='word_1_204' title='bbox 2457 1535 2703 1589; x_wconf 85' lang='lat' dir='ltr'>induxit?</span> <span class='ocrx_word' id='word_1_205' title='bbox 2726 1536 2780 1589; x_wconf 87' lang='lat' dir='ltr'>Is</span> <span class='ocrx_word' id='word_1_206' title='bbox 2799 1540 2990 1589; x_wconf 89' lang='lat' dir='ltr'>autem</span> <span class='ocrx_word' id='word_1_207' title='bbox 3020 1533 3117 1603; x_wconf 90' lang='lat' dir='ltr'>qui</span> <span class='ocrx_word' id='word_1_208' title='bbox 3146 1549 3339 1603; x_wconf 89' lang='lat' dir='ltr'>peram</span> 
     </span>
    </p>
   </div>
   <div class='ocr_carea' id='block_1_31' title="bbox 1740 1622 3343 1701">
    <p class='ocr_par' dir='ltr' id='par_1_31' title="bbox 1740 1622 3343 1701">
     <span class='ocr_line' id='line_1_31' title="bbox 1740 1622 3343 1701; baseline -0.006 -16"><span class='ocrx_word' id='word_1_209' title='bbox 1740 1630 1999 1701; x_wconf 88' lang='lat' dir='ltr'>gestabat</span> <span class='ocrx_word' id='word_1_210' title='bbox 2027 1627 2314 1699; x_wconf 91' lang='lat' dir='ltr'>respondit</span> <span class='ocrx_word' id='word_1_211' title='bbox 2347 1644 2357 1678; x_wconf 92' lang='lat'>:</span> <span class='ocrx_word' id='word_1_212' title='bbox 2390 1628 2514 1680; x_wconf 82' lang='lat' dir='ltr'>Non</span> <span class='ocrx_word' id='word_1_213' title='bbox 2532 1631 2617 1678; x_wconf 89' lang='lat' dir='ltr'>est</span> <span class='ocrx_word' id='word_1_214' title='bbox 2644 1624 2737 1677; x_wconf 91' lang='lat' dir='ltr'>ille</span> <span class='ocrx_word' id='word_1_215' title='bbox 2766 1624 2917 1677; x_wconf 88' lang='lat' dir='ltr'>inter</span> <span class='ocrx_word' id='word_1_216' title='bbox 2936 1640 3057 1688; x_wconf 90' lang='lat' dir='ltr'>nos,</span> <span class='ocrx_word' id='word_1_217' title='bbox 3087 1622 3233 1677; x_wconf 89' lang='lat' dir='ltr'>absit</span> <span class='ocrx_word' id='word_1_218' title='bbox 3255 1623 3343 1692; x_wconf 90' lang='lat' dir='ltr'>(si-</span> 
     </span>
    </p>
   </div>
   <div class='ocr_carea' id='block_1_32' title="bbox 1743 1712 3429 1791">
    <p class='ocr_par' dir='ltr' id='par_1_32' title="bbox 1743 1712 3429 1791">
     <span class='ocr_line' id='line_1_32' title="bbox 1743 1712 3429 1791; baseline -0.006 -17"><span class='ocrx_word' id='word_1_219' title='bbox 1743 1721 1991 1791; x_wconf 90' lang='lat' dir='ltr'>quidem,</span> <span class='ocrx_word' id='word_1_220' title='bbox 2020 1717 2225 1773; x_wconf 73' lang='lat' dir='ltr'>Uhristi</span> <span class='ocrx_word' id='word_1_221' title='bbox 2250 1716 2434 1785; x_wconf 88' lang='lat' dir='ltr'>gratia</span> <span class='ocrx_word' id='word_1_222' title='bbox 2459 1714 2672 1785; x_wconf 88' lang='lat' dir='ltr'>pulsus,</span> <span class='ocrx_word' id='word_1_223' title='bbox 2705 1729 2738 1767; x_wconf 91' lang='lat' dir='ltr'>a</span> <span class='ocrx_word' id='word_1_224' title='bbox 2766 1712 2927 1766; x_wconf 89' lang='lat' dir='ltr'>nobis</span> <span class='ocrx_word' id='word_1_225' title='bbox 2945 1712 3129 1782; x_wconf 85' lang='lat' dir='ltr'>fugit),</span> <span class='ocrx_word' id='word_1_226' title='bbox 3149 1728 3344 1766; x_wconf 89' lang='lat' dir='ltr'>verum</span> <span class='ocrx_word' id='word_1_227' title='bbox 3414 1752 3429 1757; x_wconf 82' lang='lat'>-</span> 
     </span>
    </p>
   </div>
   <div class='ocr_carea' id='block_1_33' title="bbox 77 1791 3341 1881">
    <p class='ocr_par' dir='ltr' id='par_1_33' title="bbox 77 1791 3341 1881">
     <span class='ocr_line' id='line_1_33' title="bbox 77 1791 3341 1881; baseline 0.001 -29"><span class='ocrx_word' id='word_1_228' title='bbox 77 1800 315 1853; x_wconf 77' lang='lat' dir='ltr'>mathicis</span> <span class='ocrx_word' id='word_1_229' title='bbox 345 1801 683 1872; x_wconf 87' lang='lat' dir='ltr'>magistrum</span> <span class='ocrx_word' id='word_1_230' title='bbox 709 1800 897 1855; x_wconf 88' lang='lat' dir='ltr'>habui.</span> <span class='ocrx_word' id='word_1_231' title='bbox 929 1803 1015 1856; x_wconf 90' lang='lat' dir='ltr'>Ad</span> <span class='ocrx_word' id='word_1_232' title='bbox 1048 1804 1195 1857; x_wconf 90' lang='lat' dir='ltr'>hunc</span> <span class='ocrx_word' id='word_1_233' title='bbox 1224 1804 1397 1873; x_wconf 86' lang='lat' dir='ltr'>igitur</span> <span class='ocrx_word' id='word_1_234' title='bbox 1428 1822 1530 1874; x_wconf 87' lang='lat' dir='ltr'>ego</span> <span class='ocrx_word' id='word_1_235' title='bbox 1556 1822 1658 1859; x_wconf 90' lang='lat' dir='ltr'>no-</span> <span class='ocrx_word' id='word_1_236' title='bbox 1677 1791 1722 1850; x_wconf 85' lang='grc' dir='ltr'><strong>Β</strong></span> <span class='ocrx_word' id='word_1_237' title='bbox 1741 1809 1890 1881; x_wconf 89' lang='lat' dir='ltr'>apud</span> <span class='ocrx_word' id='word_1_238' title='bbox 1909 1826 2005 1862; x_wconf 89' lang='lat' dir='ltr'>vos</span> <span class='ocrx_word' id='word_1_239' title='bbox 2035 1806 2380 1861; x_wconf 89' lang='lat' dir='ltr'>domicilium</span> <span class='ocrx_word' id='word_1_240' title='bbox 2419 1803 2605 1857; x_wconf 87' lang='lat' dir='ltr'>habet.</span> <span class='ocrx_word' id='word_1_241' title='bbox 2639 1803 2781 1856; x_wconf 89' lang='lat' dir='ltr'>Eum</span> <span class='ocrx_word' id='word_1_242' title='bbox 2811 1818 2963 1872; x_wconf 88' lang='lat' dir='ltr'>ergo,</span> <span class='ocrx_word' id='word_1_243' title='bbox 2995 1801 3182 1872; x_wconf 91' lang='lat' dir='ltr'>inquit</span> <span class='ocrx_word' id='word_1_244' title='bbox 3210 1801 3341 1867; x_wconf 84' lang='lat' dir='ltr'>dux,</span> 
     </span>
    </p>
   </div>
   <div class='ocr_carea' id='block_1_34' title="bbox 76 1889 1655 1963">
    <p class='ocr_par' dir='ltr' id='par_1_34' title="bbox 76 1889 1655 1963">
     <span class='ocr_line' id='line_1_34' title="bbox 76 1889 1655 1963; baseline 0.004 -22"><span class='ocrx_word' id='word_1_245' title='bbox 76 1896 157 1942; x_wconf 89' lang='lat' dir='ltr'>ctu</span> <span class='ocrx_word' id='word_1_246' title='bbox 184 1907 267 1943; x_wconf 90' lang='lat' dir='ltr'>me</span> <span class='ocrx_word' id='word_1_247' title='bbox 296 1890 604 1955; x_wconf 82' lang='lat' dir='ltr'>conferam,</span> <span class='ocrx_word' id='word_1_248' title='bbox 638 1889 799 1960; x_wconf 88' lang='lat' dir='ltr'>eique</span> <span class='ocrx_word' id='word_1_249' title='bbox 828 1891 1016 1944; x_wconf 90' lang='lat' dir='ltr'>omnia</span> <span class='ocrx_word' id='word_1_250' title='bbox 1046 1892 1332 1960; x_wconf 85' lang='lat' dir='ltr'>sigillatim</span> <span class='ocrx_word' id='word_1_251' title='bbox 1363 1910 1655 1963; x_wconf 76' lang='lat' dir='ltr'>exponam,</span> 
     </span>
    </p>
   </div>
   <div class='ocr_carea' id='block_1_35' title="bbox 78 1980 1664 2053">
    <p class='ocr_par' dir='ltr' id='par_1_35' title="bbox 78 1980 1664 2053">
     <span class='ocr_line' id='line_1_35' title="bbox 78 1980 1664 2053; baseline 0.003 -21"><span class='ocrx_word' id='word_1_252' title='bbox 78 1997 132 2032; x_wconf 84' lang='lat' dir='ltr'>ac</span> <span class='ocrx_word' id='word_1_253' title='bbox 158 1980 352 2034; x_wconf 87' lang='lat' dir='ltr'>deinde</span> <span class='ocrx_word' id='word_1_254' title='bbox 400 1998 626 2035; x_wconf 90' lang='lat' dir='ltr'>rumore</span> <span class='ocrx_word' id='word_1_255' title='bbox 657 1982 762 2036; x_wconf 90' lang='lat' dir='ltr'>hoc</span> <span class='ocrx_word' id='word_1_256' title='bbox 815 1999 1030 2053; x_wconf 88' lang='lat' dir='ltr'>sparso,</span> <span class='ocrx_word' id='word_1_257' title='bbox 1064 1982 1425 2036; x_wconf 90' lang='lat' dir='ltr'>Barlaamum</span> <span class='ocrx_word' id='word_1_258' title='bbox 1451 1984 1664 2037; x_wconf 90' lang='lat' dir='ltr'>scilicet</span> 
     </span>
    </p>
   </div>
   <div class='ocr_carea' id='block_1_36' title="bbox 78 2069 1662 2140">
    <p class='ocr_par' dir='ltr' id='par_1_36' title="bbox 78 2069 1662 2140">
     <span class='ocr_line' id='line_1_36' title="bbox 78 2069 1662 2140; baseline 0.003 -19"><span class='ocrx_word' id='word_1_259' title='bbox 78 2069 528 2140; x_wconf 89' lang='lat' dir='ltr'>comprehensum</span> <span class='ocrx_word' id='word_1_260' title='bbox 556 2087 695 2135; x_wconf 88' lang='lat' dir='ltr'>esse,</span> <span class='ocrx_word' id='word_1_261' title='bbox 721 2070 907 2140; x_wconf 87' lang='lat' dir='ltr'>ipsum</span> <span class='ocrx_word' id='word_1_262' title='bbox 934 2070 1338 2124; x_wconf 83' lang='lat' dir='ltr'>exhibebimus.</span> <span class='ocrx_word' id='word_1_263' title='bbox 1358 2072 1465 2135; x_wconf 88' lang='lat' dir='ltr'>Qui</span> <span class='ocrx_word' id='word_1_264' title='bbox 1488 2072 1662 2126; x_wconf 89' lang='lat' dir='ltr'>etiam</span> 
     </span>
    </p>
   </div>
   <div class='ocr_carea' id='block_1_37' title="bbox 76 2158 1659 2227">
    <p class='ocr_par' dir='ltr' id='par_1_37' title="bbox 76 2158 1659 2227">
     <span class='ocr_line' id='line_1_37' title="bbox 76 2158 1659 2227; baseline 0.003 -17"><span class='ocrx_word' id='word_1_265' title='bbox 76 2158 179 2227; x_wconf 89' lang='lat' dir='ltr'>ipse</span> <span class='ocrx_word' id='word_1_266' title='bbox 216 2158 494 2211; x_wconf 81' lang='lat' dir='ltr'>Barlaami</span> <span class='ocrx_word' id='word_1_267' title='bbox 528 2158 631 2212; x_wconf 90' lang='lat' dir='ltr'>sibi</span> <span class='ocrx_word' id='word_1_268' title='bbox 672 2176 877 2213; x_wconf 89' lang='lat' dir='ltr'>nomen</span> <span class='ocrx_word' id='word_1_269' title='bbox 915 2159 1248 2224; x_wconf 88' lang='lat' dir='ltr'>attribuens,</span> <span class='ocrx_word' id='word_1_270' title='bbox 1282 2177 1341 2213; x_wconf 90' lang='lat' dir='ltr'>se</span> <span class='ocrx_word' id='word_1_271' title='bbox 1386 2161 1659 2214; x_wconf 89' lang='lat' dir='ltr'>Christia-</span> 
     </span>
    </p>
   </div>
   <div class='ocr_carea' id='block_1_38' title="bbox 77 2248 1660 2319">
    <p class='ocr_par' dir='ltr' id='par_1_38' title="bbox 77 2248 1660 2319">
     <span class='ocr_line' id='line_1_38' title="bbox 77 2248 1660 2319; baseline 0.003 -21"><span class='ocrx_word' id='word_1_272' title='bbox 77 2263 257 2299; x_wconf 90' lang='lat' dir='ltr'>norum</span> <span class='ocrx_word' id='word_1_273' title='bbox 287 2264 447 2300; x_wconf 90' lang='lat' dir='ltr'>sacra</span> <span class='ocrx_word' id='word_1_274' title='bbox 471 2248 653 2301; x_wconf 88' lang='lat' dir='ltr'>colere</span> <span class='ocrx_word' id='word_1_275' title='bbox 688 2248 991 2314; x_wconf 78' lang='lat' dir='ltr'>simulabit,</span> <span class='ocrx_word' id='word_1_276' title='bbox 1024 2266 1202 2319; x_wconf 85' lang='lat' dir='ltr'>eaque</span> <span class='ocrx_word' id='word_1_277' title='bbox 1230 2249 1440 2303; x_wconf 89' lang='lat' dir='ltr'>intueri</span> <span class='ocrx_word' id='word_1_278' title='bbox 1473 2267 1536 2303; x_wconf 91' lang='lat' dir='ltr'>ac</span> <span class='ocrx_word' id='word_1_279' title='bbox 1566 2251 1660 2303; x_wconf 87' lang='lat' dir='ltr'>de-</span> 
     </span>
    </p>
   </div>
   <div class='ocr_carea' id='block_1_39' title="bbox 76 2336 1662 2409">
    <p class='ocr_par' dir='ltr' id='par_1_39' title="bbox 76 2336 1662 2409">
     <span class='ocr_line' id='line_1_39' title="bbox 76 2336 1662 2409; baseline 0.004 -22"><span class='ocrx_word' id='word_1_280' title='bbox 76 2336 279 2389; x_wconf 86' lang='lat' dir='ltr'>fendere</span> <span class='ocrx_word' id='word_1_281' title='bbox 307 2354 420 2407; x_wconf 67' lang='lat' dir='ltr'>pra:</span> <span class='ocrx_word' id='word_1_282' title='bbox 454 2354 515 2390; x_wconf 91' lang='lat' dir='ltr'>se</span> <span class='ocrx_word' id='word_1_283' title='bbox 544 2337 703 2391; x_wconf 86' lang='lat' dir='ltr'>feret.</span> <span class='ocrx_word' id='word_1_284' title='bbox 736 2339 815 2392; x_wconf 85' lang='lat' dir='ltr'>Ac</span> <span class='ocrx_word' id='word_1_285' title='bbox 838 2344 1051 2409; x_wconf 89' lang='lat' dir='ltr'>postea,</span> <span class='ocrx_word' id='word_1_286' title='bbox 1087 2339 1254 2407; x_wconf 87' lang='lat' dir='ltr'>longa</span> <span class='ocrx_word' id='word_1_287' title='bbox 1278 2338 1662 2409; x_wconf 88' lang='lat' dir='ltr'>disputatione</span> 
     </span>
    </p>
   </div>
   <div class='ocr_carea' id='block_1_40' title="bbox 79 2425 1663 2493">
    <p class='ocr_par' dir='ltr' id='par_1_40' title="bbox 79 2425 1663 2493">
     <span class='ocr_line' id='line_1_40' title="bbox 79 2425 1663 2493; baseline 0.003 -16"><span class='ocrx_word' id='word_1_288' title='bbox 79 2425 251 2479; x_wconf 88' lang='lat' dir='ltr'>habita</span> <span class='ocrx_word' id='word_1_289' title='bbox 278 2426 511 2480; x_wconf 88' lang='lat' dir='ltr'>tandem</span> <span class='ocrx_word' id='word_1_290' title='bbox 539 2426 766 2493; x_wconf 82' lang='lat' dir='ltr'>fractus,</span> <span class='ocrx_word' id='word_1_291' title='bbox 802 2444 1003 2481; x_wconf 90' lang='lat' dir='ltr'>manus</span> <span class='ocrx_word' id='word_1_292' title='bbox 1027 2427 1200 2481; x_wconf 89' lang='lat' dir='ltr'>dabit.</span> <span class='ocrx_word' id='word_1_293' title='bbox 1242 2428 1402 2491; x_wconf 88' lang='lat' dir='ltr'>Quod</span> <span class='ocrx_word' id='word_1_294' title='bbox 1445 2445 1571 2481; x_wconf 91' lang='lat' dir='ltr'>cum</span> <span class='ocrx_word' id='word_1_295' title='bbox 1602 2429 1663 2482; x_wconf 87' lang='lat' dir='ltr'>ﬁ-</span> 
     </span>
    </p>
   </div>
   <div class='ocr_carea' id='block_1_41' title="bbox 77 2513 1661 2587">
    <p class='ocr_par' dir='ltr' id='par_1_41' title="bbox 77 2513 1661 2587">
     <span class='ocr_line' id='line_1_41' title="bbox 77 2513 1661 2587; baseline 0.003 -21"><span class='ocrx_word' id='word_1_296' title='bbox 77 2513 172 2567; x_wconf 92' lang='lat' dir='ltr'>lius</span> <span class='ocrx_word' id='word_1_297' title='bbox 205 2520 331 2568; x_wconf 92' lang='lat' dir='ltr'>tuus</span> <span class='ocrx_word' id='word_1_298' title='bbox 371 2515 736 2587; x_wconf 89' lang='lat' dir='ltr'>perspexerit,</span> <span class='ocrx_word' id='word_1_299' title='bbox 769 2517 873 2570; x_wconf 90' lang='lat' dir='ltr'>hoc</span> <span class='ocrx_word' id='word_1_300' title='bbox 913 2522 1015 2584; x_wconf 90' lang='lat' dir='ltr'>est,</span> <span class='ocrx_word' id='word_1_301' title='bbox 1049 2517 1410 2570; x_wconf 87' lang='lat' dir='ltr'>Barlaamum</span> <span class='ocrx_word' id='word_1_302' title='bbox 1452 2517 1661 2571; x_wconf 89' lang='lat' dir='ltr'>victum</span> 
     </span>
    </p>
   </div>
   <div class='ocr_carea' id='block_1_42' title="bbox 77 2604 1661 2676">
    <p class='ocr_par' dir='ltr' id='par_1_42' title="bbox 77 2604 1661 2676">
     <span class='ocr_line' id='line_1_42' title="bbox 77 2604 1661 2676; baseline 0.003 -21"><span class='ocrx_word' id='word_1_303' title='bbox 77 2620 200 2668; x_wconf 85' lang='lat' dir='ltr'>esse,</span> <span class='ocrx_word' id='word_1_304' title='bbox 244 2620 307 2657; x_wconf 92' lang='lat' dir='ltr'>ac</span> <span class='ocrx_word' id='word_1_305' title='bbox 346 2604 666 2659; x_wconf 90' lang='lat' dir='ltr'>doctrinam</span> <span class='ocrx_word' id='word_1_306' title='bbox 708 2611 958 2659; x_wconf 91' lang='lat' dir='ltr'>nostram</span> <span class='ocrx_word' id='word_1_307' title='bbox 1016 2606 1262 2676; x_wconf 89' lang='lat' dir='ltr'>palmam</span> <span class='ocrx_word' id='word_1_308' title='bbox 1304 2606 1519 2671; x_wconf 91' lang='lat' dir='ltr'>tulisse,</span> <span class='ocrx_word' id='word_1_309' title='bbox 1548 2623 1661 2660; x_wconf 90' lang='lat' dir='ltr'>non</span> 
     </span>
    </p>
   </div>
   <div class='ocr_carea' id='block_1_43' title="bbox 76 2692 1661 2765">
    <p class='ocr_par' dir='ltr' id='par_1_43' title="bbox 76 2692 1661 2765">
     <span class='ocr_line' id='line_1_43' title="bbox 76 2692 1661 2765; baseline 0.002 -20"><span class='ocrx_word' id='word_1_310' title='bbox 76 2698 148 2745; x_wconf 84' lang='lat' dir='ltr'>est</span> <span class='ocrx_word' id='word_1_311' title='bbox 173 2692 397 2747; x_wconf 90' lang='lat' dir='ltr'>dubium</span> <span class='ocrx_word' id='word_1_312' title='bbox 420 2694 561 2765; x_wconf 88' lang='lat' dir='ltr'>quin</span> <span class='ocrx_word' id='word_1_313' title='bbox 591 2694 662 2747; x_wconf 93' lang='lat' dir='ltr'>ad</span> <span class='ocrx_word' id='word_1_314' title='bbox 691 2694 965 2748; x_wconf 89' lang='lat' dir='ltr'>victorum</span> <span class='ocrx_word' id='word_1_315' title='bbox 987 2701 1175 2765; x_wconf 90' lang='lat' dir='ltr'>partes</span> <span class='ocrx_word' id='word_1_316' title='bbox 1206 2712 1328 2748; x_wconf 88' lang='lat' dir='ltr'>sese</span> <span class='ocrx_word' id='word_1_317' title='bbox 1360 2696 1661 2764; x_wconf 88' lang='lat' dir='ltr'>adjunctu-</span> 
     </span>
    </p>
   </div>
   <div class='ocr_carea' id='block_1_44' title="bbox 75 2781 1659 2854">
    <p class='ocr_par' dir='ltr' id='par_1_44' title="bbox 75 2781 1659 2854">
     <span class='ocr_line' id='line_1_44' title="bbox 75 2781 1659 2854; baseline 0.003 -21"><span class='ocrx_word' id='word_1_318' title='bbox 75 2797 157 2834; x_wconf 88' lang='lat' dir='ltr'>rus</span> <span class='ocrx_word' id='word_1_319' title='bbox 184 2781 270 2838; x_wconf 92' lang='lat' dir='ltr'>sit.</span> <span class='ocrx_word' id='word_1_320' title='bbox 302 2783 491 2847; x_wconf 85' lang='lat' dir='ltr'>Quam</span> <span class='ocrx_word' id='word_1_321' title='bbox 521 2784 692 2837; x_wconf 90' lang='lat' dir='ltr'>etiam</span> <span class='ocrx_word' id='word_1_322' title='bbox 731 2784 802 2837; x_wconf 89' lang='lat' dir='ltr'>ad</span> <span class='ocrx_word' id='word_1_323' title='bbox 832 2800 952 2837; x_wconf 91' lang='lat' dir='ltr'>rem</span> <span class='ocrx_word' id='word_1_324' title='bbox 982 2783 1130 2838; x_wconf 91' lang='lat' dir='ltr'>istud</span> <span class='ocrx_word' id='word_1_325' title='bbox 1164 2784 1355 2854; x_wconf 89' lang='lat' dir='ltr'>magni</span> <span class='ocrx_word' id='word_1_326' title='bbox 1388 2785 1659 2838; x_wconf 89' lang='lat' dir='ltr'>momenti</span> 
     </span>
    </p>
   </div>
   <div class='ocr_carea' id='block_1_45' title="bbox 1743 1890 3346 1966">
    <p class='ocr_par' dir='ltr' id='par_1_45' title="bbox 1743 1890 3346 1966">
     <span class='ocr_line' id='line_1_45' title="bbox 1743 1890 3346 1966; baseline -0.006 -13"><span class='ocrx_word' id='word_1_327' title='bbox 1743 1899 1929 1953; x_wconf 84' lang='lat' dir='ltr'>nosti?</span> <span class='ocrx_word' id='word_1_328' title='bbox 1954 1899 2139 1963; x_wconf 88' lang='lat' dir='ltr'>Certe,</span> <span class='ocrx_word' id='word_1_329' title='bbox 2165 1895 2349 1966; x_wconf 86' lang='lat' dir='ltr'>inquit</span> <span class='ocrx_word' id='word_1_330' title='bbox 2368 1893 2622 1958; x_wconf 88' lang='lat' dir='ltr'>ercmita,</span> <span class='ocrx_word' id='word_1_331' title='bbox 2647 1908 2777 1945; x_wconf 92' lang='lat' dir='ltr'>eum</span> <span class='ocrx_word' id='word_1_332' title='bbox 2801 1891 2895 1961; x_wconf 91' lang='lat' dir='ltr'>qui</span> <span class='ocrx_word' id='word_1_333' title='bbox 2920 1891 3194 1961; x_wconf 89' lang='lat' dir='ltr'>impostor</span> <span class='ocrx_word' id='word_1_334' title='bbox 3211 1890 3346 1944; x_wconf 91' lang='lat' dir='ltr'>dici-</span> 
     </span>
    </p>
   </div>
   <div class='ocr_carea' id='block_1_46' title="bbox 1744 1978 3343 2052">
    <p class='ocr_par' dir='ltr' id='par_1_46' title="bbox 1744 1978 3343 2052">
     <span class='ocr_line' id='line_1_46' title="bbox 1744 1978 3343 2052; baseline -0.007 -10"><span class='ocrx_word' id='word_1_335' title='bbox 1744 1995 1839 2043; x_wconf 91' lang='lat' dir='ltr'>tur</span> <span class='ocrx_word' id='word_1_336' title='bbox 1868 1987 2014 2052; x_wconf 87' lang='lat' dir='ltr'>novi,</span> <span class='ocrx_word' id='word_1_337' title='bbox 2040 1987 2143 2039; x_wconf 91' lang='lat' dir='ltr'>hoc</span> <span class='ocrx_word' id='word_1_338' title='bbox 2162 1991 2249 2038; x_wconf 91' lang='lat' dir='ltr'>est</span> <span class='ocrx_word' id='word_1_339' title='bbox 2266 1983 2571 2047; x_wconf 89' lang='lat' dir='ltr'>diabolum,</span> <span class='ocrx_word' id='word_1_340' title='bbox 2593 1981 2689 2052; x_wconf 90' lang='lat' dir='ltr'>qui</span> <span class='ocrx_word' id='word_1_341' title='bbox 2712 1981 2771 2034; x_wconf 90' lang='lat' dir='ltr'>in</span> <span class='ocrx_word' id='word_1_342' title='bbox 2795 1980 2979 2033; x_wconf 90' lang='lat' dir='ltr'>medio</span> <span class='ocrx_word' id='word_1_343' title='bbox 2997 1979 3165 2034; x_wconf 87' lang='lat' dir='ltr'>vestri</span> <span class='ocrx_word' id='word_1_344' title='bbox 3188 1978 3343 2033; x_wconf 87' lang='lat' dir='ltr'>habi-</span> 
     </span>
    </p>
   </div>
   <div class='ocr_carea' id='block_1_47' title="bbox 1746 2068 3343 2146">
    <p class='ocr_par' dir='ltr' id='par_1_47' title="bbox 1746 2068 3343 2146">
     <span class='ocr_line' id='line_1_47' title="bbox 1746 2068 3343 2146; baseline -0.006 -16"><span class='ocrx_word' id='word_1_345' title='bbox 1746 2083 1849 2142; x_wconf 81' lang='lat' dir='ltr'>tat,</span> <span class='ocrx_word' id='word_1_346' title='bbox 1883 2081 2051 2146; x_wconf 89' lang='lat' dir='ltr'>atque</span> <span class='ocrx_word' id='word_1_347' title='bbox 2072 2092 2105 2128; x_wconf 87' lang='lat' dir='ltr'>a</span> <span class='ocrx_word' id='word_1_348' title='bbox 2124 2073 2277 2127; x_wconf 89' lang='lat' dir='ltr'>vobis</span> <span class='ocrx_word' id='word_1_349' title='bbox 2305 2072 2575 2126; x_wconf 88' lang='lat' dir='ltr'>adoratur</span> <span class='ocrx_word' id='word_1_350' title='bbox 2603 2076 2661 2124; x_wconf 90' lang='lat' dir='ltr'>et</span> <span class='ocrx_word' id='word_1_351' title='bbox 2688 2070 2909 2123; x_wconf 91' lang='lat' dir='ltr'>colitur.</span> <span class='ocrx_word' id='word_1_352' title='bbox 2943 2068 3044 2123; x_wconf 85' lang='lat' dir='ltr'>Hic</span> <span class='ocrx_word' id='word_1_353' title='bbox 3071 2069 3182 2122; x_wconf 80' lang='lat' dir='ltr'>dux</span> <span class='ocrx_word' id='word_1_354' title='bbox 3216 2086 3227 2121; x_wconf 90' lang='lat'><strong>:</strong></span> <span class='ocrx_word' id='word_1_355' title='bbox 3262 2068 3343 2121; x_wconf 90' lang='lat' dir='ltr'>De</span> 
     </span>
    </p>
   </div>
   <div class='ocr_carea' id='block_1_48' title="bbox 1743 2157 3339 2233">
    <p class='ocr_par' dir='ltr' id='par_1_48' title="bbox 1743 2157 3339 2233">
     <span class='ocr_line' id='line_1_48' title="bbox 1743 2157 3339 2233; baseline -0.006 -13"><span class='ocrx_word' id='word_1_356' title='bbox 1743 2167 2004 2220; x_wconf 87' lang='lat' dir='ltr'>Barlaam</span> <span class='ocrx_word' id='word_1_357' title='bbox 2032 2181 2133 2233; x_wconf 87' lang='lat' dir='ltr'>ego</span> <span class='ocrx_word' id='word_1_358' title='bbox 2160 2179 2369 2233; x_wconf 78' lang='lat' dir='ltr'>quaero,</span> <span class='ocrx_word' id='word_1_359' title='bbox 2403 2162 2583 2231; x_wconf 89' lang='lat' dir='ltr'>deque</span> <span class='ocrx_word' id='word_1_360' title='bbox 2616 2176 2681 2213; x_wconf 90' lang='lat' dir='ltr'>eo</span> <span class='ocrx_word' id='word_1_361' title='bbox 2710 2157 3081 2229; x_wconf 88' lang='lat' dir='ltr'>percontabar</span> <span class='ocrx_word' id='word_1_362' title='bbox 3111 2157 3339 2212; x_wconf 89' lang='lat' dir='ltr'>ubinam</span> 
     </span>
    </p>
   </div>
   <div class='ocr_carea' id='block_1_49' title="bbox 1745 2247 3346 2319">
    <p class='ocr_par' dir='ltr' id='par_1_49' title="bbox 1745 2247 3346 2319">
     <span class='ocr_line' id='line_1_49' title="bbox 1745 2247 3346 2319; baseline -0.007 -9"><span class='ocrx_word' id='word_1_363' title='bbox 1745 2262 1910 2310; x_wconf 89' lang='lat' dir='ltr'>esset.</span> <span class='ocrx_word' id='word_1_364' title='bbox 1944 2254 2249 2309; x_wconf 86' lang='lat' dir='ltr'>Monachus</span> <span class='ocrx_word' id='word_1_365' title='bbox 2280 2258 2470 2306; x_wconf 90' lang='lat' dir='ltr'>autem</span> <span class='ocrx_word' id='word_1_366' title='bbox 2497 2269 2508 2303; x_wconf 91' lang='lat'><strong>:</strong></span> <span class='ocrx_word' id='word_1_367' title='bbox 2545 2251 2659 2303; x_wconf 90' lang='lat' dir='ltr'>Cur</span> <span class='ocrx_word' id='word_1_368' title='bbox 2685 2249 2876 2319; x_wconf 87' lang='lat' dir='ltr'>igitur,</span> <span class='ocrx_word' id='word_1_369' title='bbox 2906 2247 3109 2318; x_wconf 89' lang='lat' dir='ltr'>inquit,</span> <span class='ocrx_word' id='word_1_370' title='bbox 3134 2264 3346 2319; x_wconf 65' lang='lat' dir='ltr'>praepo-</span> 
     </span>
    </p>
   </div>
   <div class='ocr_carea' id='block_1_50' title="bbox 1745 2335 3347 2410">
    <p class='ocr_par' dir='ltr' id='par_1_50' title="bbox 1745 2335 3347 2410">
     <span class='ocr_line' id='line_1_50' title="bbox 1745 2335 3347 2410; baseline -0.007 -11"><span class='ocrx_word' id='word_1_371' title='bbox 1745 2352 1893 2400; x_wconf 90' lang='lat' dir='ltr'>stere</span> <span class='ocrx_word' id='word_1_372' title='bbox 1914 2345 2134 2397; x_wconf 87' lang='lat' dir='ltr'>locutus</span> <span class='ocrx_word' id='word_1_373' title='bbox 2151 2359 2209 2395; x_wconf 90' lang='lat' dir='ltr'>es</span> <span class='ocrx_word' id='word_1_374' title='bbox 2225 2341 2294 2393; x_wconf 91' lang='lat' dir='ltr'>de</span> <span class='ocrx_word' id='word_1_375' title='bbox 2314 2357 2379 2393; x_wconf 91' lang='lat' dir='ltr'>eo</span> <span class='ocrx_word' id='word_1_376' title='bbox 2406 2339 2502 2410; x_wconf 91' lang='lat' dir='ltr'>qui</span> <span class='ocrx_word' id='word_1_377' title='bbox 2515 2338 2663 2408; x_wconf 90' lang='lat' dir='ltr'>regis</span> <span class='ocrx_word' id='word_1_378' title='bbox 2690 2337 2806 2391; x_wconf 89' lang='lat' dir='ltr'>ﬁlio</span> <span class='ocrx_word' id='word_1_379' title='bbox 2825 2337 3194 2407; x_wconf 90' lang='lat' dir='ltr'>imposturam</span> <span class='ocrx_word' id='word_1_380' title='bbox 3217 2335 3347 2389; x_wconf 85' lang='lat' dir='ltr'>fecit</span> 
     </span>
    </p>
   </div>
   <div class='ocr_carea' id='block_1_51' title="bbox 1745 2424 3347 2501">
    <p class='ocr_par' dir='ltr' id='par_1_51' title="bbox 1745 2424 3347 2501">
     <span class='ocr_line' id='line_1_51' title="bbox 1745 2424 3347 2501; baseline -0.006 -13"><span class='ocrx_word' id='word_1_381' title='bbox 1745 2452 1835 2488; x_wconf 91' lang='lat' dir='ltr'>me</span> <span class='ocrx_word' id='word_1_382' title='bbox 1865 2431 2257 2501; x_wconf 86' lang='lat' dir='ltr'>interrogans?</span> <span class='ocrx_word' id='word_1_383' title='bbox 2286 2431 2428 2483; x_wconf 88' lang='lat' dir='ltr'>Nam</span> <span class='ocrx_word' id='word_1_384' title='bbox 2452 2428 2499 2481; x_wconf 93' lang='lat' dir='ltr'>si</span> <span class='ocrx_word' id='word_1_385' title='bbox 2520 2427 2878 2481; x_wconf 89' lang='lat' dir='ltr'>Barlaamum</span> <span class='ocrx_word' id='word_1_386' title='bbox 2897 2424 3204 2495; x_wconf 67' lang='lat' dir='ltr'>quaerebas,</span> <span class='ocrx_word' id='word_1_387' title='bbox 3228 2441 3347 2479; x_wconf 86' lang='lat' dir='ltr'>om-</span> 
     </span>
    </p>
   </div>
   <div class='ocr_carea' id='block_1_52' title="bbox 1744 2514 3348 2591">
    <p class='ocr_par' dir='ltr' id='par_1_52' title="bbox 1744 2514 3348 2591">
     <span class='ocr_line' id='line_1_52' title="bbox 1744 2514 3348 2591; baseline -0.007 -14"><span class='ocrx_word' id='word_1_388' title='bbox 1744 2522 1877 2577; x_wconf 88' lang='lat' dir='ltr'>nino</span> <span class='ocrx_word' id='word_1_389' title='bbox 1907 2522 1988 2576; x_wconf 87' lang='lat' dir='ltr'>ita</span> <span class='ocrx_word' id='word_1_390' title='bbox 2016 2520 2169 2591; x_wconf 89' lang='lat' dir='ltr'>loqui</span> <span class='ocrx_word' id='word_1_391' title='bbox 2195 2518 2489 2589; x_wconf 88' lang='lat' dir='ltr'>oportebat</span> <span class='ocrx_word' id='word_1_392' title='bbox 2520 2535 2531 2569; x_wconf 87' lang='lat'><strong>:</strong></span> <span class='ocrx_word' id='word_1_393' title='bbox 2569 2515 2810 2570; x_wconf 90' lang='lat' dir='ltr'>Ubinam</span> <span class='ocrx_word' id='word_1_394' title='bbox 2840 2515 2933 2568; x_wconf 92' lang='lat' dir='ltr'>ille</span> <span class='ocrx_word' id='word_1_395' title='bbox 2966 2520 3052 2568; x_wconf 89' lang='lat' dir='ltr'>est</span> <span class='ocrx_word' id='word_1_396' title='bbox 3071 2514 3169 2585; x_wconf 90' lang='lat' dir='ltr'>qui</span> <span class='ocrx_word' id='word_1_397' title='bbox 3196 2514 3348 2583; x_wconf 89' lang='lat' dir='ltr'>regis</span> 
     </span>
    </p>
   </div>
   <div class='ocr_carea' id='block_1_53' title="bbox 1746 2602 3348 2670">
    <p class='ocr_par' dir='ltr' id='par_1_53' title="bbox 1746 2602 3348 2670">
     <span class='ocr_line' id='line_1_53' title="bbox 1746 2602 3348 2670; baseline -0.007 -4"><span class='ocrx_word' id='word_1_398' title='bbox 1746 2613 1923 2666; x_wconf 91' lang='lat' dir='ltr'>ﬁlium</span> <span class='ocrx_word' id='word_1_399' title='bbox 1953 2610 2023 2664; x_wconf 91' lang='lat' dir='ltr'>ab</span> <span class='ocrx_word' id='word_1_400' title='bbox 2054 2626 2243 2663; x_wconf 90' lang='lat' dir='ltr'>errore</span> <span class='ocrx_word' id='word_1_401' title='bbox 2274 2608 2332 2661; x_wconf 93' lang='lat' dir='ltr'>in</span> <span class='ocrx_word' id='word_1_402' title='bbox 2350 2606 2495 2659; x_wconf 89' lang='lat' dir='ltr'>viam</span> <span class='ocrx_word' id='word_1_403' title='bbox 2516 2605 2756 2670; x_wconf 87' lang='lat' dir='ltr'>reduxit,</span> <span class='ocrx_word' id='word_1_404' title='bbox 2790 2621 2859 2658; x_wconf 91' lang='lat' dir='ltr'>ac</span> <span class='ocrx_word' id='word_1_405' title='bbox 2887 2604 3069 2657; x_wconf 88' lang='lat' dir='ltr'>salute</span> <span class='ocrx_word' id='word_1_406' title='bbox 3084 2602 3348 2657; x_wconf 89' lang='lat' dir='ltr'>donavit?</span> 
     </span>
    </p>
   </div>
   <div class='ocr_carea' id='block_1_54' title="bbox 1744 2692 3349 2763">
    <p class='ocr_par' dir='ltr' id='par_1_54' title="bbox 1744 2692 3349 2763">
     <span class='ocr_line' id='line_1_54' title="bbox 1744 2692 3349 2763; baseline -0.007 -7"><span class='ocrx_word' id='word_1_407' title='bbox 1744 2703 1889 2756; x_wconf 89' lang='lat' dir='ltr'>Nam</span> <span class='ocrx_word' id='word_1_408' title='bbox 1919 2702 2013 2754; x_wconf 90' lang='lat' dir='ltr'>ille</span> <span class='ocrx_word' id='word_1_409' title='bbox 2054 2700 2229 2752; x_wconf 78' lang='lat' dir='ltr'>frater</span> <span class='ocrx_word' id='word_1_410' title='bbox 2274 2702 2467 2751; x_wconf 89' lang='lat' dir='ltr'>noster</span> <span class='ocrx_word' id='word_1_411' title='bbox 2501 2699 2606 2761; x_wconf 90' lang='lat' dir='ltr'>est,</span> <span class='ocrx_word' id='word_1_412' title='bbox 2661 2711 2725 2748; x_wconf 88' lang='lat' dir='ltr'>ac</span> <span class='ocrx_word' id='word_1_413' title='bbox 2762 2694 3040 2763; x_wconf 84' lang='lat' dir='ltr'>religiosae</span> <span class='ocrx_word' id='word_1_414' title='bbox 3077 2692 3349 2747; x_wconf 88' lang='lat' dir='ltr'>exercita-</span> 
     </span>
    </p>
   </div>
   <div class='ocr_carea' id='block_1_55' title="bbox 1742 2774 3350 2855">
    <p class='ocr_par' dir='ltr' id='par_1_55' title="bbox 1742 2774 3350 2855">
     <span class='ocr_line' id='line_1_55' title="bbox 1742 2774 3350 2855; baseline -0.006 -10"><span class='ocrx_word' id='word_1_415' title='bbox 1742 2790 1911 2845; x_wconf 90' lang='lat' dir='ltr'>tionis</span> <span class='ocrx_word' id='word_1_416' title='bbox 1958 2789 2159 2843; x_wconf 90' lang='lat' dir='ltr'>socius.</span> <span class='ocrx_word' id='word_1_417' title='bbox 2191 2786 2355 2841; x_wconf 90' lang='lat' dir='ltr'>Multi</span> <span class='ocrx_word' id='word_1_418' title='bbox 2386 2790 2577 2839; x_wconf 90' lang='lat' dir='ltr'>autem</span> <span class='ocrx_word' id='word_1_419' title='bbox 2608 2785 2724 2855; x_wconf 85' lang='lat' dir='ltr'>jam</span> <span class='ocrx_word' id='word_1_420' title='bbox 2753 2783 2872 2837; x_wconf 89' lang='lat' dir='ltr'>dies</span> <span class='ocrx_word' id='word_1_421' title='bbox 2897 2774 3189 2837; x_wconf 55' lang='lat' dir='ltr'>sunt&#39;cum</span> <span class='ocrx_word' id='word_1_422' title='bbox 3217 2797 3350 2836; x_wconf 89' lang='lat' dir='ltr'>eum</span> 
     </span>
    </p>
   </div>
   <div class='ocr_carea' id='block_1_56' title="bbox 79 2869 3347 2970">
    <p class='ocr_par' dir='ltr' id='par_1_56' title="bbox 79 2869 3347 2970">
     <span class='ocr_line' id='line_1_56' title="bbox 79 2869 3347 2970; baseline -0.006 -26"><span class='ocrx_word' id='word_1_423' title='bbox 79 2878 167 2933; x_wconf 53' lang='grc' dir='ltr'>θεῆ</span> <span class='ocrx_word' id='word_1_424' title='bbox 191 2871 331 2970; x_wconf 49' lang='grc' dir='ltr'>(ξυοά</span> <span class='ocrx_word' id='word_1_425' title='bbox 360 2872 462 2925; x_wconf 72' lang='lat' dir='ltr'>ille</span> <span class='ocrx_word' id='word_1_426' title='bbox 483 2874 839 2970; x_wconf 48' lang='lat' dir='ltr'>majestafem</span> <span class='ocrx_word' id='word_1_427' title='bbox 866 2879 1025 2927; x_wconf 69' lang='lat' dir='ltr'>tuam</span> <span class='ocrx_word' id='word_1_428' title='bbox 1054 2879 1296 2937; x_wconf 68' lang='lat' dir='ltr'>&quot;eretur.</span> <span class='ocrx_word' id='word_1_429' title='bbox 1314 2872 1527 2944; x_wconf 81' lang='lat' dir='ltr'>tibique</span> <span class='ocrx_word' id='word_1_430' title='bbox 1569 2873 1664 2928; x_wconf 82' lang='lat' dir='ltr'>0b-</span> <span class='ocrx_word' id='word_1_431' title='bbox 1743 2896 1857 2934; x_wconf 90' lang='lat' dir='ltr'>non</span> <span class='ocrx_word' id='word_1_432' title='bbox 1885 2879 2147 2932; x_wconf 91' lang='lat' dir='ltr'>vidimus.</span> <span class='ocrx_word' id='word_1_433' title='bbox 2180 2876 2323 2930; x_wconf 90' lang='lat' dir='ltr'>Tum</span> <span class='ocrx_word' id='word_1_434' title='bbox 2350 2874 2599 2929; x_wconf 83' lang='lat' dir='ltr'>Araches</span> <span class='ocrx_word' id='word_1_435' title='bbox 2631 2890 2645 2928; x_wconf 90' lang='lat'><strong>:</strong></span> <span class='ocrx_word' id='word_1_436' title='bbox 2682 2873 2924 2927; x_wconf 91' lang='lat' dir='ltr'>Domum</span> <span class='ocrx_word' id='word_1_437' title='bbox 2949 2871 3118 2936; x_wconf 90' lang='lat' dir='ltr'>illius,</span> <span class='ocrx_word' id='word_1_438' title='bbox 3141 2869 3347 2941; x_wconf 87' lang='lat' dir='ltr'>inquit,</span> 
     </span>
    </p>
   </div>
   <div class='ocr_carea' id='block_1_57' title="bbox 78 2959 3349 3034">
    <p class='ocr_par' dir='ltr' id='par_1_57' title="bbox 78 2959 3349 3034">
     <span class='ocr_line' id='line_1_57' title="bbox 78 2959 3349 3034; baseline -0.001 -19"><span class='ocrx_word' id='word_1_439' title='bbox 78 2960 215 3029; x_wconf 83' lang='lat' dir='ltr'>sequi</span> <span class='ocrx_word' id='word_1_440' title='bbox 241 2978 583 3032; x_wconf 84' lang='lat' dir='ltr'>magnopere</span> <span class='ocrx_word' id='word_1_441' title='bbox 616 2963 824 3016; x_wconf 88' lang='lat' dir='ltr'>studet.</span> <span class='ocrx_word' id='word_1_442' title='bbox 848 2963 1005 3016; x_wconf 78' lang='lat' dir='ltr'>Adde</span> <span class='ocrx_word' id='word_1_443' title='bbox 1033 2962 1183 3032; x_wconf 87' lang='lat' dir='ltr'>quod</span> <span class='ocrx_word' id='word_1_444' title='bbox 1218 2962 1312 3016; x_wconf 90' lang='lat' dir='ltr'>ille</span> <span class='ocrx_word' id='word_1_445' title='bbox 1354 2962 1527 3016; x_wconf 87' lang='lat' dir='ltr'>etiam</span> <span class='ocrx_word' id='word_1_446' title='bbox 1560 2963 1661 3034; x_wconf 90' lang='lat' dir='ltr'>qui</span> <span class='ocrx_word' id='word_1_447' title='bbox 1743 2969 1881 3022; x_wconf 88' lang='lat' dir='ltr'>mihi</span> <span class='ocrx_word' id='word_1_448' title='bbox 1910 2969 2255 3022; x_wconf 90' lang='lat' dir='ltr'>demonstra.</span> <span class='ocrx_word' id='word_1_449' title='bbox 2289 2963 2599 3034; x_wconf 88' lang='lat' dir='ltr'>Respondit</span> <span class='ocrx_word' id='word_1_450' title='bbox 2623 2962 2933 3015; x_wconf 91' lang='lat' dir='ltr'>monachus</span> <span class='ocrx_word' id='word_1_451' title='bbox 2964 2979 2975 3014; x_wconf 91' lang='lat'><strong>:</strong></span> <span class='ocrx_word' id='word_1_452' title='bbox 3011 2960 3070 3014; x_wconf 85' lang='lat' dir='ltr'>Si</span> <span class='ocrx_word' id='word_1_453' title='bbox 3109 2959 3218 3031; x_wconf 93' lang='lat' dir='ltr'>ipsi</span> <span class='ocrx_word' id='word_1_454' title='bbox 3250 2975 3349 3013; x_wconf 91' lang='lat' dir='ltr'>vos</span> 
     </span>
    </p>
   </div>
   <div class='ocr_carea' id='block_1_58' title="bbox 79 3048 3342 3123">
    <p class='ocr_par' dir='ltr' id='par_1_58' title="bbox 79 3048 3342 3123">
     <span class='ocr_line' id='line_1_58' title="bbox 79 3048 3342 3123; baseline -0.002 -13"><span class='ocrx_word' id='word_1_455' title='bbox 79 3048 336 3104; x_wconf 67' lang='lat' dir='ltr'>Barlaami</span> <span class='ocrx_word' id='word_1_456' title='bbox 364 3068 669 3122; x_wconf 81' lang='lat' dir='ltr'>personam</span> <span class='ocrx_word' id='word_1_457' title='bbox 713 3056 892 3121; x_wconf 81' lang='lat' dir='ltr'>geret,</span> <span class='ocrx_word' id='word_1_458' title='bbox 934 3052 1241 3123; x_wconf 87' lang='lat' dir='ltr'>rcsipiscet,</span> <span class='ocrx_word' id='word_1_459' title='bbox 1276 3068 1447 3122; x_wconf 88' lang='lat' dir='ltr'>seque</span> <span class='ocrx_word' id='word_1_460' title='bbox 1479 3052 1537 3105; x_wconf 88' lang='lat' dir='ltr'>in</span> <span class='ocrx_word' id='word_1_461' title='bbox 1569 3068 1659 3105; x_wconf 84' lang='lat' dir='ltr'>er-</span> <span class='ocrx_word' id='word_1_462' title='bbox 1742 3059 1929 3112; x_wconf 88' lang='lat' dir='ltr'>videre</span> <span class='ocrx_word' id='word_1_463' title='bbox 1958 3056 2113 3110; x_wconf 89' lang='lat' dir='ltr'>cordi</span> <span class='ocrx_word' id='word_1_464' title='bbox 2140 3059 2303 3119; x_wconf 87' lang='lat' dir='ltr'>esset,</span> <span class='ocrx_word' id='word_1_465' title='bbox 2338 3053 2559 3107; x_wconf 86' lang='lat' dir='ltr'>obviam</span> <span class='ocrx_word' id='word_1_466' title='bbox 2588 3051 2742 3105; x_wconf 89' lang='lat' dir='ltr'>vobis</span> <span class='ocrx_word' id='word_1_467' title='bbox 2760 3051 3002 3121; x_wconf 89' lang='lat' dir='ltr'>ipsemet</span> <span class='ocrx_word' id='word_1_468' title='bbox 3019 3048 3342 3120; x_wconf 87' lang='lat' dir='ltr'>prodiisset,</span> 
     </span>
    </p>
   </div>
   <div class='ocr_carea' id='block_1_59' title="bbox 80 3140 993 3194">
    <p class='ocr_par' dir='ltr' id='par_1_59' title="bbox 80 3140 993 3194">
     <span class='ocr_line' id='line_1_59' title="bbox 80 3140 993 3194; baseline 0.004 -4"><span class='ocrx_word' id='word_1_469' title='bbox 80 3154 187 3191; x_wconf 90' lang='lat' dir='ltr'>rore</span> <span class='ocrx_word' id='word_1_470' title='bbox 207 3146 491 3193; x_wconf 84' lang='lat' dir='ltr'>versatum</span> <span class='ocrx_word' id='word_1_471' title='bbox 521 3158 641 3194; x_wconf 90' lang='lat' dir='ltr'>esse</span> <span class='ocrx_word' id='word_1_472' title='bbox 669 3140 993 3194; x_wconf 79' lang='lat' dir='ltr'>afﬁrmabit.</span> 
     </span>
    </p>
   </div>
   <div class='ocr_carea' id='block_1_60' title="bbox 139 3228 1668 3300">
    <p class='ocr_par' dir='ltr' id='par_1_60' title="bbox 139 3228 1668 3300">
     <span class='ocr_line' id='line_1_60' title="bbox 139 3228 1668 3300; baseline 0.001 -18"><span class='ocrx_word' id='word_1_473' title='bbox 139 3228 246 3283; x_wconf 88' lang='lat' dir='ltr'>Hoc</span> <span class='ocrx_word' id='word_1_474' title='bbox 265 3246 527 3285; x_wconf 88' lang='lat' dir='ltr'>sermone</span> <span class='ocrx_word' id='word_1_475' title='bbox 544 3246 639 3285; x_wconf 81' lang='lat' dir='ltr'>rex</span> <span class='ocrx_word' id='word_1_476' title='bbox 656 3230 965 3285; x_wconf 85' lang='lat' dir='ltr'>delectatus</span> <span class='ocrx_word' id='word_1_477' title='bbox 980 3235 1082 3296; x_wconf 89' lang='lat' dir='ltr'>est,</span> <span class='ocrx_word' id='word_1_478' title='bbox 1112 3229 1466 3300; x_wconf 90' lang='lat' dir='ltr'>hominisque</span> <span class='ocrx_word' id='word_1_479' title='bbox 1489 3229 1668 3283; x_wconf 82' lang='lat' dir='ltr'>consi-</span> 
     </span>
    </p>
   </div>
   <div class='ocr_carea' id='block_1_61' title="bbox 81 3317 1665 3391">
    <p class='ocr_par' dir='ltr' id='par_1_61' title="bbox 81 3317 1665 3391">
     <span class='ocr_line' id='line_1_61' title="bbox 81 3317 1665 3391; baseline 0.001 -21"><span class='ocrx_word' id='word_1_480' title='bbox 81 3317 199 3371; x_wconf 90' lang='lat' dir='ltr'>lium</span> <span class='ocrx_word' id='word_1_481' title='bbox 230 3320 511 3390; x_wconf 83' lang='lat' dir='ltr'>Optimum</span> <span class='ocrx_word' id='word_1_482' title='bbox 541 3337 661 3373; x_wconf 90' lang='lat' dir='ltr'>esse</span> <span class='ocrx_word' id='word_1_483' title='bbox 685 3320 980 3391; x_wconf 84' lang='lat' dir='ltr'>judicavit,</span> <span class='ocrx_word' id='word_1_484' title='bbox 1009 3320 1164 3374; x_wconf 90' lang='lat' dir='ltr'>inani</span> <span class='ocrx_word' id='word_1_485' title='bbox 1191 3319 1449 3373; x_wconf 91' lang='lat' dir='ltr'>videlicet</span> <span class='ocrx_word' id='word_1_486' title='bbox 1468 3336 1565 3390; x_wconf 88' lang='lat' dir='ltr'>spe</span> <span class='ocrx_word' id='word_1_487' title='bbox 1585 3319 1665 3372; x_wconf 89' lang='lat' dir='ltr'>ni-</span> 
     </span>
    </p>
   </div>
   <div class='ocr_carea' id='block_1_62' title="bbox 81 3409 1667 3480">
    <p class='ocr_par' dir='ltr' id='par_1_62' title="bbox 81 3409 1667 3480">
     <span class='ocr_line' id='line_1_62' title="bbox 81 3409 1667 3480; baseline 0.001 -21"><span class='ocrx_word' id='word_1_488' title='bbox 81 3424 185 3460; x_wconf 84' lang='lat' dir='ltr'>xus.</span> <span class='ocrx_word' id='word_1_489' title='bbox 210 3409 480 3471; x_wconf 84' lang='lat' dir='ltr'>Quocirca</span> <span class='ocrx_word' id='word_1_490' title='bbox 494 3426 622 3463; x_wconf 91' lang='lat' dir='ltr'>cum</span> <span class='ocrx_word' id='word_1_491' title='bbox 635 3410 994 3463; x_wconf 88' lang='lat' dir='ltr'>Barlaamum</span> <span class='ocrx_word' id='word_1_492' title='bbox 1007 3426 1187 3480; x_wconf 89' lang='lat' dir='ltr'>nuper</span> <span class='ocrx_word' id='word_1_493' title='bbox 1202 3409 1500 3463; x_wconf 88' lang='lat' dir='ltr'>recessisse</span> <span class='ocrx_word' id='word_1_494' title='bbox 1520 3426 1667 3462; x_wconf 89' lang='lat' dir='ltr'>com-</span> 
     </span>
    </p>
   </div>
   <div class='ocr_carea' id='block_1_63' title="bbox 82 3497 1666 3569">
    <p class='ocr_par' dir='ltr' id='par_1_63' title="bbox 82 3497 1666 3569">
     <span class='ocr_line' id='line_1_63' title="bbox 82 3497 1666 3569; baseline 0.001 -20"><span class='ocrx_word' id='word_1_495' title='bbox 82 3498 310 3565; x_wconf 83' lang='lat' dir='ltr'>perisset.</span> <span class='ocrx_word' id='word_1_496' title='bbox 326 3516 460 3552; x_wconf 90' lang='lat' dir='ltr'>eum</span> <span class='ocrx_word' id='word_1_497' title='bbox 484 3499 957 3569; x_wconf 89' lang='lat' dir='ltr'>comprehendere</span> <span class='ocrx_word' id='word_1_498' title='bbox 976 3498 1296 3552; x_wconf 86' lang='lat' dir='ltr'>festinabat.</span> <span class='ocrx_word' id='word_1_499' title='bbox 1316 3499 1511 3568; x_wconf 88' lang='lat' dir='ltr'>Itaque</span> <span class='ocrx_word' id='word_1_500' title='bbox 1525 3497 1666 3551; x_wconf 90' lang='lat' dir='ltr'>mili-</span> 
     </span>
    </p>
   </div>
   <div class='ocr_carea' id='block_1_64' title="bbox 81 3585 1666 3654">
    <p class='ocr_par' dir='ltr' id='par_1_64' title="bbox 81 3585 1666 3654">
     <span class='ocr_line' id='line_1_64' title="bbox 81 3585 1666 3654; baseline 0.002 -17"><span class='ocrx_word' id='word_1_501' title='bbox 81 3585 211 3639; x_wconf 90' lang='lat' dir='ltr'>tibus</span> <span class='ocrx_word' id='word_1_502' title='bbox 229 3604 290 3641; x_wconf 93' lang='lat' dir='ltr'>ac</span> <span class='ocrx_word' id='word_1_503' title='bbox 312 3587 739 3642; x_wconf 89' lang='lat' dir='ltr'>centurionibus</span> <span class='ocrx_word' id='word_1_504' title='bbox 761 3588 966 3654; x_wconf 87' lang='lat' dir='ltr'>missis,</span> <span class='ocrx_word' id='word_1_505' title='bbox 984 3588 1168 3641; x_wconf 85' lang='lat' dir='ltr'>varios</span> <span class='ocrx_word' id='word_1_506' title='bbox 1194 3588 1462 3641; x_wconf 79' lang='lat' dir='ltr'>itinerum</span> <span class='ocrx_word' id='word_1_507' title='bbox 1484 3587 1666 3640; x_wconf 81' lang='lat' dir='ltr'>exitus</span> 
     </span>
    </p>
   </div>
   <div class='ocr_carea' id='block_1_65' title="bbox 83 3676 1667 3749">
    <p class='ocr_par' dir='ltr' id='par_1_65' title="bbox 83 3676 1667 3749">
     <span class='ocr_line' id='line_1_65' title="bbox 83 3676 1667 3749; baseline 0.003 -24"><span class='ocrx_word' id='word_1_508' title='bbox 83 3677 364 3748; x_wconf 85' lang='lat' dir='ltr'>occupavit,</span> <span class='ocrx_word' id='word_1_509' title='bbox 388 3695 456 3732; x_wconf 91' lang='lat' dir='ltr'>ea</span> <span class='ocrx_word' id='word_1_510' title='bbox 481 3683 671 3731; x_wconf 88' lang='lat' dir='ltr'>autem</span> <span class='ocrx_word' id='word_1_511' title='bbox 699 3677 788 3730; x_wconf 85' lang='lat' dir='ltr'>via</span> <span class='ocrx_word' id='word_1_512' title='bbox 805 3694 975 3749; x_wconf 90' lang='lat' dir='ltr'>quam</span> <span class='ocrx_word' id='word_1_513' title='bbox 997 3694 1061 3731; x_wconf 91' lang='lat' dir='ltr'>ex</span> <span class='ocrx_word' id='word_1_514' title='bbox 1082 3676 1341 3731; x_wconf 91' lang='lat' dir='ltr'>omnibus</span> <span class='ocrx_word' id='word_1_515' title='bbox 1362 3676 1667 3746; x_wconf 89' lang='lat' dir='ltr'>suspectio-</span> 
     </span>
    </p>
   </div>
   <div class='ocr_carea' id='block_1_66' title="bbox 82 3764 1667 3837">
    <p class='ocr_par' dir='ltr' id='par_1_66' title="bbox 82 3764 1667 3837">
     <span class='ocr_line' id='line_1_66' title="bbox 82 3764 1667 3837; baseline 0.001 -21"><span class='ocrx_word' id='word_1_516' title='bbox 82 3781 185 3819; x_wconf 88' lang='lat' dir='ltr'>rem</span> <span class='ocrx_word' id='word_1_517' title='bbox 204 3766 460 3833; x_wconf 87' lang='lat' dir='ltr'>habebat,</span> <span class='ocrx_word' id='word_1_518' title='bbox 492 3767 630 3837; x_wconf 87' lang='lat' dir='ltr'>ipse,</span> <span class='ocrx_word' id='word_1_519' title='bbox 656 3767 973 3820; x_wconf 89' lang='lat' dir='ltr'>conscensis</span> <span class='ocrx_word' id='word_1_520' title='bbox 987 3767 1166 3837; x_wconf 91' lang='lat' dir='ltr'>equis,</span> <span class='ocrx_word' id='word_1_521' title='bbox 1192 3783 1320 3820; x_wconf 91' lang='lat' dir='ltr'>cum</span> <span class='ocrx_word' id='word_1_522' title='bbox 1350 3764 1503 3819; x_wconf 90' lang='lat' dir='ltr'>omni</span> <span class='ocrx_word' id='word_1_523' title='bbox 1529 3765 1667 3818; x_wconf 90' lang='lat' dir='ltr'>cele-</span> 
     </span>
    </p>
   </div>
   <div class='ocr_carea' id='block_1_67' title="bbox 83 3854 1666 3927">
    <p class='ocr_par' dir='ltr' id='par_1_67' title="bbox 83 3854 1666 3927">
     <span class='ocr_line' id='line_1_67' title="bbox 83 3854 1666 3927; baseline 0.001 -22"><span class='ocrx_word' id='word_1_524' title='bbox 83 3854 232 3909; x_wconf 87' lang='lat' dir='ltr'>ritate</span> <span class='ocrx_word' id='word_1_525' title='bbox 272 3855 738 3927; x_wconf 90' lang='lat' dir='ltr'>persequebatur,</span> <span class='ocrx_word' id='word_1_526' title='bbox 783 3862 952 3926; x_wconf 91' lang='lat' dir='ltr'>atque</span> <span class='ocrx_word' id='word_1_527' title='bbox 994 3855 1148 3909; x_wconf 90' lang='lat' dir='ltr'>omni</span> <span class='ocrx_word' id='word_1_528' title='bbox 1190 3855 1408 3908; x_wconf 89' lang='lat' dir='ltr'>ratione</span> <span class='ocrx_word' id='word_1_529' title='bbox 1443 3854 1666 3924; x_wconf 90' lang='lat' dir='ltr'>assequi</span> 
     </span>
    </p>
   </div>
   <div class='ocr_carea' id='block_1_68' title="bbox 84 3943 1661 4013">
    <p class='ocr_par' dir='ltr' id='par_1_68' title="bbox 84 3943 1661 4013">
     <span class='ocr_line' id='line_1_68' title="bbox 84 3943 1661 4013; baseline 0.001 -18"><span class='ocrx_word' id='word_1_530' title='bbox 84 3946 357 4013; x_wconf 81' lang='lat' dir='ltr'>cogitabat.</span> <span class='ocrx_word' id='word_1_531' title='bbox 383 3947 687 4011; x_wconf 63' lang='lat' dir='ltr'>Caeterum,</span> <span class='ocrx_word' id='word_1_532' title='bbox 712 3963 840 4000; x_wconf 91' lang='lat' dir='ltr'>cum</span> <span class='ocrx_word' id='word_1_533' title='bbox 861 3962 956 3999; x_wconf 87' lang='lat' dir='ltr'>sex</span> <span class='ocrx_word' id='word_1_534' title='bbox 984 3950 1131 3999; x_wconf 89' lang='lat' dir='ltr'>totos</span> <span class='ocrx_word' id='word_1_535' title='bbox 1152 3945 1271 3998; x_wconf 90' lang='lat' dir='ltr'>dies</span> <span class='ocrx_word' id='word_1_536' title='bbox 1290 3944 1445 3997; x_wconf 88' lang='lat' dir='ltr'>inani</span> <span class='ocrx_word' id='word_1_537' title='bbox 1473 3943 1661 3997; x_wconf 90' lang='lat' dir='ltr'>labore</span> 
     </span>
    </p>
   </div>
   <div class='ocr_carea' id='block_1_69' title="bbox 86 4033 1663 4106">
    <p class='ocr_par' dir='ltr' id='par_1_69' title="bbox 86 4033 1663 4106">
     <span class='ocr_line' id='line_1_69' title="bbox 86 4033 1663 4106; baseline -0.003 -16"><span class='ocrx_word' id='word_1_538' title='bbox 86 4037 250 4099; x_wconf 61' lang='lat'><strong>294</strong></span> <span class='ocrx_word' id='word_1_539' title='bbox 272 4052 395 4089; x_wconf 88' lang='lat' dir='ltr'>sese</span> <span class='ocrx_word' id='word_1_540' title='bbox 416 4036 726 4105; x_wconf 85' lang='lat' dir='ltr'>fatigasset,</span> <span class='ocrx_word' id='word_1_541' title='bbox 758 4035 879 4105; x_wconf 90' lang='lat' dir='ltr'>ipse</span> <span class='ocrx_word' id='word_1_542' title='bbox 909 4034 1136 4106; x_wconf 91' lang='lat' dir='ltr'>quidem</span> <span class='ocrx_word' id='word_1_543' title='bbox 1163 4034 1221 4087; x_wconf 91' lang='lat' dir='ltr'>in</span> <span class='ocrx_word' id='word_1_544' title='bbox 1242 4034 1396 4104; x_wconf 89' lang='lat' dir='ltr'>regio</span> <span class='ocrx_word' id='word_1_545' title='bbox 1420 4033 1663 4103; x_wconf 86' lang='lat' dir='ltr'>quodam</span> 
     </span>
    </p>
   </div>
   <div class='ocr_carea' id='block_1_70' title="bbox 87 4123 1665 4196">
    <p class='ocr_par' dir='ltr' id='par_1_70' title="bbox 87 4123 1665 4196">
     <span class='ocr_line' id='line_1_70' title="bbox 87 4123 1665 4196; baseline 0.001 -23"><span class='ocrx_word' id='word_1_546' title='bbox 87 4123 289 4190; x_wconf 86' lang='lat' dir='ltr'>palatio,</span> <span class='ocrx_word' id='word_1_547' title='bbox 315 4125 465 4196; x_wconf 92' lang='lat' dir='ltr'>quod</span> <span class='ocrx_word' id='word_1_548' title='bbox 486 4124 607 4178; x_wconf 89' lang='lat' dir='ltr'>ruri</span> <span class='ocrx_word' id='word_1_549' title='bbox 627 4125 797 4178; x_wconf 90' lang='lat' dir='ltr'>situm</span> <span class='ocrx_word' id='word_1_550' title='bbox 823 4129 962 4188; x_wconf 90' lang='lat' dir='ltr'>erat,</span> <span class='ocrx_word' id='word_1_551' title='bbox 995 4128 1268 4177; x_wconf 86' lang='lat' dir='ltr'>remanet.</span> <span class='ocrx_word' id='word_1_552' title='bbox 1292 4123 1549 4177; x_wconf 85' lang='lat' dir='ltr'>Arachen</span> <span class='ocrx_word' id='word_1_553' title='bbox 1569 4139 1665 4176; x_wconf 90' lang='lat' dir='ltr'>au-</span> 
     </span>
    </p>
   </div>
   <div class='ocr_carea' id='block_1_71' title="bbox 87 4212 1667 4285">
    <p class='ocr_par' dir='ltr' id='par_1_71' title="bbox 87 4212 1667 4285">
     <span class='ocr_line' id='line_1_71' title="bbox 87 4212 1667 4285; baseline 0.001 -23"><span class='ocrx_word' id='word_1_554' title='bbox 87 4215 185 4264; x_wconf 90' lang='lat' dir='ltr'>tem</span> <span class='ocrx_word' id='word_1_555' title='bbox 206 4229 325 4267; x_wconf 90' lang='lat' dir='ltr'>cum</span> <span class='ocrx_word' id='word_1_556' title='bbox 354 4214 640 4285; x_wconf 89' lang='lat' dir='ltr'>equitibus</span> <span class='ocrx_word' id='word_1_557' title='bbox 662 4213 813 4268; x_wconf 88' lang='lat' dir='ltr'>haud</span> <span class='ocrx_word' id='word_1_558' title='bbox 838 4213 1028 4284; x_wconf 91' lang='lat' dir='ltr'>paucis</span> <span class='ocrx_word' id='word_1_559' title='bbox 1051 4213 1120 4266; x_wconf 91' lang='lat' dir='ltr'>ad</span> <span class='ocrx_word' id='word_1_560' title='bbox 1141 4212 1321 4283; x_wconf 88' lang='lat' dir='ltr'>ipsam</span> <span class='ocrx_word' id='word_1_561' title='bbox 1338 4229 1513 4282; x_wconf 93' lang='lat' dir='ltr'>usque</span> <span class='ocrx_word' id='word_1_562' title='bbox 1532 4212 1667 4265; x_wconf 88' lang='lat' dir='ltr'>Sen-</span> 
     </span>
    </p>
   </div>
   <div class='ocr_carea' id='block_1_72' title="bbox 88 4302 1668 4374">
    <p class='ocr_par' dir='ltr' id='par_1_72' title="bbox 88 4302 1668 4374">
     <span class='ocr_line' id='line_1_72' title="bbox 88 4302 1668 4374; baseline 0.003 -23"><span class='ocrx_word' id='word_1_563' title='bbox 88 4302 402 4357; x_wconf 86' lang='lat' dir='ltr'>naaritidem</span> <span class='ocrx_word' id='word_1_564' title='bbox 430 4304 793 4358; x_wconf 86' lang='lat' dir='ltr'>solitudinem</span> <span class='ocrx_word' id='word_1_565' title='bbox 811 4302 1178 4374; x_wconf 90' lang='lat' dir='ltr'>conquirendi</span> <span class='ocrx_word' id='word_1_566' title='bbox 1196 4302 1477 4356; x_wconf 88' lang='lat' dir='ltr'>Barlaami</span> <span class='ocrx_word' id='word_1_567' title='bbox 1498 4318 1668 4355; x_wconf 89' lang='lat' dir='ltr'>causa</span> 
     </span>
    </p>
   </div>
   <div class='ocr_carea' id='block_1_73' title="bbox 1678 3137 3249 3215">
    <p class='ocr_par' dir='ltr' id='par_1_73' title="bbox 1678 3137 3249 3215">
     <span class='ocr_line' id='line_1_73' title="bbox 1678 3137 3249 3215; baseline -0.008 -13"><span class='ocrx_word' id='word_1_568' title='bbox 1678 3152 1721 3213; x_wconf 86' lang='lat' dir='ltr'>C</span> <span class='ocrx_word' id='word_1_569' title='bbox 1744 3147 1905 3201; x_wconf 91' lang='lat' dir='ltr'>nobis</span> <span class='ocrx_word' id='word_1_570' title='bbox 1924 3153 2114 3200; x_wconf 90' lang='lat' dir='ltr'>autem</span> <span class='ocrx_word' id='word_1_571' title='bbox 2135 3143 2312 3215; x_wconf 89' lang='lat' dir='ltr'>ipsius</span> <span class='ocrx_word' id='word_1_572' title='bbox 2331 3143 2560 3196; x_wconf 90' lang='lat' dir='ltr'>domum</span> <span class='ocrx_word' id='word_1_573' title='bbox 2580 3140 2828 3194; x_wconf 88' lang='lat' dir='ltr'>indicare</span> <span class='ocrx_word' id='word_1_574' title='bbox 2850 3138 3082 3192; x_wconf 90' lang='lat' dir='ltr'>minime</span> <span class='ocrx_word' id='word_1_575' title='bbox 3101 3137 3249 3191; x_wconf 90' lang='lat' dir='ltr'>licet.</span> 
     </span>
    </p>
   </div>
   <div class='ocr_carea' id='block_1_74' title="bbox 1822 3227 3349 3301">
    <p class='ocr_par' dir='ltr' id='par_1_74' title="bbox 1822 3227 3349 3301">
     <span class='ocr_line' id='line_1_74' title="bbox 1822 3227 3349 3301; baseline -0.007 -11"><span class='ocrx_word' id='word_1_576' title='bbox 1822 3237 1946 3300; x_wconf 90' lang='lat' dir='ltr'>Qua</span> <span class='ocrx_word' id='word_1_577' title='bbox 1981 3235 2051 3289; x_wconf 89' lang='lat' dir='ltr'>de</span> <span class='ocrx_word' id='word_1_578' title='bbox 2088 3248 2258 3286; x_wconf 88' lang='lat' dir='ltr'>causa</span> <span class='ocrx_word' id='word_1_579' title='bbox 2297 3229 2685 3301; x_wconf 83' lang='lat' dir='ltr'>indignatione</span> <span class='ocrx_word' id='word_1_580' title='bbox 2731 3228 2978 3299; x_wconf 89' lang='lat' dir='ltr'>percitus</span> <span class='ocrx_word' id='word_1_581' title='bbox 3007 3227 3137 3293; x_wconf 87' lang='lat' dir='ltr'>dux,</span> <span class='ocrx_word' id='word_1_582' title='bbox 3178 3231 3349 3296; x_wconf 90' lang='lat' dir='ltr'>atque</span> 
     </span>
    </p>
   </div>
   <div class='ocr_carea' id='block_1_75' title="bbox 1747 3314 3344 3380">
    <p class='ocr_par' dir='ltr' id='par_1_75' title="bbox 1747 3314 3344 3380">
     <span class='ocr_line' id='line_1_75' title="bbox 1747 3314 3344 3380; baseline -0.007 -1"><span class='ocrx_word' id='word_1_583' title='bbox 1747 3326 1892 3380; x_wconf 90' lang='lat' dir='ltr'>irato</span> <span class='ocrx_word' id='word_1_584' title='bbox 1921 3340 1984 3377; x_wconf 89' lang='lat' dir='ltr'>ac</span> <span class='ocrx_word' id='word_1_585' title='bbox 2013 3323 2222 3376; x_wconf 83' lang='lat' dir='ltr'>furioso</span> <span class='ocrx_word' id='word_1_586' title='bbox 2263 3321 2420 3374; x_wconf 86' lang='lat' dir='ltr'>vultu</span> <span class='ocrx_word' id='word_1_587' title='bbox 2458 3335 2587 3372; x_wconf 90' lang='lat' dir='ltr'>eum</span> <span class='ocrx_word' id='word_1_588' title='bbox 2625 3317 2872 3374; x_wconf 90' lang='lat' dir='ltr'>intuens.</span> <span class='ocrx_word' id='word_1_589' title='bbox 2906 3316 2978 3370; x_wconf 83' lang='lat' dir='ltr'>ad</span> <span class='ocrx_word' id='word_1_590' title='bbox 3007 3331 3136 3369; x_wconf 91' lang='lat' dir='ltr'>eum</span> <span class='ocrx_word' id='word_1_591' title='bbox 3165 3314 3306 3369; x_wconf 88' lang='lat' dir='ltr'>dixit</span> <span class='ocrx_word' id='word_1_592' title='bbox 3332 3333 3344 3368; x_wconf 90' lang='lat'><strong>:</strong></span> 
     </span>
    </p>
   </div>
   <div class='ocr_carea' id='block_1_76' title="bbox 1748 3405 3351 3477">
    <p class='ocr_par' dir='ltr' id='par_1_76' title="bbox 1748 3405 3351 3477">
     <span class='ocr_line' id='line_1_76' title="bbox 1748 3405 3351 3477; baseline -0.006 -8"><span class='ocrx_word' id='word_1_593' title='bbox 1748 3414 1917 3469; x_wconf 89' lang='lat' dir='ltr'>Novis</span> <span class='ocrx_word' id='word_1_594' title='bbox 1945 3418 2003 3467; x_wconf 92' lang='lat' dir='ltr'>et</span> <span class='ocrx_word' id='word_1_595' title='bbox 2030 3410 2312 3465; x_wconf 88' lang='lat' dir='ltr'>inusitatis</span> <span class='ocrx_word' id='word_1_596' title='bbox 2328 3426 2422 3463; x_wconf 87' lang='lat' dir='ltr'>vos</span> <span class='ocrx_word' id='word_1_597' title='bbox 2444 3406 2642 3461; x_wconf 90' lang='lat' dir='ltr'>mortis</span> <span class='ocrx_word' id='word_1_598' title='bbox 2659 3405 2962 3477; x_wconf 90' lang='lat' dir='ltr'>generibus</span> <span class='ocrx_word' id='word_1_599' title='bbox 2981 3421 3131 3458; x_wconf 93' lang='lat' dir='ltr'>nunc</span> <span class='ocrx_word' id='word_1_600' title='bbox 3145 3409 3351 3459; x_wconf 81' lang='lat' dir='ltr'>macta-</span> 
     </span>
    </p>
   </div>
   <div class='ocr_carea' id='block_1_77' title="bbox 1747 3492 3351 3569">
    <p class='ocr_par' dir='ltr' id='par_1_77' title="bbox 1747 3492 3351 3569">
     <span class='ocr_line' id='line_1_77' title="bbox 1747 3492 3351 3569; baseline -0.007 -12"><span class='ocrx_word' id='word_1_601' title='bbox 1747 3502 1837 3569; x_wconf 91' lang='lat' dir='ltr'>bo,</span> <span class='ocrx_word' id='word_1_602' title='bbox 1876 3501 1983 3556; x_wconf 89' lang='lat' dir='ltr'>nisi</span> <span class='ocrx_word' id='word_1_603' title='bbox 2029 3500 2220 3554; x_wconf 88' lang='lat' dir='ltr'>statim</span> <span class='ocrx_word' id='word_1_604' title='bbox 2264 3498 2629 3552; x_wconf 86' lang='lat' dir='ltr'>Barlaamum</span> <span class='ocrx_word' id='word_1_605' title='bbox 2679 3494 2817 3548; x_wconf 88' lang='lat' dir='ltr'>mihi</span> <span class='ocrx_word' id='word_1_606' title='bbox 2868 3492 3252 3547; x_wconf 86' lang='lat' dir='ltr'>exhibueritis.</span> <span class='ocrx_word' id='word_1_607' title='bbox 3281 3493 3351 3546; x_wconf 92' lang='lat' dir='ltr'>Et</span> 
     </span>
    </p>
   </div>
   <div class='ocr_carea' id='block_1_78' title="bbox 1749 3583 3352 3663">
    <p class='ocr_par' dir='ltr' id='par_1_78' title="bbox 1749 3583 3352 3663">
     <span class='ocr_line' id='line_1_78' title="bbox 1749 3583 3352 3663; baseline -0.007 -17"><span class='ocrx_word' id='word_1_608' title='bbox 1749 3592 1903 3663; x_wconf 88' lang='lat' dir='ltr'>quid,</span> <span class='ocrx_word' id='word_1_609' title='bbox 1929 3591 2114 3661; x_wconf 90' lang='lat' dir='ltr'>inquit</span> <span class='ocrx_word' id='word_1_610' title='bbox 2132 3587 2459 3652; x_wconf 90' lang='lat' dir='ltr'>monachus,</span> <span class='ocrx_word' id='word_1_611' title='bbox 2476 3586 2534 3639; x_wconf 90' lang='lat' dir='ltr'>in</span> <span class='ocrx_word' id='word_1_612' title='bbox 2562 3584 2723 3639; x_wconf 91' lang='lat' dir='ltr'>nobis</span> <span class='ocrx_word' id='word_1_613' title='bbox 2740 3583 3030 3655; x_wconf 89' lang='lat' dir='ltr'>perspicis,</span> <span class='ocrx_word' id='word_1_614' title='bbox 3056 3583 3216 3653; x_wconf 86' lang='lat' dir='ltr'>cujus</span> <span class='ocrx_word' id='word_1_615' title='bbox 3236 3586 3352 3636; x_wconf 89' lang='lat' dir='ltr'>stu-</span> 
     </span>
    </p>
   </div>
   <div class='ocr_carea' id='block_1_79' title="bbox 1748 3674 3350 3746">
    <p class='ocr_par' dir='ltr' id='par_1_79' title="bbox 1748 3674 3350 3746">
     <span class='ocr_line' id='line_1_79' title="bbox 1748 3674 3350 3746; baseline -0.007 -10"><span class='ocrx_word' id='word_1_616' title='bbox 1748 3683 1842 3736; x_wconf 94' lang='lat' dir='ltr'>dio</span> <span class='ocrx_word' id='word_1_617' title='bbox 1863 3687 2016 3735; x_wconf 84' lang='lat' dir='ltr'>ctam</span> <span class='ocrx_word' id='word_1_618' title='bbox 2025 3696 2119 3734; x_wconf 92' lang='lat' dir='ltr'>ore</span> <span class='ocrx_word' id='word_1_619' title='bbox 2132 3678 2201 3732; x_wconf 86' lang='lat' dir='ltr'>ab</span> <span class='ocrx_word' id='word_1_620' title='bbox 2212 3679 2317 3731; x_wconf 89' lang='lat' dir='ltr'>hac</span> <span class='ocrx_word' id='word_1_621' title='bbox 2332 3678 2445 3730; x_wconf 89' lang='lat' dir='ltr'>vita</span> <span class='ocrx_word' id='word_1_622' title='bbox 2461 3692 2607 3746; x_wconf 63' lang='lat' dir='ltr'>aegre</span> <span class='ocrx_word' id='word_1_623' title='bbox 2627 3674 2978 3738; x_wconf 88' lang='lat' dir='ltr'>divellamur,</span> <span class='ocrx_word' id='word_1_624' title='bbox 2996 3677 3350 3741; x_wconf 89' lang='lat' dir='ltr'>mortemque</span> 
     </span>
    </p>
   </div>
   <div class='ocr_carea' id='block_1_80' title="bbox 1749 3760 3352 3837">
    <p class='ocr_par' dir='ltr' id='par_1_80' title="bbox 1749 3760 3352 3837">
     <span class='ocr_line' id='line_1_80' title="bbox 1749 3760 3352 3837; baseline -0.007 -13"><span class='ocrx_word' id='word_1_625' title='bbox 1749 3788 1782 3824; x_wconf 90' lang='lat' dir='ltr'>a</span> <span class='ocrx_word' id='word_1_626' title='bbox 1803 3778 1856 3824; x_wconf 82' lang='lat' dir='ltr'>te</span> <span class='ocrx_word' id='word_1_627' title='bbox 1878 3769 2037 3824; x_wconf 91' lang='lat' dir='ltr'>nobis</span> <span class='ocrx_word' id='word_1_628' title='bbox 2070 3767 2439 3823; x_wconf 90' lang='lat' dir='ltr'>invehendam</span> <span class='ocrx_word' id='word_1_629' title='bbox 2479 3763 2971 3837; x_wconf 87' lang='lat' dir='ltr'>pertimescamus?</span> <span class='ocrx_word' id='word_1_630' title='bbox 2993 3761 3140 3825; x_wconf 90' lang='lat' dir='ltr'>Quin</span> <span class='ocrx_word' id='word_1_631' title='bbox 3163 3760 3352 3831; x_wconf 86' lang='lat' dir='ltr'>potius</span> 
     </span>
    </p>
   </div>
   <div class='ocr_carea' id='block_1_81' title="bbox 1751 3848 3351 3931">
    <p class='ocr_par' dir='ltr' id='par_1_81' title="bbox 1751 3848 3351 3931">
     <span class='ocr_line' id='line_1_81' title="bbox 1751 3848 3351 3931; baseline -0.007 -18"><span class='ocrx_word' id='word_1_632' title='bbox 1751 3860 1994 3931; x_wconf 86' lang='lat' dir='ltr'>gratiam</span> <span class='ocrx_word' id='word_1_633' title='bbox 2035 3858 2137 3913; x_wconf 90' lang='lat' dir='ltr'>tibi</span> <span class='ocrx_word' id='word_1_634' title='bbox 2160 3856 2407 3911; x_wconf 90' lang='lat' dir='ltr'>habituri</span> <span class='ocrx_word' id='word_1_635' title='bbox 2447 3871 2659 3919; x_wconf 90' lang='lat' dir='ltr'>sumus,</span> <span class='ocrx_word' id='word_1_636' title='bbox 2698 3852 2847 3924; x_wconf 90' lang='lat' dir='ltr'>quod</span> <span class='ocrx_word' id='word_1_637' title='bbox 2891 3850 3114 3905; x_wconf 89' lang='lat' dir='ltr'>virtutis</span> <span class='ocrx_word' id='word_1_638' title='bbox 3162 3848 3351 3904; x_wconf 89' lang='lat' dir='ltr'>studio</span> 
     </span>
    </p>
   </div>
   <div class='ocr_carea' id='block_1_82' title="bbox 1744 3938 3347 4013">
    <p class='ocr_par' dir='ltr' id='par_1_82' title="bbox 1744 3938 3347 4013">
     <span class='ocr_line' id='line_1_82' title="bbox 1744 3938 3347 4013; baseline -0.007 -9"><span class='ocrx_word' id='word_1_639' title='bbox 1744 3951 2021 4005; x_wconf 80' lang='lat' dir='ltr'>haerentes</span> <span class='ocrx_word' id='word_1_640' title='bbox 2058 3965 2089 4002; x_wconf 91' lang='lat' dir='ltr'>e</span> <span class='ocrx_word' id='word_1_641' title='bbox 2118 3948 2231 4000; x_wconf 88' lang='lat' dir='ltr'>vita</span> <span class='ocrx_word' id='word_1_642' title='bbox 2260 3944 2537 3999; x_wconf 88' lang='lat' dir='ltr'>eduxeris.</span> <span class='ocrx_word' id='word_1_643' title='bbox 2570 3944 2766 4013; x_wconf 88' lang='lat' dir='ltr'>Neque</span> <span class='ocrx_word' id='word_1_644' title='bbox 2799 3941 2949 3996; x_wconf 90' lang='lat' dir='ltr'>enim</span> <span class='ocrx_word' id='word_1_645' title='bbox 2978 3941 3195 3994; x_wconf 87' lang='lat' dir='ltr'>incerta</span> <span class='ocrx_word' id='word_1_646' title='bbox 3230 3938 3347 3993; x_wconf 84' lang='lat' dir='ltr'>exi-</span> 
     </span>
    </p>
   </div>
   <div class='ocr_carea' id='block_1_83' title="bbox 1745 4028 3346 4108">
    <p class='ocr_par' dir='ltr' id='par_1_83' title="bbox 1745 4028 3346 4108">
     <span class='ocr_line' id='line_1_83' title="bbox 1745 4028 3346 4108; baseline -0.007 -14"><span class='ocrx_word' id='word_1_647' title='bbox 1745 4047 1837 4095; x_wconf 84' lang='lat' dir='ltr'>tus</span> <span class='ocrx_word' id='word_1_648' title='bbox 1866 4040 1989 4092; x_wconf 87' lang='lat' dir='ltr'>alea</span> <span class='ocrx_word' id='word_1_649' title='bbox 2016 4053 2251 4108; x_wconf 88' lang='lat' dir='ltr'>parvum</span> <span class='ocrx_word' id='word_1_650' title='bbox 2277 4034 2437 4089; x_wconf 90' lang='lat' dir='ltr'>nobis</span> <span class='ocrx_word' id='word_1_651' title='bbox 2464 4038 2679 4087; x_wconf 89' lang='lat' dir='ltr'>metum</span> <span class='ocrx_word' id='word_1_652' title='bbox 2705 4032 2905 4102; x_wconf 90' lang='lat' dir='ltr'>injicit,</span> <span class='ocrx_word' id='word_1_653' title='bbox 2936 4030 3084 4101; x_wconf 92' lang='lat' dir='ltr'>quod</span> <span class='ocrx_word' id='word_1_654' title='bbox 3116 4028 3346 4094; x_wconf 90' lang='lat' dir='ltr'>scilicet,</span> 
     </span>
    </p>
   </div>
   <div class='ocr_carea' id='block_1_84' title="bbox 1748 4120 3351 4200">
    <p class='ocr_par' dir='ltr' id='par_1_84' title="bbox 1748 4120 3351 4200">
     <span class='ocr_line' id='line_1_84' title="bbox 1748 4120 3351 4200; baseline -0.007 -17"><span class='ocrx_word' id='word_1_655' title='bbox 1748 4146 1858 4200; x_wconf 93' lang='lat' dir='ltr'>quo</span> <span class='ocrx_word' id='word_1_656' title='bbox 1881 4134 2032 4183; x_wconf 86' lang='lat' dir='ltr'>statu</span> <span class='ocrx_word' id='word_1_657' title='bbox 2062 4143 2163 4180; x_wconf 86' lang='lat' dir='ltr'>nos</span> <span class='ocrx_word' id='word_1_658' title='bbox 2190 4133 2486 4196; x_wconf 87' lang='lat' dir='ltr'>arreptura</span> <span class='ocrx_word' id='word_1_659' title='bbox 2527 4139 2677 4176; x_wconf 89' lang='lat' dir='ltr'>mors</span> <span class='ocrx_word' id='word_1_660' title='bbox 2704 4122 2796 4187; x_wconf 90' lang='lat' dir='ltr'>sit,</span> <span class='ocrx_word' id='word_1_661' title='bbox 2832 4120 3063 4174; x_wconf 90' lang='lat' dir='ltr'>minime</span> <span class='ocrx_word' id='word_1_662' title='bbox 3092 4134 3351 4189; x_wconf 87' lang='lat' dir='ltr'>comper-</span> 
     </span>
    </p>
   </div>
   <div class='ocr_carea' id='block_1_85' title="bbox 1747 4206 3347 4282">
    <p class='ocr_par' dir='ltr' id='par_1_85' title="bbox 1747 4206 3347 4282">
     <span class='ocr_line' id='line_1_85' title="bbox 1747 4206 3347 4282; baseline -0.008 -9"><span class='ocrx_word' id='word_1_663' title='bbox 1747 4224 1867 4273; x_wconf 83' lang='lat' dir='ltr'>tum</span> <span class='ocrx_word' id='word_1_664' title='bbox 1911 4216 2249 4282; x_wconf 88' lang='lat' dir='ltr'>habeamus;</span> <span class='ocrx_word' id='word_1_665' title='bbox 2282 4232 2353 4268; x_wconf 91' lang='lat' dir='ltr'>ne</span> <span class='ocrx_word' id='word_1_666' title='bbox 2400 4214 2542 4267; x_wconf 89' lang='lat' dir='ltr'>forte</span> <span class='ocrx_word' id='word_1_667' title='bbox 2569 4217 2668 4265; x_wconf 93' lang='lat' dir='ltr'>aut</span> <span class='ocrx_word' id='word_1_668' title='bbox 2709 4209 3017 4265; x_wconf 89' lang='lat' dir='ltr'>voluntatis</span> <span class='ocrx_word' id='word_1_669' title='bbox 3047 4206 3347 4274; x_wconf 89' lang='lat' dir='ltr'>lubricum,</span> 
     </span>
    </p>
   </div>
   <div class='ocr_carea' id='block_1_86' title="bbox 1749 4298 3350 4378">
    <p class='ocr_par' dir='ltr' id='par_1_86' title="bbox 1749 4298 3350 4378">
     <span class='ocr_line' id='line_1_86' title="bbox 1749 4298 3350 4378; baseline -0.007 -17"><span class='ocrx_word' id='word_1_670' title='bbox 1749 4312 1849 4361; x_wconf 89' lang='lat' dir='ltr'>aut</span> <span class='ocrx_word' id='word_1_671' title='bbox 1904 4307 2132 4378; x_wconf 88' lang='lat' dir='ltr'>quidam</span> <span class='ocrx_word' id='word_1_672' title='bbox 2175 4303 2383 4358; x_wconf 90' lang='lat' dir='ltr'>diaboli</span> <span class='ocrx_word' id='word_1_673' title='bbox 2414 4303 2657 4373; x_wconf 89' lang='lat' dir='ltr'>impetus</span> <span class='ocrx_word' id='word_1_674' title='bbox 2678 4299 2921 4354; x_wconf 91' lang='lat' dir='ltr'>instituti</span> <span class='ocrx_word' id='word_1_675' title='bbox 2952 4298 3132 4353; x_wconf 90' lang='lat' dir='ltr'>nostri</span> <span class='ocrx_word' id='word_1_676' title='bbox 3186 4312 3350 4351; x_wconf 84' lang='lat' dir='ltr'>cons-</span> 
     </span>
    </p>
   </div>
   <div class='ocr_carea' id='block_1_87' title="bbox 89 4385 3350 4493">
    <p class='ocr_par' dir='ltr' id='par_1_87' title="bbox 89 4385 3350 4493">
     <span class='ocr_line' id='line_1_87' title="bbox 89 4385 3350 4493; baseline -0 -53"><span class='ocrx_word' id='word_1_677' title='bbox 89 4390 238 4487; x_wconf 70' lang='lat' dir='ltr'>misit.</span> <span class='ocrx_word' id='word_1_678' title='bbox 274 4393 381 4456; x_wconf 88' lang='lat' dir='ltr'>Qui</span> <span class='ocrx_word' id='word_1_679' title='bbox 408 4411 537 4447; x_wconf 90' lang='lat' dir='ltr'>cum</span> <span class='ocrx_word' id='word_1_680' title='bbox 568 4393 638 4447; x_wconf 90' lang='lat' dir='ltr'>ad</span> <span class='ocrx_word' id='word_1_681' title='bbox 664 4410 794 4447; x_wconf 89' lang='lat' dir='ltr'>eum</span> <span class='ocrx_word' id='word_1_682' title='bbox 814 4394 999 4447; x_wconf 91' lang='lat' dir='ltr'>locum</span> <span class='ocrx_word' id='word_1_683' title='bbox 1029 4393 1390 4463; x_wconf 89' lang='lat' dir='ltr'>pervenisset,</span> <span class='ocrx_word' id='word_1_684' title='bbox 1412 4391 1663 4445; x_wconf 89' lang='lat' dir='ltr'>omnium</span> <span class='ocrx_word' id='word_1_685' title='bbox 1684 4397 1991 4493; x_wconf 82' lang='lat' dir='ltr'>Dtantiam</span> <span class='ocrx_word' id='word_1_686' title='bbox 2037 4396 2305 4460; x_wconf 82' lang='lat' dir='ltr'>inﬂectat,</span> <span class='ocrx_word' id='word_1_687' title='bbox 2347 4393 2624 4463; x_wconf 91' lang='lat' dir='ltr'>aliterque</span> <span class='ocrx_word' id='word_1_688' title='bbox 2670 4389 2829 4444; x_wconf 89' lang='lat' dir='ltr'>nobis</span> <span class='ocrx_word' id='word_1_689' title='bbox 2867 4404 3036 4459; x_wconf 88' lang='lat' dir='ltr'>quam</span> <span class='ocrx_word' id='word_1_690' title='bbox 3084 4392 3146 4441; x_wconf 91' lang='lat' dir='ltr'>ut</span> <span class='ocrx_word' id='word_1_691' title='bbox 3173 4385 3350 4457; x_wconf 89' lang='lat' dir='ltr'>pactis</span> 
     </span>
    </p>
   </div>
   <div class='ocr_carea' id='block_1_88' title="bbox 90 4477 1665 4553">
    <p class='ocr_par' dir='ltr' id='par_1_88' title="bbox 90 4477 1665 4553">
     <span class='ocr_line' id='line_1_88' title="bbox 90 4477 1665 4553; baseline 0.002 -23"><span class='ocrx_word' id='word_1_692' title='bbox 90 4477 377 4536; x_wconf 89' lang='lat' dir='ltr'>incolarum</span> <span class='ocrx_word' id='word_1_693' title='bbox 401 4483 621 4536; x_wconf 89' lang='lat' dir='ltr'>animos</span> <span class='ocrx_word' id='word_1_694' title='bbox 642 4482 1012 4553; x_wconf 88' lang='lat' dir='ltr'>perturbavit;</span> <span class='ocrx_word' id='word_1_695' title='bbox 1043 4487 1135 4551; x_wconf 89' lang='lat' dir='ltr'>atq</span> <span class='ocrx_word' id='word_1_696' title='bbox 1145 4499 1212 4535; x_wconf 90' lang='lat' dir='ltr'>ue</span> <span class='ocrx_word' id='word_1_697' title='bbox 1231 4498 1359 4535; x_wconf 92' lang='lat' dir='ltr'>cum</span> <span class='ocrx_word' id='word_1_698' title='bbox 1381 4481 1461 4534; x_wconf 91' lang='lat' dir='ltr'>illi</span> <span class='ocrx_word' id='word_1_699' title='bbox 1484 4481 1665 4534; x_wconf 90' lang='lat' dir='ltr'>virum</span> 
     </span>
    </p>
   </div>
   <div class='ocr_carea' id='block_1_89' title="bbox 91 4569 1670 4641">
    <p class='ocr_par' dir='ltr' id='par_1_89' title="bbox 91 4569 1670 4641">
     <span class='ocr_line' id='line_1_89' title="bbox 91 4569 1670 4641; baseline 0.001 -21"><span class='ocrx_word' id='word_1_700' title='bbox 91 4585 202 4622; x_wconf 81' lang='lat' dir='ltr'>eum</span> <span class='ocrx_word' id='word_1_701' title='bbox 231 4588 264 4623; x_wconf 92' lang='lat' dir='ltr'>a</span> <span class='ocrx_word' id='word_1_702' title='bbox 300 4590 358 4625; x_wconf 86' lang='lat' dir='ltr'>se</span> <span class='ocrx_word' id='word_1_703' title='bbox 390 4572 573 4626; x_wconf 87' lang='lat' dir='ltr'>visum</span> <span class='ocrx_word' id='word_1_704' title='bbox 603 4590 725 4626; x_wconf 88' lang='lat' dir='ltr'>esse</span> <span class='ocrx_word' id='word_1_705' title='bbox 757 4577 1075 4641; x_wconf 88' lang='lat' dir='ltr'>negassent,</span> <span class='ocrx_word' id='word_1_706' title='bbox 1110 4571 1167 4624; x_wconf 92' lang='lat' dir='ltr'>in</span> <span class='ocrx_word' id='word_1_707' title='bbox 1192 4569 1572 4635; x_wconf 89' lang='lat' dir='ltr'>solitudinem,</span> <span class='ocrx_word' id='word_1_708' title='bbox 1606 4574 1670 4623; x_wconf 95' lang='lat' dir='ltr'>ut</span> 
     </span>
    </p>
   </div>
   <div class='ocr_carea' id='block_1_90' title="bbox 90 4657 1669 4730">
    <p class='ocr_par' dir='ltr' id='par_1_90' title="bbox 90 4657 1669 4730">
     <span class='ocr_line' id='line_1_90' title="bbox 90 4657 1669 4730; baseline 0.001 -20"><span class='ocrx_word' id='word_1_709' title='bbox 90 4657 193 4725; x_wconf 88' lang='lat' dir='ltr'>pios</span> <span class='ocrx_word' id='word_1_710' title='bbox 216 4660 357 4715; x_wconf 89' lang='lat' dir='ltr'>viros</span> <span class='ocrx_word' id='word_1_711' title='bbox 372 4667 692 4728; x_wconf 87' lang='lat' dir='ltr'>venaretur,</span> <span class='ocrx_word' id='word_1_712' title='bbox 717 4678 838 4715; x_wconf 90' lang='lat' dir='ltr'>sese</span> <span class='ocrx_word' id='word_1_713' title='bbox 859 4660 1112 4717; x_wconf 91' lang='lat' dir='ltr'>contulit.</span> <span class='ocrx_word' id='word_1_714' title='bbox 1138 4661 1390 4730; x_wconf 89' lang='lat' dir='ltr'>Cumque</span> <span class='ocrx_word' id='word_1_715' title='bbox 1411 4658 1669 4713; x_wconf 90' lang='lat' dir='ltr'>solitudi-</span> 
     </span>
    </p>
   </div>
   <div class='ocr_carea' id='block_1_91' title="bbox 90 4750 1672 4822">
    <p class='ocr_par' dir='ltr' id='par_1_91' title="bbox 90 4750 1672 4822">
     <span class='ocr_line' id='line_1_91' title="bbox 90 4750 1672 4822; baseline 0.003 -25"><span class='ocrx_word' id='word_1_716' title='bbox 90 4761 203 4801; x_wconf 84' lang='lat' dir='ltr'>nem</span> <span class='ocrx_word' id='word_1_717' title='bbox 248 4750 400 4804; x_wconf 89' lang='lat' dir='ltr'>illam</span> <span class='ocrx_word' id='word_1_718' title='bbox 432 4768 640 4821; x_wconf 87' lang='lat' dir='ltr'>magna</span> <span class='ocrx_word' id='word_1_719' title='bbox 671 4768 734 4805; x_wconf 91' lang='lat' dir='ltr'>ex</span> <span class='ocrx_word' id='word_1_720' title='bbox 758 4757 919 4822; x_wconf 91' lang='lat' dir='ltr'>parte</span> <span class='ocrx_word' id='word_1_721' title='bbox 948 4756 1320 4821; x_wconf 88' lang='lat' dir='ltr'>peragrasset,</span> <span class='ocrx_word' id='word_1_722' title='bbox 1357 4766 1421 4803; x_wconf 91' lang='lat' dir='ltr'>ac</span> <span class='ocrx_word' id='word_1_723' title='bbox 1453 4754 1672 4802; x_wconf 90' lang='lat' dir='ltr'>montes</span> 
     </span>
    </p>
   </div>
   <div class='ocr_carea' id='block_1_92' title="bbox 90 4835 1672 4911">
    <p class='ocr_par' dir='ltr' id='par_1_92' title="bbox 90 4835 1672 4911">
     <span class='ocr_line' id='line_1_92' title="bbox 90 4835 1672 4911; baseline 0.001 -23"><span class='ocrx_word' id='word_1_724' title='bbox 90 4835 640 4911; x_wconf 69' lang='lat' dir='ltr'>rinxisset,vallesque</span> <span class='ocrx_word' id='word_1_725' title='bbox 658 4841 928 4911; x_wconf 89' lang='lat' dir='ltr'>quasdam</span> <span class='ocrx_word' id='word_1_726' title='bbox 942 4839 1174 4893; x_wconf 90' lang='lat' dir='ltr'>minime</span> <span class='ocrx_word' id='word_1_727' title='bbox 1188 4839 1436 4903; x_wconf 88' lang='lat' dir='ltr'>tritas,et</span> <span class='ocrx_word' id='word_1_728' title='bbox 1446 4853 1672 4890; x_wconf 84' lang='lat' dir='ltr'>accessu</span> 
     </span>
    </p>
   </div>
   <div class='ocr_carea' id='block_1_93' title="bbox 92 4924 1674 4998">
    <p class='ocr_par' dir='ltr' id='par_1_93' title="bbox 92 4924 1674 4998">
     <span class='ocr_line' id='line_1_93' title="bbox 92 4924 1674 4998; baseline 0.001 -21"><span class='ocrx_word' id='word_1_729' title='bbox 92 4924 342 4995; x_wconf 76' lang='lat' dir='ltr'>difﬁciles,</span> <span class='ocrx_word' id='word_1_730' title='bbox 366 4947 496 4985; x_wconf 90' lang='lat' dir='ltr'>cum</span> <span class='ocrx_word' id='word_1_731' title='bbox 513 4947 579 4984; x_wconf 90' lang='lat' dir='ltr'>ea</span> <span class='ocrx_word' id='word_1_732' title='bbox 600 4930 894 4984; x_wconf 89' lang='lat' dir='ltr'>hominum</span> <span class='ocrx_word' id='word_1_733' title='bbox 916 4945 1088 4983; x_wconf 88' lang='lat' dir='ltr'>manu</span> <span class='ocrx_word' id='word_1_734' title='bbox 1110 4945 1279 4998; x_wconf 89' lang='lat' dir='ltr'>quam</span> <span class='ocrx_word' id='word_1_735' title='bbox 1298 4943 1487 4982; x_wconf 89' lang='lat' dir='ltr'>secum</span> <span class='ocrx_word' id='word_1_736' title='bbox 1508 4925 1674 4979; x_wconf 89' lang='lat' dir='ltr'>habe-</span> 
     </span>
    </p>
   </div>
   <div class='ocr_carea' id='block_1_94' title="bbox 92 5011 1677 5091">
    <p class='ocr_par' dir='ltr' id='par_1_94' title="bbox 92 5011 1677 5091">
     <span class='ocr_line' id='line_1_94' title="bbox 92 5011 1677 5091; baseline -0.002 -21"><span class='ocrx_word' id='word_1_737' title='bbox 92 5011 190 5079; x_wconf 82' lang='lat' dir='ltr'>bat,</span> <span class='ocrx_word' id='word_1_738' title='bbox 213 5019 444 5089; x_wconf 89' lang='lat' dir='ltr'>pedibus</span> <span class='ocrx_word' id='word_1_739' title='bbox 460 5022 814 5091; x_wconf 85' lang='lat' dir='ltr'>pervasisset,</span> <span class='ocrx_word' id='word_1_740' title='bbox 837 5019 904 5072; x_wconf 91' lang='lat' dir='ltr'>ad</span> <span class='ocrx_word' id='word_1_741' title='bbox 930 5018 1213 5072; x_wconf 90' lang='lat' dir='ltr'>tumulum</span> <span class='ocrx_word' id='word_1_742' title='bbox 1228 5016 1529 5088; x_wconf 90' lang='lat' dir='ltr'>quemdam</span> <span class='ocrx_word' id='word_1_743' title='bbox 1550 5032 1649 5086; x_wconf 91' lang='lat' dir='ltr'>pro</span> <span class='ocrx_word' id='word_1_744' title='bbox 1666 5042 1677 5053; x_wconf 88' lang='lat'><strong>-</strong></span> 
     </span>
    </p>
   </div>
   <div class='ocr_carea' id='block_1_95' title="bbox 92 5103 1677 5179">
    <p class='ocr_par' dir='ltr' id='par_1_95' title="bbox 92 5103 1677 5179">
     <span class='ocr_line' id='line_1_95' title="bbox 92 5103 1677 5179; baseline 0.002 -25"><span class='ocrx_word' id='word_1_745' title='bbox 92 5103 265 5172; x_wconf 82' lang='lat' dir='ltr'>fectus,</span> <span class='ocrx_word' id='word_1_746' title='bbox 296 5109 352 5162; x_wconf 91' lang='lat' dir='ltr'>in</span> <span class='ocrx_word' id='word_1_747' title='bbox 370 5110 495 5178; x_wconf 91' lang='lat' dir='ltr'>ejus</span> <span class='ocrx_word' id='word_1_748' title='bbox 517 5109 739 5179; x_wconf 74' lang='lat' dir='ltr'>fastigio</span> <span class='ocrx_word' id='word_1_749' title='bbox 765 5108 1126 5162; x_wconf 85' lang='lat' dir='ltr'>eremitarum</span> <span class='ocrx_word' id='word_1_750' title='bbox 1150 5113 1399 5161; x_wconf 89' lang='lat' dir='ltr'>turmam</span> <span class='ocrx_word' id='word_1_751' title='bbox 1422 5104 1677 5159; x_wconf 91' lang='lat' dir='ltr'>inambu-</span> 
     </span>
    </p>
   </div>
   <div class='ocr_carea' id='block_1_96' title="bbox 93 5194 1672 5269">
    <p class='ocr_par' dir='ltr' id='par_1_96' title="bbox 93 5194 1672 5269">
     <span class='ocr_line' id='line_1_96' title="bbox 93 5194 1672 5269; baseline 0.001 -23"><span class='ocrx_word' id='word_1_752' title='bbox 93 5194 282 5251; x_wconf 85' lang='lat' dir='ltr'>lantem</span> <span class='ocrx_word' id='word_1_753' title='bbox 304 5199 512 5263; x_wconf 87' lang='lat' dir='ltr'>cernit;</span> <span class='ocrx_word' id='word_1_754' title='bbox 536 5200 800 5269; x_wconf 86' lang='lat' dir='ltr'>nullaque</span> <span class='ocrx_word' id='word_1_755' title='bbox 822 5197 1153 5268; x_wconf 88' lang='lat' dir='ltr'>interposita</span> <span class='ocrx_word' id='word_1_756' title='bbox 1174 5214 1351 5262; x_wconf 88' lang='lat' dir='ltr'>mora,</span> <span class='ocrx_word' id='word_1_757' title='bbox 1384 5212 1479 5249; x_wconf 82' lang='lat' dir='ltr'>eos</span> <span class='ocrx_word' id='word_1_758' title='bbox 1510 5195 1580 5248; x_wconf 92' lang='lat' dir='ltr'>ad</span> <span class='ocrx_word' id='word_1_759' title='bbox 1614 5210 1672 5248; x_wconf 89' lang='lat' dir='ltr'>se</span> 
     </span>
    </p>
   </div>
   <div class='ocr_carea' id='block_1_97' title="bbox 94 5287 1673 5360">
    <p class='ocr_par' dir='ltr' id='par_1_97' title="bbox 94 5287 1673 5360">
     <span class='ocr_line' id='line_1_97' title="bbox 94 5287 1673 5360; baseline 0.001 -22"><span class='ocrx_word' id='word_1_760' title='bbox 94 5287 275 5341; x_wconf 84' lang='lat' dir='ltr'>adduci</span> <span class='ocrx_word' id='word_1_761' title='bbox 298 5289 483 5360; x_wconf 90' lang='lat' dir='ltr'>jubet.</span> <span class='ocrx_word' id='word_1_762' title='bbox 512 5290 716 5345; x_wconf 88' lang='lat' dir='ltr'>Milites</span> <span class='ocrx_word' id='word_1_763' title='bbox 747 5291 936 5360; x_wconf 89' lang='lat' dir='ltr'>itaque</span> <span class='ocrx_word' id='word_1_764' title='bbox 966 5289 1254 5342; x_wconf 90' lang='lat' dir='ltr'>celerrimo</span> <span class='ocrx_word' id='word_1_765' title='bbox 1283 5304 1469 5353; x_wconf 89' lang='lat' dir='ltr'>cursu,</span> <span class='ocrx_word' id='word_1_766' title='bbox 1504 5294 1673 5357; x_wconf 91' lang='lat' dir='ltr'>atque</span> 
     </span>
    </p>
   </div>
   <div class='ocr_carea' id='block_1_98' title="bbox 94 5376 1669 5449">
    <p class='ocr_par' dir='ltr' id='par_1_98' title="bbox 94 5376 1669 5449">
     <span class='ocr_line' id='line_1_98' title="bbox 94 5376 1669 5449; baseline 0.002 -22"><span class='ocrx_word' id='word_1_767' title='bbox 94 5376 317 5433; x_wconf 85' lang='lat' dir='ltr'>aliialios</span> <span class='ocrx_word' id='word_1_768' title='bbox 336 5385 686 5434; x_wconf 85' lang='lat' dir='ltr'>antevertere</span> <span class='ocrx_word' id='word_1_769' title='bbox 700 5380 1119 5445; x_wconf 86' lang='lat' dir='ltr'>contendentes,</span> <span class='ocrx_word' id='word_1_770' title='bbox 1148 5377 1429 5432; x_wconf 89' lang='lat' dir='ltr'>tumulum</span> <span class='ocrx_word' id='word_1_771' title='bbox 1451 5382 1669 5449; x_wconf 91' lang='lat' dir='ltr'>petunt.</span> 
     </span>
    </p>
   </div>
   <div class='ocr_carea' id='block_1_99' title="bbox 1751 4481 3347 4540">
    <p class='ocr_par' dir='ltr' id='par_1_99' title="bbox 1751 4481 3347 4540">
     <span class='ocr_line' id='line_1_99' title="bbox 1751 4481 3347 4540; baseline -0.009 0"><span class='ocrx_word' id='word_1_772' title='bbox 1751 4503 1878 4540; x_wconf 91' lang='lat' dir='ltr'>cum</span> <span class='ocrx_word' id='word_1_773' title='bbox 1905 4486 2019 4540; x_wconf 89' lang='lat' dir='ltr'>Deo</span> <span class='ocrx_word' id='word_1_774' title='bbox 2050 4502 2085 4538; x_wconf 87' lang='lat' dir='ltr'>a</span> <span class='ocrx_word' id='word_1_775' title='bbox 2113 4482 2271 4537; x_wconf 90' lang='lat' dir='ltr'>nobis</span> <span class='ocrx_word' id='word_1_776' title='bbox 2298 4481 2452 4536; x_wconf 90' lang='lat' dir='ltr'>initis</span> <span class='ocrx_word' id='word_1_777' title='bbox 2481 4486 2922 4534; x_wconf 89' lang='lat' dir='ltr'>consentaneum</span> <span class='ocrx_word' id='word_1_778' title='bbox 2954 4482 3057 4540; x_wconf 87' lang='lat' dir='ltr'>est,</span> <span class='ocrx_word' id='word_1_779' title='bbox 3090 4481 3191 4529; x_wconf 88' lang='lat' dir='ltr'>aut</span> <span class='ocrx_word' id='word_1_780' title='bbox 3218 4489 3347 4528; x_wconf 89' lang='lat' dir='ltr'>sen-</span> 
     </span>
    </p>
   </div>
   <div class='ocr_carea' id='block_1_100' title="bbox 1751 4567 3351 4643">
    <p class='ocr_par' dir='ltr' id='par_1_100' title="bbox 1751 4567 3351 4643">
     <span class='ocr_line' id='line_1_100' title="bbox 1751 4567 3351 4643; baseline -0.008 -14"><span class='ocrx_word' id='word_1_781' title='bbox 1751 4576 1859 4629; x_wconf 90' lang='lat' dir='ltr'>tire</span> <span class='ocrx_word' id='word_1_782' title='bbox 1889 4580 1988 4628; x_wconf 91' lang='lat' dir='ltr'>aut</span> <span class='ocrx_word' id='word_1_783' title='bbox 2007 4575 2188 4627; x_wconf 82' lang='lat' dir='ltr'>facere</span> <span class='ocrx_word' id='word_1_784' title='bbox 2203 4570 2557 4643; x_wconf 88' lang='lat' dir='ltr'>persuadeat.</span> <span class='ocrx_word' id='word_1_785' title='bbox 2578 4567 2848 4632; x_wconf 88' lang='lat' dir='ltr'>Quocirca</span> <span class='ocrx_word' id='word_1_786' title='bbox 2871 4580 2998 4619; x_wconf 89' lang='lat' dir='ltr'>cum</span> <span class='ocrx_word' id='word_1_787' title='bbox 3028 4580 3096 4617; x_wconf 89' lang='lat' dir='ltr'>ea</span> <span class='ocrx_word' id='word_1_788' title='bbox 3115 4578 3239 4633; x_wconf 67' lang='lat' dir='ltr'>qum</span> <span class='ocrx_word' id='word_1_789' title='bbox 3258 4578 3351 4616; x_wconf 88' lang='lat' dir='ltr'>vo-</span> 
     </span>
    </p>
   </div>
   <div class='ocr_carea' id='block_1_101' title="bbox 1752 4651 3353 4733">
    <p class='ocr_par' dir='ltr' id='par_1_101' title="bbox 1752 4651 3353 4733">
     <span class='ocr_line' id='line_1_101' title="bbox 1752 4651 3353 4733; baseline -0.008 -16"><span class='ocrx_word' id='word_1_790' title='bbox 1752 4663 1837 4717; x_wconf 91' lang='lat' dir='ltr'>bis</span> <span class='ocrx_word' id='word_1_791' title='bbox 1865 4663 2001 4733; x_wconf 90' lang='lat' dir='ltr'>ipsis</span> <span class='ocrx_word' id='word_1_792' title='bbox 2020 4658 2432 4732; x_wconf 85' lang='lat' dir='ltr'>pollicebamini</span> <span class='ocrx_word' id='word_1_793' title='bbox 2458 4656 2723 4725; x_wconf 90' lang='lat' dir='ltr'>consequi</span> <span class='ocrx_word' id='word_1_794' title='bbox 2751 4656 2871 4725; x_wconf 88' lang='lat' dir='ltr'>jam</span> <span class='ocrx_word' id='word_1_795' title='bbox 2894 4651 3122 4706; x_wconf 90' lang='lat' dir='ltr'>omnino</span> <span class='ocrx_word' id='word_1_796' title='bbox 3150 4651 3353 4722; x_wconf 90' lang='lat' dir='ltr'>despe-</span> 
     </span>
    </p>
   </div>
   <div class='ocr_carea' id='block_1_102' title="bbox 1754 4736 3353 4813">
    <p class='ocr_par' dir='ltr' id='par_1_102' title="bbox 1754 4736 3353 4813">
     <span class='ocr_line' id='line_1_102' title="bbox 1754 4736 3353 4813; baseline -0.009 -11"><span class='ocrx_word' id='word_1_797' title='bbox 1754 4748 1910 4813; x_wconf 91' lang='lat' dir='ltr'>retis,</span> <span class='ocrx_word' id='word_1_798' title='bbox 1934 4748 2055 4800; x_wconf 89' lang='lat' dir='ltr'>sine</span> <span class='ocrx_word' id='word_1_799' title='bbox 2076 4746 2191 4799; x_wconf 91' lang='lat' dir='ltr'>ulla</span> <span class='ocrx_word' id='word_1_800' title='bbox 2217 4742 2570 4799; x_wconf 90' lang='lat' dir='ltr'>cunctatione</span> <span class='ocrx_word' id='word_1_801' title='bbox 2600 4740 2747 4811; x_wconf 92' lang='lat' dir='ltr'>quod</span> <span class='ocrx_word' id='word_1_802' title='bbox 2770 4737 2926 4792; x_wconf 91' lang='lat' dir='ltr'>lubet</span> <span class='ocrx_word' id='word_1_803' title='bbox 2944 4736 3124 4790; x_wconf 89' lang='lat' dir='ltr'>facite.</span> <span class='ocrx_word' id='word_1_804' title='bbox 3157 4736 3353 4807; x_wconf 89' lang='lat' dir='ltr'>Neque</span> 
     </span>
    </p>
   </div>
   <div class='ocr_carea' id='block_1_103' title="bbox 1756 4824 3353 4907">
    <p class='ocr_par' dir='ltr' id='par_1_103' title="bbox 1756 4824 3353 4907">
     <span class='ocr_line' id='line_1_103' title="bbox 1756 4824 3353 4907; baseline -0.008 -16"><span class='ocrx_word' id='word_1_805' title='bbox 1756 4837 1904 4891; x_wconf 91' lang='lat' dir='ltr'>enim</span> <span class='ocrx_word' id='word_1_806' title='bbox 1934 4836 2011 4907; x_wconf 90' lang='lat' dir='ltr'>pii</span> <span class='ocrx_word' id='word_1_807' title='bbox 2051 4833 2240 4888; x_wconf 81' lang='lat' dir='ltr'>fratris</span> <span class='ocrx_word' id='word_1_808' title='bbox 2268 4832 2446 4887; x_wconf 89' lang='lat' dir='ltr'>nostri</span> <span class='ocrx_word' id='word_1_809' title='bbox 2485 4829 2850 4896; x_wconf 89' lang='lat' dir='ltr'>domicilium,</span> <span class='ocrx_word' id='word_1_810' title='bbox 2903 4826 3158 4899; x_wconf 90' lang='lat' dir='ltr'>quamvis</span> <span class='ocrx_word' id='word_1_811' title='bbox 3191 4824 3353 4880; x_wconf 89' lang='lat' dir='ltr'>nobis</span> 
     </span>
    </p>
   </div>
   <div class='ocr_carea' id='block_1_104' title="bbox 1755 4916 3357 4998">
    <p class='ocr_par' dir='ltr' id='par_1_104' title="bbox 1755 4916 3357 4998">
     <span class='ocr_line' id='line_1_104' title="bbox 1755 4916 3357 4998; baseline -0.007 -17"><span class='ocrx_word' id='word_1_812' title='bbox 1755 4926 2061 4998; x_wconf 88' lang='lat' dir='ltr'>cognitum,</span> <span class='ocrx_word' id='word_1_813' title='bbox 2077 4924 2457 4988; x_wconf 89' lang='lat' dir='ltr'>ostendemus,</span> <span class='ocrx_word' id='word_1_814' title='bbox 2477 4938 2580 4975; x_wconf 89' lang='lat' dir='ltr'>nec</span> <span class='ocrx_word' id='word_1_815' title='bbox 2598 4920 2709 4973; x_wconf 89' lang='lat' dir='ltr'>alia</span> <span class='ocrx_word' id='word_1_816' title='bbox 2722 4919 2839 4973; x_wconf 90' lang='lat' dir='ltr'>ulla</span> <span class='ocrx_word' id='word_1_817' title='bbox 2860 4916 3013 4972; x_wconf 89' lang='lat' dir='ltr'>vobis</span> <span class='ocrx_word' id='word_1_818' title='bbox 3028 4916 3222 4987; x_wconf 89' lang='lat' dir='ltr'>ignota</span> <span class='ocrx_word' id='word_1_819' title='bbox 3240 4931 3357 4969; x_wconf 89' lang='lat' dir='ltr'>mo-</span> 
     </span>
    </p>
   </div>
   <div class='ocr_carea' id='block_1_105' title="bbox 1756 5007 3353 5086">
    <p class='ocr_par' dir='ltr' id='par_1_105' title="bbox 1756 5007 3353 5086">
     <span class='ocr_line' id='line_1_105' title="bbox 1756 5007 3353 5086; baseline -0.009 -15"><span class='ocrx_word' id='word_1_820' title='bbox 1756 5016 2003 5071; x_wconf 81' lang='lat' dir='ltr'>nasteria</span> <span class='ocrx_word' id='word_1_821' title='bbox 2031 5014 2352 5086; x_wconf 91' lang='lat' dir='ltr'>prodemus,</span> <span class='ocrx_word' id='word_1_822' title='bbox 2379 5017 2443 5066; x_wconf 92' lang='lat' dir='ltr'>ut</span> <span class='ocrx_word' id='word_1_823' title='bbox 2464 5010 2721 5064; x_wconf 89' lang='lat' dir='ltr'>videlicet</span> <span class='ocrx_word' id='word_1_824' title='bbox 2740 5009 2843 5063; x_wconf 90' lang='lat' dir='ltr'>hac</span> <span class='ocrx_word' id='word_1_825' title='bbox 2872 5007 3091 5062; x_wconf 90' lang='lat' dir='ltr'>ratione</span> <span class='ocrx_word' id='word_1_826' title='bbox 3114 5009 3353 5060; x_wconf 90' lang='lat' dir='ltr'>mortem</span> 
     </span>
    </p>
   </div>
   <div class='ocr_carea' id='block_1_106' title="bbox 1758 5097 3353 5178">
    <p class='ocr_par' dir='ltr' id='par_1_106' title="bbox 1758 5097 3353 5178">
     <span class='ocr_line' id='line_1_106' title="bbox 1758 5097 3353 5178; baseline -0.009 -17"><span class='ocrx_word' id='word_1_827' title='bbox 1758 5106 2000 5178; x_wconf 90' lang='lat' dir='ltr'>turpiter</span> <span class='ocrx_word' id='word_1_828' title='bbox 2030 5103 2361 5173; x_wconf 77' lang='lat' dir='ltr'>elfugiamus</span> <span class='ocrx_word' id='word_1_829' title='bbox 2395 5120 2406 5155; x_wconf 93' lang='lat'><strong>:</strong></span> <span class='ocrx_word' id='word_1_830' title='bbox 2439 5101 2575 5172; x_wconf 90' lang='lat' dir='ltr'>quin</span> <span class='ocrx_word' id='word_1_831' title='bbox 2603 5099 2791 5171; x_wconf 89' lang='lat' dir='ltr'>potius</span> <span class='ocrx_word' id='word_1_832' title='bbox 2820 5097 3084 5169; x_wconf 60' lang='lat' dir='ltr'>praeclare</span> <span class='ocrx_word' id='word_1_833' title='bbox 3113 5098 3353 5148; x_wconf 88' lang='lat' dir='ltr'>mortem</span> 
     </span>
    </p>
   </div>
   <div class='ocr_carea' id='block_1_107' title="bbox 1760 5181 3357 5267">
    <p class='ocr_par' dir='ltr' id='par_1_107' title="bbox 1760 5181 3357 5267">
     <span class='ocr_line' id='line_1_107' title="bbox 1760 5181 3357 5267; baseline -0.01 -16"><span class='ocrx_word' id='word_1_834' title='bbox 1760 5202 2110 5267; x_wconf 87' lang='lat' dir='ltr'>oppetemus,</span> <span class='ocrx_word' id='word_1_835' title='bbox 2143 5198 2207 5247; x_wconf 91' lang='lat' dir='ltr'>ut</span> <span class='ocrx_word' id='word_1_836' title='bbox 2234 5191 2389 5263; x_wconf 90' lang='lat' dir='ltr'>prius</span> <span class='ocrx_word' id='word_1_837' title='bbox 2419 5188 2640 5244; x_wconf 86' lang='lat' dir='ltr'>virtutis</span> <span class='ocrx_word' id='word_1_838' title='bbox 2669 5189 2921 5253; x_wconf 89' lang='lat' dir='ltr'>sudores,</span> <span class='ocrx_word' id='word_1_839' title='bbox 2946 5185 2993 5239; x_wconf 91' lang='lat' dir='ltr'>si</span> <span class='ocrx_word' id='word_1_840' title='bbox 3022 5200 3171 5238; x_wconf 89' lang='lat' dir='ltr'>nunc</span> <span class='ocrx_word' id='word_1_841' title='bbox 3196 5181 3357 5236; x_wconf 85' lang='lat' dir='ltr'>forti-</span> 
     </span>
    </p>
   </div>
   <div class='ocr_carea' id='block_1_108' title="bbox 1754 5278 2942 5342">
    <p class='ocr_par' dir='ltr' id='par_1_108' title="bbox 1754 5278 2942 5342">
     <span class='ocr_line' id='line_1_108' title="bbox 1754 5278 2942 5342; baseline -0.011 0"><span class='ocrx_word' id='word_1_842' title='bbox 1754 5286 1968 5342; x_wconf 91' lang='lat' dir='ltr'>tudinis</span> <span class='ocrx_word' id='word_1_843' title='bbox 1996 5284 2168 5339; x_wconf 87' lang='lat' dir='ltr'>animi</span> <span class='ocrx_word' id='word_1_844' title='bbox 2198 5297 2452 5335; x_wconf 84' lang='lat' dir='ltr'>cruorem</span> <span class='ocrx_word' id='word_1_845' title='bbox 2482 5280 2597 5334; x_wconf 89' lang='lat' dir='ltr'>Deo</span> <span class='ocrx_word' id='word_1_846' title='bbox 2627 5278 2942 5333; x_wconf 73' lang='lat' dir='ltr'>offerentes.</span> 
     </span>
    </p>
   </div>
   <div class='ocr_carea' id='block_1_109' title="bbox 1828 5361 3357 5430">
    <p class='ocr_par' dir='ltr' id='par_1_109' title="bbox 1828 5361 3357 5430">
     <span class='ocr_line' id='line_1_109' title="bbox 1828 5361 3357 5430; baseline -0.009 0"><span class='ocrx_word' id='word_1_847' title='bbox 1828 5377 1983 5430; x_wconf 87' lang='lat' dir='ltr'>Hanc</span> <span class='ocrx_word' id='word_1_848' title='bbox 2012 5390 2209 5428; x_wconf 89' lang='lat' dir='ltr'>eorum</span> <span class='ocrx_word' id='word_1_849' title='bbox 2245 5369 2517 5425; x_wconf 86' lang='lat' dir='ltr'>sermonis</span> <span class='ocrx_word' id='word_1_850' title='bbox 2560 5367 2875 5421; x_wconf 88' lang='lat' dir='ltr'>libertatem</span> <span class='ocrx_word' id='word_1_851' title='bbox 2920 5364 3223 5418; x_wconf 88' lang='lat' dir='ltr'>sceleratus</span> <span class='ocrx_word' id='word_1_852' title='bbox 3262 5361 3357 5416; x_wconf 91' lang='lat' dir='ltr'>ille</span> 
     </span>
    </p>
   </div>
   <div class='ocr_carea' id='block_1_110' title="bbox 95 5452 3355 5539">
    <p class='ocr_par' dir='ltr' id='par_1_110' title="bbox 95 5452 3355 5539">
     <span class='ocr_line' id='line_1_110' title="bbox 95 5452 3355 5539; baseline -0.004 -22"><span class='ocrx_word' id='word_1_853' title='bbox 95 5461 269 5536; x_wconf 80' lang='lat' dir='ltr'>quue</span> <span class='ocrx_word' id='word_1_854' title='bbox 299 5486 425 5523; x_wconf 90' lang='lat' dir='ltr'>cum</span> <span class='ocrx_word' id='word_1_855' title='bbox 460 5470 864 5539; x_wconf 90' lang='lat' dir='ltr'>pervenissent,</span> <span class='ocrx_word' id='word_1_856' title='bbox 897 5468 1389 5522; x_wconf 88' lang='lat' dir='ltr'>circumdederunt</span> <span class='ocrx_word' id='word_1_857' title='bbox 1420 5484 1515 5520; x_wconf 88' lang='lat' dir='ltr'>eos</span> <span class='ocrx_word' id='word_1_858' title='bbox 1545 5472 1674 5520; x_wconf 89' lang='lat' dir='ltr'>tan-</span> <span class='ocrx_word' id='word_1_859' title='bbox 1760 5465 1994 5519; x_wconf 89' lang='lat' dir='ltr'>minime</span> <span class='ocrx_word' id='word_1_860' title='bbox 2023 5463 2225 5527; x_wconf 85' lang='lat' dir='ltr'>ferens,</span> <span class='ocrx_word' id='word_1_861' title='bbox 2258 5476 2453 5515; x_wconf 80' lang='lat' dir='ltr'>verum</span> <span class='ocrx_word' id='word_1_862' title='bbox 2483 5475 2547 5511; x_wconf 90' lang='lat' dir='ltr'>ex</span> <span class='ocrx_word' id='word_1_863' title='bbox 2576 5453 2900 5527; x_wconf 91' lang='lat' dir='ltr'>hujusmodi</span> <span class='ocrx_word' id='word_1_864' title='bbox 2928 5452 3102 5508; x_wconf 90' lang='lat' dir='ltr'>animi</span> <span class='ocrx_word' id='word_1_865' title='bbox 3132 5452 3355 5522; x_wconf 85' lang='lat' dir='ltr'>magni-</span> 
     </span>
    </p>
   </div>
   <div class='ocr_carea' id='block_1_111' title="bbox 96 5541 3362 5629">
    <p class='ocr_par' dir='ltr' id='par_1_111' title="bbox 96 5541 3362 5629">
     <span class='ocr_line' id='line_1_111' title="bbox 96 5541 3362 5629; baseline -0.004 -21"><span class='ocrx_word' id='word_1_866' title='bbox 96 5569 245 5623; x_wconf 88' lang='lat' dir='ltr'>quam</span> <span class='ocrx_word' id='word_1_867' title='bbox 262 5574 428 5612; x_wconf 86' lang='lat' dir='ltr'>canes</span> <span class='ocrx_word' id='word_1_868' title='bbox 456 5559 621 5613; x_wconf 91' lang='lat' dir='ltr'>multi</span> <span class='ocrx_word' id='word_1_869' title='bbox 651 5561 970 5629; x_wconf 81' lang='lat' dir='ltr'>(Psal.xx1),</span> <span class='ocrx_word' id='word_1_870' title='bbox 994 5564 1093 5612; x_wconf 90' lang='lat' dir='ltr'>aut</span> <span class='ocrx_word' id='word_1_871' title='bbox 1110 5563 1381 5628; x_wconf 90' lang='lat' dir='ltr'>tanquam</span> <span class='ocrx_word' id='word_1_872' title='bbox 1402 5555 1678 5627; x_wconf 83' lang='lat' dir='ltr'>pestiferae</span> <span class='ocrx_word' id='word_1_873' title='bbox 1760 5555 1957 5609; x_wconf 91' lang='lat' dir='ltr'>tudine</span> <span class='ocrx_word' id='word_1_874' title='bbox 1987 5553 2318 5623; x_wconf 89' lang='lat' dir='ltr'>gravissima</span> <span class='ocrx_word' id='word_1_875' title='bbox 2353 5547 2642 5604; x_wconf 87' lang='lat' dir='ltr'>iracundia</span> <span class='ocrx_word' id='word_1_876' title='bbox 2672 5550 3004 5608; x_wconf 90' lang='lat' dir='ltr'>commotus,</span> <span class='ocrx_word' id='word_1_877' title='bbox 3040 5541 3234 5596; x_wconf 91' lang='lat' dir='ltr'>multis</span> <span class='ocrx_word' id='word_1_878' title='bbox 3265 5558 3362 5595; x_wconf 91' lang='lat' dir='ltr'>eos</span> 
     </span>
    </p>
   </div>
   <div class='ocr_carea' id='block_1_112' title="bbox 98 5630 3362 5717">
    <p class='ocr_par' dir='ltr' id='par_1_112' title="bbox 98 5630 3362 5717">
     <span class='ocr_line' id='line_1_112' title="bbox 98 5630 3362 5717; baseline -0.004 -21"><span class='ocrx_word' id='word_1_879' title='bbox 98 5646 331 5711; x_wconf 77' lang='lat' dir='ltr'>quaedam</span> <span class='ocrx_word' id='word_1_880' title='bbox 357 5654 415 5703; x_wconf 91' lang='lat' dir='ltr'>et</span> <span class='ocrx_word' id='word_1_881' title='bbox 452 5648 726 5703; x_wconf 87' lang='lat' dir='ltr'>immanes</span> <span class='ocrx_word' id='word_1_882' title='bbox 756 5648 982 5717; x_wconf 76' lang='lat' dir='ltr'>belluas;</span> <span class='ocrx_word' id='word_1_883' title='bbox 1014 5653 1185 5717; x_wconf 90' lang='lat' dir='ltr'>atque</span> <span class='ocrx_word' id='word_1_884' title='bbox 1224 5647 1374 5717; x_wconf 86' lang='lat' dir='ltr'>ipsos</span> <span class='ocrx_word' id='word_1_885' title='bbox 1414 5650 1535 5699; x_wconf 90' lang='lat' dir='ltr'>tum</span> <span class='ocrx_word' id='word_1_886' title='bbox 1567 5644 1681 5698; x_wconf 91' lang='lat' dir='ltr'>oris</span> <span class='ocrx_word' id='word_1_887' title='bbox 1762 5642 2083 5698; x_wconf 89' lang='lat' dir='ltr'>verberibus</span> <span class='ocrx_word' id='word_1_888' title='bbox 2106 5659 2171 5697; x_wconf 80' lang='lat' dir='ltr'>ac</span> <span class='ocrx_word' id='word_1_889' title='bbox 2199 5638 2495 5701; x_wconf 88' lang='lat' dir='ltr'>tormentis</span> <span class='ocrx_word' id='word_1_890' title='bbox 2533 5635 2736 5691; x_wconf 72' lang='lat' dir='ltr'>aﬁ‘ecit.</span> <span class='ocrx_word' id='word_1_891' title='bbox 2770 5634 2906 5700; x_wconf 66' lang='lat' dir='ltr'>Quae</span> <span class='ocrx_word' id='word_1_892' title='bbox 2934 5638 3126 5688; x_wconf 89' lang='lat' dir='ltr'>tamen</span> <span class='ocrx_word' id='word_1_893' title='bbox 3171 5630 3253 5686; x_wconf 91' lang='lat' dir='ltr'>illi</span> <span class='ocrx_word' id='word_1_894' title='bbox 3281 5630 3362 5684; x_wconf 91' lang='lat' dir='ltr'>sic</span> 
     </span>
    </p>
   </div>
  </div>
