3878 6392
469 351 566 430 53'i
1484 348 1583 429 ﬁt
1617 350 1806 432 vitis
1845 350 2143 448 tamira
2177 352 2390 434 Libas
2427 344 2717 432 nitidus.
3642 367 3738 422 532

458 489 830 574 perttilerunt,
861 488 924 553 ut
950 495 1144 552 eorum
1173 493 1347 554 animi
1377 491 1548 554 robur
1575 516 1638 554 ac
1660 496 1925 557 fortitudo
1945 503 2050 575 ipsi
2067 510 2117 566 Α
2205 505 2319 560 Rex
2331 499 2519 558 autem
2538 501 2618 555 ait
2638 521 2648 554 :
2667 497 2777 554 Vos
2795 480 2856 552 ut
2869 478 3161 569 pestiferos
3177 473 3518 550 homin'esac‘
3536 470 3734 565 populi

464 579 685 661 quoque
713 593 952 660 tyranno
993 580 1424 643 admirationem
1468 596 1734 646 moveret.
1778 591 1917 646 Cum
1952 607 2054 646 au-
2139 595 2458 648 seductores
2479 583 2973 664 suppliciisafﬁcio,
3000 583 3262 664 quoniam
3290 602 3487 638 omnes
3511 581 3572 636 in
3591 581 3738 636 frau-

460 686 575 760 tem
606 678 797 732 multis
827 674 997 731 illatis
1027 678 1312 748 suppliciis
1343 695 1436 730 eos
1466 685 1659 733 tamen
1690 682 1912 734 flectere
1943 695 2054 736 non
2136 686 2260 737 dem
2296 665 2780 753 impellit.is,atque
2805 678 2978 730 avitze
2997 667 3446 760 jucunditatibus
3464 669 3734 758 avocatis,

460 750 750 839 po‘tu‘isset,
769 777 871 820 nec
897 762 1192 838 quiaquam‘
1215 761 1362 821 inter
1389 785 1483 820 eos
1514 767 1769 822 inventus
1797 769 1942 824 esset
1959 771 2052 842 qui
2137 790 2200 826 ac
2220 788 2318 843 pro
2340 769 2488 824 dulci
2503 770 2617 824 vita
2637 775 2693 822 et
2710 757 3040 821 suavissima
3054 750 3360 838 cupiditate
3373 761 3480 816 huc
3503 778 3602 814 eos
3624 756 3738 813 adi-

457 853 815 932 Ba'rlaamum'
846 852 952 927 ipsi
981 857 1274 910 Ostendere
1313 849 1634 922 sustineret,
1677 859 1930 929 arreptos
1959 876 2053 914 eos
2134 863 2285 932 gitis,
2309 866 2373 915 ut
2391 859 2590 914 duram
2615 857 2671 911 et
2700 855 2982 910 sordidam
3009 859 3178 926 atque
3196 853 3575 907 airumnosam
3591 844 3735 902 hanc

455 922 528 1001 ad
554 957 744 1016 regem
771 937 915 1008 duci,
960 950 1128 1015 atque
1159 936 1306 998 inter
1333 946 1579 1000 eundum
1609 943 1824 1017 percuti
1853 955 2050 1002 contu-
2138 951 2260 1004 vitae
2310 939 2583 1002 rationem
2621 945 3029 1017 amplexentur,
3061 941 3407 1030 deorumque
3455 936 3731 1030 honorem

455 1026 749 1106 meliisque
780 1031 926 1088 afﬁci
945 1027 1122 1104 jubet,
1151 1030 1517 1106 reliquiarum
1548 1035 1717 1090 etiam
1740 1053 1931 1106 peram
1963 1035 2050 1090 in-
2135 1042 2262 1093 Jesu
2284 1038 2643 1092 tribuendum
2661 1053 2782 1088 esse
2803 1033 3135 1105 praedicatis.
3159 1021 3451 1095 Quocirca,
3474 1021 3547 1082 ne
3561 1044 3736 1099 popu-

452 1119 616 1178 terim
647 1121 952 1195 gestantes.

2156 1147 2235 1184 us.
2263 1130 2628 1198 imposturam
2662 1129 2898 1177 vestram
2929 1137 3188 1192 sequens,
3219 1117 3501 1172 desertam
3518 1121 3731 1198 teriam

523 1216 654 1268 CAP.
683 1215 884 1281 XXIII.
923 1245 963 1255 --
1005 1213 1320 1282 lnterjectis
1343 1213 1531 1282 itaque
1553 1214 1702 1266 haud
1726 1216 1916 1284 paucis
1937 1214 2050 1268 die-
2131 1195 2430 1289 relinquat,
2448 1222 2617 1284 atque
2639 1231 2671 1266 a
2687 1211 2881 1284 patriis
2901 1209 3007 1264 diis
3027 1197 3308 1289 deficiens,
3325 1209 3575 1262 alienum
3601 1195 3732 1259 ado-

448 1298 573 1368 biis,
601 1299 670 1356 ad
693 1297 879 1371 regem
899 1299 1049 1371 ipsos
1070 1294 1319 1363 adduxit,
1343 1301 1521 1371 deque
1543 1319 1734 1355 eorum
1756 1309 1903 1358 statu
1919 1303 2046 1358 eum
2133 1313 2234 1372 ret,
2287 1287 2572 1378 suppliciis
2623 1323 2718 1358 vos
2748 1321 2810 1357 ac
2837 1307 3017 1356 morte
3053 1287 3292 1354 multare
3337 1297 3572 1367 dignum
3606 1311 3729 1348 esse

448 1389 746 1446 certiorem
767 1383 916 1445 fecit.
941 1393 1019 1444 Ac
1035 1389 1234 1443 deinde
1260 1386 1363 1460 ipsi
1378 1391 1733 1444 acerbissima
1757 1391 2047 1447 iracundia
2124 1397 2389 1467 judicavi.
2416 1395 2719 1448 Monachus
2748 1398 2936 1445 autem
2974 1389 3158 1460 inquit
3189 1407 3199 1440 :
3237 1385 3294 1440 Si
3323 1401 3519 1438 omnes
3551 1383 3728 1437 bono-

446 1474 797 1534 irlllamniato
821 1497 914 1532 eos
944 1477 1109 1533 sistit.
1143 1471 1352 1542 Quibus
1391 1481 1711 1550 perspectis,
1747 1481 1868 1552 ipse
1898 1483 2044 1536 indi-
2129 1503 2252 1538 rum
2286 1485 2515 1553 hujusce
2563 1484 2690 1536 vita:
2735 1481 3034 1553 participes
3079 1494 3200 1531 esse
3242 1475 3416 1546 cupis,
3463 1490 3566 1527 cur
3612 1489 3726 1526 non

445 1559 714 1640 gﬁatior‘ie
745 1575 1006 1632 aestuans,
1042 1569 1278 1622 furentis
1303 1567 1544 1622 hominis
1571 1569 1811 1639 speciem
1839 1570 2046 1642 przebe-
2127 1573 2386 1627 omnibus
2415 1590 2478 1625 ex
2517 1588 2674 1642 aequo
2712 1569 2938 1623 delicias
2986 1573 3042 1621 et
3081 1565 3213 1637 opes
3259 1571 3386 1618 tuas
3423 1562 3728 1634 impertis?

444 1659 561 1712 bat.
627 1647 880 1727 Cumque
935 1657 1084 1728 ipsos
1133 1655 1516 1710 crudelissime
1571 1657 1705 1711 caedi
1757 1659 2038 1729 jussisset,
2127 1664 2333 1716 Verum
2363 1662 2460 1715 alii
2482 1661 2706 1732 quidem
2740 1654 3137 1729 quamplurimi
3171 1657 3503 1726 paupertate
3536 1651 3727 1705 conﬂi-

445 1738 814 1819 posteaquam
831 1745 1010 1816 plagis
1029 1752 1274 1798 atrocem
1298 1743 1352 1798 in
1379 1747 1604 1800 modum
1622 1749 1868 1801 concisos
1883 1749 2094 1819 vidit,“
2126 1758 2369 1817 ctantur,
2398 1755 2460 1804 tu
2493 1767 2620 1803 vero
2652 1749 2898 1819 ipsorum
2931 1745 3222 1799 facultates
3251 1761 3352 1817 per
3371 1741 3481 1794 vim
3501 1746 3723 1810 ereptas

445 1836 530 1890 vix
557 1827 784 1889 tandem
807 1853 875 1888 ex
895 1833 1108 1905 ingenti
1137 1835 1324 1888 furore
1345 1851 1655 1904 emergens,
1689 1811 2098 1892 carniﬁcibusB
2123 1827 2236 1894 tuis
2265 1839 2332 1894 ad
2335 1839 2525 1910 jungis
2546 1837 2570 1892 ?
2595 1839 2670 1892 Ex
2689 1854 2796 1912 quo
2817 1833 3174 1908 perspicuum
3203 1838 3288 1886 est
3311 1836 3366 1884 te
3397 1829 3596 1884 salutis
3623 1836 3724 1900 po-

442 1915 770 1979 verberandi
801 1925 969 1978 ﬁnem
995 1917 1175 1977 facere
1198 1924 1514 1995 imperavit,
1541 1933 1708 1996 atque
1729 1925 1799 1980 ad
1817 1944 1909 1980 eos
1931 1927 2034 1982 ait:
2124 1929 2242 1999 puli
2271 1945 2406 1982 cura
2437 1926 2668 1980 minime
2695 1924 2870 1992 tangi,
2903 1939 3098 1976 verum
3129 1936 3356 1974 carnem
3393 1925 3554 1972 tuam
3581 1917 3728 1987 sagi-

443 2005 698 2078 Qdanam
721 2014 789 2066 de
809 2029 979 2067 causa
997 2011 1114 2067 haec
1135 2019 1485 2084 mortuorum
1504 2031 1632 2067 ossa
1648 2014 1838 2080 295
1858 2022 2041 2084 gesta-
2123 2035 2278 2082 nare,
2304 2016 2600 2070 materiam
2631 2014 2887 2067 videlicet
2933 2007 3242 2065 corrosuris
3268 2007 3554 2061 vermibus
3581 2013 3729 2080 prae-

437 2097 548 2156 tis?
569 2103 627 2157 Si
648 2115 862 2168 eorum,
886 2103 952 2156 ad
980 2114 1118 2173 quos
1140 2079 1710 2172 pertinentdesiderio
1731 2079 1846 2158 haec
1860 2079 2034 2170 tertis,
2124 2079 2437 2177 parantem.
2470 2108 2548 2158 Ac
2577 2109 2875 2175 propterea
2898 2102 3151 2154 omnium
3179 2095 3296 2154 Deo
3321 2079 3607 2168 abjurato,
3633 2113 3729 2150 eos

438 2192 542 2246 hac
561 2185 682 2262 ipsa
704 2189 843 2246 hora
861 2207 957 2244 vos
980 2191 1148 2245 etiam
1171 2189 1297 2245 cum
1315 2188 1426 2245 illis
1446 2189 1744 2258 collocabo,
1779 2188 1858 2249 ut.
1887 2199 2039 2247 voto-
2123 2196 2216 2266 qui
2238 2213 2348 2250 non
2371 2199 2518 2258 sunt,
2537 2200 2593 2247 et
2614 2193 2709 2266 qui
2731 2208 2896 2245 omne
2927 2187 3270 2276 ﬂagitiorum
3287 2203 3468 2257 genus
3501 2187 3726 2239 invene-

437 2284 566 2335 rum
594 2277 907 2335 vestrorum
941 2273 1226 2350 compotes
1261 2281 1461 2342 effecti,
1493 2282 1733 2351 gratiam
1771 2281 1907 2336 mihi
1934 2284 2036 2337 ha-
2121 2288 2270 2348 runt,
2305 2280 2437 2337 deos
2459 2282 2769 2354 appellasti,
2795 2286 2858 2334 ut
2880 2279 3014 2334 dum
3038 2270 3106 2332 ad
3129 2293 3324 2331 eorum
3342 2270 3724 2359 imitationem

438 2363 636 2424 beatis.
669 2358 880 2446 Divinas
912 2364 1101 2424 autem
1131 2369 1281 2423 illius
1311 2371 1554 2424 cohortis
1583 2371 1690 2426 dux
1735 2377 1902 2442 atque
1932 2389 2033 2426 an-
2121 2361 2414 2426 libidinose
2444 2390 2507 2426 ac
2535 2367 2812 2440 ﬂagitiose
2844 2369 3001 2430 vivis,
3034 2367 3090 2421 id
3119 2365 3460 2437 asseq‘uaris,
3493 2369 3561 2418 ut
3589 2358 3727 2446 deo-

437 2461 600 2514 tistes
626 2453 810 2530 regias
839 2455 1022 2514 minas
1061 2475 1160 2530 pro
1188 2451 1361 2512 nihilo
1391 2459 1598 2513 ducens
1636 2460 1868 2530 perinde
1901 2478 1964 2514 ac
1990 2461 2036 2515 si
2121 2480 2246 2517 rum
2277 2459 2530 2516 imitator
2558 2478 2678 2514 esse
2708 2458 3044 2531 prmdiceris.
3078 2453 3222 2510 Nam
3247 2453 3381 2532 quid
3403 2449 3597 2508 afferri
3628 2469 3730 2524 po-

439 2539 579 2622 nihil
603 2547 709 2619 ipsi
735 2533 950 2602 adversi
971 2543 1312 2617 contigisset,
1339 2547 1655 2602 liberavoce
1673 2547 2037 2620 acsplendido
2121 2557 2252 2617 test,
2283 2551 2415 2622 quin
2467 2568 2588 2622 quae
2619 2548 2788 2602 vestri
2818 2536 2896 2602 dii
2943 2547 3212 2608 fecerunt,
3262 2543 3460 2624 eadem
3503 2551 3730 2614 quoque

440 2624 618 2703 vultu,
649 2627 1004 2706 gratiamque
1023 2638 1081 2690 in
1111 2635 1288 2707 ipsius
1309 2637 1498 2690 anima
1517 2632 1852 2692 insidentem
1873 2631 2041 2708 signi-
2124 2642 2398 2706 homines,
2425 2639 2519 2710 qui
2551 2639 2685 2710 ipsis
2714 2637 2966 2691 animum
2987 2631 3276 2706 adjiciunt,
3312 2629 3561 2710 faciant?
3583 2632 3730 2696 Qua-

443 2717 665 2791 ﬁcant‘e,
701 2714 952 2802 adhunc
999 2725 1227 2779 modum
1274 2718 1564 2796 respondit
1601 2745 1612 2779 :
1647 2711 1774 2780 Haec
1814 2741 1954 2798 pura
1986 2733 2044 2782 et
2125 2736 2354 2802 prepter
2377 2727 2435 2782 in
2479 2745 2682 2798 magno
2729 2725 2975 2798 profecto
3016 2740 3204 2777 errore
3231 2718 3495 2789 versaris,
3528 2739 3562 2775 ο
3607 2719 3724 2774 rex.

443 2805 640 2870 sancta
669 2831 795 2868 ossa
815 2799 1020 2868 idcirco
1051 2815 1513 2878 circumierimus,
1539 2822 1602 2869 ut
1624 2807 2040 2870 admirabilium
2124 2799 2348 2874 'Ver—eris
2379 2825 2568 2872 autem
2598 2835 2667 2870 ne
2698 2816 2967 2886 quosdam
2991 2811 3286 2886 populares
3313 2817 3441 2865 tuos
3472 2810 3724 2864 adduca-

440 2893 712 2970 viroriiiii,
746 2913 984 2974 quorum
1023 2904 1147 2974 ipsa
1190 2891 1340 2967 sunt,
1383 2891 1721 2958 desiderium
1759 2911 2041 2976 utcunque
2125 2926 2251 2963 mus
2271 2913 2335 2961 ut
2364 2908 2570 2961 nostris
2596 2905 2833 2960 decretis
2862 2902 3248 2966 assentientes,
3293 2917 3327 2954 a
3349 2907 3447 2954 tuo
3480 2900 3726 2970 imperio

442 2987 740 3067 leniamus,
762 3005 1067 3062 eorumque
1079 2985 1396 3061 religiosam
1411 2994 1885 3058 exercitationem,
1905 2975 2044 3049 Deo-
2124 2995 2452 3063 desciscant,
2469 3002 2637 3067 atque
2667 2975 2740 3048 ad
2771 2996 2892 3064 ejus
2913 2993 3008 3064 qui
3029 2989 3218 3046 omnia
3247 2987 3498 3044 continet
3519 3005 3586 3042 ac
3608 2995 3728 3043 tue-

445 3065 554 3155 que
585 3070 814 3136 Charaxi:
847 3079 1016 3134 vitam
1062 3079 1221 3134 nobis
1251 3082 1309 3134 in
1349 3081 1678 3136 memoriam
1700 3099 2040 3150 revocamus,
2061 3095 2102 3158 λη
2124 3094 2220 3141 tur
2250 3093 2438 3158 partes
2459 3103 2517 3139 se
2545 3065 2874 3154 adjungant.
2895 3081 3066 3153 Cupis
3085 3077 3232 3136 enim
3249 3079 3454 3133 multos
3475 3077 3728 3132 teavari~

445 3179 616 3243 atque
643 3159 712 3224 ad
731 3157 984 3241 ejhsdcm
1000 3171 1124 3224 vitae
1149 3170 1396 3224 studium
1421 3188 1522 3225 nos
1543 3172 1694 3242 ipsos
1715 3163 2038 3240 excitemUS,
2061 3157 2104 3188 υ
2127 3177 2220 3230 tia:
2240 3157 2350 3230 tuae
2373 3174 2733 3229 administros
2747 3171 2971 3237 habere,
2997 3175 3061 3224 ut
3077 3169 3179 3241 ipsi
3197 3169 3422 3240 quidem
3437 3184 3734 3248 aerumnas

445 3255 512 3316 ac
531 3259 784 3332 requiem
813 3259 937 3314 eam
969 3265 1024 3314 et
1051 3257 1279 3314 delicias
1309 3274 1404 3313 eas
1436 3259 1493 3314 in
1516 3262 1716 3331 quibus
1750 3279 1899 3316 nunc
1922 3278 2045 3316 ver-
2131 3264 2386 3328 subeant,
2420 3257 2521 3318 tibi
2551 3264 2738 3318 autem
2777 3277 2971 3315 eorum
3001 3276 3170 3330 opera
3199 3255 3445 3330 quaestus
3476 3273 3730 3327 augean-

446 3338 646 3406 saritur
675 3336 744 3404 ob
777 3349 967 3430 oculos
1014 3345 1174 3402 nobis
1202 3357 1596 3420 proponentes,
1629 3346 1777 3422 ipsos
1821 3349 2047 3422 quidem
2130 3360 2225 3408 tur
2252 3374 2262 3408 :
2291 3337 2764 3424 quemadmodum
2779 3347 3034 3430 videlicet
3059 3349 3104 3402 si
3135 3347 3616 3430 quispiamcanes
3634 3349 3732 3399 aut

445 3438 641 3493 beatos
667 3425 1050 3510 prtedicamus,
1086 3437 1186 3491 nos
1215 3437 1405 3492 autem
1437 3434 1505 3492 ad
1533 3439 1817 3510 sequenda
1851 3457 2048 3495 eorum
2131 3461 2260 3498 aves
2291 3443 2359 3496 ad
2387 3439 2632 3514 praedam
2671 3441 2946 3494 cicuratas
2977 3423 3154 3504 alens,
3187 3454 3281 3520 eos
3331 3417 3570 3520 quidem.
3600 3440 3732 3488 ante

448 3515 685 3604 vestigia
704 3518 805 3580 nos
821 3526 971 3598 ipsos
989 3533 1184 3580 mutuo
1205 3525 1478 3582 acuimus.
1502 3529 1647 3592 Quin
1663 3525 1833 3582 etiam
1853 3531 2049 3584 mortis
2130 3533 2376 3604 praedam
2392 3525 2730 3599 demulceat,
2758 3536 3125 3601 posteaquam
3147 3517 3330 3580 autem
3359 3515 3572 3596 aliquid
3594 3524 3736 3578 arri-

451 3601 801 3681 memoriam,
827 3633 950 3686 quae
970 3613 1334 3686 permagnam
1350 3605 1654 3670 utilitatem
1677 3608 1856 3684 affert,
1882 3625 2050 3689 atque
2130 3601 2376 3692 puerint.
2409 3638 2474 3674 ex
2503 3637 2598 3674 ore
2641 3618 2886 3690 praedam
2918 3615 3050 3688 ipsis
3083 3617 3428 3687 extorqueat.
3461 3613 3549 3668 Ad
3578 3631 3736 3667 eum-

453 3699 523 3760 ad
553 3697 841 3779 religiosae
857 3702 982 3758 vitae
1021 3705 1328 3758 certamina
1373 3713 1660 3777 promptos
1687 3723 1788 3760 nos
1818 3723 1882 3762 ac
1903 3697 2053 3762 velut
2133 3712 2260 3764 dem
2281 3707 2429 3764 enim
2451 3705 2679 3762 modum
2698 3703 2761 3762 tu
2785 3723 3004 3779 quoque
3025 3705 3230 3759 multos
3246 3701 3453 3758 habere
3473 3702 3732 3774 cupiens,

453 3797 728 3867 pennatos
749 3777 954 3862 reddit,
975 3785 1133 3848 nobis
1149 3795 1280 3848 hinc
1297 3793 1704 3866 camparamus,
1735 3809 1800 3850 ac
1826 3798 2055 3868 prieter-
2135 3799 2229 3870 qui
2260 3793 2360 3852 tibi
2388 3795 2592 3869 partim
2611 3815 2640 3850 e
2669 3777 2838 3861 terra,
2872 3793 3078 3872 partim
3098 3811 3129 3872 e
3157 3791 3299 3872 mari
3326 3791 3541 3846 tributa
3562 3791 3622 3845 et
3642 3809 3737 3846 ve-

455 3881 522 3938 ea
549 3879 613 3938 ex’
642 3882 836 3937 eoruiﬂ
862 3877 1120 3937 contactu
1153 3873 1506 3938 sanctitatem
1541 3885 1854 3940 haurimus.
2137 3869 2363 3959 ctigalia
2391 3887 2663 3954 deferant,
2718 3883 2800 3939 ais
2839 3869 3064 3955 quidem
3107 3869 3210 3936 tibi
3248 3897 3442 3936 eorum
3494 3882 3739 3940 salutem

527 3960 772 4026 Rursum
803 3967 977 4042 igitur
1004 3990 1099 4026 rex
1126 3991 1136 4025 :
1165 3969 1242 4038 Si,
1270 3963 1472 4043 inquit,
1508 3975 1702 4028 mortis
1741 3968 2054 4030 recordatio
2138 3995 2284 4032 curae
2317 3994 2458 4042 esse,
2487 3971 2754 4036 caeterum
2781 3972 3188 4045 sempiternum
3215 3971 3370 4044 ipsis,
3405 3971 3741 4042 priusquam

458 4055 644 4114 vestra
663 4058 944 4114 sententia
965 4051 1266 4115 utilitatem
1289 4063 1455 4133 parit,
1481 4063 1749 4132 quidnam
1772 4077 1950 4119 causa:
1973 4069 2059 4119 est
2140 4067 2309 4120 etiam
2339 4065 2440 4119 tibi
2471 4065 2576 4136 ipsi
2606 4063 2838 4118 exitium
2879 4064 3132 4127 accersis,
3166 4058 3380 4132 tibique
3419 4051 3560 4114 illud
3601 4062 3741 4115 satis

460 4147 562 4204 cur
579 4145 693 4202 non
723 4149 780 4202 in
807 4160 1102 4220 corporum
1125 4149 1310 4220 potius
1334 4157 1647 4206 vestrorum
1678 4153 1910 4220 ossibus,
1935 4171 2056 4225 qua:
2141 4161 2243 4220 est,
2277 4161 2340 4210 ut
2367 4173 2500 4228 opes
2530 4153 2724 4225 quovis
2753 4159 2998 4228 stercore
3023 4168 3087 4205 ac
3116 4167 3273 4204 emno
3293 4147 3517 4203 viliores
3535 4147 3640 4224 tibi
3668 4147 3742 4202 af-

461 4231 652 4290 vcstra
679 4242 830 4303 sunt,
865 4250 929 4290 ac
974 4240 1299 4309 propediem
1330 4229 1658 4304 interibunt,
1694 4253 1859 4312 quam
1888 4241 1946 4296 in
1976 4243 2062 4297 his
2145 4247 2342 4313 ﬂuant,
2385 4225 2486 4298 nec
2539 4238 2936 4297 animadvertis
2978 4225 3034 4294 te
3067 4235 3292 4294 luminis
3319 4239 3441 4292 loco
3479 4238 3742 4292 tenebras

464 4326 664 4406 alienis
693 4315 863 4397 atque
889 4328 1165 4406 corruptis
1195 4325 1338 4382 hanc
1367 4331 1700 4384 memoriam
1737 4333 2064 4402 usurpatis?
2146 4333 2456 4406 complecti.
2477 4334 2685 4387 Verum
2708 4349 2774 4386 ex
2799 4315 2902 4384 hoc
2925 4327 3080 4400 gravi
3095 4345 3309 4393 somno,
3333 4345 3544 4400 quaeso,
3561 4345 3741 4382 emer-

536 4400 846 4490 itespoh'dit
875 4403 1180 4471 monachus
1210 4436 1220 4469 :
1254 4406 1395 4472 Cum
1426 4419 1672 4490 quinque
1700 4400 1897 4474 cansas
1922 4428 2128 4494 attu-_\
2145 4442 2234 4494 ge,
2267 4400 2594 4494 clausosque
2625 4405 2748 4476 tuos
2768 4415 2956 4474 oculos
2986 4417 3159 4489 aperi,
3190 4434 3254 4471 ac
3281 4416 3382 4471 Dei
3411 4417 3596 4470 nostri
3623 4413 3742 4488 glo-

464 4503 628 4562 lérim
659 4497 1026 4578 qnamobrem
1071 4505 1336 4577 reliquias
1373 4507 1850 4576 circumferamus,
1895 4515 1954 4565 tu
1993 4487 3382 4580 adDriam,omnibusundiqueillucentem,cerne,
3401 4505 3743 4578 tandemque

465 4596 635 4651 unam
669 4585 940 4651 duntaxat
970 4597 1334 4667 respondens,
1367 4588 1574 4651 cavillis
1621 4597 1678 4652 in
1728 4615 1828 4654 nos
1865 4599 2059 4656 uteris.

463 4673 674 4741 verum
691 4672 1022 4758 expressius,
1054 4675 1191 4740 mihi
1215 4687 1398 4753 crede,
1423 4703 1617 4741 eorum
1635 4689 1728 4760 qui
1745 4687 1862 4759 jam
1882 4687 2065 4743 deces—

468 4763 663 4828 serunt
691 4781 814 4828 ossa’
843 4769 1038 4830 mortis
1077 4776 1406 4830 memoriam
1438 4773 1862 4848 repraesentant,
1895 4795 2062 4848 quam

470 4861 665 4916 eorum
712 4850 806 4934 qu'i
852 4863 1022 4934 hujus
1067 4865 1191 4918 vitae
1237 4883 1412 4919 usura
1447 4861 1730 4920 fruuntur.
1787 4868 2064 4921 Caeterum

470 4935 738 5023 quoniam
767 4953 830 5006 tu
858 4948 926 5006 de
957 4949 1042 5006 his
1065 4953 1146 5006 ita
1173 4953 1392 5018 statuis,
1425 4960 1594 5026 atque
1623 4973 1751 5009 ossa
1779 4973 1844 5009 ea
1865 4971 1986 5028 quae
2005 4955 2063 5010 in

470 5041 637 5120 carne
664 5045 764 5120 tua
793 5041 926 5120 sunt
952 5047 1190 5096 mortem
1219 5040 1319 5096 tibi
1355 5045 1527 5098 oculis
1564 5031 1851 5114 objiciunt,
1880 5047 1975 5116 qui
2003 5047 2067 5099 ﬁt

472 5127 536 5188 ut
563 5117 684 5202 ipse
699 5127 819 5202 jam'
843 5118 1075 5202 jamque
1104 5131 1345 5186 venturae
1371 5133 1568 5187 mortis
1589 5150 1822 5200 memor,
1853 5135 1967 5188 tuis
1984 5151 2067 5188 re-

469 5221 574 5276 bus
595 5211 745 5274 recte
774 5237 886 5274 non
921 5209 1197 5282 Consulas,
1227 5230 1418 5275 verum
1451 5221 1700 5276 animam
1731 5228 1887 5276 tuam
1914 5213 2066 5278 omni

471 5310 814 5391 ﬂagitiorum
837 5307 1031 5391 generi
1060 5295 1340 5364 addictam
1373 5301 1598 5370 habeas.
1641 5311 1742 5366 Dei
1765 5317 1863 5366 aut
1891 5310 2068 5367 culto-

475 5384 564 5454 res
593 5417 656 5453 ac
684 5384 909 5472 pietatis
941 5384 1236 5463 studiosos,
1264 5399 1360 5469 qui
1384 5406 1440 5454 te
1465 5401 1604 5454 nihil
1625 5402 1905 5467 lazserunt,
1930 5399 2068 5456 nihil

476 5474 832 5560 praesentium
862 5488 1049 5542 rerum
1073 5495 1254 5542 tecum
1276 5501 1570 5544 commune
1593 5487 1818 5555 habent,
1843 5497 1942 5545 aut
1969 5489 2068 5546 tibi

2148 4601 2448 4674 aliquando
2469 4601 2537 4654 ad
2567 4599 2809 4671 teipsum
2841 4597 2979 4651 redi.
3009 4594 3312 4674 Intelligite.
3335 4594 3508 4660 enim,
3537 4594 3739 4668 inquit,

2151 4669 2547 4762 insipientesin
2567 4669 2790 4760 populo,
2811 4691 2868 4740 et
2886 4684 3040 4739 stulti
3053 4669 3352 4754 aliquando
3371 4681 3557 4754 sapite
3583 4685 3739 4750 (Psal.

2149 4784 2353 4848 xxxix).
2406 4777 2549 4832 Illud
2595 4777 2756 4842 scias,
2798 4773 2971 4829 alium
3014 4775 3181 4828 deum
3223 4789 3333 4826 non
3381 4789 3506 4826 esse
3545 4775 3745 4842 praeter

2147 4869 2326 4923 Deum
2356 4873 2610 4922 nostrum
2641 4869 2800 4934 (Psal.
2840 4867 2994 4949 xvii),
3025 4879 3126 4917 nec
3167 4853 3359 4928 ullam,
3395 4861 3504 4916 nisi
3533 4863 3595 4916 in
3630 4861 3742 4934 ipso

2147 4958 2383 5013 salutem
2399 5003 2410 5014 .

2218 5048 2333 5102 Rex
2359 5053 2548 5100 autem
2575 5063 2587 5099 :
2619 5038 2836 5108 Stultis,
2871 5043 3070 5114 inquit,
3117 5041 3205 5096 his
3233 5040 3350 5094 tuis
3378 5038 3546 5110 nugis
3578 5035 3740 5094 finem

2146 5137 2393 5208 impone,
2425 5153 2489 5189 ac
2517 5134 2654 5188 mihi
2689 5133 2944 5205 protinus
2973 5132 3332 5186 Barlaamum
3364 5130 3623 5194 ostende,
3657 5121 3742 5183 aut

2151 5225 2362 5296 alioqui
2391 5222 2667 5296 ejusmodi
2697 5238 2988 5294 pinnarum
3019 5221 3396 5274 instrumenta
3422 5218 3741 5290 experieris,

2153 5332 2391 5385 quorum
2414 5330 2701 5386 nunquam
2721 5299 2818 5366 abs
2838 5317 2893 5364 te
2923 5307 3231 5382 periculum
3262 5308 3468 5361 factum
3490 5315 3597 5362 est.
3625 5305 3745 5362 For-

2150 5403 2401 5458 tissimus
2419 5407 2605 5457 autem
2633 5398 2744 5468 ille,
2769 5418 2831 5454 ac
2853 5395 3139 5472 praestanti
3157 5395 3330 5452 animi
3359 5397 3744 5465 magnitudine

2153 5493 2480 5556 monachus,
2513 5492 2861 5562 coelestisque
2903 5485 3264 5561 philosophiae
3294 5490 3516 5540 amator
3554 5481 3626 5539 ob
3671 5502 3746 5539 re-

477 5573 693 5657 eripere
721 5565 1084 5656 contendunt,
1115 5571 1423 5632 immanem
1457 5586 1513 5632 et
1551 5579 1832 5634 crudelem
1861 5581 1921 5634 in
1957 5597 2071 5636 mo-
2152 5582 2275 5657 gias
2305 5579 2487 5636 minas
2517 5573 2670 5636 nullo
2713 5579 2878 5634 modo
2920 5580 2988 5631 de
3023 5567 3300 5657 sententia
3339 5563 3742 5657 dimovebatur,

636 5637 705 5720 ile
734 5651 919 5720 taedio
943 5637 1140 5720 tollas?

2155 5651 2252 5725 sed
2273 5658 2552 5744 intrepido
2575 5661 2797 5742 pectore
2823 5658 2996 5736 stans,
3227 5651 3447 5723 dicebat
3470 5684 3482 5718 :
3514 5651 3596 5720 Ea
3623 5665 3744 5736 quae
