  <div class='ocr_page' id='page_1' title='image "/cluster/home/n/w/nwhite01/storage/ocr_20150623/73/umn.31951002477366m/272.png"; bbox 0 0 3878 6396; ppageno 0'>
   <div class='ocr_carea' id='block_1_1' title="bbox 122 326 3360 408">
    <p class='ocr_par' dir='ltr' id='par_1_1' title="bbox 122 326 3360 408">
     <span class='ocr_line' id='line_1_1' title="bbox 122 326 3360 408; baseline 0.005 -16"><span class='ocrx_word' id='word_1_1' title='bbox 122 352 210 408; x_wconf 72' lang='lat'>533</span> <span class='ocrx_word' id='word_1_2' title='bbox 484 342 654 398; x_wconf 81' lang='lat' dir='ltr'>VITA</span> <span class='ocrx_word' id='word_1_3' title='bbox 695 337 1135 394; x_wconf 88' lang='lat' dir='ltr'>SANCTORUM</span> <span class='ocrx_word' id='word_1_4' title='bbox 1174 331 1522 391; x_wconf 61' lang='lat' dir='ltr'>BARI-AAM</span> <span class='ocrx_word' id='word_1_5' title='bbox 1561 326 1902 384; x_wconf 66' lang='lat' dir='ltr'>EREMITIE</span> <span class='ocrx_word' id='word_1_6' title='bbox 1938 331 2026 385; x_wconf 91' lang='lat' dir='ltr'><strong>ET</strong></span> <span class='ocrx_word' id='word_1_7' title='bbox 2063 333 2431 393; x_wconf 80' lang='lat' dir='ltr'>JOSAPHAT</span> <span class='ocrx_word' id='word_1_8' title='bbox 2469 339 2692 397; x_wconf 71' lang='lat' dir='ltr'>INDIE</span> <span class='ocrx_word' id='word_1_9' title='bbox 2732 343 2962 400; x_wconf 89' lang='lat' dir='ltr'>REGIS.</span> <span class='ocrx_word' id='word_1_10' title='bbox 3256 350 3360 408; x_wconf 59' lang='grc'>53⁵4</span> 
     </span>
    </p>
   </div>
   <div class='ocr_carea' id='block_1_2' title="bbox 116 453 3427 544">
    <p class='ocr_par' dir='ltr' id='par_1_2' title="bbox 116 453 3427 544">
     <span class='ocr_line' id='line_1_2' title="bbox 116 453 3427 544; baseline 0.012 -52"><span class='ocrx_word' id='word_1_11' title='bbox 116 495 144 531; x_wconf 64' lang='lat'><strong>8</strong></span> <span class='ocrx_word' id='word_1_12' title='bbox 162 483 210 530; x_wconf 50' lang='lat' dir='ltr'><strong>te</strong></span> <span class='ocrx_word' id='word_1_13' title='bbox 229 473 508 544; x_wconf 52' lang='lat' dir='ltr'>iubentur,</span> <span class='ocrx_word' id='word_1_14' title='bbox 539 486 572 523; x_wconf 78' lang='grc' dir='ltr'>ο</span> <span class='ocrx_word' id='word_1_15' title='bbox 601 483 716 537; x_wconf 56' lang='lat' dir='ltr'>rex,</span> <span class='ocrx_word' id='word_1_16' title='bbox 748 469 954 533; x_wconf 52' lang='lat' dir='ltr'>facere,</span> <span class='ocrx_word' id='word_1_17' title='bbox 983 468 1212 524; x_wconf 65' lang='lat' dir='ltr'>minime</span> <span class='ocrx_word' id='word_1_18' title='bbox 1253 488 1288 525; x_wconf 54' lang='grc' dir='ltr'><strong>δ</strong></span> <span class='ocrx_word' id='word_1_19' title='bbox 1329 473 1490 527; x_wconf 70' lang='lat' dir='ltr'>nobis</span> <span class='ocrx_word' id='word_1_20' title='bbox 1517 453 1736 530; x_wconf 63' lang='lat' dir='ltr'>indi.A</span> <span class='ocrx_word' id='word_1_21' title='bbox 1755 457 1987 512; x_wconf 81' lang='lat' dir='ltr'>comites</span> <span class='ocrx_word' id='word_1_22' title='bbox 2000 475 2125 513; x_wconf 88' lang='lat' dir='ltr'>eam</span> <span class='ocrx_word' id='word_1_23' title='bbox 2137 461 3359 532; x_wconf 82' lang='lat' dir='ltr'>celeritatemadhibueruntuthominemar-</span> <span class='ocrx_word' id='word_1_24' title='bbox 3421 472 3427 478; x_wconf 79' lang='grc'><em>’</em></span> 
     </span>
    </p>
   </div>
   <div class='ocr_carea' id='block_1_3' title="bbox 116 547 1647 634">
    <p class='ocr_par' dir='ltr' id='par_1_3' title="bbox 116 560 1630 632">
     <span class='ocr_line' id='line_1_3' title="bbox 116 560 1630 632; baseline -0.001 -14"><span class='ocrx_word' id='word_1_25' title='bbox 116 572 246 619; x_wconf 81' lang='lat' dir='ltr'>ctum</span> <span class='ocrx_word' id='word_1_26' title='bbox 270 569 370 626; x_wconf 83' lang='lat' dir='ltr'>est,</span> <span class='ocrx_word' id='word_1_27' title='bbox 394 561 489 614; x_wconf 76' lang='lat' dir='ltr'>sed</span> <span class='ocrx_word' id='word_1_28' title='bbox 505 571 626 630; x_wconf 64' lang='lat' dir='ltr'>Quae</span> <span class='ocrx_word' id='word_1_29' title='bbox 655 575 690 613; x_wconf 74' lang='grc' dir='ltr'><strong><em>ει</em></strong></span> <span class='ocrx_word' id='word_1_30' title='bbox 708 560 948 614; x_wconf 89' lang='lat' dir='ltr'>Domino</span> <span class='ocrx_word' id='word_1_31' title='bbox 963 567 1155 615; x_wconf 88' lang='lat' dir='ltr'>nostro</span> <span class='ocrx_word' id='word_1_32' title='bbox 1189 562 1464 632; x_wconf 83' lang='lat' dir='ltr'>imperata</span> <span class='ocrx_word' id='word_1_33' title='bbox 1495 570 1630 616; x_wconf 87' lang='lat' dir='ltr'>sunt</span> 
     </span>
    </p>
   </div>
   <div class='ocr_carea' id='block_1_4' title="bbox 1832 547 3363 634">
    <p class='ocr_par' dir='ltr' id='par_1_4' title="bbox 1832 554 3363 634">
     <span class='ocr_line' id='line_1_4' title="bbox 1832 554 3363 634; baseline 0.013 -33"><span class='ocrx_word' id='word_1_34' title='bbox 1832 556 2005 608; x_wconf 60' lang='lat' dir='ltr'>herent</span> <span class='ocrx_word' id='word_1_35' title='bbox 2033 568 2274 622; x_wconf 89' lang='lat' dir='ltr'>eumque</span> <span class='ocrx_word' id='word_1_36' title='bbox 2295 555 2367 607; x_wconf 84' lang='lat' dir='ltr'>ad</span> <span class='ocrx_word' id='word_1_37' title='bbox 2387 554 2571 624; x_wconf 86' lang='lat' dir='ltr'>ipsum</span> <span class='ocrx_word' id='word_1_38' title='bbox 2595 557 2955 614; x_wconf 81' lang='lat' dir='ltr'>adducerent.</span> <span class='ocrx_word' id='word_1_39' title='bbox 2989 563 3072 616; x_wconf 87' lang='lat' dir='ltr'>De</span> <span class='ocrx_word' id='word_1_40' title='bbox 3099 581 3208 634; x_wconf 88' lang='lat' dir='ltr'>quo</span> <span class='ocrx_word' id='word_1_41' title='bbox 3229 582 3363 620; x_wconf 83' lang='lat' dir='ltr'>cum</span> 
     </span>
    </p>
   </div>
   <div class='ocr_carea' id='block_1_5' title="bbox 113 640 3364 726">
    <p class='ocr_par' dir='ltr' id='par_1_5' title="bbox 113 640 3364 726">
     <span class='ocr_line' id='line_1_5' title="bbox 113 640 3364 726; baseline 0.008 -46"><span class='ocrx_word' id='word_1_42' title='bbox 113 654 192 724; x_wconf 64' lang='lat' dir='ltr'>qui</span> <span class='ocrx_word' id='word_1_43' title='bbox 219 667 312 706; x_wconf 60' lang='lat' dir='ltr'>nos</span> <span class='ocrx_word' id='word_1_44' title='bbox 335 649 716 721; x_wconf 53' lang='lat' dir='ltr'>temperantia,</span> <span class='ocrx_word' id='word_1_45' title='bbox 745 650 989 716; x_wconf 53' lang='lat' dir='ltr'>studere,</span> <span class='ocrx_word' id='word_1_46' title='bbox 1019 656 1192 721; x_wconf 61' lang='lat' dir='ltr'>atque</span> <span class='ocrx_word' id='word_1_47' title='bbox 1210 667 1403 704; x_wconf 62' lang='lat' dir='ltr'>omnes</span> <span class='ocrx_word' id='word_1_48' title='bbox 1425 653 1671 722; x_wconf 55' lang='grc' dir='ltr'>νοιυριδ,</span> <span class='ocrx_word' id='word_1_49' title='bbox 1755 640 2013 708; x_wconf 77' lang='lat' dir='ltr'>quisnam</span> <span class='ocrx_word' id='word_1_50' title='bbox 2038 650 2204 706; x_wconf 85' lang='lat' dir='ltr'>esset,</span> <span class='ocrx_word' id='word_1_51' title='bbox 2229 661 2510 714; x_wconf 83' lang='lat' dir='ltr'>quamque</span> <span class='ocrx_word' id='word_1_52' title='bbox 2541 647 2867 715; x_wconf 81' lang='lat' dir='ltr'>religionem</span> <span class='ocrx_word' id='word_1_53' title='bbox 2898 651 3122 718; x_wconf 81' lang='lat' dir='ltr'>coleret,</span> <span class='ocrx_word' id='word_1_54' title='bbox 3157 661 3364 726; x_wconf 83' lang='lat' dir='ltr'>etquo-</span> 
     </span>
    </p>
   </div>
   <div class='ocr_carea' id='block_1_6' title="bbox 109 733 3362 811">
    <p class='ocr_par' dir='ltr' id='par_1_6' title="bbox 109 733 3362 811">
     <span class='ocr_line' id='line_1_6' title="bbox 109 733 3362 811; baseline 0.002 -18"><span class='ocrx_word' id='word_1_55' title='bbox 109 750 176 796; x_wconf 82' lang='lat' dir='ltr'>tes</span> <span class='ocrx_word' id='word_1_56' title='bbox 198 747 250 796; x_wconf 87' lang='lat' dir='ltr'>et</span> <span class='ocrx_word' id='word_1_57' title='bbox 273 739 598 811; x_wconf 69' lang='lat' dir='ltr'>cupiditates</span> <span class='ocrx_word' id='word_1_58' title='bbox 627 739 684 793; x_wconf 90' lang='lat' dir='ltr'>in</span> <span class='ocrx_word' id='word_1_59' title='bbox 712 745 989 810; x_wconf 72' lang='lat' dir='ltr'>potestate</span> <span class='ocrx_word' id='word_1_60' title='bbox 1009 747 1220 806; x_wconf 87' lang='lat' dir='ltr'>tenere,</span> <span class='ocrx_word' id='word_1_61' title='bbox 1249 742 1668 798; x_wconf 77' lang='lat' dir='ltr'>fortitudinem-</span> <span class='ocrx_word' id='word_1_62' title='bbox 1751 749 1880 786; x_wconf 85' lang='lat' dir='ltr'>nam</span> <span class='ocrx_word' id='word_1_63' title='bbox 1905 733 2129 787; x_wconf 86' lang='lat' dir='ltr'>nomine</span> <span class='ocrx_word' id='word_1_64' title='bbox 2153 741 2465 799; x_wconf 60' lang='lat' dir='ltr'>vocaretur,</span> <span class='ocrx_word' id='word_1_65' title='bbox 2489 736 2851 806; x_wconf 64' lang='lat' dir='ltr'>quaisivisset,</span> <span class='ocrx_word' id='word_1_66' title='bbox 2868 740 3362 800; x_wconf 80' lang='lat' dir='ltr'>Christianumille</span> 
     </span>
    </p>
   </div>
   <div class='ocr_carea' id='block_1_7' title="bbox 109 823 3358 905">
    <p class='ocr_par' dir='ltr' id='par_1_7' title="bbox 109 823 3358 905">
     <span class='ocr_line' id='line_1_7' title="bbox 109 823 3358 905; baseline 0.005 -21"><span class='ocrx_word' id='word_1_67' title='bbox 109 830 478 901; x_wconf 60' lang='lat' dir='ltr'>quecoleremc</span> <span class='ocrx_word' id='word_1_68' title='bbox 496 827 980 884; x_wconf 85' lang='lat' dir='ltr'>laboremomnem</span> <span class='ocrx_word' id='word_1_69' title='bbox 997 831 1666 904; x_wconf 65' lang='lat' dir='ltr'>etafllictionemjustitiaz</span> <span class='ocrx_word' id='word_1_70' title='bbox 1749 846 1810 881; x_wconf 70' lang='lat' dir='ltr'>SB</span> <span class='ocrx_word' id='word_1_71' title='bbox 1867 839 1990 876; x_wconf 59' lang='lat' dir='ltr'>esse</span> <span class='ocrx_word' id='word_1_72' title='bbox 2027 823 2313 895; x_wconf 61' lang='lat' dir='ltr'>Pr0f‘335‘15</span> <span class='ocrx_word' id='word_1_73' title='bbox 2361 830 2466 889; x_wconf 66' lang='grc' dir='ltr'>θδίν</span> <span class='ocrx_word' id='word_1_74' title='bbox 2521 825 2992 898; x_wconf 63' lang='grc' dir='ltr'>ΒδνῘειηῐΠυῖΠίΙυθ</span> <span class='ocrx_word' id='word_1_75' title='bbox 3043 829 3358 905; x_wconf 61' lang='lat' dir='ltr'>nuncupari</span> 
     </span>
    </p>
   </div>
   <div class='ocr_carea' id='block_1_8' title="bbox 107 913 3358 1012">
    <p class='ocr_par' dir='ltr' id='par_1_8' title="bbox 107 913 3358 1012">
     <span class='ocr_line' id='line_1_8' title="bbox 107 913 3358 1012; baseline 0.003 -40"><span class='ocrx_word' id='word_1_76' title='bbox 107 933 253 972; x_wconf 77' lang='lat' dir='ltr'>causa</span> <span class='ocrx_word' id='word_1_77' title='bbox 276 919 546 972; x_wconf 79' lang='lat' dir='ltr'>sustinere</span> <span class='ocrx_word' id='word_1_78' title='bbox 571 919 752 973; x_wconf 89' lang='lat' dir='ltr'>docet.</span> <span class='ocrx_word' id='word_1_79' title='bbox 785 919 907 984; x_wconf 83' lang='lat' dir='ltr'>Quo</span> <span class='ocrx_word' id='word_1_80' title='bbox 920 921 1093 990; x_wconf 84' lang='lat' dir='ltr'>igitur</span> <span class='ocrx_word' id='word_1_81' title='bbox 1109 923 1365 992; x_wconf 75' lang='lat' dir='ltr'>graviora</span> <span class='ocrx_word' id='word_1_82' title='bbox 1377 925 1536 979; x_wconf 86' lang='lat' dir='ltr'>nobis</span> <span class='ocrx_word' id='word_1_83' title='bbox 1552 927 1662 997; x_wconf 87' lang='lat' dir='ltr'>pie-</span> <span class='ocrx_word' id='word_1_84' title='bbox 1749 924 2248 994; x_wconf 82' lang='lat' dir='ltr'>(quemadmodum</span> <span class='ocrx_word' id='word_1_85' title='bbox 2273 915 2528 1012; x_wconf 77' lang='lat' dir='ltr'>videlicet</span> <span class='ocrx_word' id='word_1_86' title='bbox 2557 913 2625 966; x_wconf 85' lang='lat' dir='ltr'>ab</span> <span class='ocrx_word' id='word_1_87' title='bbox 2659 916 2792 984; x_wconf 89' lang='lat' dir='ltr'>ipsis</span> <span class='ocrx_word' id='word_1_88' title='bbox 2814 919 3124 979; x_wconf 86' lang='lat' dir='ltr'>instructus</span> <span class='ocrx_word' id='word_1_89' title='bbox 3153 927 3358 1012; x_wconf 53' lang='lat' dir='ltr'>fuerat}</span> 
     </span>
    </p>
   </div>
   <div class='ocr_carea' id='block_1_9' title="bbox 107 1007 3357 1086">
    <p class='ocr_par' dir='ltr' id='par_1_9' title="bbox 107 1007 3357 1086">
     <span class='ocr_line' id='line_1_9' title="bbox 107 1007 3357 1086; baseline 0.007 -26"><span class='ocrx_word' id='word_1_90' title='bbox 107 1009 219 1062; x_wconf 75' lang='lat' dir='ltr'>tatis</span> <span class='ocrx_word' id='word_1_91' title='bbox 244 1023 404 1062; x_wconf 79' lang='lat' dir='ltr'>causa</span> <span class='ocrx_word' id='word_1_92' title='bbox 440 1009 588 1063; x_wconf 80' lang='lat' dir='ltr'>maia</span> <span class='ocrx_word' id='word_1_93' title='bbox 615 1010 893 1078; x_wconf 86' lang='lat' dir='ltr'>intuleris,</span> <span class='ocrx_word' id='word_1_94' title='bbox 947 1031 1016 1068; x_wconf 89' lang='lat' dir='ltr'>eo</span> <span class='ocrx_word' id='word_1_95' title='bbox 1050 1018 1369 1084; x_wconf 69' lang='lat' dir='ltr'>praeclarius</span> <span class='ocrx_word' id='word_1_96' title='bbox 1403 1020 1472 1073; x_wconf 89' lang='lat' dir='ltr'>de</span> <span class='ocrx_word' id='word_1_97' title='bbox 1505 1021 1664 1074; x_wconf 86' lang='lat' dir='ltr'>nobis</span> <span class='ocrx_word' id='word_1_98' title='bbox 1745 1018 1856 1085; x_wconf 68' lang='lat' dir='ltr'>quo</span> <span class='ocrx_word' id='word_1_99' title='bbox 1877 1015 2104 1068; x_wconf 69' lang='lat' dir='ltr'>nomine</span> <span class='ocrx_word' id='word_1_100' title='bbox 2117 1009 2323 1081; x_wconf 71' lang='grc' dir='ltr'>ἑζιιυάίο</span> <span class='ocrx_word' id='word_1_101' title='bbox 2344 1007 2602 1077; x_wconf 56' lang='lat' dir='ltr'>Perfusus</span> <span class='ocrx_word' id='word_1_102' title='bbox 2624 1008 2701 1060; x_wconf 70' lang='grc' dir='ltr'>ΑΓ</span> <span class='ocrx_word' id='word_1_103' title='bbox 2705 1011 2891 1078; x_wconf 58' lang='lat'>301103,</span> <span class='ocrx_word' id='word_1_104' title='bbox 2911 1019 2972 1066; x_wconf 73' lang='lat' dir='ltr'>ut</span> <span class='ocrx_word' id='word_1_105' title='bbox 2992 1015 3219 1084; x_wconf 67' lang='lat' dir='ltr'>quidem</span> <span class='ocrx_word' id='word_1_106' title='bbox 3241 1007 3357 1086; x_wconf 58' lang='grc' dir='ltr'>Ρΐδέ</span> 
     </span>
    </p>
   </div>
   <div class='ocr_carea' id='block_1_10' title="bbox 109 1098 3358 1182">
    <p class='ocr_par' dir='ltr' id='par_1_10' title="bbox 109 1098 3358 1182">
     <span class='ocr_line' id='line_1_10' title="bbox 109 1098 3358 1182; baseline 0.002 -31"><span class='ocrx_word' id='word_1_107' title='bbox 109 1099 311 1152; x_wconf 84' lang='lat' dir='ltr'>meritus</span> <span class='ocrx_word' id='word_1_108' title='bbox 336 1098 525 1152; x_wconf 63' lang='lat' dir='ltr'>fuer&#39;n.</span> <span class='ocrx_word' id='word_1_109' title='bbox 555 1100 826 1164; x_wconf 83' lang='lat' dir='ltr'>Quocirca</span> <span class='ocrx_word' id='word_1_110' title='bbox 853 1104 1122 1174; x_wconf 83' lang='lat' dir='ltr'>quidquid</span> <span class='ocrx_word' id='word_1_111' title='bbox 1157 1106 1311 1161; x_wconf 90' lang='lat' dir='ltr'>lubet</span> <span class='ocrx_word' id='word_1_112' title='bbox 1328 1109 1414 1163; x_wconf 84' lang='lat' dir='ltr'>fac</span> <span class='ocrx_word' id='word_1_113' title='bbox 1438 1128 1452 1171; x_wconf 87' lang='lat'><strong>;</strong></span> <span class='ocrx_word' id='word_1_114' title='bbox 1483 1128 1666 1182; x_wconf 80' lang='lat' dir='ltr'>neque</span> <span class='ocrx_word' id='word_1_115' title='bbox 1747 1120 1806 1157; x_wconf 85' lang='lat' dir='ltr'>se</span> <span class='ocrx_word' id='word_1_116' title='bbox 1837 1103 2068 1167; x_wconf 87' lang='lat' dir='ltr'>ferebat,</span> <span class='ocrx_word' id='word_1_117' title='bbox 2098 1111 2324 1172; x_wconf 80' lang='lat' dir='ltr'>accepto</span> <span class='ocrx_word' id='word_1_118' title='bbox 2337 1102 2858 1172; x_wconf 81' lang='lat' dir='ltr'>eo,quamprimum</span> <span class='ocrx_word' id='word_1_119' title='bbox 2881 1104 2952 1156; x_wconf 84' lang='lat' dir='ltr'>ad</span> <span class='ocrx_word' id='word_1_120' title='bbox 2964 1118 3157 1173; x_wconf 82' lang='lat' dir='ltr'>regem</span> <span class='ocrx_word' id='word_1_121' title='bbox 3175 1120 3358 1158; x_wconf 87' lang='lat' dir='ltr'>rever-</span> 
     </span>
    </p>
   </div>
   <div class='ocr_carea' id='block_1_11' title="bbox 107 1188 3362 1264">
    <p class='ocr_par' dir='ltr' id='par_1_11' title="bbox 107 1188 3362 1264">
     <span class='ocr_line' id='line_1_11' title="bbox 107 1188 3362 1264; baseline 0.001 -21"><span class='ocrx_word' id='word_1_122' title='bbox 107 1188 232 1241; x_wconf 86' lang='lat' dir='ltr'>enirn</span> <span class='ocrx_word' id='word_1_123' title='bbox 252 1189 660 1244; x_wconf 71' lang='lat' dir='ltr'>committamus</span> <span class='ocrx_word' id='word_1_124' title='bbox 680 1191 962 1261; x_wconf 82' lang='lat' dir='ltr'>utaliquid</span> <span class='ocrx_word' id='word_1_125' title='bbox 981 1196 1129 1264; x_wconf 87' lang='lat' dir='ltr'>quod</span> <span class='ocrx_word' id='word_1_126' title='bbox 1149 1213 1183 1248; x_wconf 82' lang='lat' dir='ltr'>a</span> <span class='ocrx_word' id='word_1_127' title='bbox 1203 1205 1352 1251; x_wconf 83' lang='lat' dir='ltr'>recto</span> <span class='ocrx_word' id='word_1_128' title='bbox 1367 1199 1668 1254; x_wconf 65' lang='lat' dir='ltr'>abhorreat,</span> <span class='ocrx_word' id='word_1_129' title='bbox 1752 1193 1912 1255; x_wconf 82' lang='lat' dir='ltr'>titur,</span> <span class='ocrx_word' id='word_1_130' title='bbox 1943 1193 2106 1262; x_wconf 83' lang='lat' dir='ltr'>eique</span> <span class='ocrx_word' id='word_1_131' title='bbox 2147 1192 2330 1262; x_wconf 88' lang='lat' dir='ltr'>ipsum</span> <span class='ocrx_word' id='word_1_132' title='bbox 2354 1191 2595 1246; x_wconf 79' lang='lat' dir='ltr'>exhibet.</span> <span class='ocrx_word' id='word_1_133' title='bbox 2633 1192 2836 1262; x_wconf 86' lang='lat' dir='ltr'>Aitque</span> <span class='ocrx_word' id='word_1_134' title='bbox 2873 1209 2968 1245; x_wconf 86' lang='lat' dir='ltr'>rex</span> <span class='ocrx_word' id='word_1_135' title='bbox 2997 1193 3362 1247; x_wconf 68' lang='lat' dir='ltr'>audientibus</span> 
     </span>
    </p>
   </div>
   <div class='ocr_carea' id='block_1_12' title="bbox 105 1277 3359 1351">
    <p class='ocr_par' dir='ltr' id='par_1_12' title="bbox 105 1277 3359 1351">
     <span class='ocr_line' id='line_1_12' title="bbox 105 1277 3359 1351; baseline 0.001 -19"><span class='ocrx_word' id='word_1_136' title='bbox 105 1277 361 1345; x_wconf 79' lang='lat' dir='ltr'>faciamus,</span> <span class='ocrx_word' id='word_1_137' title='bbox 388 1295 452 1332; x_wconf 88' lang='lat' dir='ltr'>ac</span> <span class='ocrx_word' id='word_1_138' title='bbox 479 1286 708 1350; x_wconf 84' lang='lat' dir='ltr'>peccato</span> <span class='ocrx_word' id='word_1_139' title='bbox 733 1298 836 1336; x_wconf 81' lang='lat' dir='ltr'>nos</span> <span class='ocrx_word' id='word_1_140' title='bbox 856 1283 1198 1338; x_wconf 78' lang='lat' dir='ltr'>addicamus.</span> <span class='ocrx_word' id='word_1_141' title='bbox 1233 1287 1349 1341; x_wconf 77' lang='lat' dir='ltr'>Nec</span> <span class='ocrx_word' id='word_1_142' title='bbox 1376 1290 1527 1342; x_wconf 79' lang='lat' dir='ltr'>enim</span> <span class='ocrx_word' id='word_1_143' title='bbox 1553 1291 1670 1344; x_wconf 72' lang='lat' dir='ltr'>leve</span> <span class='ocrx_word' id='word_1_144' title='bbox 1755 1281 1822 1334; x_wconf 90' lang='lat' dir='ltr'>iis</span> <span class='ocrx_word' id='word_1_145' title='bbox 1849 1283 1944 1351; x_wconf 86' lang='lat' dir='ltr'>qui</span> <span class='ocrx_word' id='word_1_146' title='bbox 1975 1281 2262 1335; x_wconf 76' lang='lat' dir='ltr'>astabant:</span> <span class='ocrx_word' id='word_1_147' title='bbox 2295 1282 2451 1334; x_wconf 92' lang='lat' dir='ltr'>Tunc</span> <span class='ocrx_word' id='word_1_148' title='bbox 2490 1298 2550 1334; x_wconf 86' lang='lat' dir='ltr'>es</span> <span class='ocrx_word' id='word_1_149' title='bbox 2586 1281 2680 1334; x_wconf 89' lang='lat' dir='ltr'>ille</span> <span class='ocrx_word' id='word_1_150' title='bbox 2719 1281 2988 1334; x_wconf 62' lang='lat' dir='ltr'>daemonis</span> <span class='ocrx_word' id='word_1_151' title='bbox 3025 1282 3359 1336; x_wconf 78' lang='lat' dir='ltr'>administer</span> 
     </span>
    </p>
   </div>
   <div class='ocr_carea' id='block_1_13' title="bbox 105 1369 3356 1441">
    <p class='ocr_par' dir='ltr' id='par_1_13' title="bbox 105 1369 3356 1441">
     <span class='ocr_line' id='line_1_13' title="bbox 105 1369 3356 1441; baseline 0.001 -18"><span class='ocrx_word' id='word_1_152' title='bbox 105 1369 189 1422; x_wconf 87' lang='lat' dir='ltr'>hoc</span> <span class='ocrx_word' id='word_1_153' title='bbox 215 1370 390 1422; x_wconf 76' lang='lat' dir='ltr'>scelus</span> <span class='ocrx_word' id='word_1_154' title='bbox 415 1383 536 1424; x_wconf 84' lang='lat' dir='ltr'>esse</span> <span class='ocrx_word' id='word_1_155' title='bbox 565 1377 749 1441; x_wconf 81' lang='lat' dir='ltr'>putes,</span> <span class='ocrx_word' id='word_1_156' title='bbox 781 1373 828 1426; x_wconf 89' lang='lat' dir='ltr'>si</span> <span class='ocrx_word' id='word_1_157' title='bbox 853 1373 1273 1430; x_wconf 85' lang='lat' dir='ltr'>colluctatorem</span> <span class='ocrx_word' id='word_1_158' title='bbox 1301 1393 1365 1430; x_wconf 86' lang='lat' dir='ltr'>ac</span> <span class='ocrx_word' id='word_1_159' title='bbox 1393 1381 1671 1433; x_wconf 83' lang='lat' dir='ltr'>commili-</span> <span class='ocrx_word' id='word_1_160' title='bbox 1757 1371 2052 1424; x_wconf 82' lang='lat' dir='ltr'>Barlaam?</span> <span class='ocrx_word' id='word_1_161' title='bbox 2082 1371 2181 1424; x_wconf 86' lang='lat' dir='ltr'>Ille</span> <span class='ocrx_word' id='word_1_162' title='bbox 2211 1377 2401 1424; x_wconf 84' lang='lat' dir='ltr'>autem</span> <span class='ocrx_word' id='word_1_163' title='bbox 2413 1371 2730 1440; x_wconf 82' lang='lat' dir='ltr'>respondit:</span> <span class='ocrx_word' id='word_1_164' title='bbox 2752 1370 3197 1424; x_wconf 84' lang='lat' dir='ltr'>Deiadminister</span> <span class='ocrx_word' id='word_1_165' title='bbox 3209 1385 3356 1436; x_wconf 84' lang='lat' dir='ltr'>sum,</span> 
     </span>
    </p>
   </div>
   <div class='ocr_carea' id='block_1_14' title="bbox 106 1459 3360 1530">
    <p class='ocr_par' dir='ltr' id='par_1_14' title="bbox 106 1459 3360 1530">
     <span class='ocr_line' id='line_1_14' title="bbox 106 1459 3360 1530; baseline 0 -17"><span class='ocrx_word' id='word_1_166' title='bbox 106 1467 268 1511; x_wconf 84' lang='lat' dir='ltr'>tonem</span> <span class='ocrx_word' id='word_1_167' title='bbox 293 1467 548 1513; x_wconf 79' lang='lat' dir='ltr'>nostrum</span> <span class='ocrx_word' id='word_1_168' title='bbox 577 1460 680 1514; x_wconf 86' lang='lat' dir='ltr'>tibi</span> <span class='ocrx_word' id='word_1_169' title='bbox 703 1461 762 1514; x_wconf 89' lang='lat' dir='ltr'>in</span> <span class='ocrx_word' id='word_1_170' title='bbox 789 1478 990 1516; x_wconf 83' lang='lat' dir='ltr'>manus</span> <span class='ocrx_word' id='word_1_171' title='bbox 1007 1465 1312 1520; x_wconf 80' lang='lat' dir='ltr'>tradamus.</span> <span class='ocrx_word' id='word_1_172' title='bbox 1337 1467 1546 1522; x_wconf 79' lang='lat' dir='ltr'>verum</span> <span class='ocrx_word' id='word_1_173' title='bbox 1569 1470 1672 1525; x_wconf 78' lang='lat' dir='ltr'>hoc</span> <span class='ocrx_word' id='word_1_174' title='bbox 1755 1475 1821 1514; x_wconf 88' lang='lat' dir='ltr'>ac</span> <span class='ocrx_word' id='word_1_175' title='bbox 1849 1473 1962 1515; x_wconf 88' lang='lat' dir='ltr'>non</span> <span class='ocrx_word' id='word_1_176' title='bbox 1987 1461 2326 1526; x_wconf 68' lang='lat' dir='ltr'>daemonum,</span> <span class='ocrx_word' id='word_1_177' title='bbox 2360 1459 2724 1530; x_wconf 83' lang='lat' dir='ltr'>quamobrem</span> <span class='ocrx_word' id='word_1_178' title='bbox 2756 1476 2826 1513; x_wconf 87' lang='lat' dir='ltr'>ne</span> <span class='ocrx_word' id='word_1_179' title='bbox 2855 1473 2945 1514; x_wconf 85' lang='lat' dir='ltr'>me</span> <span class='ocrx_word' id='word_1_180' title='bbox 2977 1460 3240 1514; x_wconf 82' lang='lat' dir='ltr'>conviciis</span> <span class='ocrx_word' id='word_1_181' title='bbox 3267 1461 3360 1514; x_wconf 77' lang='lat' dir='ltr'>in-</span> 
     </span>
    </p>
   </div>
   <div class='ocr_carea' id='block_1_15' title="bbox 104 1547 3356 1624">
    <p class='ocr_par' dir='ltr' id='par_1_15' title="bbox 104 1547 3356 1624">
     <span class='ocr_line' id='line_1_15' title="bbox 104 1547 3356 1624; baseline 0.001 -22"><span class='ocrx_word' id='word_1_182' title='bbox 104 1548 302 1600; x_wconf 80' lang='lat' dir='ltr'>nomine</span> <span class='ocrx_word' id='word_1_183' title='bbox 325 1547 552 1603; x_wconf 72' lang='lat' dir='ltr'>minime</span> <span class='ocrx_word' id='word_1_184' title='bbox 579 1565 681 1604; x_wconf 82' lang='lat' dir='ltr'>nos</span> <span class='ocrx_word' id='word_1_185' title='bbox 708 1549 985 1616; x_wconf 82' lang='lat' dir='ltr'>irridebis,</span> <span class='ocrx_word' id='word_1_186' title='bbox 1028 1556 1282 1624; x_wconf 78' lang='lat' dir='ltr'>quamvis</span> <span class='ocrx_word' id='word_1_187' title='bbox 1335 1557 1504 1611; x_wconf 81' lang='lat' dir='ltr'>etiam</span> <span class='ocrx_word' id='word_1_188' title='bbox 1545 1575 1670 1612; x_wconf 70' lang='lat' dir='ltr'>sex-</span> <span class='ocrx_word' id='word_1_189' title='bbox 1756 1567 1958 1604; x_wconf 87' lang='lat' dir='ltr'>cessas.</span> <span class='ocrx_word' id='word_1_190' title='bbox 1983 1551 2262 1604; x_wconf 77' lang='lat' dir='ltr'>Plurimus</span> <span class='ocrx_word' id='word_1_191' title='bbox 2275 1550 2424 1603; x_wconf 91' lang='lat' dir='ltr'>enim</span> <span class='ocrx_word' id='word_1_192' title='bbox 2443 1549 3182 1619; x_wconf 79' lang='lat' dir='ltr'>mihigratiasageredebes,</span> <span class='ocrx_word' id='word_1_193' title='bbox 3214 1567 3356 1620; x_wconf 86' lang='lat' dir='ltr'>quo-</span> 
     </span>
    </p>
   </div>
   <div class='ocr_carea' id='block_1_16' title="bbox 103 1638 3360 1717">
    <p class='ocr_par' dir='ltr' id='par_1_16' title="bbox 103 1638 3360 1717">
     <span class='ocr_line' id='line_1_16' title="bbox 103 1638 3360 1717; baseline 0.004 -28"><span class='ocrx_word' id='word_1_194' title='bbox 103 1643 268 1690; x_wconf 81' lang='lat' dir='ltr'>centas</span> <span class='ocrx_word' id='word_1_195' title='bbox 285 1644 492 1692; x_wconf 76' lang='lat' dir='ltr'>inertes</span> <span class='ocrx_word' id='word_1_196' title='bbox 515 1638 675 1693; x_wconf 83' lang='lat' dir='ltr'>nobis</span> <span class='ocrx_word' id='word_1_197' title='bbox 696 1640 922 1695; x_wconf 84' lang='lat' dir='ltr'>inferas.</span> <span class='ocrx_word' id='word_1_198' title='bbox 944 1644 1138 1713; x_wconf 84' lang='lat' dir='ltr'>Neque</span> <span class='ocrx_word' id='word_1_199' title='bbox 1158 1645 1308 1699; x_wconf 88' lang='lat' dir='ltr'>enim</span> <span class='ocrx_word' id='word_1_200' title='bbox 1323 1647 1465 1701; x_wconf 88' lang='lat' dir='ltr'>adeo</span> <span class='ocrx_word' id='word_1_201' title='bbox 1487 1649 1672 1717; x_wconf 79' lang='lat' dir='ltr'>ignavi</span> <span class='ocrx_word' id='word_1_202' title='bbox 1757 1640 1910 1693; x_wconf 73' lang='lat' dir='ltr'>niam</span> <span class='ocrx_word' id='word_1_203' title='bbox 1939 1639 2119 1692; x_wconf 71' lang='lat' dir='ltr'>ﬁlium</span> <span class='ocrx_word' id='word_1_204' title='bbox 2141 1645 2298 1693; x_wconf 59' lang='lat' dir='ltr'>illum</span> <span class='ocrx_word' id='word_1_205' title='bbox 2322 1653 2512 1692; x_wconf 67' lang='grc' dir='ltr'>εῐτοιέε</span> <span class='ocrx_word' id='word_1_206' title='bbox 2537 1645 2706 1708; x_wconf 76' lang='lat' dir='ltr'>atque</span> <span class='ocrx_word' id='word_1_207' title='bbox 2723 1639 3038 1708; x_wconf 66' lang='grc' dir='ltr'>ὶῐῐψοδῐυη</span> <span class='ocrx_word' id='word_1_208' title='bbox 3057 1639 3360 1694; x_wconf 61' lang='lat' dir='ltr'>liberatum</span> 
     </span>
    </p>
   </div>
   <div class='ocr_carea' id='block_1_17' title="bbox 101 1728 3358 1832">
    <p class='ocr_par' dir='ltr' id='par_1_17' title="bbox 101 1728 3358 1832">
     <span class='ocr_line' id='line_1_17' title="bbox 101 1728 3358 1832; baseline 0 -50"><span class='ocrx_word' id='word_1_209' title='bbox 101 1739 286 1791; x_wconf 83' lang='lat' dir='ltr'>sumus,</span> <span class='ocrx_word' id='word_1_210' title='bbox 306 1732 367 1780; x_wconf 87' lang='lat' dir='ltr'>ut</span> <span class='ocrx_word' id='word_1_211' title='bbox 387 1731 800 1784; x_wconf 82' lang='lat' dir='ltr'>tormentorum</span> <span class='ocrx_word' id='word_1_212' title='bbox 818 1737 1046 1786; x_wconf 85' lang='lat' dir='ltr'>tuorum</span> <span class='ocrx_word' id='word_1_213' title='bbox 1067 1740 1221 1788; x_wconf 81' lang='lat' dir='ltr'>metu</span> <span class='ocrx_word' id='word_1_214' title='bbox 1245 1736 1656 1808; x_wconf 76' lang='lat' dir='ltr'>philosophiam</span> <span class='ocrx_word' id='word_1_215' title='bbox 1687 1771 1737 1832; x_wconf 78' lang='grc' dir='ltr'><strong>Β</strong></span> <span class='ocrx_word' id='word_1_216' title='bbox 1755 1730 1826 1782; x_wconf 87' lang='lat' dir='ltr'>ad</span> <span class='ocrx_word' id='word_1_217' title='bbox 1855 1729 1956 1783; x_wconf 86' lang='lat' dir='ltr'>Dei</span> <span class='ocrx_word' id='word_1_218' title='bbox 1987 1729 2200 1782; x_wconf 88' lang='lat' dir='ltr'>cultum</span> <span class='ocrx_word' id='word_1_219' title='bbox 2231 1728 2466 1792; x_wconf 86' lang='lat' dir='ltr'>erudivi,</span> <span class='ocrx_word' id='word_1_220' title='bbox 2500 1733 2669 1798; x_wconf 83' lang='lat' dir='ltr'>atque</span> <span class='ocrx_word' id='word_1_221' title='bbox 2697 1745 2826 1781; x_wconf 89' lang='lat' dir='ltr'>cum</span> <span class='ocrx_word' id='word_1_222' title='bbox 2852 1745 2980 1781; x_wconf 87' lang='lat' dir='ltr'>vero</span> <span class='ocrx_word' id='word_1_223' title='bbox 3001 1729 3116 1782; x_wconf 88' lang='lat' dir='ltr'>Deo</span> <span class='ocrx_word' id='word_1_224' title='bbox 3144 1729 3204 1782; x_wconf 90' lang='lat' dir='ltr'>in</span> <span class='ocrx_word' id='word_1_225' title='bbox 3230 1745 3358 1798; x_wconf 83' lang='lat' dir='ltr'>gra-</span> 
     </span>
    </p>
   </div>
   <div class='ocr_carea' id='block_1_18' title="bbox 102 1817 3358 1895">
    <p class='ocr_par' dir='ltr' id='par_1_18' title="bbox 102 1817 3358 1895">
     <span class='ocr_line' id='line_1_18' title="bbox 102 1817 3358 1895; baseline 0 -24"><span class='ocrx_word' id='word_1_226' title='bbox 102 1823 318 1869; x_wconf 80' lang='lat' dir='ltr'>nostram</span> <span class='ocrx_word' id='word_1_227' title='bbox 349 1817 671 1886; x_wconf 77' lang='lat' dir='ltr'>prodamus,</span> <span class='ocrx_word' id='word_1_228' title='bbox 705 1825 875 1890; x_wconf 85' lang='lat' dir='ltr'>atque</span> <span class='ocrx_word' id='word_1_229' title='bbox 905 1822 1118 1892; x_wconf 85' lang='lat' dir='ltr'>aliquid</span> <span class='ocrx_word' id='word_1_230' title='bbox 1148 1824 1334 1878; x_wconf 78' lang='lat' dir='ltr'>divina</span> <span class='ocrx_word' id='word_1_231' title='bbox 1373 1827 1495 1895; x_wconf 71' lang='lat' dir='ltr'>lege</span> <span class='ocrx_word' id='word_1_232' title='bbox 1527 1825 1667 1882; x_wconf 80' lang='lat' dir='ltr'>indi.</span> <span class='ocrx_word' id='word_1_233' title='bbox 1687 1817 1891 1872; x_wconf 70' lang='lat' dir='ltr'>&quot;tiam</span> <span class='ocrx_word' id='word_1_234' title='bbox 1923 1819 2218 1872; x_wconf 82' lang='lat' dir='ltr'>reductum</span> <span class='ocrx_word' id='word_1_235' title='bbox 2250 1818 2404 1871; x_wconf 88' lang='lat' dir='ltr'>omni</span> <span class='ocrx_word' id='word_1_236' title='bbox 2434 1817 2655 1871; x_wconf 81' lang='lat' dir='ltr'>virtutis</span> <span class='ocrx_word' id='word_1_237' title='bbox 2688 1834 2895 1885; x_wconf 80' lang='lat' dir='ltr'>genere</span> <span class='ocrx_word' id='word_1_238' title='bbox 2922 1817 3158 1871; x_wconf 82' lang='lat' dir='ltr'>institui.</span> <span class='ocrx_word' id='word_1_239' title='bbox 3207 1818 3358 1872; x_wconf 74' lang='lat' dir='ltr'>Rur-</span> 
     </span>
    </p>
   </div>
   <div class='ocr_carea' id='block_1_19' title="bbox 98 1907 3346 1985">
    <p class='ocr_par' dir='ltr' id='par_1_19' title="bbox 98 1907 3346 1985">
     <span class='ocr_line' id='line_1_19' title="bbox 98 1907 3346 1985; baseline -0 -24"><span class='ocrx_word' id='word_1_240' title='bbox 98 1920 248 1973; x_wconf 80' lang='lat' dir='ltr'>gnum</span> <span class='ocrx_word' id='word_1_241' title='bbox 274 1913 675 1976; x_wconf 82' lang='lat' dir='ltr'>perpetremus.</span> <span class='ocrx_word' id='word_1_242' title='bbox 702 1910 983 1965; x_wconf 75' lang='lat' dir='ltr'>Adversus</span> <span class='ocrx_word' id='word_1_243' title='bbox 1011 1912 1130 1966; x_wconf 62' lang='lat' dir='ltr'>haec</span> <span class='ocrx_word' id='word_1_244' title='bbox 1166 1929 1510 1985; x_wconf 69' lang='lat' dir='ltr'>quaecunque</span> <span class='ocrx_word' id='word_1_245' title='bbox 1550 1924 1670 1971; x_wconf 66' lang='lat' dir='ltr'>tor-</span> <span class='ocrx_word' id='word_1_246' title='bbox 1755 1925 1879 1962; x_wconf 89' lang='lat' dir='ltr'>sum</span> <span class='ocrx_word' id='word_1_247' title='bbox 1910 1915 2102 1962; x_wconf 88' lang='lat' dir='ltr'>autem</span> <span class='ocrx_word' id='word_1_248' title='bbox 2133 1919 2229 1962; x_wconf 79' lang='lat' dir='ltr'>rex</span> <span class='ocrx_word' id='word_1_249' title='bbox 2250 1907 2380 1961; x_wconf 82' lang='lat' dir='ltr'>irati</span> <span class='ocrx_word' id='word_1_250' title='bbox 2397 1907 2828 1976; x_wconf 85' lang='lat' dir='ltr'>animispeciem</span> <span class='ocrx_word' id='word_1_251' title='bbox 2845 1907 3346 1976; x_wconf 62' lang='lat' dir='ltr'>preferens,dixit:</span> 
     </span>
    </p>
   </div>
   <div class='ocr_carea' id='block_1_20' title="bbox 102 1995 3354 2073">
    <p class='ocr_par' dir='ltr' id='par_1_20' title="bbox 102 1995 3354 2073">
     <span class='ocr_line' id='line_1_20' title="bbox 102 1995 3354 2073; baseline 0 -24"><span class='ocrx_word' id='word_1_252' title='bbox 102 1999 385 2048; x_wconf 77' lang='lat' dir='ltr'>mentorum</span> <span class='ocrx_word' id='word_1_253' title='bbox 413 1995 793 2052; x_wconf 74' lang='lat' dir='ltr'>instrumenta</span> <span class='ocrx_word' id='word_1_254' title='bbox 821 1999 1068 2065; x_wconf 78' lang='lat' dir='ltr'>nosti,ea</span> <span class='ocrx_word' id='word_1_255' title='bbox 1096 2003 1358 2073; x_wconf 78' lang='lat' dir='ltr'>expedias</span> <span class='ocrx_word' id='word_1_256' title='bbox 1386 2005 1534 2060; x_wconf 63' lang='lat' dir='ltr'>licet,</span> <span class='ocrx_word' id='word_1_257' title='bbox 1565 2008 1672 2060; x_wconf 85' lang='grc' dir='ltr'>Νο.</span> <span class='ocrx_word' id='word_1_258' title='bbox 1755 1997 1866 2050; x_wconf 85' lang='lat' dir='ltr'>Par</span> <span class='ocrx_word' id='word_1_259' title='bbox 1891 2013 2025 2050; x_wconf 87' lang='lat' dir='ltr'>sane</span> <span class='ocrx_word' id='word_1_260' title='bbox 2055 2003 2178 2050; x_wconf 85' lang='lat' dir='ltr'>erat</span> <span class='ocrx_word' id='word_1_261' title='bbox 2204 2002 2285 2061; x_wconf 86' lang='lat' dir='ltr'>ut,</span> <span class='ocrx_word' id='word_1_262' title='bbox 2321 1996 2421 2050; x_wconf 87' lang='lat' dir='ltr'>tibi</span> <span class='ocrx_word' id='word_1_263' title='bbox 2445 1996 2718 2050; x_wconf 81' lang='lat' dir='ltr'>sermonis</span> <span class='ocrx_word' id='word_1_264' title='bbox 2749 1996 2932 2050; x_wconf 88' lang='lat' dir='ltr'>omnis</span> <span class='ocrx_word' id='word_1_265' title='bbox 2979 2012 3044 2050; x_wconf 85' lang='lat' dir='ltr'>ac</span> <span class='ocrx_word' id='word_1_266' title='bbox 3073 1995 3354 2050; x_wconf 76' lang='lat' dir='ltr'>defensio-</span> 
     </span>
    </p>
   </div>
   <div class='ocr_carea' id='block_1_21' title="bbox 98 2080 3351 2164">
    <p class='ocr_par' dir='ltr' id='par_1_21' title="bbox 98 2080 3351 2164">
     <span class='ocr_line' id='line_1_21' title="bbox 98 2080 3351 2164; baseline 0.006 -31"><span class='ocrx_word' id='word_1_267' title='bbox 98 2080 167 2134; x_wconf 89' lang='lat' dir='ltr'>bis</span> <span class='ocrx_word' id='word_1_268' title='bbox 193 2083 384 2154; x_wconf 85' lang='lat' dir='ltr'>quippe</span> <span class='ocrx_word' id='word_1_269' title='bbox 413 2085 598 2139; x_wconf 84' lang='lat' dir='ltr'>vivere</span> <span class='ocrx_word' id='word_1_270' title='bbox 629 2087 884 2143; x_wconf 82' lang='lat' dir='ltr'>Christus</span> <span class='ocrx_word' id='word_1_271' title='bbox 903 2097 1005 2156; x_wconf 80' lang='lat' dir='ltr'>est,</span> <span class='ocrx_word' id='word_1_272' title='bbox 1029 2105 1093 2144; x_wconf 86' lang='lat' dir='ltr'>ac</span> <span class='ocrx_word' id='word_1_273' title='bbox 1122 2093 1264 2146; x_wconf 82' lang='lat' dir='ltr'>mori</span> <span class='ocrx_word' id='word_1_274' title='bbox 1278 2096 1671 2164; x_wconf 68' lang='lat' dir='ltr'>praestantissi-</span> <span class='ocrx_word' id='word_1_275' title='bbox 1755 2087 1842 2140; x_wconf 63' lang='lat' dir='ltr'>R38</span> <span class='ocrx_word' id='word_1_276' title='bbox 1884 2087 2148 2141; x_wconf 66' lang='lat' dir='ltr'>facultate</span> <span class='ocrx_word' id='word_1_277' title='bbox 2197 2087 2446 2158; x_wconf 63' lang='grc' dir='ltr'>Ριέεοίεξις</span> <span class='ocrx_word' id='word_1_278' title='bbox 2486 2087 2608 2140; x_wconf 73' lang='lat' dir='ltr'>Sine</span> <span class='ocrx_word' id='word_1_279' title='bbox 2656 2086 2772 2140; x_wconf 69' lang='lat' dir='ltr'>uua</span> <span class='ocrx_word' id='word_1_280' title='bbox 2808 2086 3248 2155; x_wconf 72' lang='lat' dir='ltr'>interrogatione</span> <span class='ocrx_word' id='word_1_281' title='bbox 3293 2092 3351 2139; x_wconf 71' lang='lat' dir='ltr'>te</span> 
     </span>
    </p>
   </div>
   <div class='ocr_carea' id='block_1_22' title="bbox 100 2172 3355 2246">
    <p class='ocr_par' dir='ltr' id='par_1_22' title="bbox 100 2172 3355 2246">
     <span class='ocr_line' id='line_1_22' title="bbox 100 2172 3355 2246; baseline 0.001 -22"><span class='ocrx_word' id='word_1_282' title='bbox 100 2187 228 2225; x_wconf 87' lang='lat' dir='ltr'>mum</span> <span class='ocrx_word' id='word_1_283' title='bbox 255 2172 466 2228; x_wconf 83' lang='lat' dir='ltr'>lucrum</span> <span class='ocrx_word' id='word_1_284' title='bbox 501 2177 722 2244; x_wconf 71' lang='lat' dir='ltr'>(Philip.</span> <span class='ocrx_word' id='word_1_285' title='bbox 748 2182 810 2244; x_wconf 78' lang='grc' dir='ltr'>ι).</span> <span class='ocrx_word' id='word_1_286' title='bbox 1753 2180 1937 2231; x_wconf 88' lang='lat' dir='ltr'>morte</span> <span class='ocrx_word' id='word_1_287' title='bbox 1965 2177 2512 2230; x_wconf 82' lang='lat' dir='ltr'>multarem.Verum</span> <span class='ocrx_word' id='word_1_288' title='bbox 2539 2192 2640 2246; x_wconf 86' lang='lat' dir='ltr'>pro</span> <span class='ocrx_word' id='word_1_289' title='bbox 2664 2192 2789 2229; x_wconf 84' lang='lat' dir='ltr'>mea</span> <span class='ocrx_word' id='word_1_290' title='bbox 2803 2175 3158 2229; x_wconf 80' lang='lat' dir='ltr'>humanitate</span> <span class='ocrx_word' id='word_1_291' title='bbox 3182 2175 3355 2229; x_wconf 57' lang='lat' dir='ltr'>tentia</span> 
     </span>
    </p>
   </div>
   <div class='ocr_carea' id='block_1_23' title="bbox 158 2260 3351 2336">
    <p class='ocr_par' dir='ltr' id='par_1_23' title="bbox 158 2260 3351 2336">
     <span class='ocr_line' id='line_1_23' title="bbox 158 2260 3351 2336; baseline 0.001 -20"><span class='ocrx_word' id='word_1_292' title='bbox 158 2260 231 2316; x_wconf 89' lang='lat' dir='ltr'>0b</span> <span class='ocrx_word' id='word_1_293' title='bbox 245 2262 564 2332; x_wconf 82' lang='lat' dir='ltr'>hujusmodi</span> <span class='ocrx_word' id='word_1_294' title='bbox 579 2264 747 2318; x_wconf 80' lang='lat' dir='ltr'>verba</span> <span class='ocrx_word' id='word_1_295' title='bbox 759 2281 853 2320; x_wconf 74' lang='lat' dir='ltr'>rex</span> <span class='ocrx_word' id='word_1_296' title='bbox 876 2267 1488 2336; x_wconf 79' lang='lat' dir='ltr'>ﬂiroreinilarnmatus,</span> <span class='ocrx_word' id='word_1_297' title='bbox 1509 2276 1668 2329; x_wconf 83' lang='lat' dir='ltr'>theo—</span> <span class='ocrx_word' id='word_1_298' title='bbox 1749 2283 1881 2336; x_wconf 78' lang='lat' dir='ltr'>sper</span> <span class='ocrx_word' id='word_1_299' title='bbox 1904 2269 1962 2319; x_wconf 77' lang='lat' dir='ltr'>te</span> <span class='ocrx_word' id='word_1_300' title='bbox 1992 2267 2129 2329; x_wconf 79' lang='lat' dir='ltr'>fero,</span> <span class='ocrx_word' id='word_1_301' title='bbox 2163 2283 2456 2336; x_wconf 81' lang='lat' dir='ltr'>quousque</span> <span class='ocrx_word' id='word_1_302' title='bbox 2490 2267 2560 2319; x_wconf 85' lang='lat' dir='ltr'>ad</span> <span class='ocrx_word' id='word_1_303' title='bbox 2592 2272 2808 2320; x_wconf 88' lang='lat' dir='ltr'>certum</span> <span class='ocrx_word' id='word_1_304' title='bbox 2839 2265 2989 2319; x_wconf 89' lang='lat' dir='ltr'>diem</span> <span class='ocrx_word' id='word_1_305' title='bbox 3011 2265 3082 2319; x_wconf 90' lang='lat' dir='ltr'>de</span> <span class='ocrx_word' id='word_1_306' title='bbox 3109 2271 3165 2319; x_wconf 85' lang='lat' dir='ltr'>te</span> <span class='ocrx_word' id='word_1_307' title='bbox 3195 2281 3351 2336; x_wconf 62' lang='lat' dir='ltr'>quar-</span> 
     </span>
    </p>
   </div>
   <div class='ocr_carea' id='block_1_24' title="bbox 95 2352 3350 2432">
    <p class='ocr_par' dir='ltr' id='par_1_24' title="bbox 95 2352 3350 2432">
     <span class='ocr_line' id='line_1_24' title="bbox 95 2352 3350 2432; baseline 0.001 -27"><span class='ocrx_word' id='word_1_308' title='bbox 95 2352 224 2420; x_wconf 79' lang='lat' dir='ltr'>logas</span> <span class='ocrx_word' id='word_1_309' title='bbox 243 2367 430 2406; x_wconf 88' lang='lat' dir='ltr'>eorum</span> <span class='ocrx_word' id='word_1_310' title='bbox 458 2353 684 2423; x_wconf 76' lang='lat' dir='ltr'>linguas</span> <span class='ocrx_word' id='word_1_311' title='bbox 700 2357 982 2426; x_wconf 78' lang='lat' dir='ltr'>amputari</span> <span class='ocrx_word' id='word_1_312' title='bbox 992 2358 1174 2428; x_wconf 80' lang='lat' dir='ltr'>jubet,</span> <span class='ocrx_word' id='word_1_313' title='bbox 1195 2362 1494 2432; x_wconf 76' lang='lat' dir='ltr'>oculosque</span> <span class='ocrx_word' id='word_1_314' title='bbox 1519 2365 1661 2429; x_wconf 81' lang='lat' dir='ltr'>erui,</span> <span class='ocrx_word' id='word_1_315' title='bbox 1749 2357 1988 2410; x_wconf 80' lang='lat' dir='ltr'>stionem</span> <span class='ocrx_word' id='word_1_316' title='bbox 2005 2357 2270 2410; x_wconf 75' lang='lat' dir='ltr'>habuero.</span> <span class='ocrx_word' id='word_1_317' title='bbox 2285 2359 2364 2409; x_wconf 84' lang='lat' dir='ltr'>Ac</span> <span class='ocrx_word' id='word_1_318' title='bbox 2385 2356 2664 2426; x_wconf 83' lang='lat' dir='ltr'>siquidem</span> <span class='ocrx_word' id='word_1_319' title='bbox 2685 2355 2823 2409; x_wconf 86' lang='lat' dir='ltr'>mihi</span> <span class='ocrx_word' id='word_1_320' title='bbox 2845 2355 3350 2426; x_wconf 78' lang='lat' dir='ltr'>obtemperantium</span> 
     </span>
    </p>
   </div>
   <div class='ocr_carea' id='block_1_25' title="bbox 96 2443 3350 2516">
    <p class='ocr_par' dir='ltr' id='par_1_25' title="bbox 96 2443 3350 2516">
     <span class='ocr_line' id='line_1_25' title="bbox 96 2443 3350 2516; baseline 0 -18"><span class='ocrx_word' id='word_1_321' title='bbox 96 2456 370 2512; x_wconf 82' lang='lat' dir='ltr'>manusque</span> <span class='ocrx_word' id='word_1_322' title='bbox 398 2443 569 2498; x_wconf 81' lang='lat' dir='ltr'>simul</span> <span class='ocrx_word' id='word_1_323' title='bbox 597 2461 661 2498; x_wconf 85' lang='lat' dir='ltr'>ac</span> <span class='ocrx_word' id='word_1_324' title='bbox 713 2446 882 2516; x_wconf 85' lang='lat' dir='ltr'>pedes</span> <span class='ocrx_word' id='word_1_325' title='bbox 910 2449 1179 2502; x_wconf 86' lang='lat' dir='ltr'>truncari.</span> <span class='ocrx_word' id='word_1_326' title='bbox 1216 2451 1340 2514; x_wconf 73' lang='lat' dir='ltr'>Qua</span> <span class='ocrx_word' id='word_1_327' title='bbox 1381 2455 1663 2508; x_wconf 69' lang='lat' dir='ltr'>sententia</span> <span class='ocrx_word' id='word_1_328' title='bbox 1747 2446 1989 2508; x_wconf 75' lang='lat' dir='ltr'>duxeris,</span> <span class='ocrx_word' id='word_1_329' title='bbox 2023 2447 2243 2500; x_wconf 82' lang='lat' dir='ltr'>veniam</span> <span class='ocrx_word' id='word_1_330' title='bbox 2283 2446 2600 2511; x_wconf 84' lang='lat' dir='ltr'>obtinebis;</span> <span class='ocrx_word' id='word_1_331' title='bbox 2645 2445 2732 2499; x_wconf 83' lang='lat' dir='ltr'>sin</span> <span class='ocrx_word' id='word_1_332' title='bbox 2784 2445 2992 2510; x_wconf 89' lang='lat' dir='ltr'>minus,</span> <span class='ocrx_word' id='word_1_333' title='bbox 3043 2445 3350 2515; x_wconf 82' lang='lat' dir='ltr'>pessimam</span> 
     </span>
    </p>
   </div>
   <div class='ocr_carea' id='block_1_26' title="bbox 93 2531 3348 2606">
    <p class='ocr_par' dir='ltr' id='par_1_26' title="bbox 93 2531 3348 2606">
     <span class='ocr_line' id='line_1_26' title="bbox 93 2531 3348 2606; baseline 0.005 -22"><span class='ocrx_word' id='word_1_334' title='bbox 93 2531 439 2599; x_wconf 82' lang='lat' dir='ltr'>pronuntiata,</span> <span class='ocrx_word' id='word_1_335' title='bbox 466 2533 759 2588; x_wconf 85' lang='lat' dir='ltr'>lictoreset</span> <span class='ocrx_word' id='word_1_336' title='bbox 775 2535 1663 2598; x_wconf 82' lang='lat' dir='ltr'>satellitescircumstantesinhu—</span> <span class='ocrx_word' id='word_1_337' title='bbox 1748 2542 1984 2590; x_wconf 72' lang='lat' dir='ltr'>mortem</span> <span class='ocrx_word' id='word_1_338' title='bbox 2019 2541 2267 2606; x_wconf 75' lang='lat' dir='ltr'>OppetGS-</span> <span class='ocrx_word' id='word_1_339' title='bbox 2303 2537 2430 2588; x_wconf 68' lang='grc' dir='ltr'>Ηξῠο</span> <span class='ocrx_word' id='word_1_340' title='bbox 2463 2537 2699 2599; x_wconf 62' lang='lat' dir='ltr'>locutae.</span> <span class='ocrx_word' id='word_1_341' title='bbox 2737 2535 2937 2588; x_wconf 63' lang='lat' dir='ltr'>Maelii</span> <span class='ocrx_word' id='word_1_342' title='bbox 2969 2551 3097 2588; x_wconf 76' lang='lat' dir='ltr'>eum</span> <span class='ocrx_word' id='word_1_343' title='bbox 3148 2534 3348 2600; x_wconf 67' lang='grc' dir='ltr'>ιΐῖιάὶῑγ</span> 
     </span>
    </p>
   </div>
   <div class='ocr_carea' id='block_1_27' title="bbox 94 2622 3339 2700">
    <p class='ocr_par' dir='ltr' id='par_1_27' title="bbox 94 2622 3339 2700">
     <span class='ocr_line' id='line_1_27' title="bbox 94 2622 3339 2700; baseline 0.002 -28"><span class='ocrx_word' id='word_1_344' title='bbox 94 2633 232 2672; x_wconf 76' lang='lat' dir='ltr'>inane</span> <span class='ocrx_word' id='word_1_345' title='bbox 257 2627 318 2674; x_wconf 81' lang='lat' dir='ltr'>ac</span> <span class='ocrx_word' id='word_1_346' title='bbox 343 2622 648 2676; x_wconf 84' lang='lat' dir='ltr'>crudeliter</span> <span class='ocrx_word' id='word_1_347' title='bbox 676 2623 826 2694; x_wconf 61' lang='grc' dir='ltr'>ἥρως</span> <span class='ocrx_word' id='word_1_348' title='bbox 855 2625 1283 2682; x_wconf 83' lang='lat' dir='ltr'>demutilabant.</span> <span class='ocrx_word' id='word_1_349' title='bbox 1312 2633 1392 2683; x_wconf 85' lang='lat' dir='ltr'>Ac</span> <span class='ocrx_word' id='word_1_350' title='bbox 1438 2631 1662 2700; x_wconf 72' lang='lat' dir='ltr'>linguas</span> <span class='ocrx_word' id='word_1_351' title='bbox 1744 2627 2086 2695; x_wconf 80' lang='lat' dir='ltr'>mandatque</span> <span class='ocrx_word' id='word_1_352' title='bbox 2116 2632 2179 2678; x_wconf 86' lang='lat' dir='ltr'>ut</span> <span class='ocrx_word' id='word_1_353' title='bbox 2207 2641 2334 2678; x_wconf 86' lang='lat' dir='ltr'>eum</span> <span class='ocrx_word' id='word_1_354' title='bbox 2366 2641 2536 2694; x_wconf 79' lang='lat' dir='ltr'>quam</span> <span class='ocrx_word' id='word_1_355' title='bbox 2567 2624 2998 2693; x_wconf 87' lang='lat' dir='ltr'>diligentissime</span> <span class='ocrx_word' id='word_1_356' title='bbox 3045 2624 3339 2678; x_wconf 81' lang='lat' dir='ltr'>custodiat.</span> 
     </span>
    </p>
   </div>
   <div class='ocr_carea' id='block_1_28' title="bbox 95 2708 3348 2790">
    <p class='ocr_par' dir='ltr' id='par_1_28' title="bbox 95 2708 3348 2790">
     <span class='ocr_line' id='line_1_28' title="bbox 95 2708 3348 2790; baseline 0.001 -25"><span class='ocrx_word' id='word_1_357' title='bbox 95 2708 288 2777; x_wconf 70' lang='lat' dir='ltr'>Quidam</span> <span class='ocrx_word' id='word_1_358' title='bbox 313 2725 506 2764; x_wconf 86' lang='lat' dir='ltr'>eorum</span> <span class='ocrx_word' id='word_1_359' title='bbox 527 2712 746 2766; x_wconf 87' lang='lat' dir='ltr'>uncinis</span> <span class='ocrx_word' id='word_1_360' title='bbox 764 2727 829 2766; x_wconf 79' lang='lat' dir='ltr'>ex</span> <span class='ocrx_word' id='word_1_361' title='bbox 851 2730 947 2768; x_wconf 89' lang='lat' dir='ltr'>ore</span> <span class='ocrx_word' id='word_1_362' title='bbox 969 2722 1246 2772; x_wconf 80' lang='lat' dir='ltr'>extractas</span> <span class='ocrx_word' id='word_1_363' title='bbox 1258 2718 1501 2774; x_wconf 78' lang='lat' dir='ltr'>beliuina</span> <span class='ocrx_word' id='word_1_364' title='bbox 1519 2738 1660 2790; x_wconf 66' lang='lat' dir='ltr'>qua-</span> <span class='ocrx_word' id='word_1_365' title='bbox 1816 2715 2090 2768; x_wconf 84' lang='lat' dir='ltr'>Postridie</span> <span class='ocrx_word' id='word_1_366' title='bbox 2120 2723 2309 2768; x_wconf 84' lang='lat' dir='ltr'>autem</span> <span class='ocrx_word' id='word_1_367' title='bbox 2339 2714 2490 2767; x_wconf 91' lang='lat' dir='ltr'>illinc</span> <span class='ocrx_word' id='word_1_368' title='bbox 2520 2715 2588 2766; x_wconf 86' lang='lat' dir='ltr'>ad</span> <span class='ocrx_word' id='word_1_369' title='bbox 2605 2713 2874 2784; x_wconf 81' lang='lat' dir='ltr'>palatium</span> <span class='ocrx_word' id='word_1_370' title='bbox 2899 2729 3064 2766; x_wconf 88' lang='lat' dir='ltr'>suum</span> <span class='ocrx_word' id='word_1_371' title='bbox 3090 2728 3348 2767; x_wconf 82' lang='lat' dir='ltr'>reversus</span> 
     </span>
    </p>
   </div>
   <div class='ocr_carea' id='block_1_29' title="bbox 93 2797 3348 2873">
    <p class='ocr_par' dir='ltr' id='par_1_29' title="bbox 93 2797 3348 2873">
     <span class='ocr_line' id='line_1_29' title="bbox 93 2797 3348 2873; baseline 0 -19"><span class='ocrx_word' id='word_1_372' title='bbox 93 2797 200 2850; x_wconf 79' lang='lat' dir='ltr'>dam</span> <span class='ocrx_word' id='word_1_373' title='bbox 225 2798 435 2854; x_wconf 82' lang='lat' dir='ltr'>feritate</span> <span class='ocrx_word' id='word_1_374' title='bbox 464 2800 886 2868; x_wconf 83' lang='lat' dir='ltr'>abscindebant,</span> <span class='ocrx_word' id='word_1_375' title='bbox 921 2806 1112 2860; x_wconf 81' lang='lat' dir='ltr'>oculos</span> <span class='ocrx_word' id='word_1_376' title='bbox 1137 2812 1324 2862; x_wconf 75' lang='lat' dir='ltr'>autem</span> <span class='ocrx_word' id='word_1_377' title='bbox 1345 2809 1542 2864; x_wconf 66' lang='lat' dir='ltr'>ferreis</span> <span class='ocrx_word' id='word_1_378' title='bbox 1561 2827 1663 2865; x_wconf 77' lang='lat' dir='ltr'>un-</span> <span class='ocrx_word' id='word_1_379' title='bbox 1744 2811 1846 2856; x_wconf 88' lang='lat' dir='ltr'>est.</span> <span class='ocrx_word' id='word_1_380' title='bbox 1875 2803 2126 2873; x_wconf 84' lang='lat' dir='ltr'>Repente</span> <span class='ocrx_word' id='word_1_381' title='bbox 2143 2803 2316 2872; x_wconf 82' lang='lat' dir='ltr'>igitur</span> <span class='ocrx_word' id='word_1_382' title='bbox 2329 2809 2555 2872; x_wconf 87' lang='lat' dir='ltr'>captum</span> <span class='ocrx_word' id='word_1_383' title='bbox 2585 2819 2707 2855; x_wconf 84' lang='lat' dir='ltr'>esse</span> <span class='ocrx_word' id='word_1_384' title='bbox 2734 2803 3096 2856; x_wconf 84' lang='lat' dir='ltr'>Barlaamum</span> <span class='ocrx_word' id='word_1_385' title='bbox 3118 2811 3348 2855; x_wconf 78' lang='lat' dir='ltr'>rumore</span> 
     </span>
    </p>
   </div>
   <div class='ocr_carea' id='block_1_30' title="bbox 91 2885 3344 2968">
    <p class='ocr_par' dir='ltr' id='par_1_30' title="bbox 91 2885 3344 2968">
     <span class='ocr_line' id='line_1_30' title="bbox 91 2885 3344 2968; baseline 0.002 -28"><span class='ocrx_word' id='word_1_386' title='bbox 91 2885 263 2954; x_wconf 80' lang='lat' dir='ltr'>guibus</span> <span class='ocrx_word' id='word_1_387' title='bbox 274 2889 562 2954; x_wconf 81' lang='lat' dir='ltr'>eruebant,</span> <span class='ocrx_word' id='word_1_388' title='bbox 581 2906 646 2944; x_wconf 91' lang='lat' dir='ltr'>ac</span> <span class='ocrx_word' id='word_1_389' title='bbox 664 2892 904 2964; x_wconf 89' lang='lat' dir='ltr'>denique</span> <span class='ocrx_word' id='word_1_390' title='bbox 920 2893 1309 2950; x_wconf 85' lang='lat' dir='ltr'>instrumentis</span> <span class='ocrx_word' id='word_1_391' title='bbox 1321 2899 1658 2968; x_wconf 82' lang='lat' dir='ltr'>quibusdam</span> <span class='ocrx_word' id='word_1_392' title='bbox 1743 2891 2043 2946; x_wconf 69' lang='lat' dir='ltr'>ferebatur.</span> <span class='ocrx_word' id='word_1_393' title='bbox 2069 2892 2211 2944; x_wconf 76' lang='lat' dir='ltr'>adeo</span> <span class='ocrx_word' id='word_1_394' title='bbox 2239 2893 2433 2962; x_wconf 84' lang='lat' dir='ltr'>utipse</span> <span class='ocrx_word' id='word_1_395' title='bbox 2449 2904 2671 2962; x_wconf 73' lang='lat' dir='ltr'>(pioque</span> <span class='ocrx_word' id='word_1_396' title='bbox 2693 2891 2840 2960; x_wconf 83' lang='lat' dir='ltr'>regis</span> <span class='ocrx_word' id='word_1_397' title='bbox 2865 2891 3012 2945; x_wconf 83' lang='lat' dir='ltr'>ﬁlius</span> <span class='ocrx_word' id='word_1_398' title='bbox 3040 2892 3142 2945; x_wconf 85' lang='lat' dir='ltr'>hac</span> <span class='ocrx_word' id='word_1_399' title='bbox 3165 2905 3228 2944; x_wconf 85' lang='lat' dir='ltr'>re</span> <span class='ocrx_word' id='word_1_400' title='bbox 3247 2907 3344 2945; x_wconf 83' lang='lat' dir='ltr'>au-</span> 
     </span>
    </p>
   </div>
   <div class='ocr_carea' id='block_1_31' title="bbox 93 2981 3344 3056">
    <p class='ocr_par' dir='ltr' id='par_1_31' title="bbox 93 2981 3344 3056">
     <span class='ocr_line' id='line_1_31' title="bbox 93 2981 3344 3056; baseline 0.001 -23"><span class='ocrx_word' id='word_1_401' title='bbox 93 2991 257 3030; x_wconf 82' lang='lat' dir='ltr'>eorum</span> <span class='ocrx_word' id='word_1_402' title='bbox 285 2992 480 3034; x_wconf 84' lang='lat' dir='ltr'>manus</span> <span class='ocrx_word' id='word_1_403' title='bbox 509 2995 575 3032; x_wconf 84' lang='lat' dir='ltr'>ac</span> <span class='ocrx_word' id='word_1_404' title='bbox 606 2981 776 3050; x_wconf 87' lang='lat' dir='ltr'>pedes</span> <span class='ocrx_word' id='word_1_405' title='bbox 817 2983 1093 3049; x_wconf 80' lang='lat' dir='ltr'>luxantes,</span> <span class='ocrx_word' id='word_1_406' title='bbox 1143 2988 1549 3056; x_wconf 69' lang='lat' dir='ltr'>amputabant:</span> <span class='ocrx_word' id='word_1_407' title='bbox 1601 2997 1662 3044; x_wconf 70' lang='lat' dir='ltr'>at.</span> <span class='ocrx_word' id='word_1_408' title='bbox 1741 2982 1861 3035; x_wconf 86' lang='lat' dir='ltr'>dita</span> <span class='ocrx_word' id='word_1_409' title='bbox 1889 2982 2220 3050; x_wconf 81' lang='lat' dir='ltr'>gravissimo</span> <span class='ocrx_word' id='word_1_410' title='bbox 2251 2981 2426 3035; x_wconf 83' lang='lat' dir='ltr'>animi</span> <span class='ocrx_word' id='word_1_411' title='bbox 2457 2982 2650 3034; x_wconf 92' lang='lat' dir='ltr'>dolore</span> <span class='ocrx_word' id='word_1_412' title='bbox 2694 2981 3029 3047; x_wconf 81' lang='lat' dir='ltr'>afﬁceretur,</span> <span class='ocrx_word' id='word_1_413' title='bbox 3080 2997 3183 3035; x_wconf 87' lang='lat' dir='ltr'>nec</span> <span class='ocrx_word' id='word_1_414' title='bbox 3227 2981 3344 3037; x_wconf 89' lang='lat' dir='ltr'>ullo</span> 
     </span>
    </p>
   </div>
   <div class='ocr_carea' id='block_1_32' title="bbox 92 3063 3344 3148">
    <p class='ocr_par' dir='ltr' id='par_1_32' title="bbox 92 3063 3344 3148">
     <span class='ocr_line' id='line_1_32' title="bbox 92 3063 3344 3148; baseline 0.002 -30"><span class='ocrx_word' id='word_1_415' title='bbox 92 3063 214 3119; x_wconf 82' lang='lat' dir='ltr'>beati</span> <span class='ocrx_word' id='word_1_416' title='bbox 239 3065 314 3121; x_wconf 87' lang='lat' dir='ltr'>illi</span> <span class='ocrx_word' id='word_1_417' title='bbox 334 3083 397 3121; x_wconf 80' lang='lat' dir='ltr'>ac</span> <span class='ocrx_word' id='word_1_418' title='bbox 425 3071 728 3124; x_wconf 82' lang='lat' dir='ltr'>venerandi</span> <span class='ocrx_word' id='word_1_419' title='bbox 759 3077 815 3124; x_wconf 86' lang='lat' dir='ltr'>et</span> <span class='ocrx_word' id='word_1_420' title='bbox 841 3074 1099 3142; x_wconf 82' lang='lat' dir='ltr'>generosi</span> <span class='ocrx_word' id='word_1_421' title='bbox 1121 3075 1243 3140; x_wconf 81' lang='lat' dir='ltr'>viri,</span> <span class='ocrx_word' id='word_1_422' title='bbox 1287 3081 1557 3148; x_wconf 86' lang='lat' dir='ltr'>tanquam</span> <span class='ocrx_word' id='word_1_423' title='bbox 1586 3081 1658 3134; x_wconf 80' lang='lat' dir='ltr'>ad</span> <span class='ocrx_word' id='word_1_424' title='bbox 1683 3131 1724 3148; x_wconf 58' lang='grc' dir='ltr'>η</span> <span class='ocrx_word' id='word_1_425' title='bbox 1741 3073 1909 3125; x_wconf 84' lang='lat' dir='ltr'>modo</span> <span class='ocrx_word' id='word_1_426' title='bbox 1925 3072 2187 3141; x_wconf 77' lang='lat' dir='ltr'>lacrymis</span> <span class='ocrx_word' id='word_1_427' title='bbox 2209 3071 2488 3124; x_wconf 84' lang='lat' dir='ltr'>moderari</span> <span class='ocrx_word' id='word_1_428' title='bbox 2511 3077 2720 3141; x_wconf 84' lang='lat' dir='ltr'>posset,</span> <span class='ocrx_word' id='word_1_429' title='bbox 2743 3085 2935 3125; x_wconf 89' lang='lat' dir='ltr'>verum</span> <span class='ocrx_word' id='word_1_430' title='bbox 2954 3070 3260 3141; x_wconf 83' lang='lat' dir='ltr'>gemitibus</span> <span class='ocrx_word' id='word_1_431' title='bbox 3276 3085 3344 3124; x_wconf 78' lang='lat' dir='ltr'>ac</span> 
     </span>
    </p>
   </div>
   <div class='ocr_carea' id='block_1_33' title="bbox 90 3131 3338 3231">
    <p class='ocr_par' dir='ltr' id='par_1_33' title="bbox 90 3131 3338 3231">
     <span class='ocr_line' id='line_1_33' title="bbox 90 3131 3338 3231; baseline 0.001 -22"><span class='ocrx_word' id='word_1_432' title='bbox 90 3155 254 3223; x_wconf 81' lang='lat' dir='ltr'>epulas</span> <span class='ocrx_word' id='word_1_433' title='bbox 281 3157 472 3224; x_wconf 82' lang='lat' dir='ltr'>vocati,</span> <span class='ocrx_word' id='word_1_434' title='bbox 504 3164 737 3214; x_wconf 86' lang='lat' dir='ltr'>strenuo</span> <span class='ocrx_word' id='word_1_435' title='bbox 757 3166 816 3214; x_wconf 89' lang='lat' dir='ltr'>et</span> <span class='ocrx_word' id='word_1_436' title='bbox 833 3131 963 3215; x_wconf 72' lang='lat' dir='ltr'>ibrti</span> <span class='ocrx_word' id='word_1_437' title='bbox 978 3163 1168 3217; x_wconf 86' lang='lat' dir='ltr'>animo</span> <span class='ocrx_word' id='word_1_438' title='bbox 1181 3131 1251 3218; x_wconf 83' lang='lat' dir='ltr'>ad</span> <span class='ocrx_word' id='word_1_439' title='bbox 1273 3131 1552 3222; x_wconf 80' lang='lat' dir='ltr'>cruciatus</span> <span class='ocrx_word' id='word_1_440' title='bbox 1569 3182 1656 3222; x_wconf 84' lang='lat' dir='ltr'>ac-</span> <span class='ocrx_word' id='word_1_441' title='bbox 1680 3131 1983 3215; x_wconf 79' lang='lat' dir='ltr'>Cluctibus</span> <span class='ocrx_word' id='word_1_442' title='bbox 2014 3162 2192 3214; x_wconf 83' lang='lat' dir='ltr'>Deum</span> <span class='ocrx_word' id='word_1_443' title='bbox 2223 3161 2563 3222; x_wconf 69' lang='lat' dir='ltr'>obsecraret.</span> <span class='ocrx_word' id='word_1_444' title='bbox 2594 3161 2895 3231; x_wconf 87' lang='lat' dir='ltr'>ipsumque</span> <span class='ocrx_word' id='word_1_445' title='bbox 2921 3165 2984 3214; x_wconf 89' lang='lat' dir='ltr'>ut</span> <span class='ocrx_word' id='word_1_446' title='bbox 3011 3160 3132 3214; x_wconf 84' lang='lat' dir='ltr'>seni</span> <span class='ocrx_word' id='word_1_447' title='bbox 3171 3173 3338 3230; x_wconf 86' lang='lat' dir='ltr'>opem</span> 
     </span>
    </p>
   </div>
   <div class='ocr_carea' id='block_1_34' title="bbox 89 3244 3340 3322">
    <p class='ocr_par' dir='ltr' id='par_1_34' title="bbox 89 3244 3340 3322">
     <span class='ocr_line' id='line_1_34' title="bbox 89 3244 3340 3322; baseline 0.002 -26"><span class='ocrx_word' id='word_1_448' title='bbox 89 3244 343 3313; x_wconf 72' lang='lat' dir='ltr'>cedebant,</span> <span class='ocrx_word' id='word_1_449' title='bbox 375 3247 591 3303; x_wconf 85' lang='lat' dir='ltr'>mutuis</span> <span class='ocrx_word' id='word_1_450' title='bbox 610 3249 1092 3306; x_wconf 75' lang='lat' dir='ltr'>cohortationibus</span> <span class='ocrx_word' id='word_1_451' title='bbox 1122 3269 1244 3307; x_wconf 86' lang='lat' dir='ltr'>sese</span> <span class='ocrx_word' id='word_1_452' title='bbox 1271 3263 1552 3322; x_wconf 62' lang='lat' dir='ltr'>acuentes,</span> <span class='ocrx_word' id='word_1_453' title='bbox 1572 3264 1654 3312; x_wconf 64' lang='lat' dir='ltr'>at.</span> <span class='ocrx_word' id='word_1_454' title='bbox 1737 3251 1909 3304; x_wconf 83' lang='lat' dir='ltr'>ferret</span> <span class='ocrx_word' id='word_1_455' title='bbox 1935 3251 2328 3303; x_wconf 83' lang='lat' dir='ltr'>obtestaretur.</span> <span class='ocrx_word' id='word_1_456' title='bbox 2378 3251 2493 3303; x_wconf 79' lang='lat' dir='ltr'>Nec</span> <span class='ocrx_word' id='word_1_457' title='bbox 2520 3266 2650 3303; x_wconf 83' lang='lat' dir='ltr'>vero</span> <span class='ocrx_word' id='word_1_458' title='bbox 2681 3248 2968 3318; x_wconf 78' lang='lat' dir='ltr'>lugentem</span> <span class='ocrx_word' id='word_1_459' title='bbox 2996 3264 3127 3302; x_wconf 86' lang='lat' dir='ltr'>eum</span> <span class='ocrx_word' id='word_1_460' title='bbox 3157 3249 3340 3304; x_wconf 83' lang='lat' dir='ltr'>bonus</span> 
     </span>
    </p>
   </div>
   <div class='ocr_carea' id='block_1_35' title="bbox 89 3335 3337 3418">
    <p class='ocr_par' dir='ltr' id='par_1_35' title="bbox 89 3335 3337 3418">
     <span class='ocr_line' id='line_1_35' title="bbox 89 3335 3337 3418; baseline 0 -27"><span class='ocrx_word' id='word_1_461' title='bbox 89 3348 177 3400; x_wconf 83' lang='lat' dir='ltr'>que</span> <span class='ocrx_word' id='word_1_462' title='bbox 203 3335 267 3389; x_wconf 84' lang='lat' dir='ltr'>ad</span> <span class='ocrx_word' id='word_1_463' title='bbox 289 3343 524 3391; x_wconf 82' lang='lat' dir='ltr'>mortem</span> <span class='ocrx_word' id='word_1_464' title='bbox 549 3351 650 3410; x_wconf 83' lang='lat' dir='ltr'>pro</span> <span class='ocrx_word' id='word_1_465' title='bbox 684 3339 908 3393; x_wconf 89' lang='lat' dir='ltr'>Christo</span> <span class='ocrx_word' id='word_1_466' title='bbox 936 3341 1287 3396; x_wconf 84' lang='lat' dir='ltr'>subeundam</span> <span class='ocrx_word' id='word_1_467' title='bbox 1315 3344 1444 3398; x_wconf 80' lang='lat' dir='ltr'>forti</span> <span class='ocrx_word' id='word_1_468' title='bbox 1482 3353 1655 3418; x_wconf 76' lang='lat' dir='ltr'>atque</span> <span class='ocrx_word' id='word_1_469' title='bbox 1735 3340 1828 3394; x_wconf 89' lang='lat' dir='ltr'>ille</span> <span class='ocrx_word' id='word_1_470' title='bbox 1861 3340 2012 3394; x_wconf 72' lang='lat' dir='ltr'>Deus</span> <span class='ocrx_word' id='word_1_471' title='bbox 2031 3339 2284 3410; x_wconf 85' lang='lat' dir='ltr'>despexit</span> <span class='ocrx_word' id='word_1_472' title='bbox 2307 3357 2320 3405; x_wconf 92' lang='lat'><strong>;</strong></span> <span class='ocrx_word' id='word_1_473' title='bbox 2354 3339 2627 3408; x_wconf 82' lang='lat' dir='ltr'>benignus</span> <span class='ocrx_word' id='word_1_474' title='bbox 2656 3339 2807 3392; x_wconf 90' lang='lat' dir='ltr'>enim</span> <span class='ocrx_word' id='word_1_475' title='bbox 2825 3345 2912 3392; x_wconf 88' lang='lat' dir='ltr'>est</span> <span class='ocrx_word' id='word_1_476' title='bbox 2937 3339 3008 3392; x_wconf 90' lang='lat' dir='ltr'>iis</span> <span class='ocrx_word' id='word_1_477' title='bbox 3035 3339 3131 3408; x_wconf 87' lang='lat' dir='ltr'>qui</span> <span class='ocrx_word' id='word_1_478' title='bbox 3158 3339 3337 3408; x_wconf 80' lang='lat' dir='ltr'>ipsius</span> 
     </span>
    </p>
   </div>
   <div class='ocr_carea' id='block_1_36' title="bbox 89 3420 3334 3500">
    <p class='ocr_par' dir='ltr' id='par_1_36' title="bbox 89 3420 3334 3500">
     <span class='ocr_line' id='line_1_36' title="bbox 89 3420 3334 3500; baseline 0.003 -28"><span class='ocrx_word' id='word_1_479' title='bbox 89 3420 332 3494; x_wconf 85' lang='lat' dir='ltr'>intrepido</span> <span class='ocrx_word' id='word_1_480' title='bbox 359 3426 552 3480; x_wconf 83' lang='lat' dir='ltr'>animo</span> <span class='ocrx_word' id='word_1_481' title='bbox 573 3434 890 3498; x_wconf 81' lang='lat' dir='ltr'>pergentes.</span> <span class='ocrx_word' id='word_1_482' title='bbox 1736 3445 1898 3500; x_wconf 86' lang='lat' dir='ltr'>opem</span> <span class='ocrx_word' id='word_1_483' title='bbox 1925 3430 1983 3482; x_wconf 86' lang='lat' dir='ltr'>in</span> <span class='ocrx_word' id='word_1_484' title='bbox 2013 3429 2101 3482; x_wconf 88' lang='lat' dir='ltr'>die</span> <span class='ocrx_word' id='word_1_485' title='bbox 2133 3429 2512 3482; x_wconf 83' lang='lat' dir='ltr'>tribulationis</span> <span class='ocrx_word' id='word_1_486' title='bbox 2541 3433 2884 3498; x_wconf 86' lang='lat' dir='ltr'>exspectant,</span> <span class='ocrx_word' id='word_1_487' title='bbox 2913 3434 3084 3498; x_wconf 88' lang='lat' dir='ltr'>atque</span> <span class='ocrx_word' id='word_1_488' title='bbox 3113 3440 3208 3481; x_wconf 85' lang='lat' dir='ltr'>eos</span> <span class='ocrx_word' id='word_1_489' title='bbox 3237 3429 3334 3500; x_wconf 87' lang='lat' dir='ltr'>qui</span> 
     </span>
    </p>
   </div>
   <div class='ocr_carea' id='block_1_37' title="bbox 143 3512 3330 3590">
    <p class='ocr_par' dir='ltr' id='par_1_37' title="bbox 143 3512 3330 3590">
     <span class='ocr_line' id='line_1_37' title="bbox 143 3512 3330 3590; baseline 0.002 -25"><span class='ocrx_word' id='word_1_490' title='bbox 143 3512 199 3565; x_wconf 87' lang='lat' dir='ltr'>in</span> <span class='ocrx_word' id='word_1_491' title='bbox 213 3513 528 3583; x_wconf 86' lang='lat' dir='ltr'>hujusmodi</span> <span class='ocrx_word' id='word_1_492' title='bbox 551 3517 716 3570; x_wconf 86' lang='lat' dir='ltr'>variis</span> <span class='ocrx_word' id='word_1_493' title='bbox 731 3518 1371 3588; x_wconf 86' lang='lat' dir='ltr'>suppliciissacrosancti</span> <span class='ocrx_word' id='word_1_494' title='bbox 1393 3527 1652 3580; x_wconf 86' lang='lat' dir='ltr'>monachi</span> <span class='ocrx_word' id='word_1_495' title='bbox 1735 3518 1911 3590; x_wconf 84' lang='lat' dir='ltr'>ipsius</span> <span class='ocrx_word' id='word_1_496' title='bbox 1941 3525 2093 3574; x_wconf 84' lang='lat' dir='ltr'>metu</span> <span class='ocrx_word' id='word_1_497' title='bbox 2123 3519 2342 3589; x_wconf 66' lang='lat' dir='ltr'>praaditi</span> <span class='ocrx_word' id='word_1_498' title='bbox 2375 3523 2507 3571; x_wconf 86' lang='lat' dir='ltr'>sunt</span> <span class='ocrx_word' id='word_1_499' title='bbox 2531 3516 2803 3586; x_wconf 84' lang='lat' dir='ltr'>agnoscit.</span> <span class='ocrx_word' id='word_1_500' title='bbox 2837 3514 2995 3571; x_wconf 90' lang='lat' dir='ltr'>Unde</span> <span class='ocrx_word' id='word_1_501' title='bbox 3033 3516 3206 3570; x_wconf 89' lang='lat' dir='ltr'>etiam</span> <span class='ocrx_word' id='word_1_502' title='bbox 3235 3517 3330 3584; x_wconf 89' lang='lat' dir='ltr'>ju-</span> 
     </span>
    </p>
   </div>
   <div class='ocr_carea' id='block_1_38' title="bbox 88 3599 3334 3681">
    <p class='ocr_par' dir='ltr' id='par_1_38' title="bbox 88 3599 3334 3681">
     <span class='ocr_line' id='line_1_38' title="bbox 88 3599 3334 3681; baseline 0.002 -30"><span class='ocrx_word' id='word_1_503' title='bbox 88 3599 193 3666; x_wconf 63' lang='lat' dir='ltr'>(i3),</span> <span class='ocrx_word' id='word_1_504' title='bbox 222 3617 446 3658; x_wconf 84' lang='lat' dir='ltr'>numero</span> <span class='ocrx_word' id='word_1_505' title='bbox 473 3605 670 3660; x_wconf 88' lang='lat' dir='ltr'>decem</span> <span class='ocrx_word' id='word_1_506' title='bbox 692 3612 750 3660; x_wconf 90' lang='lat' dir='ltr'>et</span> <span class='ocrx_word' id='word_1_507' title='bbox 775 3613 1014 3676; x_wconf 76' lang='lat' dir='ltr'>septem,</span> <span class='ocrx_word' id='word_1_508' title='bbox 1044 3611 1216 3663; x_wconf 82' lang='lat' dir='ltr'>fortes</span> <span class='ocrx_word' id='word_1_509' title='bbox 1241 3627 1306 3664; x_wconf 84' lang='lat' dir='ltr'>ac</span> <span class='ocrx_word' id='word_1_510' title='bbox 1349 3615 1649 3669; x_wconf 75' lang='lat' dir='ltr'>tolerantia</span> <span class='ocrx_word' id='word_1_511' title='bbox 1735 3612 1857 3663; x_wconf 77' lang='lat' dir='ltr'>veni</span> <span class='ocrx_word' id='word_1_512' title='bbox 1890 3624 1979 3681; x_wconf 71' lang='lat' dir='ltr'>per</span> <span class='ocrx_word' id='word_1_513' title='bbox 2006 3617 2343 3663; x_wconf 85' lang='lat' dir='ltr'>nocturnum</span> <span class='ocrx_word' id='word_1_514' title='bbox 2362 3609 2538 3661; x_wconf 89' lang='lat' dir='ltr'>visum</span> <span class='ocrx_word' id='word_1_515' title='bbox 2555 3607 2742 3659; x_wconf 84' lang='lat' dir='ltr'>omnia</span> <span class='ocrx_word' id='word_1_516' title='bbox 2759 3607 3025 3666; x_wconf 87' lang='lat' dir='ltr'>declarat,</span> <span class='ocrx_word' id='word_1_517' title='bbox 3049 3606 3334 3676; x_wconf 88' lang='lat' dir='ltr'>roburque</span> 
     </span>
    </p>
   </div>
   <div class='ocr_carea' id='block_1_39' title="bbox 85 3692 3325 3771">
    <p class='ocr_par' dir='ltr' id='par_1_39' title="bbox 85 3692 3325 3771">
     <span class='ocr_line' id='line_1_39' title="bbox 85 3692 3325 3771; baseline 0.002 -26"><span class='ocrx_word' id='word_1_518' title='bbox 85 3692 313 3758; x_wconf 72' lang='lat' dir='ltr'>pmditao</span> <span class='ocrx_word' id='word_1_519' title='bbox 346 3695 567 3750; x_wconf 84' lang='lat' dir='ltr'>animas</span> <span class='ocrx_word' id='word_1_520' title='bbox 593 3709 726 3751; x_wconf 71' lang='lat' dir='ltr'>suae</span> <span class='ocrx_word' id='word_1_521' title='bbox 756 3697 997 3752; x_wconf 87' lang='lat' dir='ltr'>Domino</span> <span class='ocrx_word' id='word_1_522' title='bbox 1036 3704 1517 3758; x_wconf 81' lang='lat' dir='ltr'>commendarunt.</span> <span class='ocrx_word' id='word_1_523' title='bbox 1570 3707 1646 3760; x_wconf 80' lang='lat' dir='ltr'><strong>Ex</strong></span> <span class='ocrx_word' id='word_1_524' title='bbox 1730 3701 1836 3771; x_wconf 88' lang='lat' dir='ltr'>ipsi</span> <span class='ocrx_word' id='word_1_525' title='bbox 1849 3699 2023 3760; x_wconf 80' lang='lat' dir='ltr'>addit,</span> <span class='ocrx_word' id='word_1_526' title='bbox 2040 3707 2208 3768; x_wconf 88' lang='lat' dir='ltr'>atque</span> <span class='ocrx_word' id='word_1_527' title='bbox 2227 3699 2296 3752; x_wconf 90' lang='lat' dir='ltr'>ad</span> <span class='ocrx_word' id='word_1_528' title='bbox 2312 3698 2537 3768; x_wconf 86' lang='lat' dir='ltr'>pietatis</span> <span class='ocrx_word' id='word_1_529' title='bbox 2551 3704 2835 3750; x_wconf 78' lang='lat' dir='ltr'>certamen</span> <span class='ocrx_word' id='word_1_530' title='bbox 2866 3713 2994 3750; x_wconf 89' lang='lat' dir='ltr'>eum</span> <span class='ocrx_word' id='word_1_531' title='bbox 3011 3698 3325 3750; x_wconf 78' lang='lat' dir='ltr'>conﬁrmat.</span> 
     </span>
    </p>
   </div>
   <div class='ocr_carea' id='block_1_40' title="bbox 85 3782 3334 3862">
    <p class='ocr_par' dir='ltr' id='par_1_40' title="bbox 85 3782 3334 3862">
     <span class='ocr_line' id='line_1_40' title="bbox 85 3782 3334 3862; baseline 0 -23"><span class='ocrx_word' id='word_1_532' title='bbox 85 3791 174 3846; x_wconf 85' lang='lat' dir='ltr'>quo</span> <span class='ocrx_word' id='word_1_533' title='bbox 200 3785 480 3854; x_wconf 81' lang='lat' dir='ltr'>perspicue</span> <span class='ocrx_word' id='word_1_534' title='bbox 502 3792 725 3841; x_wconf 79' lang='lat' dir='ltr'>constat</span> <span class='ocrx_word' id='word_1_535' title='bbox 750 3787 1002 3842; x_wconf 74' lang='lat' dir='ltr'>animum</span> <span class='ocrx_word' id='word_1_536' title='bbox 1023 3789 1232 3860; x_wconf 85' lang='lat' dir='ltr'>pietate</span> <span class='ocrx_word' id='word_1_537' title='bbox 1261 3791 1556 3862; x_wconf 68' lang='lat' dir='ltr'>praeditum</span> <span class='ocrx_word' id='word_1_538' title='bbox 1572 3797 1648 3849; x_wconf 79' lang='lat' dir='ltr'>vi-</span> <span class='ocrx_word' id='word_1_539' title='bbox 1730 3792 2094 3862; x_wconf 80' lang='lat' dir='ltr'>Experrectus</span> <span class='ocrx_word' id='word_1_540' title='bbox 2126 3789 2313 3858; x_wconf 85' lang='lat' dir='ltr'>itaque</span> <span class='ocrx_word' id='word_1_541' title='bbox 2341 3801 2437 3841; x_wconf 90' lang='lat' dir='ltr'>cor</span> <span class='ocrx_word' id='word_1_542' title='bbox 2455 3799 2620 3840; x_wconf 79' lang='lat' dir='ltr'>suum</span> <span class='ocrx_word' id='word_1_543' title='bbox 2646 3787 2812 3857; x_wconf 81' lang='lat' dir='ltr'>paulo</span> <span class='ocrx_word' id='word_1_544' title='bbox 2835 3792 2966 3839; x_wconf 88' lang='lat' dir='ltr'>ante</span> <span class='ocrx_word' id='word_1_545' title='bbox 2979 3782 3247 3839; x_wconf 77' lang='lat' dir='ltr'>maestitia</span> <span class='ocrx_word' id='word_1_546' title='bbox 3267 3797 3334 3839; x_wconf 83' lang='lat' dir='ltr'>ac</span> 
     </span>
    </p>
   </div>
   <div class='ocr_carea' id='block_1_41' title="bbox 85 3867 3328 3954">
    <p class='ocr_par' dir='ltr' id='par_1_41' title="bbox 85 3867 3328 3954">
     <span class='ocr_line' id='line_1_41' title="bbox 85 3867 3328 3954; baseline 0.003 -33"><span class='ocrx_word' id='word_1_547' title='bbox 85 3867 217 3923; x_wconf 82' lang='lat' dir='ltr'>tiosis</span> <span class='ocrx_word' id='word_1_548' title='bbox 241 3873 623 3928; x_wconf 79' lang='lat' dir='ltr'>an‘ectionibus</span> <span class='ocrx_word' id='word_1_549' title='bbox 650 3876 947 3946; x_wconf 85' lang='lat' dir='ltr'>imperare,</span> <span class='ocrx_word' id='word_1_550' title='bbox 993 3873 1464 3948; x_wconf 84' lang='lat' dir='ltr'>quemadmodum</span> <span class='ocrx_word' id='word_1_551' title='bbox 1512 3886 1643 3954; x_wconf 85' lang='lat' dir='ltr'>qui-</span> <span class='ocrx_word' id='word_1_552' title='bbox 1729 3879 1920 3933; x_wconf 85' lang='lat' dir='ltr'>dolore</span> <span class='ocrx_word' id='word_1_553' title='bbox 1953 3879 2330 3950; x_wconf 78' lang='lat' dir='ltr'>profligatum,</span> <span class='ocrx_word' id='word_1_554' title='bbox 2365 3877 2558 3930; x_wconf 82' lang='lat' dir='ltr'>laetitia</span> <span class='ocrx_word' id='word_1_555' title='bbox 2573 3883 2630 3928; x_wconf 88' lang='lat' dir='ltr'>ct</span> <span class='ocrx_word' id='word_1_556' title='bbox 2657 3876 2860 3929; x_wconf 80' lang='lat' dir='ltr'>ﬁducia.</span> <span class='ocrx_word' id='word_1_557' title='bbox 2888 3875 3328 3946; x_wconf 81' lang='lat' dir='ltr'>suavissimoque</span> 
     </span>
    </p>
   </div>
   <div class='ocr_carea' id='block_1_42' title="bbox 85 3956 1616 4040">
    <p class='ocr_par' dir='ltr' id='par_1_42' title="bbox 85 3956 1616 4040">
     <span class='ocr_line' id='line_1_42' title="bbox 85 3956 1616 4040; baseline 0.014 -33"><span class='ocrx_word' id='word_1_558' title='bbox 85 3956 191 4012; x_wconf 80' lang='lat' dir='ltr'>dam</span> <span class='ocrx_word' id='word_1_559' title='bbox 216 3964 456 4018; x_wconf 80' lang='lat' dir='ltr'>anostris</span> <span class='ocrx_word' id='word_1_560' title='bbox 474 3965 714 4018; x_wconf 87' lang='lat' dir='ltr'>decretis</span> <span class='ocrx_word' id='word_1_561' title='bbox 725 3963 942 4020; x_wconf 87' lang='lat' dir='ltr'>alienus</span> <span class='ocrx_word' id='word_1_562' title='bbox 962 3969 1540 4040; x_wconf 70' lang='lat' dir='ltr'>prodidit(Josrphus).</span> <span class='ocrx_word' id='word_1_563' title='bbox 1562 3991 1616 4028; x_wconf 87' lang='lat' dir='ltr'>se</span> 
     </span>
    </p>
   </div>
   <div class='ocr_carea' id='block_1_43' title="bbox 1794 3956 3325 4040">
    <p class='ocr_par' dir='ltr' id='par_1_43' title="bbox 1794 3965 3325 4038">
     <span class='ocr_line' id='line_1_43' title="bbox 1794 3965 3325 4038; baseline -0.002 -16"><span class='ocrx_word' id='word_1_564' title='bbox 1794 3971 1938 4022; x_wconf 88' lang='lat' dir='ltr'>mine</span> <span class='ocrx_word' id='word_1_565' title='bbox 1970 3975 2151 4032; x_wconf 54' lang='grc' dir='ltr'>πυτ</span> <span class='ocrx_word' id='word_1_566' title='bbox 2177 3966 2707 4038; x_wconf 83' lang='lat' dir='ltr'>perfusumreperit.</span> <span class='ocrx_word' id='word_1_567' title='bbox 2744 3966 2858 4018; x_wconf 83' lang='lat' dir='ltr'>Rex</span> <span class='ocrx_word' id='word_1_568' title='bbox 2889 3969 3079 4019; x_wconf 87' lang='lat' dir='ltr'>autem</span> <span class='ocrx_word' id='word_1_569' title='bbox 3128 3965 3215 4019; x_wconf 88' lang='lat' dir='ltr'>his</span> <span class='ocrx_word' id='word_1_570' title='bbox 3248 3965 3325 4020; x_wconf 79' lang='lat' dir='ltr'>ita</span> 
     </span>
    </p>
   </div>
   <div class='ocr_carea' id='block_1_44' title="bbox 86 4045 3323 4129">
    <p class='ocr_par' dir='ltr' id='par_1_44' title="bbox 86 4045 3323 4129">
     <span class='ocr_line' id='line_1_44' title="bbox 86 4045 3323 4129; baseline 0.004 -32"><span class='ocrx_word' id='word_1_571' title='bbox 86 4045 154 4099; x_wconf 85' lang='lat' dir='ltr'>nis</span> <span class='ocrx_word' id='word_1_572' title='bbox 172 4053 460 4107; x_wconf 83' lang='lat' dir='ltr'>sacerdotis</span> <span class='ocrx_word' id='word_1_573' title='bbox 479 4069 546 4107; x_wconf 84' lang='lat' dir='ltr'>ac</span> <span class='ocrx_word' id='word_1_574' title='bbox 574 4062 790 4124; x_wconf 86' lang='lat' dir='ltr'>septem</span> <span class='ocrx_word' id='word_1_575' title='bbox 811 4055 1054 4110; x_wconf 83' lang='lat' dir='ltr'>ﬁliorum</span> <span class='ocrx_word' id='word_1_576' title='bbox 1075 4060 1382 4114; x_wconf 80' lang='lat' dir='ltr'>certamina</span> <span class='ocrx_word' id='word_1_577' title='bbox 1405 4077 1645 4117; x_wconf 58' lang='lat' dir='ltr'>comma.</span> <span class='ocrx_word' id='word_1_578' title='bbox 1725 4059 1919 4128; x_wconf 81' lang='lat' dir='ltr'>gestis,</span> <span class='ocrx_word' id='word_1_579' title='bbox 1950 4065 2118 4129; x_wconf 83' lang='lat' dir='ltr'>atque</span> <span class='ocrx_word' id='word_1_580' title='bbox 2139 4058 2277 4110; x_wconf 89' lang='lat' dir='ltr'>inita</span> <span class='ocrx_word' id='word_1_581' title='bbox 2293 4056 2615 4126; x_wconf 86' lang='lat' dir='ltr'>hujusmodi</span> <span class='ocrx_word' id='word_1_582' title='bbox 2639 4055 2996 4124; x_wconf 80' lang='lat' dir='ltr'>cogitatione,</span> <span class='ocrx_word' id='word_1_583' title='bbox 3020 4055 3323 4125; x_wconf 80' lang='lat' dir='ltr'>gaudebat,</span> 
     </span>
    </p>
   </div>
   <div class='ocr_carea' id='block_1_45' title="bbox 85 4143 3326 4220">
    <p class='ocr_par' dir='ltr' id='par_1_45' title="bbox 85 4143 3326 4220">
     <span class='ocr_line' id='line_1_45' title="bbox 85 4143 3326 4220; baseline 0.003 -31"><span class='ocrx_word' id='word_1_584' title='bbox 85 4149 292 4203; x_wconf 78' lang='lat' dir='ltr'>morsus,</span> <span class='ocrx_word' id='word_1_585' title='bbox 334 4143 428 4212; x_wconf 86' lang='lat' dir='ltr'>qui</span> <span class='ocrx_word' id='word_1_586' title='bbox 457 4155 573 4197; x_wconf 86' lang='lat' dir='ltr'>una</span> <span class='ocrx_word' id='word_1_587' title='bbox 603 4156 731 4197; x_wconf 88' lang='lat' dir='ltr'>cum</span> <span class='ocrx_word' id='word_1_588' title='bbox 751 4151 930 4199; x_wconf 88' lang='lat' dir='ltr'>matre</span> <span class='ocrx_word' id='word_1_589' title='bbox 956 4147 1077 4216; x_wconf 85' lang='lat' dir='ltr'>pari</span> <span class='ocrx_word' id='word_1_590' title='bbox 1108 4149 1332 4204; x_wconf 87' lang='lat' dir='ltr'>omnino</span> <span class='ocrx_word' id='word_1_591' title='bbox 1364 4154 1643 4208; x_wconf 84' lang='lat' dir='ltr'>sententia</span> <span class='ocrx_word' id='word_1_592' title='bbox 1726 4151 1992 4220; x_wconf 71' lang='lat' dir='ltr'>prteclara</span> <span class='ocrx_word' id='word_1_593' title='bbox 2020 4147 2465 4201; x_wconf 83' lang='lat' dir='ltr'>consideratione</span> <span class='ocrx_word' id='word_1_594' title='bbox 2486 4163 2545 4200; x_wconf 88' lang='lat' dir='ltr'>se</span> <span class='ocrx_word' id='word_1_595' title='bbox 2565 4146 2647 4200; x_wconf 88' lang='lat' dir='ltr'>uti</span> <span class='ocrx_word' id='word_1_596' title='bbox 2670 4145 3014 4210; x_wconf 84' lang='lat' dir='ltr'>existimans,</span> <span class='ocrx_word' id='word_1_597' title='bbox 3042 4147 3326 4216; x_wconf 84' lang='lat' dir='ltr'>amplissi-</span> 
     </span>
    </p>
   </div>
   <div class='ocr_carea' id='block_1_46' title="bbox 80 4226 3324 4309">
    <p class='ocr_par' dir='ltr' id='par_1_46' title="bbox 80 4226 3324 4309">
     <span class='ocr_line' id='line_1_46' title="bbox 80 4226 3324 4309; baseline 0.003 -30"><span class='ocrx_word' id='word_1_598' title='bbox 80 4226 281 4291; x_wconf 66' lang='lat' dir='ltr'>praadita</span> <span class='ocrx_word' id='word_1_599' title='bbox 297 4243 395 4300; x_wconf 88' lang='lat' dir='ltr'>pro</span> <span class='ocrx_word' id='word_1_600' title='bbox 418 4232 614 4302; x_wconf 66' lang='lat' dir='ltr'>patriae</span> <span class='ocrx_word' id='word_1_601' title='bbox 634 4231 774 4303; x_wconf 78' lang='lat' dir='ltr'>legis</span> <span class='ocrx_word' id='word_1_602' title='bbox 789 4235 1111 4289; x_wconf 81' lang='lat' dir='ltr'>defensione</span> <span class='ocrx_word' id='word_1_603' title='bbox 1129 4237 1471 4294; x_wconf 85' lang='lat' dir='ltr'>dimicarunt</span> <span class='ocrx_word' id='word_1_604' title='bbox 1506 4243 1642 4306; x_wconf 76' lang='lat' dir='ltr'>Qui-</span> <span class='ocrx_word' id='word_1_605' title='bbox 1727 4256 1990 4309; x_wconf 78' lang='lat' dir='ltr'>memque</span> <span class='ocrx_word' id='word_1_606' title='bbox 2018 4239 2224 4292; x_wconf 77' lang='lat' dir='ltr'>Arachi</span> <span class='ocrx_word' id='word_1_607' title='bbox 2253 4237 2496 4307; x_wconf 81' lang='lat' dir='ltr'>gratiam</span> <span class='ocrx_word' id='word_1_608' title='bbox 2523 4237 2754 4289; x_wconf 86' lang='lat' dir='ltr'>habens.</span> <span class='ocrx_word' id='word_1_609' title='bbox 2785 4235 3013 4300; x_wconf 83' lang='lat' dir='ltr'>Verum,</span> <span class='ocrx_word' id='word_1_610' title='bbox 3049 4243 3113 4290; x_wconf 89' lang='lat' dir='ltr'>ut</span> <span class='ocrx_word' id='word_1_611' title='bbox 3150 4233 3324 4290; x_wconf 80' lang='lat' dir='ltr'>divini</span> 
     </span>
    </p>
   </div>
   <div class='ocr_carea' id='block_1_47' title="bbox 81 4310 3318 4398">
    <p class='ocr_par' dir='ltr' id='par_1_47' title="bbox 81 4310 3318 4398">
     <span class='ocr_line' id='line_1_47' title="bbox 81 4310 3318 4398; baseline 0.007 -38"><span class='ocrx_word' id='word_1_612' title='bbox 81 4310 161 4366; x_wconf 77' lang='lat' dir='ltr'>bus</span> <span class='ocrx_word' id='word_1_613' title='bbox 186 4313 474 4375; x_wconf 81' lang='lat' dir='ltr'>tolerantia</span> <span class='ocrx_word' id='word_1_614' title='bbox 487 4328 542 4376; x_wconf 80' lang='lat' dir='ltr'>ei</span> <span class='ocrx_word' id='word_1_615' title='bbox 554 4321 728 4376; x_wconf 83' lang='lat' dir='ltr'>animi</span> <span class='ocrx_word' id='word_1_616' title='bbox 749 4325 1141 4393; x_wconf 83' lang='lat' dir='ltr'>magnitudine</span> <span class='ocrx_word' id='word_1_617' title='bbox 1158 4327 1334 4383; x_wconf 87' lang='lat' dir='ltr'>nihilo</span> <span class='ocrx_word' id='word_1_618' title='bbox 1350 4330 1641 4388; x_wconf 78' lang='lat' dir='ltr'>inferiores</span> <span class='ocrx_word' id='word_1_619' title='bbox 1724 4329 1950 4383; x_wconf 85' lang='lat' dir='ltr'>Davidis</span> <span class='ocrx_word' id='word_1_620' title='bbox 1978 4328 2160 4381; x_wconf 84' lang='lat' dir='ltr'>verbis</span> <span class='ocrx_word' id='word_1_621' title='bbox 2190 4333 2336 4394; x_wconf 84' lang='lat' dir='ltr'>utar,</span> <span class='ocrx_word' id='word_1_622' title='bbox 2359 4327 2595 4380; x_wconf 83' lang='lat' dir='ltr'>mentita</span> <span class='ocrx_word' id='word_1_623' title='bbox 2621 4333 2706 4379; x_wconf 88' lang='lat' dir='ltr'>est</span> <span class='ocrx_word' id='word_1_624' title='bbox 2733 4323 3000 4395; x_wconf 86' lang='lat' dir='ltr'>iniquitas</span> <span class='ocrx_word' id='word_1_625' title='bbox 3026 4326 3132 4380; x_wconf 89' lang='lat' dir='ltr'>sibi</span> <span class='ocrx_word' id='word_1_626' title='bbox 3149 4327 3318 4398; x_wconf 76' lang='lat' dir='ltr'>(Psal.</span> 
     </span>
    </p>
   </div>
   <div class='ocr_carea' id='block_1_48' title="bbox 78 4399 3321 4512">
    <p class='ocr_par' dir='ltr' id='par_1_48' title="bbox 78 4399 3321 4512">
     <span class='ocr_line' id='line_1_48' title="bbox 78 4399 3321 4512; baseline 0.004 -53"><span class='ocrx_word' id='word_1_627' title='bbox 78 4399 124 4452; x_wconf 88' lang='lat' dir='ltr'>hi</span> <span class='ocrx_word' id='word_1_628' title='bbox 149 4404 318 4462; x_wconf 74' lang='lat' dir='ltr'>eximii</span> <span class='ocrx_word' id='word_1_629' title='bbox 349 4409 544 4464; x_wconf 82' lang='lat' dir='ltr'>Patres</span> <span class='ocrx_word' id='word_1_630' title='bbox 571 4425 636 4465; x_wconf 82' lang='lat' dir='ltr'>ac</span> <span class='ocrx_word' id='word_1_631' title='bbox 664 4420 922 4483; x_wconf 73' lang='lat' dir='ltr'>superna:</span> <span class='ocrx_word' id='word_1_632' title='bbox 950 4415 1262 4471; x_wconf 71' lang='lat' dir='ltr'>Jerusalem</span> <span class='ocrx_word' id='word_1_633' title='bbox 1291 4419 1438 4472; x_wconf 82' lang='lat' dir='ltr'>cives</span> <span class='ocrx_word' id='word_1_634' title='bbox 1468 4423 1706 4512; x_wconf 83' lang='lat' dir='ltr'>exsti-D</span> <span class='ocrx_word' id='word_1_635' title='bbox 1725 4424 1889 4484; x_wconf 83' lang='grc' dir='ltr'><strong>χχιχ),</strong></span> <span class='ocrx_word' id='word_1_636' title='bbox 1925 4426 2092 4488; x_wconf 88' lang='lat' dir='ltr'>atque</span> <span class='ocrx_word' id='word_1_637' title='bbox 2117 4419 2339 4488; x_wconf 87' lang='lat' dir='ltr'>justitia</span> <span class='ocrx_word' id='word_1_638' title='bbox 2368 4419 2633 4471; x_wconf 84' lang='lat' dir='ltr'>adversus</span> <span class='ocrx_word' id='word_1_639' title='bbox 2672 4416 3024 4486; x_wconf 86' lang='lat' dir='ltr'>iniquitatem</span> <span class='ocrx_word' id='word_1_640' title='bbox 3076 4417 3321 4486; x_wconf 82' lang='lat' dir='ltr'>palmam</span> 
     </span>
    </p>
   </div>
   <div class='ocr_carea' id='block_1_49' title="bbox 77 4495 3315 4580">
    <p class='ocr_par' dir='ltr' id='par_1_49' title="bbox 77 4495 3315 4580">
     <span class='ocr_line' id='line_1_49' title="bbox 77 4495 3315 4580; baseline 0 -22"><span class='ocrx_word' id='word_1_641' title='bbox 77 4495 254 4580; x_wconf 62' lang='grc' dir='ltr'>ίειξαηῒ-</span> <span class='ocrx_word' id='word_1_642' title='bbox 1654 4495 1874 4570; x_wconf 59' lang='lat' dir='ltr'>&#39;tulit,</span> <span class='ocrx_word' id='word_1_643' title='bbox 1903 4521 2132 4580; x_wconf 83' lang='lat' dir='ltr'>prorsus</span> <span class='ocrx_word' id='word_1_644' title='bbox 2163 4507 2420 4561; x_wconf 82' lang='lat' dir='ltr'>videlicet</span> <span class='ocrx_word' id='word_1_645' title='bbox 2457 4523 2580 4559; x_wconf 90' lang='lat' dir='ltr'>eam</span> <span class='ocrx_word' id='word_1_646' title='bbox 2618 4509 2875 4558; x_wconf 88' lang='lat' dir='ltr'>sternens</span> <span class='ocrx_word' id='word_1_647' title='bbox 2917 4519 2982 4558; x_wconf 81' lang='lat' dir='ltr'>ac</span> <span class='ocrx_word' id='word_1_648' title='bbox 3028 4505 3315 4574; x_wconf 82' lang='lat' dir='ltr'>dejiciens,</span> 
     </span>
    </p>
   </div>
   <div class='ocr_carea' id='block_1_50' title="bbox 133 4575 3314 4670">
    <p class='ocr_par' dir='ltr' id='par_1_50' title="bbox 133 4575 3314 4670">
     <span class='ocr_line' id='line_1_50' title="bbox 133 4575 3314 4670; baseline 0.003 -31"><span class='ocrx_word' id='word_1_649' title='bbox 133 4575 250 4637; x_wconf 74' lang='lat' dir='ltr'>CAP.</span> <span class='ocrx_word' id='word_1_650' title='bbox 282 4581 476 4644; x_wconf 73' lang='lat' dir='ltr'><strong>XXIV.</strong></span> <span class='ocrx_word' id='word_1_651' title='bbox 509 4611 576 4632; x_wconf 74' lang='grc' dir='ltr'>ι·-</span> <span class='ocrx_word' id='word_1_652' title='bbox 605 4589 706 4644; x_wconf 83' lang='lat' dir='ltr'>His</span> <span class='ocrx_word' id='word_1_653' title='bbox 732 4591 907 4661; x_wconf 83' lang='lat' dir='ltr'>igitur</span> <span class='ocrx_word' id='word_1_654' title='bbox 936 4594 1030 4664; x_wconf 83' lang='lat' dir='ltr'>pia</span> <span class='ocrx_word' id='word_1_655' title='bbox 1086 4602 1265 4650; x_wconf 88' lang='lat' dir='ltr'>morte</span> <span class='ocrx_word' id='word_1_656' title='bbox 1311 4599 1632 4669; x_wconf 82' lang='lat' dir='ltr'>perfunctis,</span> <span class='ocrx_word' id='word_1_657' title='bbox 1723 4575 2002 4670; x_wconf 79' lang='lat' dir='ltr'>periitque</span> <span class='ocrx_word' id='word_1_658' title='bbox 2054 4597 2324 4650; x_wconf 79' lang='lat' dir='ltr'>memoria</span> <span class='ocrx_word' id='word_1_659' title='bbox 2391 4597 2514 4665; x_wconf 88' lang='lat' dir='ltr'>ejus</span> <span class='ocrx_word' id='word_1_660' title='bbox 2560 4609 2687 4648; x_wconf 91' lang='lat' dir='ltr'>cum</span> <span class='ocrx_word' id='word_1_661' title='bbox 2742 4595 2930 4647; x_wconf 84' lang='lat' dir='ltr'>sonitu</span> <span class='ocrx_word' id='word_1_662' title='bbox 2987 4595 3147 4660; x_wconf 78' lang='lat' dir='ltr'>(Psal.</span> <span class='ocrx_word' id='word_1_663' title='bbox 3200 4595 3314 4665; x_wconf 78' lang='lat' dir='ltr'>ix)!</span> 
     </span>
    </p>
   </div>
   <div class='ocr_carea' id='block_1_51' title="bbox 76 4670 3315 4760">
    <p class='ocr_par' dir='ltr' id='par_1_51' title="bbox 76 4670 3315 4760">
     <span class='ocr_line' id='line_1_51' title="bbox 76 4670 3315 4760; baseline 0.003 -33"><span class='ocrx_word' id='word_1_664' title='bbox 76 4670 232 4760; x_wconf 55' lang='grc' dir='ltr'>ξειηᾲ</span> <span class='ocrx_word' id='word_1_665' title='bbox 258 4673 585 4742; x_wconf 82' lang='lat' dir='ltr'>primarium</span> <span class='ocrx_word' id='word_1_666' title='bbox 606 4677 989 4732; x_wconf 86' lang='lat' dir='ltr'>consiliarium</span> <span class='ocrx_word' id='word_1_667' title='bbox 1021 4695 1186 4734; x_wconf 78' lang='lat' dir='ltr'>suum</span> <span class='ocrx_word' id='word_1_668' title='bbox 1207 4684 1462 4739; x_wconf 85' lang='lat' dir='ltr'>Arachen</span> <span class='ocrx_word' id='word_1_669' title='bbox 1474 4682 1630 4742; x_wconf 86' lang='lat' dir='ltr'>dixit:</span> <span class='ocrx_word' id='word_1_670' title='bbox 1719 4687 2196 4760; x_wconf 83' lang='lat' dir='ltr'>quemadmodum</span> <span class='ocrx_word' id='word_1_671' title='bbox 2229 4685 2504 4739; x_wconf 87' lang='lat' dir='ltr'>sermonis</span> <span class='ocrx_word' id='word_1_672' title='bbox 2530 4697 2831 4754; x_wconf 81' lang='lat' dir='ltr'>progressu</span> <span class='ocrx_word' id='word_1_673' title='bbox 2861 4697 2896 4736; x_wconf 85' lang='lat' dir='ltr'>a</span> <span class='ocrx_word' id='word_1_674' title='bbox 2924 4682 3086 4737; x_wconf 88' lang='lat' dir='ltr'>nobis</span> <span class='ocrx_word' id='word_1_675' title='bbox 3125 4689 3315 4738; x_wconf 87' lang='lat' dir='ltr'>osten-</span> 
     </span>
    </p>
   </div>
   <div class='ocr_carea' id='block_1_52' title="bbox 75 4753 1899 4847">
    <p class='ocr_par' dir='ltr' id='par_1_52' title="bbox 75 4753 1899 4847">
     <span class='ocr_line' id='line_1_52' title="bbox 75 4753 1899 4847; baseline 0.013 -38"><span class='ocrx_word' id='word_1_676' title='bbox 75 4753 317 4817; x_wconf 84' lang='lat' dir='ltr'>Quoniam</span> <span class='ocrx_word' id='word_1_677' title='bbox 343 4764 499 4834; x_wconf 86' lang='lat' dir='ltr'>prius</span> <span class='ocrx_word' id='word_1_678' title='bbox 527 4766 823 4820; x_wconf 82' lang='lat' dir='ltr'>consilium</span> <span class='ocrx_word' id='word_1_679' title='bbox 851 4768 1084 4823; x_wconf 87' lang='lat' dir='ltr'>minime</span> <span class='ocrx_word' id='word_1_680' title='bbox 1114 4775 1398 4838; x_wconf 82' lang='lat' dir='ltr'>successit,-</span> <span class='ocrx_word' id='word_1_681' title='bbox 1431 4777 1501 4830; x_wconf 84' lang='lat' dir='ltr'>ad</span> <span class='ocrx_word' id='word_1_682' title='bbox 1532 4793 1636 4847; x_wconf 88' lang='lat' dir='ltr'>po-</span> <span class='ocrx_word' id='word_1_683' title='bbox 1716 4753 1899 4835; x_wconf 77' lang='lat' dir='ltr'>detur.</span> 
     </span>
    </p>
   </div>
   <div class='ocr_carea' id='block_1_53' title="bbox 73 4845 3312 4936">
    <p class='ocr_par' dir='ltr' id='par_1_53' title="bbox 73 4845 3312 4936">
     <span class='ocr_line' id='line_1_53' title="bbox 73 4845 3312 4936; baseline 0.007 -37"><span class='ocrx_word' id='word_1_684' title='bbox 73 4845 246 4902; x_wconf 82' lang='lat' dir='ltr'>sterius</span> <span class='ocrx_word' id='word_1_685' title='bbox 270 4853 521 4908; x_wconf 80' lang='lat' dir='ltr'>animum</span> <span class='ocrx_word' id='word_1_686' title='bbox 549 4851 746 4924; x_wconf 70' lang='lat' dir='ltr'>adiice,</span> <span class='ocrx_word' id='word_1_687' title='bbox 779 4871 845 4910; x_wconf 82' lang='lat' dir='ltr'>ac</span> <span class='ocrx_word' id='word_1_688' title='bbox 873 4855 1186 4914; x_wconf 85' lang='lat' dir='ltr'>Nachorem</span> <span class='ocrx_word' id='word_1_689' title='bbox 1235 4845 1633 4922; x_wconf 76' lang='lat' dir='ltr'>accersendum</span> <span class='ocrx_word' id='word_1_690' title='bbox 1787 4867 1966 4922; x_wconf 83' lang='lat' dir='ltr'>BiduO</span> <span class='ocrx_word' id='word_1_691' title='bbox 1996 4866 2201 4936; x_wconf 86' lang='lat' dir='ltr'>quippe</span> <span class='ocrx_word' id='word_1_692' title='bbox 2231 4867 2356 4934; x_wconf 84' lang='lat' dir='ltr'>post</span> <span class='ocrx_word' id='word_1_693' title='bbox 2383 4879 2478 4918; x_wconf 82' lang='lat' dir='ltr'>rex</span> <span class='ocrx_word' id='word_1_694' title='bbox 2508 4863 2574 4916; x_wconf 80' lang='lat' dir='ltr'>ad</span> <span class='ocrx_word' id='word_1_695' title='bbox 2609 4863 2709 4916; x_wconf 85' lang='lat' dir='ltr'>ﬁlii</span> <span class='ocrx_word' id='word_1_696' title='bbox 2750 4861 3020 4934; x_wconf 83' lang='lat' dir='ltr'>palatium</span> <span class='ocrx_word' id='word_1_697' title='bbox 3059 4869 3312 4933; x_wconf 80' lang='lat' dir='ltr'>accessit,</span> 
     </span>
    </p>
   </div>
   <div class='ocr_carea' id='block_1_54' title="bbox 75 4939 3315 5028">
    <p class='ocr_par' dir='ltr' id='par_1_54' title="bbox 75 4939 3315 5028">
     <span class='ocr_line' id='line_1_54' title="bbox 75 4939 3315 5028; baseline 0.007 -40"><span class='ocrx_word' id='word_1_698' title='bbox 75 4945 201 5028; x_wconf 67' lang='lat' dir='ltr'>cura.</span> <span class='ocrx_word' id='word_1_699' title='bbox 227 4939 468 4996; x_wconf 75' lang='lat' dir='ltr'>Araches</span> <span class='ocrx_word' id='word_1_700' title='bbox 498 4943 690 5014; x_wconf 85' lang='lat' dir='ltr'>igitur,</span> <span class='ocrx_word' id='word_1_701' title='bbox 721 4946 1062 5018; x_wconf 84' lang='lat' dir='ltr'>intempesta</span> <span class='ocrx_word' id='word_1_702' title='bbox 1085 4956 1246 5004; x_wconf 81' lang='lat' dir='ltr'>nacte</span> <span class='ocrx_word' id='word_1_703' title='bbox 1271 4954 1340 5005; x_wconf 84' lang='lat' dir='ltr'>ad</span> <span class='ocrx_word' id='word_1_704' title='bbox 1363 4955 1484 5023; x_wconf 87' lang='lat' dir='ltr'>ejus</span> <span class='ocrx_word' id='word_1_705' title='bbox 1514 4973 1635 5026; x_wconf 86' lang='lat' dir='ltr'>spe-</span> <span class='ocrx_word' id='word_1_706' title='bbox 1717 4972 1894 5028; x_wconf 88' lang='lat' dir='ltr'>eoque</span> <span class='ocrx_word' id='word_1_707' title='bbox 1923 4956 2028 5028; x_wconf 86' lang='lat' dir='ltr'>ipsi</span> <span class='ocrx_word' id='word_1_708' title='bbox 2058 4955 2278 5008; x_wconf 80' lang='lat' dir='ltr'>obviam</span> <span class='ocrx_word' id='word_1_709' title='bbox 2301 4953 2628 5025; x_wconf 80' lang='lat' dir='ltr'>prodeunte,</span> <span class='ocrx_word' id='word_1_710' title='bbox 2659 4961 2820 5024; x_wconf 83' lang='lat' dir='ltr'>pater</span> <span class='ocrx_word' id='word_1_711' title='bbox 2849 4967 2976 5010; x_wconf 90' lang='lat' dir='ltr'>eum</span> <span class='ocrx_word' id='word_1_712' title='bbox 3011 4969 3114 5010; x_wconf 86' lang='lat' dir='ltr'>suo</span> <span class='ocrx_word' id='word_1_713' title='bbox 3159 4967 3315 5012; x_wconf 90' lang='lat' dir='ltr'>more</span> 
     </span>
    </p>
   </div>
   <div class='ocr_carea' id='block_1_55' title="bbox 74 5020 3314 5116">
    <p class='ocr_par' dir='ltr' id='par_1_55' title="bbox 74 5020 3314 5116">
     <span class='ocr_line' id='line_1_55' title="bbox 74 5020 3314 5116; baseline 0.006 -34"><span class='ocrx_word' id='word_1_714' title='bbox 74 5020 262 5116; x_wconf 63' lang='lat' dir='ltr'>lllncam</span> <span class='ocrx_word' id='word_1_715' title='bbox 285 5043 342 5084; x_wconf 86' lang='lat' dir='ltr'>se</span> <span class='ocrx_word' id='word_1_716' title='bbox 367 5033 621 5098; x_wconf 88' lang='lat' dir='ltr'>contulit,</span> <span class='ocrx_word' id='word_1_717' title='bbox 650 5034 923 5105; x_wconf 74' lang='lat' dir='ltr'>siquidem</span> <span class='ocrx_word' id='word_1_718' title='bbox 936 5036 994 5090; x_wconf 88' lang='lat' dir='ltr'>in</span> <span class='ocrx_word' id='word_1_719' title='bbox 1007 5039 1309 5096; x_wconf 84' lang='lat' dir='ltr'>solitudine</span> <span class='ocrx_word' id='word_1_720' title='bbox 1321 5020 1627 5107; x_wconf 73' lang='lat' dir='ltr'>habitabat,</span> <span class='ocrx_word' id='word_1_721' title='bbox 1718 5020 2366 5106; x_wconf 45' lang='lat' dir='ltr'>minime-osculetusest,</span> <span class='ocrx_word' id='word_1_722' title='bbox 2392 5053 2604 5106; x_wconf 79' lang='lat' dir='ltr'>verum,</span> <span class='ocrx_word' id='word_1_723' title='bbox 2627 5020 2942 5115; x_wconf 79' lang='lat' dir='ltr'>indignanti</span> <span class='ocrx_word' id='word_1_724' title='bbox 2972 5053 3142 5116; x_wconf 86' lang='lat' dir='ltr'>atque</span> <span class='ocrx_word' id='word_1_725' title='bbox 3169 5047 3314 5100; x_wconf 86' lang='lat' dir='ltr'>irato</span> 
     </span>
    </p>
   </div>
   <div class='ocr_carea' id='block_1_56' title="bbox 73 5110 3312 5203">
    <p class='ocr_par' dir='ltr' id='par_1_56' title="bbox 73 5110 3312 5203">
     <span class='ocr_line' id='line_1_56' title="bbox 73 5110 3312 5203; baseline 0.007 -38"><span class='ocrx_word' id='word_1_726' title='bbox 73 5110 365 5173; x_wconf 79' lang='lat' dir='ltr'>divinationi</span> <span class='ocrx_word' id='word_1_727' title='bbox 397 5135 625 5192; x_wconf 85' lang='lat' dir='ltr'>operam</span> <span class='ocrx_word' id='word_1_728' title='bbox 654 5124 814 5178; x_wconf 88' lang='lat' dir='ltr'>dans.</span> <span class='ocrx_word' id='word_1_729' title='bbox 845 5126 1098 5197; x_wconf 82' lang='lat' dir='ltr'>Cumque</span> <span class='ocrx_word' id='word_1_730' title='bbox 1118 5130 1225 5199; x_wconf 87' lang='lat' dir='ltr'>ipsi</span> <span class='ocrx_word' id='word_1_731' title='bbox 1251 5132 1544 5187; x_wconf 84' lang='lat' dir='ltr'>consilium</span> <span class='ocrx_word' id='word_1_732' title='bbox 1576 5135 1633 5188; x_wconf 87' lang='lat' dir='ltr'>id</span> <span class='ocrx_word' id='word_1_733' title='bbox 1717 5135 1936 5198; x_wconf 88' lang='lat' dir='ltr'>similis,</span> <span class='ocrx_word' id='word_1_734' title='bbox 1968 5135 2024 5188; x_wconf 89' lang='lat' dir='ltr'>in</span> <span class='ocrx_word' id='word_1_735' title='bbox 2043 5131 2589 5201; x_wconf 78' lang='lat' dir='ltr'>regiumcubiculum</span> <span class='ocrx_word' id='word_1_736' title='bbox 2621 5110 2929 5203; x_wconf 72' lang='lat' dir='ltr'>ingressus,</span> <span class='ocrx_word' id='word_1_737' title='bbox 2949 5110 3312 5189; x_wconf 59' lang='lat' dir='ltr'>nitestovultu</span> 
     </span>
    </p>
   </div>
   <div class='ocr_carea' id='block_1_57' title="bbox 71 5211 3312 5292">
    <p class='ocr_par' dir='ltr' id='par_1_57' title="bbox 71 5211 3312 5292">
     <span class='ocr_line' id='line_1_57' title="bbox 71 5211 3312 5292; baseline 0.005 -32"><span class='ocrx_word' id='word_1_738' title='bbox 71 5213 208 5292; x_wconf 64' lang='lat' dir='ltr'>omne</span> <span class='ocrx_word' id='word_1_739' title='bbox 233 5211 376 5278; x_wconf 87' lang='lat' dir='ltr'>quod</span> <span class='ocrx_word' id='word_1_740' title='bbox 404 5211 682 5282; x_wconf 85' lang='lat' dir='ltr'>cepissent</span> <span class='ocrx_word' id='word_1_741' title='bbox 703 5214 1062 5282; x_wconf 81' lang='lat' dir='ltr'>declarasset,</span> <span class='ocrx_word' id='word_1_742' title='bbox 1097 5220 1267 5274; x_wconf 84' lang='lat' dir='ltr'>simul</span> <span class='ocrx_word' id='word_1_743' title='bbox 1294 5223 1462 5292; x_wconf 85' lang='lat' dir='ltr'>atque</span> <span class='ocrx_word' id='word_1_744' title='bbox 1492 5223 1634 5277; x_wconf 87' lang='lat' dir='ltr'>dilu-</span> <span class='ocrx_word' id='word_1_745' title='bbox 1715 5225 1983 5279; x_wconf 89' lang='lat' dir='ltr'>consedit.</span> <span class='ocrx_word' id='word_1_746' title='bbox 2018 5225 2096 5278; x_wconf 79' lang='lat' dir='ltr'>Ac</span> <span class='ocrx_word' id='word_1_747' title='bbox 2126 5223 2326 5276; x_wconf 87' lang='lat' dir='ltr'>deinde</span> <span class='ocrx_word' id='word_1_748' title='bbox 2355 5223 2528 5276; x_wconf 85' lang='lat' dir='ltr'>accito</span> <span class='ocrx_word' id='word_1_749' title='bbox 2554 5223 2690 5289; x_wconf 84' lang='lat' dir='ltr'>ﬁlio,</span> <span class='ocrx_word' id='word_1_750' title='bbox 2721 5223 2806 5276; x_wconf 86' lang='lat' dir='ltr'>his</span> <span class='ocrx_word' id='word_1_751' title='bbox 2849 5223 2920 5276; x_wconf 84' lang='lat' dir='ltr'>ad</span> <span class='ocrx_word' id='word_1_752' title='bbox 2951 5237 3078 5277; x_wconf 87' lang='lat' dir='ltr'>eum</span> <span class='ocrx_word' id='word_1_753' title='bbox 3129 5220 3312 5278; x_wconf 81' lang='lat' dir='ltr'>verbis</span> 
     </span>
    </p>
   </div>
   <div class='ocr_carea' id='block_1_58' title="bbox 74 5289 3311 5382">
    <p class='ocr_par' dir='ltr' id='par_1_58' title="bbox 74 5289 3311 5382">
     <span class='ocr_line' id='line_1_58' title="bbox 74 5289 3311 5382; baseline 0.003 -26"><span class='ocrx_word' id='word_1_754' title='bbox 74 5289 242 5382; x_wconf 52' lang='lat' dir='ltr'>mind</span> <span class='ocrx_word' id='word_1_755' title='bbox 271 5311 459 5370; x_wconf 84' lang='lat' dir='ltr'>regem</span> <span class='ocrx_word' id='word_1_756' title='bbox 484 5314 544 5355; x_wconf 80' lang='lat' dir='ltr'>se</span> <span class='ocrx_word' id='word_1_757' title='bbox 572 5303 800 5374; x_wconf 80' lang='lat' dir='ltr'>recepit.</span> <span class='ocrx_word' id='word_1_758' title='bbox 839 5307 913 5358; x_wconf 83' lang='lat' dir='ltr'>At</span> <span class='ocrx_word' id='word_1_759' title='bbox 965 5312 1086 5360; x_wconf 88' lang='lat' dir='ltr'>tum</span> <span class='ocrx_word' id='word_1_760' title='bbox 1137 5289 1389 5378; x_wconf 69' lang='lat' dir='ltr'>quaesitis</span> <span class='ocrx_word' id='word_1_761' title='bbox 1438 5319 1633 5367; x_wconf 83' lang='lat' dir='ltr'>rursus</span> <span class='ocrx_word' id='word_1_762' title='bbox 1718 5315 1930 5368; x_wconf 88' lang='lat' dir='ltr'>utitur:</span> <span class='ocrx_word' id='word_1_763' title='bbox 1966 5313 2090 5377; x_wconf 86' lang='lat' dir='ltr'>Fili,</span> <span class='ocrx_word' id='word_1_764' title='bbox 2130 5327 2383 5382; x_wconf 74' lang='lat' dir='ltr'>quaenam</span> <span class='ocrx_word' id='word_1_765' title='bbox 2419 5303 2535 5365; x_wconf 82' lang='lat' dir='ltr'>haec</span> <span class='ocrx_word' id='word_1_766' title='bbox 2573 5313 2724 5366; x_wconf 83' lang='lat' dir='ltr'>fama</span> <span class='ocrx_word' id='word_1_767' title='bbox 2751 5317 2854 5370; x_wconf 87' lang='lat' dir='ltr'>est.</span> <span class='ocrx_word' id='word_1_768' title='bbox 2882 5330 3006 5382; x_wconf 64' lang='lat' dir='ltr'>quae</span> <span class='ocrx_word' id='word_1_769' title='bbox 3028 5310 3099 5366; x_wconf 82' lang='lat' dir='ltr'>ad</span> <span class='ocrx_word' id='word_1_770' title='bbox 3145 5327 3311 5367; x_wconf 84' lang='lat' dir='ltr'>aures</span> 
     </span>
    </p>
   </div>
   <div class='ocr_carea' id='block_1_59' title="bbox 73 5381 3310 5473">
    <p class='ocr_par' dir='ltr' id='par_1_59' title="bbox 73 5381 3310 5473">
     <span class='ocr_line' id='line_1_59' title="bbox 73 5381 3310 5473; baseline 0.006 -35"><span class='ocrx_word' id='word_1_771' title='bbox 73 5381 220 5473; x_wconf 62' lang='lat' dir='ltr'>cquis,</span> <span class='ocrx_word' id='word_1_772' title='bbox 242 5384 309 5440; x_wconf 80' lang='lat' dir='ltr'>ad</span> <span class='ocrx_word' id='word_1_773' title='bbox 333 5386 780 5460; x_wconf 68' lang='lat' dir='ltr'>inVestigandum</span> <span class='ocrx_word' id='word_1_774' title='bbox 795 5394 1635 5456; x_wconf 80' lang='lat' dir='ltr'>Barlaamumseseabiresimu-</span> <span class='ocrx_word' id='word_1_775' title='bbox 1717 5419 1871 5457; x_wconf 85' lang='lat' dir='ltr'>meas</span> <span class='ocrx_word' id='word_1_776' title='bbox 1901 5381 2226 5473; x_wconf 80' lang='lat' dir='ltr'>permeavit.</span> <span class='ocrx_word' id='word_1_777' title='bbox 2266 5401 2628 5472; x_wconf 84' lang='lat' dir='ltr'>animumque</span> <span class='ocrx_word' id='word_1_778' title='bbox 2651 5411 2835 5455; x_wconf 86' lang='lat' dir='ltr'>meum</span> <span class='ocrx_word' id='word_1_779' title='bbox 2869 5381 3106 5455; x_wconf 65' lang='lat' dir='ltr'>illiEI‘Ol‘B</span> <span class='ocrx_word' id='word_1_780' title='bbox 3134 5400 3310 5456; x_wconf 69' lang='lat' dir='ltr'>conti--</span> 
     </span>
    </p>
   </div>
   <div class='ocr_carea' id='block_1_60' title="bbox 75 5466 3308 5562">
    <p class='ocr_par' dir='ltr' id='par_1_60' title="bbox 75 5466 3308 5562">
     <span class='ocr_line' id='line_1_60' title="bbox 75 5466 3308 5562; baseline 0.008 -42"><span class='ocrx_word' id='word_1_781' title='bbox 75 5466 200 5524; x_wconf 75' lang='lat' dir='ltr'>lavit.</span> <span class='ocrx_word' id='word_1_782' title='bbox 238 5476 373 5531; x_wconf 88' lang='lat' dir='ltr'>Cum</span> <span class='ocrx_word' id='word_1_783' title='bbox 415 5485 605 5534; x_wconf 83' lang='lat' dir='ltr'>autem</span> <span class='ocrx_word' id='word_1_784' title='bbox 635 5482 879 5548; x_wconf 79' lang='lat' dir='ltr'>exiisset,</span> <span class='ocrx_word' id='word_1_785' title='bbox 915 5499 978 5539; x_wconf 87' lang='lat' dir='ltr'>ac</span> <span class='ocrx_word' id='word_1_786' title='bbox 1020 5486 1140 5539; x_wconf 82' lang='lat' dir='ltr'>loca</span> <span class='ocrx_word' id='word_1_787' title='bbox 1163 5487 1414 5542; x_wconf 62' lang='lat' dir='ltr'>Solitaria</span> <span class='ocrx_word' id='word_1_788' title='bbox 1443 5492 1634 5561; x_wconf 85' lang='lat' dir='ltr'>perlu-</span> <span class='ocrx_word' id='word_1_789' title='bbox 1716 5492 1837 5545; x_wconf 88' lang='lat' dir='ltr'>cit?</span> <span class='ocrx_word' id='word_1_790' title='bbox 1862 5466 2043 5562; x_wconf 78' lang='lat' dir='ltr'>neque</span> <span class='ocrx_word' id='word_1_791' title='bbox 2071 5491 2220 5544; x_wconf 88' lang='lat' dir='ltr'>enim</span> <span class='ocrx_word' id='word_1_792' title='bbox 2249 5490 2504 5544; x_wconf 85' lang='lat' dir='ltr'>existimo</span> <span class='ocrx_word' id='word_1_793' title='bbox 2527 5466 2704 5543; x_wconf 78' lang='lat' dir='ltr'>ullum</span> <span class='ocrx_word' id='word_1_794' title='bbox 2745 5503 2992 5560; x_wconf 83' lang='lat' dir='ltr'>unquam</span> <span class='ocrx_word' id='word_1_795' title='bbox 3025 5491 3308 5546; x_wconf 87' lang='lat' dir='ltr'>hominem</span> 
     </span>
    </p>
   </div>
   <div class='ocr_carea' id='block_1_61' title="bbox 74 5565 3309 5650">
    <p class='ocr_par' dir='ltr' id='par_1_61' title="bbox 74 5565 3309 5650">
     <span class='ocr_line' id='line_1_61' title="bbox 74 5565 3309 5650; baseline 0.008 -42"><span class='ocrx_word' id='word_1_796' title='bbox 74 5565 250 5618; x_wconf 69' lang='grc' dir='ltr'>εει-πει</span> <span class='ocrx_word' id='word_1_797' title='bbox 271 5565 449 5622; x_wconf 87' lang='lat' dir='ltr'>virum</span> <span class='ocrx_word' id='word_1_798' title='bbox 477 5579 654 5624; x_wconf 84' lang='lat' dir='ltr'>unum</span> <span class='ocrx_word' id='word_1_799' title='bbox 683 5587 748 5625; x_wconf 76' lang='lat' dir='ltr'>ex</span> <span class='ocrx_word' id='word_1_800' title='bbox 770 5574 1035 5643; x_wconf 80' lang='lat' dir='ltr'>voragine</span> <span class='ocrx_word' id='word_1_801' title='bbox 1065 5578 1309 5646; x_wconf 78' lang='lat' dir='ltr'>quadam</span> <span class='ocrx_word' id='word_1_802' title='bbox 1341 5581 1634 5650; x_wconf 83' lang='lat' dir='ltr'>egredien-</span> <span class='ocrx_word' id='word_1_803' title='bbox 1717 5582 1786 5635; x_wconf 88' lang='lat' dir='ltr'>ob</span> <span class='ocrx_word' id='word_1_804' title='bbox 1816 5581 1917 5634; x_wconf 84' lang='lat' dir='ltr'>ﬁlii</span> <span class='ocrx_word' id='word_1_805' title='bbox 1935 5586 2120 5634; x_wconf 89' lang='lat' dir='ltr'>ortum</span> <span class='ocrx_word' id='word_1_806' title='bbox 2142 5580 2513 5646; x_wconf 75' lang='lat' dir='ltr'>tantogeudio</span> <span class='ocrx_word' id='word_1_807' title='bbox 2529 5579 2813 5650; x_wconf 79' lang='lat' dir='ltr'>perfusum</span> <span class='ocrx_word' id='word_1_808' title='bbox 2835 5579 3309 5649; x_wconf 79' lang='lat' dir='ltr'>fuisse,quantam</span> 
     </span>
    </p>
   </div>
   <div class='ocr_carea' id='block_1_62' title="bbox 73 5653 3306 5740">
    <p class='ocr_par' dir='ltr' id='par_1_62' title="bbox 73 5653 3306 5740">
     <span class='ocr_line' id='line_1_62' title="bbox 73 5653 3306 5740; baseline 0.004 -30"><span class='ocrx_word' id='word_1_809' title='bbox 73 5653 166 5703; x_wconf 59' lang='lat' dir='ltr'>tam</span> <span class='ocrx_word' id='word_1_810' title='bbox 190 5657 468 5728; x_wconf 68' lang='lat' dir='ltr'>conspicit.</span> <span class='ocrx_word' id='word_1_811' title='bbox 497 5658 672 5722; x_wconf 78' lang='lat' dir='ltr'>Quem</span> <span class='ocrx_word' id='word_1_812' title='bbox 700 5672 829 5716; x_wconf 84' lang='lat' dir='ltr'>cum</span> <span class='ocrx_word' id='word_1_813' title='bbox 854 5663 1115 5735; x_wconf 80' lang='lat' dir='ltr'>persequi</span> <span class='ocrx_word' id='word_1_814' title='bbox 1147 5667 1426 5733; x_wconf 63' lang='lat' dir='ltr'>iussisset,</span> <span class='ocrx_word' id='word_1_815' title='bbox 1460 5670 1637 5740; x_wconf 69' lang='lat' dir='ltr'>ipsluu</span> <span class='ocrx_word' id='word_1_816' title='bbox 1715 5681 1820 5739; x_wconf 82' lang='lat' dir='ltr'>ego</span> <span class='ocrx_word' id='word_1_817' title='bbox 1844 5675 1945 5723; x_wconf 84' lang='lat' dir='ltr'>tua</span> <span class='ocrx_word' id='word_1_818' title='bbox 1973 5682 2138 5723; x_wconf 76' lang='lat' dir='ltr'>causa</span> <span class='ocrx_word' id='word_1_819' title='bbox 2175 5669 2514 5738; x_wconf 82' lang='lat' dir='ltr'>voluptatem</span> <span class='ocrx_word' id='word_1_820' title='bbox 2556 5665 2802 5738; x_wconf 84' lang='lat' dir='ltr'>percepi;</span> <span class='ocrx_word' id='word_1_821' title='bbox 2833 5681 2935 5722; x_wconf 86' lang='lat' dir='ltr'>nec</span> <span class='ocrx_word' id='word_1_822' title='bbox 2964 5677 3188 5723; x_wconf 83' lang='lat' dir='ltr'>rursum</span> <span class='ocrx_word' id='word_1_823' title='bbox 3215 5661 3306 5724; x_wconf 85' lang='lat' dir='ltr'>ul-</span> 
     </span>
    </p>
   </div>
  </div>
