3878 6410
462 349 566 409 535

1494 349 1588 403 DE
1623 349 1813 404 VITIS
1851 349 2148 404 PATRUM
2183 350 2398 405 LIBER
2436 349 2726 404 PRIMUS.

3647 343 3755 400 536

463 478 580 533 lum
621 493 866 548 unquam
911 481 1131 528 tantum
1172 473 1428 526 memoris
1466 490 1530 526 ex
1571 473 1685 527 ﬁlio
1715 474 2055 555 contraxisse
2075 474 2358 533 Ainﬁcias
2387 475 2602 528 iverim.
2633 474 2901 529 Tenebris
2948 475 3096 527 enim
3130 474 3265 543 fuga
3293 471 3528 535 relictis,
3561 470 3635 523 ad
3665 471 3754 523 lu-

461 566 646 632 credo,
680 571 952 636 quantum
985 579 1131 616 nunc
1177 579 1240 614 ex
1279 569 1336 616 te
1385 563 1655 616 contraxi.
1689 563 1870 616 Meam
1914 563 2062 615 enim

2147 580 2266 616 cem
2307 565 2542 624 accurri,
2583 581 2647 617 ac
2678 564 2870 618 relicto
2903 579 3092 618 errore
3123 563 3192 616 ad
3215 561 3514 615 veritatem
3540 576 3634 612 me
3663 559 3756 610 ad-

464 655 724 708 caniticm
747 655 1015 707 dedecore
1037 651 1287 717 aliecisti,
1311 669 1374 704 ac
1399 652 1576 704 lucem
1601 653 1885 705 oculorum
1915 668 2066 704 mco-
2142 653 2304 722 junxi
2338 671 2349 705 :
2385 653 2694 723 nuntioque
2742 652 3088 707 daamonibus
3133 651 3388 716 remisso,
3441 649 3516 702 ad
3546 647 3758 702 Christi

465 761 590 797 rum
621 743 924 806 abstulisti,
966 758 1379 810 nervorumque
1421 757 1674 794 meorum
1724 740 1895 793 robur
1924 741 2067 792 exci-

465 833 616 886 disti.
648 833 840 886 Timor
869 831 1036 895 enim,
1089 847 1256 900 quem
1287 836 1385 883 tua
1422 847 1591 882 causa
1627 829 1916 893 timebam,
1946 846 2067 882 eve-

466 921 552 974 nit
581 921 718 974 mihi
744 939 758 975 :
789 928 847 974 et
875 920 1023 990 quod
1053 919 1303 983 verebar,
1337 919 1538 972 accidit
1558 918 1714 971 mihi.
1749 919 2068 988 Factusque

469 1026 592 1062 sum
624 1009 879 1063 hostibus
909 1009 1046 1062 meis
1075 1008 1470 1073 inludibrium,
1507 1013 1563 1060 et
1593 1007 1651 1060 in
1675 1007 1850 1060 risum
1880 1006 2100 1060 adver—'

470 1097 635 1151 sariis
662 1098 803 1151 meis
837 1100 964 1165 (Job.
995 1101 1098 1164 III).
1135 1098 1319 1151 Stulta
1345 1103 1532 1150 mente
1557 1113 1622 1149 ac
1651 1095 1850 1166 puerili
1881 1097 2070 1148 animo

473 1185 842 1258 impostorum
887 1184 1068 1238 verbis
1107 1186 1273 1238 ﬁdem
1303 1185 1628 1248 adhibuisti,
1663 1191 1830 1253 atque
1860 1184 2070 1254 impro-

471 1275 672 1329 borum
702 1281 759 1328 et
786 1275 1185 1328 malevolorum
1215 1275 1504 1327 hominum
1527 1273 1818 1326 consilium
1840 1274 2070 1326 consilio

477 1380 604 1417 meo
627 1364 913 1433 antiquius
931 1363 1160 1426 habens,
1187 1379 1250 1416 ac
1263 1363 1492 1416 deorum
1516 1369 1836 1416 nostrorum
1859 1363 2070 1415 cultum

2148 743 2372 796 ordines
2403 759 2492 796 me
2513 743 2849 812 contuli,qui
2872 741 2973 797 Dei
2998 741 3181 795 Patris
3208 740 3384 794 Filius
3413 755 3479 792 ac
3506 736 3756 790 Verbum

2149 837 2252 896 est,
2289 833 2561 902 cujusque
2594 831 2764 884 verbo
2794 831 2984 884 omnia
3017 847 3082 884 ex
3113 830 3289 884 nihilo
3315 829 3374 882 in
3404 832 3596 881 ortum
3629 843 3758 896 pro-

2150 922 2319 974 ducta
2347 927 2496 987 sunt,
2532 921 2739 991 quique
2780 919 2962 973 efﬁcto
3008 935 3038 972 e
3077 924 3230 972 terra
3259 917 3494 971 homine
3529 915 3759 968 vitalem

2152 1009 2258 1079 ipsi
2286 1009 2546 1080 spiritum
2575 1009 2899 1073 insufﬁavit,
2926 1025 3166 1077 eumque
3201 1007 3259 1060 in
3276 1005 3586 1075 voluptatis
3603 1019 3762 1074 para-

2153 1099 2292 1164 diso,
2343 1105 2406 1152 ut
2461 1099 2573 1151 illic
2618 1099 2864 1166 degeret,
2916 1097 3223 1152 collocavit.
3272 1096 3529 1164 Cumque
3585 1093 3762 1163 ipsius

2155 1187 2485 1240 mandatum
2511 1187 2791 1248 violasset,
2815 1185 3094 1256 mortique
3124 1184 3360 1255 proinde
3381 1182 3694 1236 obnoxium
3710 1199 3766 1233 se

2155 1277 2511 1342 reddidisset,
2543 1283 2711 1346 atque
2761 1275 3027 1328 horrendi
3067 1273 3262 1327 mundi
3293 1271 3568 1343 principis
3609 1277 3765 1340 pote-

2156 1365 2288 1417 stati
2316 1363 2666 1432 subjecisset,
2707 1381 2820 1416 non
2851 1369 3040 1417 tamen
3085 1362 3274 1416 omnia
3310 1360 3496 1414 facere
3525 1359 3764 1420 destitit,

477 1454 820 1524 relinquens,
857 1454 928 1506 ad
956 1453 1124 1506 alieni
1149 1453 1245 1506 Dei
1269 1454 1478 1506 cultum
1499 1460 1556 1506 te
1576 1453 1881 1506 contulisti.
1907 1453 2076 1515 Quid-
2158 1470 2268 1522 quo
2291 1469 2417 1505 eum
2441 1453 2511 1504 ad
2533 1452 2827 1522 pristinam
2855 1452 3187 1520 dignitatem
3208 1454 3511 1503 revocaret.
3547 1450 3636 1500 Ac
3650 1463 3768 1517 pro-

481 1559 614 1596 nam
644 1542 764 1608 tibi,
795 1542 896 1606 ﬁli,
937 1542 994 1595 in
1026 1549 1270 1596 mentem
1301 1543 1470 1601 venit,
1507 1549 1569 1594 ut
1598 1543 1713 1595 hinc
1743 1543 1978 1602 ﬁweres;
2014 1557 2076 1593 ac
2159 1549 2352 1612 pterea
2379 1542 2474 1594 ille
2514 1559 2702 1594 rerum
2753 1541 3006 1594 omnium
3045 1539 3400 1593 conditarum
3421 1539 3660 1591 effector
3685 1554 3770 1604 ge-

482 1635 565 1696 tu,
595 1647 761 1700 quem
809 1631 866 1684 in
897 1631 1049 1684 omni
1096 1631 1394 1684 securitate
1445 1631 1594 1684 alere
1645 1648 1734 1683 me
1759 1630 2073 1700 sperabam,
2161 1631 2422 1700 uerisque
2450 1631 2627 1684 nostri
2656 1631 3015 1694 architectus,
3041 1636 3235 1682 nostra
3273 1644 3444 1681 causa
3480 1628 3658 1680 homo
3689 1627 3768 1679 ef—

483 1735 764 1790 quemque
785 1720 1088 1772 senectutis
1123 1737 1260 1772 meze
1293 1719 1544 1773 baculum
1578 1737 1640 1772 ac
1669 1719 2080 1772 rohurhabftu-
2160 1721 2338 1774 fectus
2378 1725 2480 1782 est,
2515 1727 2685 1790 atque
2738 1719 2796 1772 in
2843 1724 3054 1772 terram
3103 1718 3350 1781 veniens,
3401 1723 3458 1769 et
3497 1733 3529 1768 e
3571 1721 3770 1768 sancta

482 1825 607 1862 rum
631 1808 1016 1878 optimumque
1047 1809 1203 1876 regni
1227 1809 1334 1861 mei
1357 1826 1731 1861 successorem
1753 1809 2080 1861 relicturum
2101 1797 2394 1878 BVirgine
2445 1825 2696 1868 nascens,
2750 1825 2878 1861 cum
2935 1807 3256 1860 hominibus
3299 1805 3768 1858 consuetudinem

483 1913 574 1950 me
599 1896 1007 1958 existimabam,
1039 1897 1250 1950 inimici
1274 1904 1444 1966 atque
1465 1898 1684 1950 hostilis
1705 1897 1760 1950 in
1792 1915 1881 1950 me
1907 1897 2081 1950 animi
2161 1899 2361 1952 habuit
2393 1898 2649 1962 (llaruch,
2685 1901 2790 1964 Ill).
2843 1898 2922 1950 Ac
2970 1913 3070 1966 pro
3117 1894 3279 1949 nobis
3328 1893 3568 1963 ingratis
3601 1893 3770 1945 servis

485 1991 881 2054 argumentum
911 1985 1168 2039 exhibere
1199 1987 1430 2039 minime
1457 1986 1784 2040 dubitares?

553 2075 642 2128 An
677 2091 790 2128 non
829 2069 1266 2129 consentaneum
1293 2083 1416 2128 erat
1443 2081 1508 2128 ut
1543 2075 1679 2128 mihi
1709 2077 1897 2146 potius
1928 2092 2086 2145 pare-

483 2180 594 2226 res,
623 2181 860 2234 meaque
881 2169 1095 2218 secreta
1123 2165 1457 2234 sequereris,
1488 2181 1654 2235 quam
1685 2165 1990 2234 versipellis
2021 2183 2085 2218 ac

487 2253 667 2323 putidi
711 2253 861 2306 senis
900 2253 1064 2321 nugis
1113 2253 1412 2323 stultisque
1451 2253 1802 2306 sermonibus
1835 2253 2080 2319 cederes,

487 2341 583 2412 qui
612 2341 714 2394 tibi
741 2342 844 2395 hoc
869 2341 926 2395 in
957 2342 1209 2394 animum
1245 2342 1498 2407 immisit,
1541 2349 1604 2395 ut
1643 2359 1745 2412 pro
1785 2343 1930 2396 dulei
1971 2343 2086 2396 vita

489 2429 747 2483 acerbam
777 2431 1106 2501 susciperes,
1143 2447 1206 2484 ac
1239 2448 1337 2500 pro
1365 2431 1710 2484 suavissimis
1743 2431 1956 2484 deliciis
1983 2433 2089 2484 du-

489 2535 613 2572 ram
642 2519 798 2572 illam
834 2525 892 2572 et
919 2536 1174 2590 asperam
1205 2519 1372 2584 viam,
1409 2537 1576 2590 quam
1607 2521 1798 2574 Maria?
1830 2521 1975 2574 ﬁlius
2003 2527 2091 2574 te-

491 2623 626 2660 nere
673 2607 956 2672 admonet,
998 2609 1414 2678 ingredereris?
1447 2611 1534 2662 An
1561 2626 1672 2662 non
1702 2615 1891 2662 autem
1922 2609 2092 2662 etiam

493 2711 842 2749 summorum
870 2696 1102 2749 deorum
1133 2697 1276 2750 iram
1301 2697 1670 2768 pertimescis,
1697 2715 1766 2751 ne
1786 2698 2016 2751 fulmine
2038 2705 2092 2752 te

494 2782 720 2847 feriant,
772 2789 872 2836 aut
915 2784 1166 2838 tonitruo
1214 2785 1559 2851 interimant,
1604 2793 1901 2857 pr0pterea
1945 2787 2093 2856 quod

497 2871 812 2942 repudiatis
851 2889 915 2925 ac
936 2889 1036 2942 pro
1057 2873 1229 2926 nihilo
1248 2873 1532 2928 habitisiis
1553 2875 1647 2945 qui
1669 2892 1769 2928 nos
1793 2881 1875 2930 tot
1898 2876 2094 2929 tantis-

496 2977 604 3030 que
635 2959 914 3014 beneﬁciis
945 2962 1269 3026 affecerunt,
1302 2980 1367 3016 ac
1397 2963 1550 3031 regio
1581 2963 1898 3018 diademate
1925 2982 2091 3018 orna-

496 3054 648 3112 runt,
665 3055 975 3119 gentesque
988 3051 1348 3104 numerosissi
1356 3069 1472 3104 mas
1485 3053 1683 3105 ditioni
1704 3061 1905 3107 nostrae
1925 3059 2092 3124 atque

2165 1987 2436 2042 Dominus
2471 1992 2710 2039 mortem
2757 1985 2946 2050 subiit,
2980 1990 3037 2038 et
3065 1985 3289 2054 quidem
3319 1988 3564 2036 mortem
3589 1982 3770 2034 crucis

2167 2078 2427 2143 (Philipp.
2463 2074 2544 2145 ll),
2578 2081 2643 2128 ut
2675 2075 2928 2128 videlicet
2962 2073 3171 2144 peccati
3200 2073 3459 2143 tyrannis
3486 2072 3558 2124 de
3587 2072 3771 2124 medio

2167 2166 2476 2228 tolleretur,
2504 2163 2768 2234 priorque
2788 2163 3180 2216 condemnatio
3210 2162 3514 2225 deleretur,
3551 2178 3623 2215 ac
3657 2160 3770 2214 coeli

2168 2261 2340 2324 portae
2389 2252 2549 2306 nobis
2581 2269 2805 2306 rursum
2853 2257 3129 2323 paterent.
3163 2252 3309 2304 Nam
3348 2251 3482 2304 illuc
3509 2256 3772 2303 naturam

2171 2349 2346 2408 πίνει
2375 2348 2626 2394 nostram
2657 2342 2854 2406 evexit,
2890 2348 3059 2410 atque
3084 2342 3143 2394 in
3162 2340 3354 2408 gloriae.
3374 2340 3584 2393 throno
3603 2339 3775 2392 collo-

2172 2433 2338 2495 cavit,
2375 2447 2723 2499 regnumque
2751 2431 2878 2484 ﬁnis
2909 2447 3123 2500 expers,
3156 2429 3224 2482 iis
3254 2429 3350 2500 qui
3379 2429 3558 2500 ipsius
3587 2445 3776 2482 amore

2175 2521 2424 2592 pra-dicti
2443 2526 2593 2585 sunt,
2618 2520 2863 2585 donavit,
2887 2519 3143 2588 bonaque
3163 2519 3316 2572 omni
3330 2534 3601 2571 sermone
3616 2525 3776 2587 atque

2177 2610 2374 2663 auditu
2405 2609 2798 2678 praestantiora
2819 2610 2865 2676 (Ι
2893 2611 3014 2663 Cor.
3047 2608 3130 2676 ιι),
3168 2608 3292 2678 Ipse
3321 2607 3476 2661 enim
3505 2614 3601 2660 est
3628 2607 3776 2660 fortis

2177 2701 2290 2762 ille,
2323 2716 2387 2752 ac
2421 2699 2821 2768 soluspotens,
2856 2698 2972 2750 Rex
2991 2713 3185 2766 regum
3209 2703 3262 2750 et
3297 2695 3580 2750 Dominus
3601 2696 3774 2749 domi-

2176 2788 2434 2842 nantium
2465 2789 2639 2856 (Apoc.
2670 2784 2804 2856 xxx),
2859 2787 3022 2856 cujus
3059 2786 3233 2840 robur
3277 2785 3548 2838 invictum
3581 2791 3689 2849 est,
3727 2791 3775 2837 et

2175 2877 2426 2948 potentia
2453 2875 2730 2945 ejusmodi
2761 2891 2882 2946 qua:
2899 2891 3124 2928 omnem
3153 2873 3362 2944 ingenii
3391 2874 3773 2943 conjecturam

2175 2966 2423 3024 excedat;
2445 2965 2538 3035 qui
2574 2965 2725 3017 solus
2747 2969 2974 3017 sanctus
2991 2970 3095 3029 est,
3120 2969 3177 3017 et
3197 2963 3256 3017 in
3287 2962 3498 3016 sanctis
3527 2963 3773 3032 requies-

2175 3073 2334 3120 cens;
2356 3055 2450 3124 qui
2481 3071 2607 3107 cum
2640 3055 2808 3108 Patre
2845 3060 2903 3106 et
2927 3054 3146 3124 Spiritu
3175 3058 3365 3105 sancto
3394 3051 3770 3120 gloriﬁcatur:

496 3137 734 3208 imperio
753 3138 1132 3208 subjecerunt,
1165 3157 1228 3193 ac
1249 3141 1489 3210 denique
1509 3147 1570 3195 ut
1589 3159 1815 3211 precum
1839 3159 2092 3196 mearum
2115 3157 2159 3217 ρ
2177 3145 2234 3197 in
2267 3160 2505 3214 quorum
2554 3144 2781 3196 nomine
2812 3142 3125 3212 baptizatus
3161 3157 3308 3204 sum,
3346 3147 3405 3194 et.
3433 3156 3576 3210 quos
3613 3141 3772 3194 conﬁ-

497 3231 552 3280 et
580 3227 900 3281 orationum
920 3245 1088 3299 epera
1105 3229 1434 3298 gignereris,
1466 3247 1528 3283 ac
1561 3230 1896 3284 dulcissima:
1926 3232 2095 3301 hujus

496 3315 636 3370 lucis
655 3318 932 3388 particeps
961 3320 1144 3383 ﬁeres,
1179 3326 1382 3389 praeter
1400 3337 1554 3390 spem
1587 3321 1906 3385 effecerunt,
1932 3321 1982 3374 ci
2000 3321 2096 3390 qui

497 3407 647 3459 cruci
677 3407 876 3460 afﬁxus
904 3413 992 3461 est
1020 3407 1330 3460 arctissime
1361 3415 1418 3462 te
1446 3409 1802 3478 conjunxisti,
1835 3409 2096 3462 inanibus

498 3494 754 3548 videlicet
791 3495 966 3566 ipsius
1013 3497 1292 3550 cultorum
1341 3498 1634 3568 promissis
1667 3498 1952 3568 deceptus,
2001 3498 2098 3568 qui

499 3599 641 3636 nova
678 3585 933 3654 quaedam
985 3587 1185 3639 saecula
1239 3588 1584 3655 conﬁngunt,
1636 3593 2100 3657 mortuorumque

500 3689 794 3742 corporum
807 3675 1804 3746 resurrectionemnugantur,aliaque
1817 3685 2095 3742 sexcenta,

501 3767 566 3814 ut
583 3762 802 3816 stolidis
821 3763 1141 3817 hominibus
1165 3765 1351 3818 fucum
1380 3765 1605 3828 faciant,
1630 3765 2030 3819 introducunt?

573 3851 783 3905 Verum
813 3870 960 3906 nunc
989 3854 1208 3918 saltem,
1238 3854 1564 3908 charissima
1593 3855 1692 3919 ﬁli,
1717 3855 1764 3907 si
1796 3855 1932 3925 quid
1963 3854 2100 3908 mihi

503 3941 650 4008 patri
680 3947 776 3994 tuo
821 3941 1318 4012 obtemperandum
1353 3950 1534 4012 putas,
1573 3943 1798 4012 prolixis
1817 3943 1904 3996 his
1933 3945 2100 4013 nugis

502 4027 735 4098 longum
757 4031 939 4083 valere
957 4031 1152 4099 jussis,
1173 4031 1428 4100 benignis
1451 4032 1577 4094 diis,
1597 4048 1802 4102 qumso,
1823 4033 2094 4093 sacriﬁca,

504 4121 673 4185 atque
693 4133 788 4170 eos
800 4119 1058 4187 plurimis
1073 4119 1310 4172 victimis
1339 4126 1396 4173 et
1424 4120 1710 4172 sacriﬁciis
1740 4121 1959 4190 placare
1980 4128 2098 4174 stu-

506 4204 759 4268 deamus,
785 4212 848 4259 ut
880 4207 1050 4260 errati
1081 4207 1296 4260 veniam
1325 4207 1393 4261 ab
1431 4208 1568 4278 ipsis
1606 4209 1890 4278 impetres,
1925 4209 2100 4280 siqui-

507 4291 636 4344 dem
668 4293 811 4346 hanc
840 4294 952 4347 vim
982 4294 1063 4347 illi
1091 4295 1317 4362 habent,
1341 4302 1406 4349 ut
1433 4303 1490 4349 et
1517 4295 1803 4351 beneﬁciis
1823 4304 1878 4351 et
1897 4300 2102 4370 suppli-

505 4380 604 4434 ciis
634 4381 854 4436 afﬁcere
882 4384 1115 4454 possint.

2177 3240 2318 3297 teor,
2369 3231 2586 3285 celebro
2641 3239 2812 3302 atque
2843 3232 3039 3297 adoro,
3081 3247 3257 3285 unum
3281 3230 3462 3284 Deum
3496 3229 3556 3282 in
3596 3230 3772 3284 tribus

2179 3321 2452 3393 personis,
2506 3320 3059 3384 consubstantialem,
3106 3336 3171 3373 ac
3197 3318 3540 3373 confusionis
3579 3335 3770 3389 exper-

2179 3419 2315 3474 tem,
2345 3411 2676 3476 increatum,
2710 3409 3104 3474 immortalem,
3135 3410 3564 3478 sempiternum,
3587 3407 3771 3462 inﬁni-

2179 3506 2320 3563 tum,
2354 3499 2424 3552 ab
2461 3499 2614 3552 omni
2656 3498 3171 3570 circumscriptione
3201 3503 3506 3562 remotum,
3545 3512 3772 3568 corpore

2186 3595 2492 3653 vacantem,
2527 3606 2562 3642 a
2603 3587 3120 3658 perturbationibus
3163 3593 3218 3641 et
3257 3586 3571 3640 mutatione
3609 3593 3772 3656 atque

2181 3678 2540 3731 conversione
2571 3677 2837 3742 alienum,
2869 3677 3022 3730 omni
3059 3675 3299 3730 termino
3328 3681 3640 3739 carentem,
3697 3674 3775 3727 bo-

2183 3768 2376 3822 nitatis
2391 3774 2448 3820 et
2462 3767 2697 3837 justitiaa
2715 3783 2780 3820 ac
2797 3767 3154 3837 sempiternae
3169 3766 3308 3819 lucis
3329 3765 3564 3829 fontem,
3588 3781 3772 3818 rerum

2182 3857 2432 3910 omnium
2463 3857 2835 3921 conditarum,
2868 3862 2985 3910 tam
3007 3872 3130 3926 quae
3157 3854 3311 3908 cerni
3334 3859 3573 3925 possunt
3609 3868 3772 3924 quam

2183 3962 2304 4015 quae
2344 3945 2632 3998 oculorum
2671 3961 2899 3998 sensum
2941 3945 3184 4013 fugiunt,
3225 3944 3564 4008 effectorem,
3609 3951 3772 4012 atque

2180 4035 2367 4088 omnia
2397 4035 2776 4088 continentem
2807 4040 2864 4087 et
2898 4039 3338 4096 conservantem,
3365 4031 3628 4085 omnibus
3653 4047 3774 4101 pro-

2182 4123 2528 4192 Spicientem,
2552 4122 2795 4192 atquein
2813 4122 3001 4176 omnia
3020 4137 3257 4190 regnum
3274 4125 3331 4174 et
3356 4119 3658 4190 imperium
3683 4119 3771 4172 ob-
3847 4123 3852 4138 ‘

2182 4212 2474 4265 tinentem.
2508 4213 2702 4282 Neque
2733 4211 2884 4264 enim
2933 4209 3054 4263 sine
3092 4210 3212 4280 ipso
3241 4226 3331 4262 res
3355 4209 3472 4262 ulla
3493 4208 3644 4262 facta
3673 4215 3768 4269 est,

2183 4317 2285 4354 nec
2327 4301 2446 4354 sine
2497 4301 2671 4371 ipsius
2709 4299 3058 4370 providentia
3103 4299 3408 4369 quidquam
3456 4298 3693 4352 conﬂari
3719 4313 3770 4350 se

2185 4390 2485 4444 consistere
2515 4395 2717 4460 potest.
2759 4390 2884 4460 Ipse
2923 4388 3200 4458 siquidem
3228 4393 3314 4442 est
3351 4387 3608 4440 omnium
3642 4387 3765 4448 vita,

573 4471 654 4524 Ac
673 4488 776 4526 nos
802 4489 996 4526 eorum
1020 4491 1142 4543 quae
1160 4474 1402 4528 diximus
1431 4475 1746 4546 exemplum
1767 4465 1864 4529 tibi
1887 4494 2101 4543 sumus,
2123 4473 2436 4532 Domnium
2467 4477 2900 4548 coagmentatio,
2946 4477 3198 4531 omnium
3227 4476 3586 4540 illuminatio,
3627 4481 3770 4529 totus

503 4559 599 4631 qui
629 4559 878 4632 ipsorum
900 4562 1168 4617 beneﬁcio
1191 4564 1259 4617 ad
1283 4565 1384 4617 hoc
1405 4564 1699 4634 imperium
1725 4567 2096 4634 pervenimus,

503 4657 672 4722 atque
697 4652 842 4705 hanc
867 4652 1006 4724 ipsis
1036 4652 1290 4706 beneﬁcii
1325 4654 1499 4707 vicem
1542 4654 1920 4724 rependimus,
1954 4663 2018 4709 ut
2046 4662 2104 4709 et

503 4756 697 4794 eorum
713 4741 1022 4795 cultoribus
1041 4743 1308 4796 honorem
1330 4743 1664 4808 tribuamus,
1694 4749 1751 4797 et
1767 4761 1860 4797 eos
1883 4745 1979 4815 qui
2006 4745 2102 4798 ad-

504 4828 632 4882 duci
653 4837 942 4900 nequeunt
961 4837 1024 4884 ut
1063 4832 1199 4902 ipsis
1223 4832 1554 4896 sacrificent,
1577 4833 1864 4904 suppliciis
1913 4851 2102 4887 excru-

504 4916 736 4974 ciemus.
767 4919 973 4972 Multas
1001 4920 1172 4990 igitur
1201 4921 1520 4990 hujusmodi
1551 4939 1728 4992 nugas
1766 4939 2103 4977 commemo-

503 5011 665 5059 rante
687 5023 836 5076 rege,
861 5024 926 5061 ac
944 5015 1136 5062 nostra
1159 5010 1383 5080 quidem
1405 5011 1668 5081 dogmata
1688 5012 2026 5081 suggillante
2047 5020 2103 5066 et

502 5096 851 5162 traducente,
885 5097 1161 5152 idolorum
1193 5106 1383 5164 autem
1403 5101 1618 5154 cultum
1636 5101 1893 5154 laudibus
1916 5107 1972 5154 et
2001 5119 2100 5155 en-

501 5185 696 5239 comiis
717 5192 1108 5256 prosequente,
1128 5187 1506 5242 divinissimus
1520 5190 1742 5259 juvenis
1763 5207 1879 5244 rem
1898 5207 1962 5243 eo
1981 5191 2100 5244 loco

501 5290 621 5328 esse
643 5275 853 5342 videns,
880 5281 943 5330 ut
964 5293 1075 5330 non
1101 5279 1221 5346 jam
1252 5279 1520 5347 angulum
1545 5285 1601 5333 et
1627 5279 1889 5342 latebras,
1909 5296 2100 5334 verum

497 5365 894 5419 candelabrum
921 5367 1106 5437 potius
1130 5384 1194 5420 ac
1215 5369 1502 5438 speculum
1516 5369 1862 5422 desideraret
1886 5370 2094 5436 (Matth.

496 5457 570 5520 v),
600 5471 710 5524 quo
741 5455 998 5509 omnibus
1029 5455 1084 5509 in
1113 5457 1405 5528 perspicuo
1439 5463 1602 5522 esset,
1654 5457 1909 5512 libertate
1939 5475 2004 5511 ac
2033 5460 2098 5512 ﬁ-

499 5541 665 5595 ducia
693 5543 910 5613 plenus,
943 5545 1011 5598 ad
1044 5546 1192 5600 hunc
1217 5546 1446 5599 modum
1477 5547 1696 5600 locutus
1716 5553 1802 5600 est
1832 5565 1843 5600 :
1961 5605 1967 5616 ,

569 5629 727 5691 Quod
764 5649 799 5684 a
839 5650 928 5686 me
975 5634 1183 5687 factum
1239 5639 1340 5698 est,
1389 5651 1422 5687 o
1452 5634 1618 5700 here,
1663 5636 2101 5706 haudquaquam

2183 4568 2436 4632 dulcedo,
2481 4585 2544 4620 ac
2572 4573 2724 4620 totus
2760 4567 2880 4620 sine
2909 4567 3024 4620 ulla
3063 4567 3357 4620 saturitate
3391 4563 3768 4618 desiderabilis

2187 4658 2365 4722 (Cant.
2407 4659 2479 4722 v),
2524 4655 2886 4725 omniumque
2928 4669 3117 4708 rerum
3148 4653 3590 4724 expetendarum
3633 4667 3769 4706 sum-

2183 4761 2310 4798 mus
2337 4755 2543 4798 vertex.
2569 4744 2839 4807 Quocirca
2877 4745 3055 4798 Deum
3087 4743 3254 4809 hunc,
3277 4742 3408 4814 quia
3427 4748 3591 4796 tanta
3619 4740 3766 4796 boni—

2182 4839 2298 4888 tate
2325 4850 2390 4887 ac
2409 4834 2660 4905 potentia
2679 4833 2943 4905 praeditus
2971 4840 3074 4898 est,
3115 4833 3450 4903 relinquere,
3475 4837 3648 4903 atque
3671 4833 3766 4885 im-

2184 4939 2352 4993 puros
2376 4923 2658 4976 daemones
2677 4923 3050 4990 vitiorumque
3070 4921 3320 4975 omnium
3340 4921 3676 4975 architectos
3693 4935 3768 4973 co-

2184 5013 2319 5075 lere,
2352 5012 2648 5081 surdisque
2696 5029 2760 5065 ac
2807 5010 2976 5064 mutis
3017 5010 3237 5075 statuis,
3270 5026 3390 5080 qum
3428 5025 3532 5062 nec
3569 5005 3767 5079 aliquid

2184 5105 2315 5154 sunt
2342 5117 2444 5154 nec
2491 5106 2676 5167 erunt,
2708 5101 2922 5154 cultum
2953 5116 3017 5152 ac
3057 5099 3473 5153 venerationem
3507 5099 3763 5156 tribuere,

2183 5191 2343 5258 cujus
2374 5191 2620 5256 tandem,
2645 5207 2678 5244 ο
2702 5196 2878 5260 pater,
2897 5189 3148 5243 stultitia!
3177 5205 3242 5242 ac
3265 5188 3567 5242 dementize
3586 5187 3766 5242 fuerit?

2184 5280 2484 5350 Ecquando
2518 5279 2667 5332 enim
2708 5295 2810 5332 vox
2835 5277 2903 5331 ab
2932 5277 3069 5348 ipsis
3097 5277 3292 5331 audita
3313 5283 3398 5330 est
3421 5277 3444 5329 Τ
3477 5276 3764 5347 Ecquando

2179 5369 2266 5422 vel
2316 5369 2577 5438 exiguum
2621 5369 2709 5435 iis,
2739 5368 2835 5439 qui
2881 5384 3074 5438 preces
3121 5368 3191 5420 ad
3227 5367 3377 5438 ipsos
3416 5366 3759 5431 adhibebant,

2180 5459 2491 5512 dederunt?
2513 5457 2812 5530 Ecquando
2835 5457 3216 5523 ambularunt,
3240 5465 3340 5512 aut
3359 5474 3586 5512 sensum
3601 5458 3760 5512 ullum

2181 5548 2552 5616 acceperunt?
2580 5549 2726 5602 Nam
2745 5564 2927 5618 neque
2949 5547 3006 5599 hi
3033 5547 3128 5618 qui
3150 5545 3375 5600 stabant
3394 5547 3660 5601 sessionis
3676 5560 3760 5600 un-

2181 5653 2350 5707 quam
2370 5625 2767 5703 meminerunt,
2789 5653 2892 5690 nec
2911 5636 3004 5706 qui
3019 5635 3513 5691 sedebantstantes
3522 5649 3756 5706 unquam
