3878 6394
139 371 243 429 537

533 369 705 424 VITA
742 367 1185 423 SANCTORUM
1220 364 1569 423 BARLAAM
1608 363 1947 420 EREMITIE
1985 362 2074 417 ET
2112 358 2479 417 JOSAPHAT
2516 355 2741 414 INDIIE
2776 354 3008 409 REGIS.

3329 347 3435 407 538

137 498 241 553 visi
270 502 421 553 sunt.
454 499 667 551 Horum
696 495 1105 567 turpitudinem
1132 512 1197 549 ac
1216 494 1449 549 fetorem
1467 496 1523 546 et
1551 496 1739 561 stupo-
1755 500 1803 557 Α
1825 490 1935 545 est?
1957 492 2071 544 Aut
2099 504 2341 559 quonam
2375 484 2541 540 modo
2564 488 2723 554 pater
2742 481 2857 546 ille,
2882 496 2946 534 ac
2974 496 3087 535 non
3110 479 3302 551 potius
3322 477 3424 567 ho-

138 604 284 654 rem,
338 593 508 657 atque
540 586 711 639 etiam
750 586 1070 639 daemonum
1098 585 1155 637 in
1200 583 1337 654 ipsis
1367 582 1738 653 operantium,

137 694 204 731 ac
233 693 336 748 per
352 677 502 747 ipsos
530 676 902 746 imposturam
930 670 1745 735 vobisfacientium,infirmita-

137 772 259 820 tem
288 772 458 836 atque
486 764 944 830 imbecillitatem,
978 781 1105 818 eum
1136 780 1170 817 a
1194 762 1313 815 viro
1343 766 1536 815 sancto
1579 759 1744 813 intel-

134 855 421 918 lexissem,
482 870 787 923 eorumque
832 852 1251 924 improbitatem
1294 850 1632 920 rejecissem,
1680 864 1745 901 ac

138 945 390 1015 perfecto
433 944 559 998 odio
600 943 907 997 insectatus
950 942 1203 1007 fuissem,
1250 941 1321 995 ad
1352 942 1529 995 Deum
1558 939 1744 991 vivum

137 1049 206 1086 ac
236 1049 432 1087 verum
464 1049 553 1086 me
578 1032 828 1101 adjunxi,
861 1031 1080 1102 ipsique
1111 1031 1183 1084 ad
1214 1035 1528 1083 extremum
1564 1042 1743 1097 usque

134 1123 271 1176 vitm
299 1122 560 1193 spiritum
586 1121 846 1187 serviam,
881 1137 990 1191 quo
1021 1120 1194 1174 etiam
1237 1119 1297 1173 in
1334 1118 1509 1189 ipsius
1544 1132 1745 1171 manus

138 1210 377 1283 spiritus
406 1228 565 1265 meus
592 1210 800 1265 veniat.

214 1303 360 1355 Cum
390 1301 563 1370 igitur
590 1305 750 1354 tanta
763 1299 929 1366 bona,
954 1316 1186 1369 quaeque
1215 1298 1370 1352 nulla
1384 1296 1636 1351 oratione
1659 1311 1747 1348 ex-

135 1389 340 1460 plicari
368 1389 599 1460 possint,
651 1389 786 1442 mihi
829 1388 1221 1451 occurrissent,
1266 1384 1580 1456 gaudebam
1619 1382 1749 1453 qui-

131 1479 271 1531 dem
288 1495 379 1531 me
397 1478 780 1548 improborum
802 1479 1119 1531 daemonum
1140 1478 1406 1531 servitute
1425 1475 1743 1535 liberatum,

1826 580 1926 633 stis
1957 581 2133 644 0399
2162 575 2442 632 vocandus
2473 573 2586 626 sit?
2607 573 2728 635 Quo
2759 570 2908 624 circa
2935 585 3037 622 nec
3058 584 3161 637 ego
3192 566 3425 637 posthac

1825 674 1882 722 te
1914 674 2131 739 patrem
2158 664 2471 737 appellabo,
2496 678 2689 716 verum
2709 678 2744 714 a
2762 666 2817 714 te
2861 658 3177 717 abscedam,
3197 672 3309 709 non
3329 671 3426 707 se-

1827 774 1925 811 cus
1954 762 2125 827 atque
2154 756 2201 809 is
2224 755 2319 826 qui
2341 757 2658 824 serpentem
2680 751 2854 820 fugit:
2888 747 3166 818 siquidem
3178 750 3234 799 te
3254 743 3423 798 saluti

1827 864 1966 900 meae
1992 846 2257 909 invidere,
2284 859 2484 913 meque
2510 841 2569 895 in
2607 839 2839 893 exitium
2863 854 2963 908 per
2981 837 3094 889 vim
3135 833 3427 905 impellere

1826 941 2182 1007 perspectum
2211 933 2477 988 habuero.
2511 932 2658 984 Nam
2691 929 2739 981 si
2769 927 2906 981 mihi
2955 925 3064 979 vim
3110 924 3327 987 afferre,
3363 939 3425 976 ac

1825 1025 2116 1096 tyrannice
2136 1038 2355 1077 mecum
2381 1037 2551 1090 agere
2571 1019 2726 1084 velis,
2752 1013 3227 1088 quemadmodum
3255 1008 3427 1064 etiam

1827 1114 2038 1179 dixisti,
2092 1113 2233 1167 nihil
2284 1111 2456 1177 aliud,
2499 1109 2641 1164 mihi
2681 1108 2863 1173 crede,
2906 1106 3037 1160 hinc
3075 1102 3215 1157 lucri
3257 1100 3425 1155 facies

1829 1219 1996 1273 quam
2018 1208 2083 1257 ut
2100 1201 2276 1273 patris
2298 1202 2717 1270 loco,tyrannus
2740 1203 2798 1250 et
2830 1194 3073 1249 carnifex
3103 1189 3421 1262 appelleris.

1829 1291 2293 1362 Quandoquidem
2342 1289 2558 1343 facilius
2606 1286 2708 1340 tibi
2764 1284 2936 1338 fuerit
2964 1281 3163 1352 aquilae
3194 1277 3430 1347 vestigia

1828 1382 2118 1452 consequi,
2140 1397 2206 1435 ac
2234 1396 2334 1450 per
2367 1379 2551 1449 ipsum
2584 1392 2771 1429 aerem
2799 1374 3005 1432 volare.
3035 1386 3203 1441 quam
3236 1384 3325 1420 me
3354 1366 3424 1421 de

1828 1487 1951 1524 mea
1974 1471 2034 1524 in
2064 1470 2351 1524 Christum
2380 1468 2490 1521 fide
2514 1483 2579 1520 ac
2606 1465 2873 1536 praeclaro
2901 1461 3107 1515 {uadere
3149 1473 3278 1511 cum
3307 1456 3428 1526 ipso

133 1573 311 1637 atque
340 1567 411 1620 ab
442 1544 721 1620 horrenda
748 1567 1069 1637 captivitate
1092 1573 1430 1631 revocatum,
1454 1582 1518 1619 ac
1547 1562 1740 1618 Domi-
1821 1559 1961 1612 inito
1974 1559 2269 1612 deducere.
2291 1557 2501 1610 Verum
2523 1552 2792 1623 intellige,
2825 1568 2857 1605 o
2887 1555 3065 1620 pater,
3099 1553 3287 1637 atque,
3320 1544 3430 1598 ista

134 1634 253 1709 nici
284 1656 470 1709 vultus
502 1655 712 1709 lumine
745 1634 910 1711 (Ps-al.
936 1656 1005 1724 ιν)
1037 1656 1428 1708 collustratum
1459 1670 1580 1706 esse
1612 1671 1623 1705 :
1670 1651 1740 1704 il-
1823 1648 2112 1701 oculorum
2156 1646 2360 1700 mentis
2388 1642 2723 1714 lippitudine
2772 1645 2829 1693 et
2875 1637 3114 1706 caligine
3155 1634 3426 1724 discussa,

135 1743 237 1797 lud
271 1750 461 1797 autem
489 1760 578 1796 me
595 1743 858 1812 angebat,
874 1744 1237 1813 animumque
1260 1759 1449 1796 meum
1469 1741 1742 1795 distrahe-
1824 1736 2062 1807 suspice,
2098 1752 2162 1789 ac
2188 1735 2289 1790 Dei
2318 1734 2427 1787 mei
2459 1734 2669 1792 lumen,
2720 1744 2916 1783 omnes
2954 1726 3202 1821 undique
3258 1722 3428 1821 collu-

134 1832 257 1897 bat,
292 1832 440 1902 quod
491 1838 572 1896 tu,
606 1832 867 1886 dominus
896 1848 961 1885 ac
1005 1838 1167 1903 pater
1210 1849 1387 1896 meus,
1425 1822 2453 1901 hujusmodiBstrans,intuere,atque
2474 1822 2592 1892 ipse
2611 1819 2841 1874 tandem
2878 1814 3181 1886 aliquando
3214 1814 3426 1866 suavis-

134 1919 544 1974 beneficiorum
564 1920 795 1975 minime
824 1921 1102 1991 particeps
1132 1936 1302 1975 esses.
1326 1921 1535 1975 Verum
1566 1919 1741 1973 animi

137 2010 226 2063 tui
252 2012 312 2063 in
342 2010 624 2064 sententia
639 2017 736 2064 tua
757 2011 1122 2081 pertinaciam
1140 2018 1416 2074 metuens,
1444 2025 1739 2063 mmrorem

139 2115 336 2153 meum
358 2108 581 2170 pectore
603 2100 943 2169 premebam,
966 2100 1113 2170 quod
1135 2099 1237 2153 tibi
1258 2100 1610 2154 stomachum
1630 2115 1746 2152 mo-

135 2206 274 2242 vere
306 2189 540 2241 minime
581 2190 981 2244 vellem.Deum
1003 2195 1191 2243 autem
1218 2206 1381 2242 orare
1402 2196 1571 2258 atque
1589 2188 1745 2241 obse-

134 2294 300 2332 crare
354 2295 466 2331 non
504 2278 966 2343 intermittebam,
1025 2284 1086 2332 ut
1132 2295 1164 2332 a
1190 2278 1497 2348 longinquo
1523 2277 1735 2340 exsilio,

135 2367 293 2437 quod
322 2366 423 2420 tibi
450 2367 557 2437 ipsi
598 2367 954 2432 accersivisti,
987 2385 1113 2422 cum
1171 2367 1395 2439 pietatis
1451 2367 1736 2437 fugitivus,

133 2457 376 2527 vitiique
406 2457 588 2511 omnis
621 2463 678 2511 et
698 2457 1009 2528 impietatis
1044 2458 1304 2511 minister
1328 2458 1558 2511 effectus
1579 2474 1657 2522 es,
1681 2463 1738 2511 te

134 2555 450 2600 revocaret.
481 2546 757 2609 Quoniam
774 2552 962 2601 autem
978 2552 1041 2601 tu
1060 2546 1199 2617 ipse,
1224 2564 1256 2600 o
1268 2552 1447 2617 pater,
1467 2563 1556 2599 res
1581 2562 1751 2599 meas

131 2635 193 2688 in
228 2640 488 2706 apertum
527 2636 828 2705 protulisti,
863 2653 984 2705 qum
1015 2653 1139 2689 mea
1189 2635 1419 2689 omnino
1459 2635 1736 2689 sententia

132 2726 233 2789 sit,
266 2724 431 2778 audi:
469 2725 636 2778 Pacta
674 2741 801 2778 cum
823 2726 939 2779 Deo
970 2742 1095 2779 meo
1126 2725 1269 2779 inita
1298 2742 1409 2779 non
1438 2724 1694 2793 frangam
1720 2744 1732 2791 ;

124 2830 265 2879 non,
298 2814 551 2883 inquam,
576 2830 679 2884 per
706 2831 835 2867 eum
865 2814 961 2885 qui
1010 2831 1099 2868 me
1130 2815 1375 2885 pretioso
1410 2831 1606 2869 cruore
1634 2832 1736 2868 suo

130 2920 167 2957 a
190 2904 464 2957 servitute
491 2904 807 2957 vindicavit.
855 2904 1249 2969 Quamobrem,
1269 2920 1395 2958 cum
1417 2904 1551 2975 quid
1564 2904 1738 2958 animi

125 2992 374 3046 habeam
386 2992 491 3045 tibi
513 2993 860 3063 exploratum
887 2993 977 3057 sit,
1018 2993 1304 3062 negotium
1328 2993 1427 3047 tibi
1445 2994 1549 3065 ipsi
1572 2994 1741 3047 faces-

1822 1915 1964 1969 simo
1994 1915 2145 1968 illius
2180 1913 2476 1984 splendore
2512 1909 2852 1965 illuminare.
2896 1906 2971 1959 Ut
3014 1904 3145 1975 quid
3179 1902 3329 1955 enim
3368 1905 3425 1953 te

1822 2004 2008 2075 ipsum
2033 2004 2216 2057 carnis
2241 1999 2627 2056 affectionibus
2648 2014 2712 2052 ac
2740 1992 3119 2050 voluntatibus
3147 1996 3329 2045 totum
3367 1995 3426 2043 te

1824 2094 2130 2159 tradidisti,
2154 2110 2255 2147 nec
2276 2092 2390 2145 ullo
2417 2090 2583 2143 modo
2611 2105 2675 2141 ex
2696 2086 2832 2157 ipsis
2858 2081 3138 2150 emergis?
3172 2079 3317 2135 Illud
3344 2078 3426 2131 in-

1825 2183 2033 2253 tellige,
2068 2182 2216 2253 quod
2238 2180 2420 2235 omnis
2440 2196 2568 2233 caro
2598 2177 2788 2231 fenum
2810 2179 2913 2240 est,
2943 2178 3000 2226 et
3037 2170 3220 2225 omnis
3240 2169 3424 2238 gloria

1823 2273 1946 2342 ejus
1972 2280 2242 2343 tanquam
2278 2272 2378 2324 ﬂos
2429 2269 2559 2326 feni.
2614 2266 2961 2321 Exsiccatum
2993 2266 3078 2315 est
3104 2259 3313 2323 fenum,
3369 2261 3427 2310 et

1824 2363 1927 2415 ﬂos
1953 2364 2075 2432 ejus
2104 2361 2337 2427 decidit;
2373 2359 2601 2413 verbum
2631 2362 2821 2411 autem
2851 2351 3073 2407 Domini
3105 2348 3239 2413 mei,
3273 2346 3421 2417 quod

1822 2452 2083 2505 omnibus
2128 2450 2526 2505 annuntiatum
2585 2451 2689 2513 est,
2762 2447 2953 2497 manet
3017 2440 3077 2494 in
3153 2442 3426 2492 aeternum

1821 2543 1867 2604 (I
1885 2543 1994 2595 Pet.
2029 2541 2110 2612 II).

1889 2637 2033 2701 Quid
2063 2638 2237 2707 igitur
2263 2639 2341 2692 ita
2358 2638 2575 2709 perdite
2604 2642 2777 2707 atque
2810 2634 3010 2689 insane
3032 2629 3273 2703 gloriam
3297 2643 3421 2682 eam

1819 2727 2028 2779 retines
2049 2728 2486 2798 etampleeteris,
2514 2744 2637 2797 quae
2666 2727 2849 2779 instar
2876 2722 3184 2778 recentium
3216 2720 3419 2772 florum

1820 2815 2113 2869 marcescit
2126 2823 2295 2887 atque
2308 2817 2610 2883 deletur,et
2631 2814 3003 2868 exsecrandas
3019 2826 3083 2864 ac
3100 2808 3300 2863 fetidas
3328 2806 3422 2859 de-

1819 2904 1995 2969 licias,
2030 2905 2352 2975 ventrisque
2381 2912 2436 2960 et
2461 2922 2656 2960 eorum
2687 2921 2809 2975 quae
2838 2902 2983 2956 infra
3011 2905 3260 2954 ventrem
3293 2900 3422 2951 sunt

1821 2993 2163 3059 affectiones,
2199 3011 2319 3064 qum
2350 2994 2578 3064 quidem
2606 2993 2674 3047 ad
2703 2990 2930 3063 aliquod
2964 2996 3187 3059 tempus
3219 2984 3422 3039 stulto-

128 3098 260 3136 sere
306 3081 518 3147 desine,
577 3098 612 3135 a
652 3082 920 3152 praeclara
966 3083 1313 3135 confessione
1342 3100 1431 3136 me
1462 3084 1739 3137 deducere
1756 3147 1796 3169 ﬂ
1822 3099 1948 3136 rum
1973 3100 2171 3137 sensus
2201 3084 2502 3149 oblectant,
2526 3088 2789 3136 caeterum
2812 3079 3058 3134 amarius
3086 3077 3211 3130 felle
3228 3080 3423 3146 postea

128 3171 396 3226 moliens.
429 3172 573 3226 Nam
604 3172 1076 3242 quemadmodum
1096 3172 1143 3225 si
1165 3173 1367 3225 coelum
1394 3188 1566 3226 manu
1596 3147 1797 3227 arri-C
1821 3172 2173 3241 digeruntur,
2209 3178 2331 3227 tum
2361 3173 2631 3226 nimirum
2662 3187 2792 3225 cum
2817 3168 3030 3223 umbrae
3058 3167 3198 3230 istae,
3250 3169 3421 3233 atque

132 3277 293 3331 pere,
332 3266 432 3315 aut
460 3266 641 3315 totum
674 3278 829 3314 mare
861 3262 1135 3315 exsiccare
1154 3262 1212 3315 in
1228 3261 1480 3317 animum
1510 3262 1739 3315 induxe-

134 3350 241 3413 ris,
268 3350 464 3404 irritus
483 3355 652 3420 atque
680 3350 898 3405 inutilis
925 3351 1025 3404 tibi
1052 3351 1142 3404 hic
1176 3357 1409 3404 conatus
1429 3351 1616 3416 fuerit,
1641 3368 1735 3405 eo-

135 3439 268 3492 dem
300 3439 465 3492 modo
503 3440 608 3493 hoc
652 3456 877 3511 quoque
908 3440 1131 3494 irritum
1159 3440 1262 3493 tibi
1292 3440 1410 3494 fore
1439 3442 1733 3511 persuade.

132 3532 219 3583 Ac
249 3535 566 3599 propterea,
618 3535 717 3583 aut
747 3529 865 3599 ipse
894 3529 1126 3582 consilio
1156 3546 1280 3583 meo
1309 3529 1641 3599 obsequens,
1668 3530 1739 3584 ad

135 3617 428 3670 Christum
451 3622 507 3670 te
549 3618 812 3688 adjunge,
837 3623 898 3671 ut
922 3617 1068 3671 bona
1102 3634 1166 3670 ea
1190 3635 1312 3688 quae
1333 3619 1730 3687 cogitationem

136 3722 365 3760 omnem
416 3712 686 3777 superant
735 3707 1027 3777 percipias,
1064 3707 1310 3777 sociique
1333 3707 1483 3761 inter
1508 3724 1631 3773 nos,
1673 3715 1739 3763 ut

134 3801 374 3859 naturae,
405 3796 483 3850 ita
512 3796 683 3850 etiam
725 3797 857 3851 fidei
906 3798 1101 3862 simus,
1162 3803 1262 3851 aut
1290 3814 1324 3850 a
1350 3803 1452 3850 tua
1483 3797 1732 3864 filietate,

134 3884 278 3938 mihi
319 3885 499 3951 crede,
548 3884 863 3951 abscedam,
910 3903 1161 3957 puraque
1190 3886 1529 3942 conscientia
1556 3888 1736 3941 Deum

133 3990 326 4028 meum
359 3976 557 4028 colam.

213 4064 345 4117 Haec
371 4064 545 4134 igitur
564 4064 754 4118 omnia
775 4070 839 4118 ut
858 4082 951 4118 rex
968 4064 1196 4129 audivit,
1232 4066 1528 4136 impotenti
1548 4065 1734 4119 furore

132 4152 427 4208 confestim
458 4153 725 4224 percitus,
769 4154 1035 4207 iracunde
1097 4154 1168 4208 ad
1203 4171 1332 4208 eum
1375 4154 1729 4225 loquebatur,

133 4241 511 4313 dentibusque
532 4243 768 4297 furentis
788 4243 1259 4308 instarfrendens,
1286 4244 1376 4297 his
1397 4244 1578 4299 verbis
1606 4262 1739 4299 usus

134 4338 245 4385 est:
292 4331 562 4395 Quisnam
584 4333 727 4386 alius
744 4404 747 4407 _
764 4332 904 4385 mihi
926 4338 1213 4387 tantorum
1244 4334 1523 4387 malorum
1546 4343 1741 4389 auctor

1820 3261 2004 3315 inanis
2035 3263 2267 3332 hujusce
2298 3262 2421 3315 vitae
2439 3261 2717 3315 insomnia
2745 3257 3136 3331 praeterierint,
3160 3259 3330 3324 atque
3356 3252 3417 3304 in

1817 3356 2087 3421 perpetuo
2114 3352 2260 3420 ignis
2286 3367 2575 3421 nunquam
2604 3345 2993 3418 exstinguendi
3021 3362 3087 3399 ac
3132 3340 3415 3398 tenebrosi

1821 3440 2073 3494 cruciatu
2100 3458 2295 3494 eorum
2322 3446 2622 3505 amatores,
2656 3452 2713 3492 et
2741 3438 2837 3508 qui
2866 3434 3150 3507 iniquitati
3187 3448 3415 3503 operam

1822 3529 2393 3600 dant,provolventur,
2417 3529 2513 3583 ubi
2534 3529 2590 3583 in
2612 3528 2823 3582 somnis
2844 3525 3050 3580 vermis
3070 3524 3280 3592 absque
3300 3520 3415 3574 ullo

1820 3619 1931 3673 fine
1951 3620 2100 3689 ipsos
2115 3619 2391 3685 corrodet,
2410 3636 2473 3673 ac
2499 3625 2803 3690 perpetuus
2830 3616 2975 3686 ignis
2996 3615 3051 3668 in
3072 3612 3294 3666 infinita
3315 3626 3417 3663 sae-

1819 3709 1946 3762 cula
1973 3725 2067 3762 eos
2098 3708 2478 3763 concremabit
2496 3709 2518 3761 ’?
2538 3710 2693 3763 Inter
2713 3723 2872 3777 quos,
2901 3722 2933 3758 ο
2958 3720 3078 3758 rem
3101 3704 3418 3771 gravem,tu

1820 3814 2040 3869 quoque
2069 3799 2382 3864 conclusus,
2415 3797 2483 3851 ob
2520 3798 2792 3851 scelerata
2833 3793 3066 3848 consilia
3108 3797 3210 3845 tua
3259 3787 3416 3859 gravi

1818 3888 2151 3958 paenitentia
2178 3887 2453 3953 afficieris,
2488 3892 2657 3957 atque
2686 3886 2787 3939 hos
2815 3884 2936 3939 dies
2959 3883 3200 3937 multum
3234 3876 3418 3948 requi-

1819 3994 1925 4041 res,
1960 3994 2328 4048 meorumque
2358 3977 2653 4031 verborum
2682 3970 3309 4029 recordaberis.Verum
3330 3967 3414 4021 ni-

1818 4067 1898 4120 hil
1926 4084 1990 4120 ex
2020 4066 2637 4138 ejusmodipmnitentia
2650 4064 2911 4119 utilitatis
2939 4061 3229 4133 percipies,
3248 4056 3420 4127 siqui-

1820 4157 1947 4210 dem
1977 4158 2033 4210 in
2065 4157 2282 4211 inferno
2321 4156 2664 4228 paenitentiae
2693 4161 2862 4225 atque
2892 4149 3224 4207 confessioni
3263 4148 3416 4201 locus

1822 4262 1934 4301 non
1964 4253 2049 4301 est
2079 4250 2302 4314 (Psalm.
2325 4253 2418 4315 vI).

1892 4337 2037 4390 Nam
2074 4354 2319 4408 praesens
2346 4344 2571 4409 tempus
2590 4336 2767 4391 labori
2796 4334 3172 4407 priestitutum
3201 4334 3306 4395 est,
3329 4327 3417 4380 fu-

134 4426 245 4486 est;
273 4426 338 4474 ut
358 4438 458 4491 ego
480 4421 618 4492 ipse,
652 4422 749 4492 qui
769 4427 825 4475 te
848 4427 1004 4475 tanto
1026 4438 1217 4476 amore
1242 4424 1563 4494 complexus
1590 4441 1733 4489 sum,
1757 4468 1806 4525 D
1820 4429 2011 4479 turum
2025 4432 2213 4481 autem
2235 4428 2498 4481 mercedi.
2519 4429 2595 4481 Ac
2612 4426 2858 4497 profecto
2876 4421 3096 4478 etiamsi
3117 4422 3419 4490 praesentes

137 4526 319 4580 eaque
344 4515 443 4564 tua
462 4527 631 4565 causa
655 4511 779 4577 feci,
832 4527 953 4580 quae
976 4512 1164 4565 nullus
1196 4529 1447 4583 unquam
1476 4519 1640 4583 pater
1663 4514 1739 4568 fe-

136 4599 218 4652 cit
233 4597 259 4651 ?
280 4599 403 4662 Qua
425 4600 596 4653 etiam
639 4600 709 4653 de
729 4616 898 4655 causa
928 4601 1133 4654 mentis
1174 4607 1285 4655 tuae
1308 4602 1645 4671 perversitas
1673 4619 1738 4655 ac

138 4688 467 4759 pervicacia,
502 4706 567 4743 ex
597 4690 823 4743 licentia
861 4706 986 4743 mea
1029 4691 1273 4744 collectis
1315 4691 1546 4754 viribus,
1588 4697 1650 4746 ut
1678 4694 1737 4745 in

140 4794 333 4831 meum
363 4785 532 4849 caput
572 4780 869 4845 insanires,
901 4780 1050 4833 fecit.
1094 4781 1221 4833 Non
1264 4780 1363 4833 abs
1389 4797 1450 4834 re
1479 4780 1652 4851 igitur
1678 4782 1737 4835 in

137 4872 270 4920 ortu
292 4872 388 4921 tuo
409 4868 674 4938 astrologi
691 4870 901 4922 malum
927 4874 984 4922 et
1011 4868 1328 4940 improbum
1357 4870 1534 4923 virum
1568 4876 1736 4933 atque

137 4962 524 5027 arrogantem,
557 4963 613 5011 et
661 4958 928 5011 adversus
969 4965 1231 5029 parentes
1266 4964 1648 5013 contumacem
1681 4965 1736 5013 te

136 5046 259 5098 fore
270 5045 550 5100 dixerunt.
581 5048 656 5099 At
666 5046 711 5099 si
732 5063 881 5100 nunc
903 5064 1125 5117 quoque
1154 5048 1497 5103 commiseris
1518 5053 1581 5101 ut
1599 5063 1736 5101 con-

134 5135 327 5188 silium
347 5152 536 5189 meum
559 5134 770 5190 frustra
797 5136 982 5201 cadat,
1010 5137 1269 5191 hostilem
1308 5137 1367 5191 in
1398 5143 1454 5191 te
1484 5136 1735 5191 animum

133 5230 525 5295 geram,atque
544 5225 626 5279 ita
643 5231 698 5279 te
718 5226 992 5293 multabo,
1027 5232 1092 5281 ut
1111 5244 1181 5281 ne
1202 5227 1260 5281 in
1292 5229 1479 5281 hostes
1510 5228 1733 5298 quidem

133 5331 267 5368 suos
296 5319 468 5368 tanta:
492 5315 712 5369 saevitiae
736 5317 1017 5387 specimen
1048 5318 1345 5387 quisquam
1384 5317 1661 5371 exhibeat.

208 5404 454 5457 Rursum
476 5410 666 5458 autem
695 5406 788 5459 ille
813 5424 825 5459 :
860 5406 1141 5469 Quidnam
1162 5413 1265 5471 est,
1292 5424 1323 5459 ο
1356 5424 1471 5473 rex,
1503 5423 1603 5461 cur
1628 5407 1735 5460 ira-

135 5493 341 5547 cundia
397 5493 786 5560 inflammeris,
863 5512 1039 5565 eoque
1087 5496 1313 5549 nomine
1360 5496 1729 5563 discrucieris,

136 5583 284 5653 quod
317 5588 480 5638 tanta
509 5582 658 5637 bona
682 5585 950 5640 divinitus
990 5586 1098 5640 sim
1127 5586 1496 5641 consecutus?
1523 5588 1593 5641 Et
1612 5586 1738 5657 quis

136 5688 385 5743 unquam
414 5678 578 5745 pater
596 5673 698 5727 filii
727 5674 989 5729 felicitate
1018 5675 1207 5729 dolere
1235 5681 1404 5745 atque
1425 5676 1555 5745 augi
1588 5677 1739 5730 visus

1819 4516 2134 4586 voluptates
2162 4516 2391 4569 fluxioni
2419 4522 2473 4570 et
2498 4516 2751 4569 interitui
2775 4513 3003 4567 minime
3034 4509 3295 4577 subjectm
3324 4522 3412 4557 es-

1819 4609 1964 4667 sent,
1978 4620 2171 4658 verum
2193 4621 2320 4658 cum
2342 4604 2583 4658 dominis
2601 4604 2718 4657 suis
2740 4603 2797 4655 in
2820 4605 3093 4655 aeternum
3119 4594 3409 4658 durarent,

1820 4708 1933 4746 non
1958 4698 2149 4746 tamen
2174 4699 2469 4763 propterea
2498 4708 2594 4745 eas
2621 4690 2831 4745 Christi
2849 4687 3135 4742 beneficiis
3158 4702 3222 4739 ac
3250 4683 3412 4737 bonis

1820 4782 1973 4834 omni
2002 4782 2340 4851 cogitatione
2384 4780 2868 4852 praestantioribus
2894 4777 3171 4831 anteferre
3198 4778 3418 4845 Oporte-

1818 4870 1940 4924 bat?
1959 4871 2099 4924 Nam
2122 4877 2331 4941 quanto
2351 4871 2433 4925 sol
2452 4870 2725 4941 profunda
2742 4874 2903 4922 nocte
2917 4868 3121 4922 clarior
3140 4872 3228 4919 est
3246 4870 3415 4933 atque

1820 4959 2182 5029 splendidior,
2203 4964 2359 5013 tanto
2386 4975 2607 5030 quoque
2628 4967 2797 5030 atque
2818 4958 2989 5012 etiam
3023 4956 3200 5010 multo
3232 4953 3413 5023 magis

1820 5048 1967 5103 bona
1986 5066 2052 5102 ea
2068 5049 2289 5119 qumDei
2314 5065 2506 5103 amore
2521 5049 2769 5120 praeditis
2781 5048 3054 5119 promissa
3072 5051 3207 5099 sunt
3216 5042 3411 5113 quovis

1817 5144 2043 5193 terreno
2074 5155 2245 5207 regno
2278 5138 2586 5192 illustriora
2624 5144 2682 5192 et
2730 5136 3213 5206 magnificentiora
3255 5137 3406 5186 sunt.

1821 5228 2171 5298 Proindeque
2193 5229 2419 5281 omnino
2439 5233 2878 5282 consentaneum
2896 5232 3018 5280 erat
3047 5242 3115 5279 ea
3141 5240 3263 5294 qua:
3291 5237 3407 5275 ma-

1813 5319 1941 5388 jora
1970 5325 2027 5372 et
2051 5318 2441 5388 prmstantiora
2468 5323 2603 5371 sunt
2641 5316 2999 5371 inferioribus
3028 5331 3093 5368 ac
3121 5310 3411 5366 vilioribus

1815 5408 2136 5478 antiquiora
2172 5407 2396 5461 habere.
2436 5407 2577 5460 Cum
2603 5408 2793 5460 autem
2819 5421 3014 5459 omnes
3035 5404 3265 5473 hujusce
3283 5402 3410 5455 vitae

1816 5514 1907 5551 res
1936 5504 1994 5551 et
2017 5498 2361 5568 corruptioni
2394 5495 2647 5550 obnoxia;
2683 5496 2795 5549 sint
2838 5496 2967 5562 (Job.
3000 5500 3127 5559 xlv),
3160 5499 3218 5546 et
3256 5491 3409 5546 inso-

1819 5586 1959 5639 mnii
1987 5592 2155 5657 atque
2186 5586 2400 5640 umbrae
2440 5585 2619 5639 instar
2647 5589 2984 5656 prmtereant
3019 5600 3082 5637 ac
3117 5582 3412 5636 deleantur

1820 5679 1986 5743 (Psal.
2021 5680 2235 5739 CXLIII),
2277 5676 2417 5729 adeo
2447 5680 2510 5730 ut
2539 5673 2893 5729 instabilibus
2942 5673 3128 5744 potius
3155 5674 3327 5740 auris,
3354 5680 3410 5729 et
