3878 6388
423 334 538 408 5'3?

1464 341 1568 408 DE‘
1594 345 1782 408 ητις
1827 347 2122 410 P'ATRUM
2155 348 2370 412 LfBER
2407 350 2697 412 PRIMUS.

3597 350 3710 406 ω

423 479 581 534 navis
611 488 712 550 per
737 489 889 532 mare
917 479 1192 532 currentis
1232 477 1497 548 vestigiis,
1531 493 1700 549 quam
1721 479 2013 534 hominum
2037 483 2264 547 Aesset,
2299 491 2468 554 atque
2506 483 2683 536 iratus
2713 479 3052 544 secessisset,
3105 477 3256 532 ﬁlius
3285 477 3348 531 in
3378 475 3708 530 cubiculum

423 568 780 640 prosperitati
805 567 940 620 fides
962 567 1216 621 habenda
1237 568 1340 634 sit;
1365 585 1486 637 quae
1509 569 1733 620 tandem
1757 568 2020 638 simplici-

422 664 528 722 tas,
564 657 647 710 vel
678 661 741 710 ut
761 657 964 710 rectius
995 657 1210 726 loquar,
1244 657 1481 710 stultitia
1515 662 1568 710 et
1591 658 1874 711 dementia
1905 659 2018 712 haec

422 750 522 810 est,
551 761 615 798 ea
633 763 753 816 quae
781 745 988 800 caduca
1019 751 1075 799 et
1105 746 1385 799 imbecilia
1427 747 1882 816 corruptionique
1918 746 2016 798 ob-

421 835 586 889 noxia
605 842 754 889 sunt.
787 835 898 888 imo
935 835 1076 888 nihil
1101 849 1328 905 prorsus
1349 841 1498 897 sunt,
1525 835 1592 888 iis
1615 851 1735 904 quze
1760 852 1790 887 a
1822 849 2016 889 corru-

422 925 613 994 ptione
635 924 820 978 aliena
841 941 905 977 ac
917 925 1260 994 sempiterna
1290 931 1438 988 sunt,
1473 925 1692 995 potiora
1710 925 1931 990 ducere,
1955 941 2019 978 ac

421 1018 652 1084 propter
692 1013 1030 1067 caducarum
1080 1023 1266 1066 rerum
1301 1013 1563 1075 fructum,
1597 1013 1870 1066 brmomm
1901 1015 2020 1066 illo-

424 1113 549 1156 rum
564 1101 750 1156 fructu
775 1101 845 1156 ab
866 1103 1018 1155 omni
1040 1102 1392 1156 saccessione
1414 1109 1631 1155 remoto
1664 1103 1773 1172 prix
1788 1101 1868 1154 ari
1883 1105 1905 1154 ’.’
1936 1106 2020 1155 An

419 1207 532 1244 non
562 1191 696 1254 haec,
727 1207 760 1244 ο
785 1193 961 1261 μείων,
995 1191 1320 1259 intelliges?
1362 1194 1446 1244 An
1485 1203 1596 1244 non
1627 1193 2024 1262 praetereuntis

423 1277 756 1350 praeteribis,
781 1287 948 1348 atque
977 1281 1048 1332 ad
1087 1297 1154 1332 ea
1174 1297 1296 1349 quae
1318 1280 1425 1332 fixa
1446 1287 1502 1333 et
1533 1287 1682 1333 certa
1717 1287 1866 1345 sunt,
1898 1281 2020 1334 ani-

425 1380 578 1420 mum
608 1368 916 1437 adjunges?
935 1370 1020 1420 An
1045 1381 1156 1421 non
1189 1369 1428 1438 patriam
1459 1369 1897 1439 peregrinationi
1929 1385 2023 1422 an-

363 1522 375 1538 !
423 1461 678 1528 tepones,
731 1458 909 1509 lucem
950 1456 1217 1518 tenebris,
1249 1457 1509 1527 spiritum
1543 1458 1716 1522 carni,
1747 1459 1916 1511 vitam
1949 1475 2025 1511 se-

424 1551 646 1600 ternam
668 1545 880 1599 umbrae
896 1545 1109 1609 mortis,
1139 1561 1203 1598 ea
1229 1557 1350 1616 quae
1371 1561 1483 1598 non
1506 1546 1835 1600 dilabuntur
1861 1547 2024 1600 ﬂuxis

427 1636 484 1688 et
497 1634 832 1704 fragilibus?
874 1635 956 1688 An
988 1650 1096 1688 non
1123 1651 1187 1687 ex
1213 1635 1386 1687 atroci
1417 1635 1520 1688 hac
1549 1635 1810 1688 horrendi
1833 1636 2024 1688 mundi

427 1724 714 1795 principis,
745 1724 847 1776 hoc
869 1730 957 1776 est
980 1724 1222 1793 perversi
1251 1724 1455 1776 diaboli
1480 1725 1771 1789 servitute,
1805 1725 1937 1793 fuga
1971 1732 2026 1778 te

2103 571 2404 640 ingressus,
2430 571 2665 625 sublatis
2688 570 2760 624 ad
2773 569 2860 623 sui
2881 567 3204 622 certaminis
3228 566 3514 620 arbitrum
3533 565 3708 618 oculis

2101 677 2166 712 ex
2197 661 2395 714 intimo
2440 661 2604 714 corde
2636 658 2996 712 exclamavit:
3047 656 3284 710 Domine
3327 655 3487 708 Deus
3523 671 3707 716 meus.

2100 750 2279 803 dulcis
2301 750 2794 820 spes,minimeque
2807 747 3047 800 mendax
3061 745 3454 816 premissio,ac
3477 744 3709 797 ﬁrmum

2103 855 2296 892 eorum
2318 839 2413 910 qui
2439 856 2498 892 se
2521 839 2624 894 tibi
2653 845 2802 893 totos
2830 838 3169 890 devoverant
3209 834 3556 905 perfugium,
3583 851 3709 905 pro-

2103 929 2239 998 pitio
2281 943 2345 981 ac
2391 929 2632 997 benigno
2681 928 2849 981 oculo
2888 924 3133 996 pectoris
3158 925 3268 977 mei
3299 923 3706 977 centritionem

2103 1029 2288 1078 cerne,
2305 1031 2406 1069 nec
2424 1033 2512 1069 me
2532 1015 2911 1085 derelinquas,
2939 1029 3042 1066 nec
3071 1011 3330 1065 discedas
3352 1027 3390 1064 a
3417 1027 3510 1064 me
3537 1013 3704 1080 (Paul.

2106 1110 2312 1172 xxxvn)
2335 1125 2346 1170 ;
2373 1121 2586 1171 verum,
2611 1107 2774 1175 juxta
2792 1101 3247 1174 pollicitationem
3260 1106 3441 1164 tuam,
3465 1098 3538 1152 ab
3549 1098 3706 1152 omni

2105 1195 2394 1248 mendacio
2425 1195 2688 1258 alienam,
2739 1208 2976 1258 mecum,
3031 1191 3135 1244 hoc
3185 1194 3288 1248 est,
3315 1205 3444 1242 cum
3471 1187 3708 1258 indigno

2104 1291 2272 1352 atque
2294 1283 2510 1353 abjecto
2527 1283 2864 1336 homunculo
2883 1281 3060 1334 sis.Te
3071 1279 3222 1333 enim
3233 1289 3426 1332 rerum
3447 1277 3706 1331 omnium

2104 1372 2455 1425 conditarum
2476 1373 2794 1424 effectorem
2833 1377 2889 1424 et
2914 1369 3346 1438 gubernatorem
3373 1379 3624 1435 agnoseo
3651 1373 3710 1420 et

2105 1464 2394 1516 conﬁteor.
2427 1460 2699 1524 Quocirca
2726 1460 2784 1512 in
2805 1460 2908 1512 hac
2939 1458 3204 1529 praeclara
3229 1456 3581 1510 confessione
3612 1471 3706 1508 ve-

2104 1551 2202 1604 lim
2235 1567 2322 1604 me
2349 1554 2664 1615 confirmes,
2699 1557 2762 1604 ut
2787 1551 2856 1602 ad
2906 1554 3217 1602 extremum
3239 1563 3417 1617 usque
3444 1545 3706 1616 spiritum

2105 1641 2164 1693 in
2196 1655 2262 1693 ea
2293 1651 2674 1710 permaneam.
2709 1639 2941 1710 Respice
2970 1638 3030 1690 in
3064 1653 3173 1700 me,
3207 1643 3264 1689 et
3293 1636 3566 1689 miserere
3593 1634 3708 1688 mei

2107 1732 2273 1796 (Psal.
2306 1734 2456 1794 xxxv)
2494 1747 2505 1795 ;
2553 1729 2806 1799 mihique
2849 1733 2989 1790 asta,
3023 1727 3260 1779 illaesum
3289 1731 3466 1795 atque
3494 1723 3706 1778 incolu~

430 1811 723 1877 subduces,
744 1818 908 1882 teque
925 1813 993 1865 ad
1016 1811 1222 1865 bonum
1247 1819 1303 1865 et
1332 1814 1400 1866 ad
1433 1813 1874 1866 misericordiam
1905 1801 2090 1883 pro-B
2113 1831 2260 1871 mem
2290 1818 2359 1871 ab
2387 1819 2538 1871 omni
2574 1819 2795 1872 Satanae
2831 1817 3156 1888 Operatione
3205 1831 3295 1868 me
3345 1822 3709 1868 conservans.

427 1901 817 1972 pensissimum
849 1902 1150 1955 Dominum
1183 1901 1481 1954 confercs?
1513 1904 1598 1955 An
1631 1919 1742 1955 non
1767 1917 1800 1955 a
1830 1905 2028 1956 multo-

427 2005 552 2044 rum
567 1991 1077 2044 commentitiorum
1091 1992 1322 2043 deorum
1337 1992 1488 2044 Cultu
1505 1991 1744 2061 teipsum
1759 1991 2020 2057 abduces,

429 2085 597 2150 atque
617 2080 716 2132 uni
753 2079 873 2133 vivo
895 2095 957 2132 ac
979 2095 1110 2133 vero
1132 2081 1249 2134 Deo
1277 2081 1488 2134 cultum
1519 2079 1808 2133 adhibebis
1829 2079 1852 2132 '?
1881 2081 2022 2134 Nam

2110 1904 2400 1976 Respice,o
2430 1909 2562 1971 Rex,
2592 1907 2869 1978 siquidem
2900 1907 3089 1960 anima
3109 1921 3236 1957 mea
3265 1904 3586 1957 vehementi
3609 1904 3704 1958 tui

2108 1995 2387 2048 desiderio
2417 1998 2636 2065 ﬂagrat.
2667 2004 2836 2066 atque
2855 1995 2935 2048 ita
2954 1995 3183 2048 incensa
3205 1995 3310 2056 est,
3347 1999 3621 2064 tanquam
3653 1993 3716 2046 in

2113 2084 2236 2137 sitis
2259 2085 2458 2138 ardore
2480 2087 2536 2138 in
2557 2092 2709 2138 terra
2729 2085 3018 2156 inaquosa,
3049 2087 3102 2136 te
3119 2082 3567 2136 immortalitatis
3583 2081 3714 2136 fon-

424 2168 528 2222 etsi
550 2169 608 2222 in
645 2169 821 2223 Deum
857 2169 1116 2240 peccasti,
1144 2185 1270 2222 cum
1301 2171 1509 2222 multas
1531 2170 1588 2222 in
1625 2185 1752 2222 eum
1775 2169 2030 2240 blasphe-
2111 2181 2226 2227 tem
2260 2175 2657 2244 concupiscens
2695 2177 2859 2240 (Psal.
2885 2178 3044 2239 an).
3067 2172 3353 2226 Netradas
3371 2171 3569 2225 bestiis
3589 2188 3714 2225 ani-

425 2257 566 2310 mias
597 2257 858 2320 eﬂudisti,
884 2263 1053 2329 atque
1075 2259 1252 2328 ipsius
1272 2268 1459 2311 servos
1477 2259 1742 2327 gravibus
1780 2267 2027 2312 tormen—

423 2347 497 2400 tis
515 2347 856 2401 cxcruciatos
876 2348 1108 2411 necasti,
1133 2359 1242 2401 non
1270 2355 1460 2400 tamen
1486 2347 1678 2401 dubito
1701 2349 1835 2418 quin
1865 2355 1921 2400 te
1951 2348 2021 2401 ad

423 2435 712 2490 meliorem
742 2444 985 2490 mentem
1017 2438 1344 2490 redeuntem
1373 2444 1735 2506 suscepturus
1775 2438 1866 2500 sit,
1899 2453 2021 2490 om-

428 2526 632 2595 niaque
657 2527 860 2579 delicta
879 2533 977 2579 tua.
1011 2544 1039 2579 e
1080 2526 1350 2580 memoria
1381 2528 1660 2594 ojecturus
1713 2527 1835 2579 Non
1869 2526 2018 2578 enim

425 2619 662 2666 mortem
687 2614 1114 2683 peccatoris,sed
1128 2616 1305 2684 magis
1326 2619 1388 2668 ut
1400 2622 1826 2668 convertaturet
1852 2615 2016 2678 vivat,

424 2701 520 2755 ille
549 2701 666 2754 vult
693 2703 908 2771 (Ezcr/i.
933 2707 1110 2766 xvm),
1143 2703 1238 2772 qui
1278 2708 1341 2755 ut
1369 2720 1468 2756 nos
1495 2721 1529 2756 a
1571 2711 1722 2756 recta
1748 2704 1835 2756 via
1864 2704 2022 2756 aber-

425 2796 615 2844 rantes
633 2790 965 2860 requireret,
983 2807 1046 2843 ex
1060 2807 1126 2844 ea
1144 2790 1489 2844 sublimitate
1513 2808 1634 2862 quae
1647 2792 1816 2846 nullis
1838 2792 2018 2845 verbis

425 2879 627 2950 eitponi
653 2885 838 2950 potest
863 2880 1168 2945 descendit,
1201 2893 1536 2950 crucemque
1567 2887 1624 2934 et
1647 2886 1884 2934 mortem
1915 2899 2018 2935 no-

425 2976 544 3022 stra
567 2983 737 3022 causa
779 2969 1026 3040 pertulit,
1055 2985 1120 3022 ac
1150 2986 1252 3022 nos
1283 2969 1378 3040 qui
1408 2970 1512 3023 sub
1544 2976 1770 3040 peccato
1810 2971 2019 3025 venditi

425 3070 668 3124 eramus,
695 3059 940 3128 pretioso
961 3074 1062 3111 suo
1095 3059 1368 3128 sanguine
1392 3059 1650 3112 redemit.
1677 3060 1788 3130 Ipsi
1809 3061 1930 3114 laus
1969 3066 2026 3114 et

421 3149 604 3218 gloria
630 3148 690 3201 in
719 3149 922 3201 saecula
944 3149 1293 3202 saeculorum.
1325 3150 1505 3202 Amen
1525 3151 1698 3218 (Rom.
1724 3153 1841 3215 vn).

2111 2279 2261 2315 mam
2290 2265 2650 2316 confitentem
2696 2262 2834 2316 tibi:
2878 2269 2935 2316 et
2979 2262 3180 2316 animae
3231 2261 3502 2331 pauperis
3527 2261 3718 2314 tuine

2109 2351 2447 2405 obliviscaris
2479 2352 2534 2405 in
2565 2353 2732 2404 ﬁnem
2767 2354 2927 2418 (Psal.
2961 2349 3175 2420 LXXIII).
3209 2350 3418 2404 Verum
3451 2349 3594 2402 mihi
3622 2349 3717 2402 be-

2105 2441 2302 2494 neﬂcio
2334 2447 2431 2494 tuo
2481 2443 2769 2510 contingat
2825 2448 2888 2494 ut
2935 2457 3038 2511 per
3065 2453 3292 2493 omnem
3319 2439 3449 2492 vitai
3477 2455 3714 2492 cursura

2104 2545 2204 2600 pro
2228 2537 2324 2583 tuo
2345 2531 2570 2586 nomine
2591 2537 2800 2599 tuaque
2821 2529 3166 2582 confessione
3193 2527 3380 2582 omnia
3401 2528 3714 2598 perpetiar,

2104 2625 2305 2688 meque
2330 2627 2512 2673 totum
2541 2619 2644 2672 tibi
2667 2620 2972 2672 immolem.
2996 2619 3072 2672 Te
3094 2617 3244 2671 enim
3272 2616 3446 2671 robur
3475 2618 3716 2670 afferen-

2103 2715 2180 2773 te,
2214 2708 2517 2762 imbecilles
2546 2709 2716 2761 etiam
2747 2707 2958 2760 viribus
2987 2708 3217 2778 pollent,
3233 2707 3500 2776 quoniam
3533 2712 3601 2760 tu
3629 2722 3714 2760 so-

2107 2798 2191 2850 lus
2219 2797 2458 2852 invictus
2507 2814 2566 2851 es
2615 2803 3021 2868 propugnator,
3074 2813 3139 2849 ac
3177 2797 3325 2850 Deus
3357 2795 3705 2860 misericors,

2103 2903 2270 2956 quem
2301 2887 2568 2958 quidquid
2601 2893 2852 2940 creatum
2903 2889 3006 2951 est,
3058 2884 3335 2939 benedicit
3364 2901 3429 2938 ac
3459 2883 3712 2939 celebrat

2104 2976 2162 3030 in
2183 2977 2384 3034 saecula
2408 2977 2759 3030 szeculorum.
2791 2977 2990 3030 Amen.

2181 3154 2299 3206 Hac
2328 3153 2580 3206 oratione
2607 3154 2851 3218 functus,
2889 3153 3144 3208 divinam
3175 3151 3626 3206 consolationem
3653 3153 3714 3206 in

493 3237 608 3290 Rex
637 3243 826 3291 autem
849 3245 1075 3306 stupore
1097 3237 1264 3290 simul
1295 3245 1464 3307 atque
1484 3238 1568 3291 ira
1591 3246 1882 3308 correptus
1901 3244 1987 3292 est
2010 3257 2020 3293 :
2051 3239 2095 3300 C
2111 3249 2304 3314 pectus
2320 3259 2484 3296 suum
2503 3243 2658 3296 illabi
2678 3244 2874 3309 sensit;
2897 3243 3211 3312 ﬁduciaque
3241 3240 3712 3312 perfusus,totam

418 3319 558 3380 illud
581 3342 801 3396 nempe,
827 3325 896 3379 ob
913 3326 1012 3380 lilii
1036 3327 1589 3396 prudentiam,atque
1604 3329 1881 3397 ejusmodi
1908 3345 2025 3382 ser-

418 3426 634 3482 mones,
670 3415 765 3484 qui
795 3416 947 3469 nullo
975 3422 1135 3485 pacto
1161 3416 1340 3469 refelli
1365 3421 1593 3486 possent
1627 3436 1638 3482 ;
1675 3418 1779 3470 hoc
1808 3419 2020 3480 autem,

423 3501 747 3574 qulaipsius
769 3504 902 3556 deos
941 3505 1236 3558 traducere
1261 3521 1324 3557 ac
1349 3505 1633 3558 criminari
1667 3522 1780 3559 non
1809 3506 2024 3560 desine-

421 3591 538 3658 bat,
554 3598 843 3662 totamque
878 3593 1053 3663 ipsius
1074 3593 1242 3647 vitam
1265 3594 1604 3663 suggillabat
1631 3611 1694 3648 ac
1710 3595 2026 3664 proscinde-

427 3681 538 3736 bat.
574 3683 758 3752 Atque
780 3682 1099 3752 bujusmodi
1113 3682 1338 3752 quidem
1361 3683 1636 3736 sermonis
1666 3684 2021 3754 splendorem

423 3770 492 3824 ob
522 3771 806 3825 internum
836 3770 1194 3824 tenebrarum
1227 3771 1536 3826 brassitiem
1583 3773 2018 3843 haudquaquam

422 3860 668 3914 admisit.
702 3861 844 3913 Cum
875 3867 1061 3914 autem
1083 3859 1154 3914 ob
1175 3861 1382 3915 amoris
1411 3879 1444 3915 a
1466 3867 1670 3915 natura
1693 3862 1850 3916 insiti
1875 3864 2012 3916 affe-

421 3955 571 4003 ctum
595 3950 650 4003 in
673 3949 857 4020 ipsum
877 3950 1342 4015 animadvertere,
1373 3956 1472 4004 aut
1497 3968 1627 4004 eum
1658 3951 1804 4004 malo
1829 3951 2017 4021 aliquo

417 4039 658 4092 multare
680 4054 790 4091 non
811 4040 1360 4108 posset,rursumque
1381 4039 1565 4108 ipsum
1581 4039 1648 4092 de
1673 4045 1864 4104 ἔξω
1893 4048 2014 4094 sen-

421 4127 599 4180 tentia
620 4125 903 4180 dimovere
921 4144 980 4179 se
999 4143 1160 4196 posse
1185 4144 1414 4197 prorsus
1432 4121 1772 4198 desperaret,
1807 4129 2015 4183 veritus

422 4232 493 4268 ne
525 4215 569 4268 si
589 4213 843 4285 pluribus
869 4231 996 4268 eum
1023 4215 1372 4269 sermonibus
1399 4217 1714 4281 lacesseret,
1744 4234 1810 4270 eo
1840 4217 2014 4272 libere

423 4321 488 4357 ac
517 4304 759 4357 ﬁdenter
787 4304 1068 4374 loquente,
1090 4305 1334 4374 deOSque
1364 4305 1704 4374 suggillante
1730 4313 1900 4376 atque
1929 4324 2018 4360 ca-

419 4393 566 4446 villis
580 4393 1134 4462 insectante,majore
1164 4393 1283 4463 ipse
1307 4393 1597 4447 iracundia
1615 4394 2018 4462 inﬂammatus,

420 4483 624 4536 hostile
646 4482 860 4551 aliquid
881 4482 936 4536 ii;
962 4499 1088 4536 eum
1119 4483 1462 4551 designaret,
1498 4483 1645 4538 irato
1679 4485 1866 4538 animo
1896 4502 2021 4540 sur-

2105 3337 2330 3385 noctem
2359 3332 2418 3385 in
2449 3331 2707 3402 precibus
2724 3331 2986 3386 traduxit.
3008 3330 3126 3386 Rex
3151 3336 3338 3384 autem
3361 3345 3490 3384 cum
3510 3329 3584 3383 de
3609 3329 3710 3384 filii

2108 3426 2260 3474 statu
2291 3437 2417 3474 cum
2448 3420 2664 3474 Aracha
2685 3437 2970 3475 sermones
2999 3420 3346 3482 contulisset,
3369 3419 3594 3489 ipsique
3625 3419 3700 3473 ri-

2106 3509 2297 3579 gidam
2313 3510 2489 3580 ipsius
2504 3509 2821 3564 libertatem
2843 3511 3127 3580 animique
3141 3509 3198 3562 in
3224 3509 3507 3562 sententia
3521 3509 3708 3579 pervi-

2109 3599 2318 3652 caciam
2349 3600 2706 3663 declarasset,
2760 3601 2864 3654 hoc
2891 3599 3186 3653 consilium
3235 3597 3403 3669 Capit,
3436 3604 3504 3650 ut
3531 3609 3702 3667 quam

2106 3687 2228 3740 ﬂeri
2249 3695 2436 3758 posset
2445 3689 2781 3742 amicissime
2797 3694 2965 3759 atque
2985 3687 3471 3758 obsequiosissime
3493 3703 3624 3740 cum
3641 3702 3704 3740 eo

2105 3777 2536 3847 colloqueretur,
2597 3777 2882 3832 blanditiis
2935 3777 3194 3830 videlicet
3239 3776 3618 3847 perfecturum
3648 3791 3709 3828 se

2108 3869 2342 3937 sperans
2369 3873 2434 3920 ut
2463 3882 2593 3920 eum
2622 3867 2694 3920 ad
2725 3882 2784 3921 se
2817 3867 3189 3937 pertraheret.
3225 3865 3482 3920 Crastino
3513 3866 3710 3936 itaque

2102 3956 2194 4009 die
2234 3956 2300 4008 ad
2339 3957 2515 4009 ﬁlium
2547 3973 2606 4009 se
2636 3957 2869 4021 confert,
2911 3972 2975 4009 ac
3002 3955 3232 4026 propius
3262 3955 3481 4020 sedens,
3517 3955 3706 4025 ipsum

2104 4045 2358 4108 accersit,
2383 4051 2554 4114 atque
2577 4045 2969 4116 complectitur
2997 4051 3056 4098 et
3083 4044 3453 4110 exosculatur,
3477 4043 3707 4098 leniter-

2099 4149 2208 4204 que
2221 4149 2284 4186 ac
2303 4133 2518 4204 placide
2531 4133 2783 4204 irrepens
2808 4152 2818 4188 :
2837 4134 2882 4187 Ο
2905 4133 3232 4186 charissima
3249 4138 3304 4186 et
3315 4133 3704 4188 amantissime

2098 4223 2198 4286 fili,
2235 4223 2438 4293 inquit,
2472 4223 2649 4292 patris
2675 4222 2938 4276 canitiem
2961 4223 3172 4277 honore
3202 4223 3382 4287 efﬁce,
3413 4221 3704 4292 precibus.

2103 4326 2212 4380 que
2242 4311 2382 4364 meis
2404 4310 2612 4364 auditis
2641 4311 2862 4376 accede,
2880 4326 2943 4364 ac
2975 4309 3084 4364 diis
3111 4309 3446 4363 sacrificium
3473 4310 3700 4364 adhibe.

2105 4399 2194 4453 Sic
2225 4399 2376 4453 enim
2406 4405 2463 4453 et
2491 4400 2616 4452 illos
2641 4399 2912 4469 benignos
2941 4405 3000 4452 et
3021 4399 3210 4452 faciles
3239 4397 3538 4452 habiturus
3559 4407 3706 4462 es,et

2103 4488 2323 4542 dierum
2347 4489 2799 4548 diuturnitatem,
2835 4489 3186 4558 gloriamque
3213 4504 3458 4552 omnem,
3489 4495 3550 4542 et
3565 4489 3705 4543 incf.

414 4589 554 4642 gens
582 4571 826 4636 secessit,
863 4571 949 4625 his
986 4572 1260 4626 duntaxat
1297 4572 1479 4625 verbis
1516 4578 1740 4641 utens:
1789 4575 2014 4629 Utinam
2039 4563 2324 4631 Dfensum
2373 4593 2630 4647 regnum,
2664 4577 2958 4647 omnisque
3009 4577 3232 4647 generis
3260 4575 3408 4630 bona
3435 4576 3508 4630 ab
3567 4579 3704 4648 ipsis

419 4675 708 4732 nunquam
739 4667 906 4715 natus
933 4661 1153 4724 fuisses,
1191 4675 1294 4715 nec
1322 4661 1378 4714 in
1405 4661 1584 4716 lucem
1617 4663 1936 4733 prodiisses,
1971 4666 2018 4719 si

419 4749 645 4820 quidem
658 4750 908 4804 futurum
921 4758 1043 4804 erat
1063 4757 1124 4804 ut
1147 4751 1202 4804 in
1223 4751 1356 4804 deos
1376 4757 1492 4805 tam
1511 4751 1716 4822 impius
1743 4760 1800 4806 et
1829 4760 2020 4808 contu-

419 4839 686 4892 meliosus
717 4856 884 4904 esses,
915 4845 1084 4909 atque
1114 4857 1148 4893 a
1175 4847 1413 4909 paterna
1443 4841 1693 4895 amicitia
1736 4848 1793 4896 et
1817 4843 2018 4896 admo-

419 4927 633 4980 nitione
661 4927 1006 4983 abscederes.
1037 4929 1245 4982 Verum
1281 4929 1584 4984 adversarii
1616 4931 1749 4984 deos
1779 4941 2017 5000 (piorum

419 5017 690 5070 invictum
736 5017 908 5070 robur
953 5023 1056 5081 est,
1107 5031 1217 5072 non
1265 5025 1538 5088 perpetuo
1571 5020 2017 5086 subsannabunt,

421 5120 523 5160 nec
551 5105 647 5159 diu
675 5105 1019 5176 gaudebunt,
1049 5123 1150 5160 nec
1180 5121 1373 5161 eorum
1396 5109 1692 5178 praestigiis
1724 5108 1832 5162 vim
1859 5108 2020 5162 habi-

421 5201 561 5250 tura;
591 5201 742 5249 sunt.
775 5195 918 5248 Nam
966 5196 1071 5248 nisi
1105 5195 1244 5249 mihi
1276 5196 1424 5250 dicto
1482 5198 1806 5251 audientem
1853 5203 2022 5268 atque

424 5297 558 5355 erga
596 5285 729 5338 deos
757 5290 983 5354 gratum
999 5291 1052 5338 te
1086 5285 1409 5354 praebueris,
1447 5286 1638 5340 multis
1661 5287 1816 5356 prius
1845 5303 1909 5340 ac
1926 5304 2020 5340 va-

425 5373 524 5426 riis
549 5373 846 5428 tormentis
867 5374 1126 5427 adfectum
1159 5373 1723 5440 acerbissima_morte
1737 5383 1792 5429 te
1809 5377 1876 5429 de
1909 5393 2021 5430 me-

428 5461 518 5515 dio
547 5463 758 5528 tollam,
793 5480 896 5516 nec
922 5469 1108 5516 tecum
1141 5469 1204 5516 ut
1231 5474 1356 5517 cum
1380 5463 1514 5528 tilio,
1549 5464 1645 5517 sed
1675 5471 1740 5518 ut
1769 5482 1894 5518 cum
1927 5465 2020 5518 ho-

430 5555 514 5603 ste
547 5551 733 5620 aliquo
753 5569 819 5605 ac
847 5551 1041 5606 rebelli
1069 5569 1254 5622 agam.

504 5639 638 5694 CAP.
670 5641 840 5694 XXV.
874 5671 940 5682 --
977 5642 1076 5696 His
1103 5641 1273 5695 minis
1303 5649 1432 5696 cum
1451 5641 1510 5695 in
1539 5657 1670 5696 eum
1699 5650 1860 5714 pater
1889 5659 2021 5699 usus

2102 4667 2393 4738 percipies,
2410 4671 2467 4720 et
2489 4667 2627 4720 mihi
2643 4666 2791 4737 patri
2811 4672 2910 4719 tuo
2939 4682 3038 4737 per
3057 4677 3280 4719 omnem
3297 4665 3466 4718 vitam
3498 4666 3705 4721 chartis

2103 4756 2232 4822 eris;
2262 4765 2326 4808 ac
2357 4755 2599 4826 denique
2639 4756 2742 4808 hoc
2775 4755 3090 4825 assequeris
3115 4760 3180 4809 ut
3218 4769 3412 4808 omnes
3440 4755 3704 4810 homines

2103 4853 2158 4898 te
2181 4844 2239 4898 in
2269 4845 2480 4898 honore
2509 4843 2772 4910 habeant,
2817 4844 3190 4914 laudibusque
3217 4845 3472 4898 efferant.
3509 4845 3696 4916 Siquid

2103 4935 2230 4988 dem
2259 4934 2329 4988 ad
2362 4934 2583 4987 laudem
2611 4934 3030 5004 adipiscendam
3069 4933 3259 5002 magni
3283 4933 3526 4988 interest
3555 4935 3702 5006 patri

2104 5023 2348 5088 obedire,
2373 5040 2436 5076 ac
2467 5023 2778 5094 praesertim
2808 5023 2864 5076 in
2905 5023 2974 5076 iis
3017 5022 3201 5086 rebus,
3237 5037 3360 5094 qua:
3391 5023 3460 5076 ad
3494 5023 3703 5078 bonum

2105 5119 2161 5167 et
2184 5113 2253 5166 ad
2275 5113 2506 5166 deorum
2527 5111 2976 5166 benevolentiam
2999 5119 3270 5182 spectant.
3295 5111 3584 5174 Quidnam
3609 5131 3704 5167 au-

2103 5209 2237 5264 tem,
2262 5201 2360 5264 ﬂli,
2391 5218 2602 5265 censes,
2652 5207 2919 5254 utrumne
2949 5217 3038 5254 me
3062 5202 3315 5254 consulto
3336 5218 3401 5254 ac
3429 5201 3502 5255 de
3532 5203 3700 5257 indu-

2104 5292 2288 5344 striaa
2306 5291 2454 5344 bona
2483 5291 2569 5343 via
2585 5290 2894 5354 deﬂexisse,
2915 5295 3084 5359 atque
3107 5289 3449 5343 contrariam
3471 5291 3696 5360 ingredi

2104 5381 2388 5446 maluisse,
2441 5397 2514 5432 an
2567 5395 2695 5432 vero
2750 5379 2876 5432 boni
2916 5378 3265 5447 ignoratione
3307 5383 3365 5430 et
3403 5377 3692 5449 imperitia

2102 5470 2381 5540 meipsum
2411 5469 2688 5539 pestiferis
2713 5467 3068 5536 dogmatibus
3098 5467 3421 5520 dedidisse?
3459 5469 3626 5522 Certe
3655 5469 3700 5522 si

2105 5575 2193 5612 me
2223 5563 2420 5628 sponte
2450 5576 2513 5612 ac
2568 5559 2637 5612 de
2669 5557 2965 5619 industria,
2997 5563 3194 5611 contra
3219 5573 3388 5627 quam
3435 5558 3575 5611 utile
3603 5559 3692 5624 sit,

2103 5645 2254 5699 mala
2284 5643 2443 5698 bonis
2473 5643 2752 5714 praeferre,
2785 5648 3136 5712 mortemque
3165 5642 3278 5696 vita
3295 5642 3574 5712 potiorem
3601 5642 3695 5696 hac
