3878 6396
110 362 199 432 54‘!

504 374 675 430 VITA
713 373 1146 432 SANCTORUM
1185 348 1537 428 BA‘RLAAM
1570 346 1909 429 mare
1950 353 2035 426 ET
2076 350 2439 426 J'O‘SAPHAT
2478 371 2702 426 1NDle
2741 344 2974 423 REGIS.

3276 344 3389 422 siti

108 502 229 554 bere’
251 490 563 566 existimas,
590 499 965 564 vehementer,
998 502 1033 553 o'
1061 486 1157 565 fili,
1204 516 1237 553 a
1277 506 1429 553 recto
1472 499 1682 569 judicio
1701 501 1752 559 Α
1770 492 1980 561 bonum
2010 503 2093 553 est
2110 493 2339 565 invenit,
2363 498 2707 567 obtempera.
2734 495 2815 550 En
2838 493 2988 548 enim
3015 490 3369 547 demonstra—

106 584 353 644 abei‘rare
382 588 604 641 videris.

165 670 246 733 An
275 666 387 732 non
407 677 557 729 vides
585 682 721 747 quot
747 677 1012 730 {erumnis
1045 682 1101 730 et
1139 674 1533 730 afflictionibus
1566 674 1683 730 me—

103 772 271 840 ipsum
304 782 548 837 persaepe
582 765 821 833 tradam,
848 771 972 820 tum
1012 766 1069 820 in
1108 766 1556 837 expeditionibus
1582 769 1682 821 ad-

105 862 280 911 versus
310 857 514 920 hostes,
549 858 668 909 tum
702 846 758 908 in
789 855 1138 926 publicorum
1170 858 1525 926 negotiorum
1551 850 1683 928 pro~

100 934 372 1002 curatiOne
395 946 670 1016 meipsum
699 961 993 1016 occupans,
1029 946 1166 999 adeo
1194 954 1257 999 ut
1285 946 1489 1000 famem
1512 948 1682 1002 etiam

105 1054 160 1091 ac.
187 1034 353 1099 sitim,
382 1050 509 1088 cum
532 1035 611 1087 ita
640 1040 867 1088 necesse
899 1034 1001 1101 est,
1035 1035 1333 1106 perferam.
1358 1052 1421 1089 ac
1450 1037 1682 1107 pedibus

104 1120 388 1189 ambulem,
423 1120 691 1193 humique
716 1134 974 1177 somnum
998 1130 1223 1195 carpam
1237 1125 1261 1177 Τ
1292 1126 1473 1195 Opum
1493 1135 1679 1179 autem

102 1222 152 1270 et
177 1213 534 1286 pecuniarum
563 1218 722 1266 tanta
737 1206 795 1266 in
816 1230 905 1267 me
929 1213 1268 1285 contemptio
1289 1231 1351 1267 ac
1372 1216 1682 1285 despicien-

101 1305 171 1358 tia
202 1308 300 1365 est,
332 1298 396 1357 ut
425 1302 707 1356 interdum
734 1301 962 1373 profusa
991 1319 1159 1357 manu
1190 1303 1383 1373 palatii
1414 1305 1524 1357 mei
1556 1306 1679 1357 the-

101 1410 278 1447 sauros
307 1393 650 1455 exhauriam,
673 1407 782 1462 quo
812 1391 1159 1461 amplissima
1188 1393 1293 1445 diis
1324 1393 1556 1446 delubra
1586 1410 1679 1446 ex-

102 1489 319 1548 struam,
352 1481 619 1551 omnique
648 1486 849 1534 ornatu
878 1482 1175 1545 illustrem,
1200 1488 1298 1535 aut
1318 1482 1681 1552 pecuniarum

96 1573 298 1643 aggeris
328 1570 599 1625 militibus
620 1570 1008 1624 liberalissime
1030 1572 1381 1625 distribuam.
1417 1574 1555 1626 Cum
1580 1573 1681 1625 ita-

1766 595 1887 643 tum
1914 595 1998 643 est
2027 606 2116 641 me
2146 605 2246 641 nec
2265 594 2461 659 sponte
2481 603 2582 640 nec
2603 602 2703 656 per
2728 584 3141 653 ignorationem
3168 600 3203 635 a
3224 580 3373 635 bono

1766 678 2275 743 aberrasse,verum
2302 682 2356 729 et
2383 677 2522 729 illud
2553 675 2829 728 invenisse
2857 680 2912 726 et
2943 672 3240 743 accepisse.
3264 672 3372 726 Cu-

1766 766 1856 837 pio
1871 772 2059 821 autem
2083 771 2137 820 te
2157 780 2377 836 quoque
2398 764 2455 818 in
2476 765 2648 817 stulto
2670 780 2858 817 errore
2878 762 3109 815 minime
3137 759 3366 827 versari,

1764 864 1958 910 verum
1970 856 2110 909 meis
2129 855 2376 925 vestigiis
2393 855 2601 908 haerere
2630 872 2642 921 ;
2670 850 3035 924 quamobrem
3051 850 3135 904 fac
3152 838 3379 921 patrem‘

1767 950 1922 999 tuum
1967 944 2227 997 verearis.
2268 945 2353 997 An
2376 943 2558 996 nescis
2581 948 2854 1012 quantum
2886 938 3095 993 bonum
3119 938 3193 992 sit
3222 932 3373 1009 patri

1766 1034 2174 1103 obtemperare,
2209 1036 2377 1101 atque
2420 1031 2526 1102 ipsi
2556 1032 2612 1084 in
2640 1030 2898 1084 omnibus
2919 1028 3084 1083 rebus
3114 1028 3366 1098 obsequi,

1767 1122 2240 1192 quemadmodum
2272 1127 2466 1174 contra
2497 1136 2664 1190 quam
2687 1120 2980 1173 exitiosum
3003 1124 3059 1171 et
3081 1118 3369 1171 exsecran-

1766 1214 1898 1265 dum
1920 1213 2096 1281 patrls
2128 1211 2381 1263 animum
2411 1209 2764 1273 exacerbare,
2791 1208 3076 1278 ipsiusque
3094 1208 3252 1275 jussa‘
3267 1212 3371 1276 prd

1765 1301 1938 1354 nihilo
1970 1299 2218 1352 habere?
2240 1299 2449 1352 Omnes
2476 1299 2624 1351 enim
2658 1298 2751 1367 qui
2783 1298 2899 1349 haec
2928 1296 3197 1359 fecerunt,
3218 1296 3369 1347 malo

1765 1389 1960 1443 mortis
1981 1402 2188 1457 genere
2216 1388 2569 1441 interierunt.
2597 1387 2719 1450 Quo
2757 1387 2814 1439 in
2837 1402 3093 1450 numero,
3130 1384 3228 1449 illi,
3264 1382 3373 1457 uti}

1764 1496 1895 1532 nam
1924 1492 1994 1531 ne
2020 1478 2298 1531 censearis
2317 1478 2328 1529 ε
2348 1493 2543 1530 verum
2560 1493 2625 1529 ea
2647 1491 2769 1547 quae
2790 1476 3009 1547 parenti
3025 1478 3189 1544 grata
3211 1476 3361 1539 sunt,

1764 1569 1989 1631 faciens,
2040 1568 2313 1621 bonorum
2363 1566 2615 1620 omnium
2661 1580 2887 1635 compos
2924 1565 3044 1630 ﬁas,
3094 1564 3365 1633 regnique

97 1679 191 1733 que
210 1666 399 1715 tantus
427 1661 485 1713 in
523 1676 611 1713 me
643 1660 988 1729 voluptatum
1020 1665 1394 1730 contemptus,
1422 1666 1582 1715 tanta
1622 1661 1679 1715 in
1764 1658 1873 1711 mei
1902 1658 2079 1710 haeres
2109 1656 2203 1709 sis.

98 1751 338 1822 periculis
368 1749 671 1843 tolerantia
693 1749 782 1813 sit,
808 1749 854 1802 si
872 1750 1227 1839 Galilzeorum
1251 1752 1596 1820 religionem,
1618 1769 1685 1805 ea
1837 1770 2230 1843 Magnanimus
2275 1776 2484 1836 autem,
2520 1787 2583 1824 ac
2612 1787 2739 1823 vere
2780 1769 2984 1823 nobilis
3018 1768 3359 1835 adolescens,

98 1858 249 1912 quam
270 1839 532 1894 mambus
552 1845 809 1893 tenemus
832 1844 1287 1939 ῬΓξξθδξῆηίιοΓθηΊ
1320 1858 1440 1939 θδὲθ
1470 1852 1738 1916 COSnO'B
1763 1881 1889 1917 cum
1941 1878 2413 1933 supervacaneam
2459 1860 2635 1931 patris
2675 1860 2987 1912 orationem
3018 1875 3081 1911 ac
3124 1858 3361 1911 stultum

98 1947 309 1995 scere“),
329 1947 400 2019 ³η
422 1945 537 1982 non
552 1945 780 2019 $1me
795 1926 980 1981 Stud“)
998 1930 1057 2019 1d,
1074 1944 1317 2019 ᾳὲθνθων
1343 1935 1407 1983 nt
1427 1938 1677 1983 οθηίθλη·
1765 1953 2061 2006 consilium
2102 1951 2390 2014 audiisset,
2435 1954 2603 2019 atque
2627 1947 2853 2002 ﬂexuosi
2885 1947 3159 2016 serpentis
3210 1952 3366 2000 artes

98 2025 193 2119 ptis
495 2017 681 2118 reiius’
706 2016 943 2119 Salgtem
966 2018 1103 2070 mlhl
1126 2034 1509 2119 cofnParaf‘W
1532 2020 1555 2072 ?
1766 2041 2272 2107 animadvertisset,
2294 2056 2494 2108 nempe
2513 2016 2664 2109 quod
2696 2054 2729 2089 a
2758 2037 2966 2090 dextris
2986 2037 3250 2106 laqueum
3271 2052 3364 2106 pe-

99 2116 266 2162 autem
287 2108 419 2161 mihi
436 2107 567 2160 boni
585 2107 997 2177 ignorationem
1014 2113 1183 2177 atque
1196 2108 1534 2177 imperitiam
1547 2109 1680 2163 vitio

1772 2131 1927 2185 dibus
1959 2130 2136 2201 ipsius
2166 2135 2436 2199 parasset,
2468 2127 2522 2180 id
2559 2127 2768 2179 scilicet
2798 2143 2970 2195 agens
3006 2142 3069 2178 ac
3102 2124 3356 2189 moliens,

99 2204 264 2261 "ams‘
285 2196 437 2300 ,ΠΙΠᾶ
485 2202 674 2300 tamam
733 2202 951 2300 reQPta’
1005 2204 1141 2266 qum
1182 2204 1371 2300 “(ictos
1411 2200 1684 2300 msoffmis
1767 2228 1829 2276 ut
1846 2220 2086 2273 divinam
2118 2218 2292 2289 ipsius
2321 2218 2563 2269 animum
2597 2217 2927 2280 inﬂecteret,
2953 2220 3121 2285 atque
3152 2214 3257 2284 ipsi
3288 2186 3365 2287 ad:

100 2288 376 2358 exegerim,
426 2288 737 2357 quaestione
786 2287 975 2355 aliqua
1020 2287 1323 2357 proposita,
1358 2294 1414 2341 et
1451 2288 1675 2358 quidem

1772 2309 2101 2381 propositam
2139 2287 2387 2378 palmam
2426 2305 2889 2376 impedimentum
2933 2301 3176 2361 afferret,
3220 2301 3357 2355 illud

102 2376 358 2430 interdum
378 2376 531 2429 haud
546 2374 849 2429 admOdum
870 2376 1425 2441 necessaria,nullam
1448 2377 1677 2431 omnim
1730 2389 1738 2396 ·
1760 2374 2339 2468 ῂοῆήηίρνωρξρωηη
2362 2395 2467 2447 sibi
2495 2374 2625 2447 ante
2648 2394 2835 2447 oculos
2848 2393 3062 2465 posuit,
3088 2392 3213 2446 Non
3234 2388 3358 2444 vehi

101 2465 220 2518 mihi
248 2465 497 2535 requiem
528 2465 851 2527 concedens,
882 2465 1210 2535 priusquam
1238 2467 1589 2536 perspicuam
1621 2472 1678 2520 et

1772 2488 1985 2541 mittere
2018 2503 2230 2559 pacem,
2266 2485 2361 2537 sed
2400 2484 2672 2553 gladium.
2716 2482 2855 2535 Veni
2902 2482 3050 2535 enim
3100 2496 3362 2551 separare

101 2555 655 2608 aCCOmOdat'SSImam
704 2548 879 2618 3":
932 2571 1105 2625 IPSIUS
1141 2556 1478 2610 SOlutlonem
1520 2557 1675 2610 inve‘
1762 2577 1940 2631 ﬁlium
1963 2576 2229 2629 adversus
2248 2579 2464 2644 patrem
2486 2590 2669 2635 suum,
2696 2578 2753 2625 et
2768 2572 2938 2624 filiam
2959 2571 3225 2623 adversus
3247 2562 3366 2622 ma?

100 2648 304 2697 nissem.

1772 2674 1905 2719 trem
1933 2682 2113 2731 suam,
2148 2670 2204 2717 et
2232 2681 2354 2733 quae
2390 2663 2651 2732 deinceps
2680 2667 2995 2731 sequuntur
3023 2648 3244 2731 (Matth.
3280 2662 3355 2724 χ).

162 2732 419 2796 Quocirca
446 2749 574 2786 cum
615 2732 953 2786 caducarum
972 2732 1170 2786 harum
1202 2750 1390 2787 rerum
1414 2751 1483 2788 ne
1516 2737 1677 2789 mini-

102 2839 231 2875 mam
265 2823 489 2892 quidem
516 2824 981 2876 contemnendam
1003 2822 1223 2887 ducam,
1239 2840 1433 2878 verum
1449 2825 1677 2879 omnino

101 2911 502 2965 conducibiliter
518 2918 687 2981 atque
700 2912 770 2965 ad
785 2913 1037 2966 omnium
1056 2912 1356 2966 utilitatem
1377 2930 1502 2967 eam
1519 2930 1678 2969 excu-

102 3002 220 3055 tiam
250 3006 303 3055 et
324 2990 609 3055 absolvam
632 3002 731 3067 (sic
751 3001 901 3055 enim
930 3002 1079 3055 inter
1098 3019 1290 3056 omnes
1311 3009 1568 3058 constare
1593 3022 1678 3058 ar-

101 3088 272 3155 bitror,
304 3086 595 3145 neminem
641 3090 892 3144 omnium
930 3091 1023 3161 qui
1062 3091 1165 3145 sub
1196 3092 1312 3146 sole
1341 3100 1492 3159 sunt,
1526 3112 1678 3149 arca-

102 3184 277 3234 narum
298 3184 493 3234 rerum
524 3180 897 3250 cognitionem
919 3182 1232 3235 accuratius
1253 3198 1502 3253 unquam
1522 3185 1679 3238 inve-

101 3269 312 3339 stigasse
329 3286 504 3341 quam
520 3270 637 3340 ipse
656 3262 928 3340 fecerim),
955 3286 1198 3327 auonam
1222 3276 1382 3341 pacto
1418 3290 1507 3327 res
1536 3273 1677 3327 divi-

102 3375 204 3422 nas,
226 3360 279 3413 et
307 3376 372 3413 ea
401 3370 529 3430 quae
568 3359 820 3413 venerari
852 3376 915 3412 ac
943 3359 1175 3413 deorum
1207 3361 1417 3415 honore
1458 3358 1680 3418 allicere

101 3448 313 3517 oportet,
348 3449 764 3503 contemnenda
784 3448 1087 3515 duxissem,
1111 3466 1173 3503 ac
1190 3460 1300 3504 non
1324 3452 1508 3520 potius
1527 3452 1679 3506 omni

102 3538 284 3603 studio,
319 3538 585 3592 omnibus
613 3537 975 3601 viribus,toto
1004 3539 1245 3609 denique
1265 3540 1452 3595 animo
1484 3560 1547 3595 ac
1562 3546 1681 3596 tota

102 3633 267 3680 mente
281 3628 337 3681 in
357 3644 556 3681 eorum
579 3627 1006 3697 investigatione
1023 3634 1245 3698 tempus
1262 3635 1430 3700 atque
1452 3648 1679 3701 operam

102 3717 406 3784 posuissem,
446 3721 519 3770 ut
567 3733 687 3786 qua:
737 3734 869 3770 vera
914 3714 969 3771 et
1018 3718 1257 3771 maxime
1306 3728 1682 3775 consentanea

104 3809 233 3865 sunt,
276 3794 628 3859 invenirem?
667 3800 887 3859 Etenim
922 3822 1125 3876 magno
1155 3824 1280 3860 cum
1300 3806 1489 3861 labore
1516 3809 1594 3863 sic
1616 3828 1682 3865 ea

105 3894 327 3962 quaesivi,
363 3896 426 3948 ut
464 3899 526 3947 et
564 3894 771 3948 multas
801 3898 990 3949 noctes
1019 3912 1083 3948 ac
1122 3897 1329 3950 multos
1359 3897 1477 3951 dies
1507 3899 1563 3952 in
1596 3884 1681 3953 his

105 3980 547 4051 consumpserim,
573 3982 628 4034 et
660 3978 867 4033 multos
889 3980 1021 4034 item
1044 3981 1327 4051 Sapientes
1348 3990 1403 4037 et
1433 3985 1681 4040 eruditos

104 4066 233 4121 viros
255 4068 321 4123 ad
353 4068 652 4124 consilium
700 4070 1070 4135 adhibuerim,
1124 4076 1292 4142 atque
1342 4073 1507 4127 etiam
1554 4084 1682 4129 cum

108 4158 277 4211 multis
312 4175 507 4213 eorum
540 4158 635 4229 qui
681 4158 985 4212 Christiani
1019 4160 1373 4229 appellantur
1398 4179 1685 4221 sermones
1768 4170 1913 4216 trem
1947 4161 2170 4232 quidem
2201 4160 2399 4221 colere,
2442 4165 2611 4228 atque
2639 4157 2814 4228 ipsius
2852 4155 3103 4225 imperiis
3146 4164 3360 4225 parere,

107 4248 435 4301 contulerim.
464 4248 545 4302 Ac
572 4264 671 4317 per
692 4247 992 4318 impigram
1021 4250 1489 4318 conquisitionem
1521 4260 1577 4308 et
1597 4272 1684 4309 ar-
1770 4252 1988 4322 ipsique
2017 4249 2198 4304 amico
2223 4255 2279 4302 et
2306 4248 2573 4301 benevolo
2595 4248 2784 4301 animo
2805 4246 3093 4309 inservire,
3122 4254 3368 4298 commu—

108 4334 307 4390 dentem
335 4337 843 4406 investigationem,
878 4338 966 4390 via
996 4339 1246 4392 veritatis
1272 4350 1304 4393 a
1346 4350 1434 4394 me
1460 4342 1686 4399 inventa
1771 4341 1855 4394 nis
1880 4340 2150 4409 magister
2178 4343 2369 4391 noster
2397 4337 2559 4391 docet
2582 4338 2766 4397 (Exod.
2785 4340 2899 4403 XX),
2931 4338 2996 4388 ut
3015 4334 3113 4404 qui
3142 4338 3370 4386 natura-

106 4432 194 4489 est,
215 4426 527 4497 sapientum
560 4426 803 4480 virorum
830 4432 998 4497 atque
1024 4433 1144 4481 tum
1163 4429 1437 4497 doctrina,
1453 4439 1574 4486 tum
1603 4434 1687 4488 in-
1706 4467 1755 4525 D
1772 4433 1881 4484 lem
1894 4428 2217 4499 hujusmodi
2235 4427 2564 4481 charitatem
2578 4426 2634 4479 in
2648 4423 2851 4478 animis
2865 4421 3068 4477 nostris
3083 4421 3368 4479 inseverit.

108 4514 253 4581 genio
284 4514 648 4586 praeditorum
694 4516 1013 4570 testimonio
1054 4520 1404 4573 conﬁrmata.
1435 4521 1685 4585 Quorum
1706 4511 1753 4525 ’³
1773 4522 1845 4573 At
1874 4536 2000 4572 cum
2028 4524 2325 4588 parentum
2357 4532 2517 4568 amor
2532 4520 2701 4584 atque
2718 4524 2852 4582 erga
2867 4530 2959 4565 eos
2985 4511 3371 4565 beneVOlentia

110 4602 495 4659 haecsententia
510 4604 831 4669 est,nullam
846 4605 1014 4659 aliam
1032 4622 1153 4660 esse
1168 4615 1502 4677 praeteream
1516 4628 1685 4682 quam
1770 4609 1972 4662 animze
2002 4607 2107 4676 ipsi
2146 4605 2454 4675 periculum
2493 4609 2665 4666 creat,
2695 4612 2929 4671 eamque
2964 4610 2998 4652 η
3031 4598 3370 4653 summoillo

111 4691 357 4748 hodierno
400 4695 492 4748 die
533 4698 808 4759 tenemus,
861 4710 1110 4748 summos
1141 4696 1273 4750 deos
1317 4698 1580 4765 colentes,
1626 4717 1690 4754 ac
1773 4697 2029 4750 eil‘ectore
2051 4695 2243 4764 procul
2271 4698 2534 4758 removet,
2564 4692 2713 4743 hunc
2732 4692 2989 4743 allectum
3011 4696 3242 4759 prorsus
3278 4698 3372 4741 ex-

111 4776 308 4836 dulcem
340 4789 545 4838 etcum
565 4782 848 4856 voluptate
870 4786 1224 4854 conjunctam
1244 4786 1412 4841 vitam
1431 4789 1690 4843 omnibus
1774 4785 2027 4839 scindere
2052 4782 2336 4851 jubemur,
2370 4798 2435 4834 ac
2473 4781 2627 4834 nullo
2659 4780 2823 4833 modo
2854 4780 2922 4832 iis
2956 4779 3049 4849 qui
3077 4792 3177 4831 nos
3199 4795 3232 4831 a
3257 4779 3374 4832 Deo

113 4870 411 4927 hominibus
442 4873 693 4944 ipsorum
712 4890 945 4927 munere
971 4890 1309 4941 concessam,
1338 4893 1401 4930 ac
1424 4878 1690 4947 jucundi-
1775 4874 2110 4928 abstrahunt
2127 4872 2323 4925 cedere
2353 4884 2416 4923 ac
2447 4884 2647 4923 manus
2667 4870 2820 4935 dare,
2856 4881 3046 4922 verum
3069 4884 3162 4921 eos
3192 4869 3375 4922 odisse

113 4964 212 5013 tate
253 4962 538 5033 animique
594 4961 1001 5016 oblectamento
1049 4964 1332 5033 perfiisam
1381 4966 1693 5020 arctissime
1776 4968 1833 5018 et
1858 4962 2103 5016 aversari
2137 4980 2147 5013 :
2184 4960 2439 5030 quamvis
2468 4960 2638 5013 etiam
2669 4959 2715 5013 is
2744 4959 2839 5029 qui
2871 4959 3206 5012 exsecranda
3228 4974 3372 5027 prae-

112 5032 545 5120 complectentes.
581 5052 763 5115 Quam
796 5052 1019 5123 quidem
1042 5032 1400 5108 Calilzeorum
1432 5055 1600 5109 duces
1638 5061 1695 5109 et
1777 5053 1912 5124 cipit
1940 5056 2099 5123 pater
2128 5049 2219 5112 sit,
2244 5050 2496 5119 qnamvis
2526 5056 2724 5114 mater,
2751 5048 3005 5119 quamvis
3038 5065 3151 5111 rex,
3183 5032 3403 5116 quam?

1832 2791 2088 2860 Illudque
2114 2789 2249 2841 item
2276 2807 2286 2841 :
2315 2787 2422 2851 Qui
2439 2792 2593 2840 amat
2615 2792 2833 2856 patrem
2856 2790 2955 2839 aut
2985 2790 3221 2838 matrem
3239 2784 3368 2854 plus

1761 2897 1928 2951 quam
1951 2896 2060 2943 me,
2092 2895 2202 2931 non
2220 2883 2306 2931 est
2333 2893 2420 2929 me
2445 2876 2667 2946 dignus.
2695 2878 2772 2929 Ac
2794 2892 3018 2929 rursum
3039 2874 3179 2927 illud
3202 2891 3212 2925 :
3235 2873 3368 2936 Qui-

1760 2987 1981 3040 cunque
2002 2986 2089 3021 me
2110 2967 2399 3037 negaverit
2411 2982 2598 3019 coram
2617 2962 3180 3034 nominibusmegabo
3196 2963 3366 3016 etiam

1761 3077 1886 3113 eum
1920 3074 2108 3112 coram
2138 3058 2303 3110 Patre
2334 3072 2478 3119 meo,
2511 3055 2606 3125 qui
2635 3054 2692 3107 in
2733 3054 2887 3107 caelis
2917 3058 3021 3106 est.
3066 3053 3197 3106 Haec
3236 3068 3365 3105 cum

1698 3174 1742 3234 Ο
1761 3163 1950 3201 secum
1971 3146 2089 3215 ipse
2112 3147 2451 3214 reputasset,
2474 3136 2771 3212 divinaque
2793 3148 2947 3194 metu
2968 3140 3216 3194 animam
3238 3156 3368 3192 con-

1761 3235 2093 3299 strinxisset,
2120 3232 2259 3286 illud
2288 3231 2600 3285 Salomonis
2620 3231 2833 3284 dictum
2854 3246 3125 3301 perquam
3146 3235 3365 3297 tempe-

1762 3326 1901 3379 stive
1921 3322 2214 3393 usurpavit
2238 3339 2247 3373 :
2278 3322 2519 3391 Tempus
2536 3319 2784 3383 amandi,
2806 3324 2862 3371 et
2872 3324 3094 3388 tempus
3111 3316 3356 3382 odiendi;

1762 3421 1985 3485 tempus
2012 3411 2236 3475 belli,et
2265 3416 2488 3480 tempus
2516 3409 2666 3479 pacis
2688 3410 2872 3473 (Ecclc.
2892 3409 2997 3475 In).
3017 3409 3095 3459 Ac
3114 3405 3361 3477 primum

1765 3504 1990 3573 quidem
2020 3507 2205 3554 mente
2227 3500 2296 3553 ad
2318 3500 2464 3551 hunc
2497 3499 2723 3551 modum
2752 3502 3012 3567 precatus
3035 3501 3121 3548 est
3151 3512 3165 3546 :
3198 3495 3362 3548 Mise-

1764 3610 1887 3645 rere
1910 3591 2039 3656 mei,
2071 3592 2235 3654 Deus,
2264 3589 2529 3641 miserere
2553 3587 2683 3651 mei,
2709 3586 2974 3657 quoniam
2992 3586 3113 3639 inte
3135 3584 3367 3637 conlidit

1764 3681 1955 3735 anima
1979 3697 2130 3743 mea;
2160 3685 2217 3732 et
2252 3679 2310 3731 in
2345 3676 2548 3731 umbra
2578 3677 2797 3729 alarum
2829 3681 3056 3729 tuarum
3102 3672 3358 3744 sperabo,

1764 3771 1940 3823 donec
1968 3774 2219 3822 transeat
2244 3766 2530 3838 iniquitas.
2566 3764 2831 3819 Clamabo
2862 3765 2930 3817 ad
2951 3765 3131 3818 Deum
3151 3761 3362 3815 altissi-

1766 3875 1942 3924 mum,
1974 3858 2155 3911 Deum
2178 3856 2273 3927 qui
2295 3856 2434 3909 bene
2456 3854 2587 3908 fecit
2624 3854 2759 3907 mihi
2792 3856 2954 3917 (Psal.
2982 3852 3109 3922 LVI);
3140 3868 3206 3905 ac
3236 3849 3362 3903 reli-

1767 3966 1877 4019 qua
1902 3964 2023 4018 qua:
2046 3946 2306 4017 deinceps
2327 3945 2383 3998 in
2409 3945 2623 4015 psalmo
2652 3948 2983 4013 sequuntur.

1838 4074 1972 4127 Post
2006 4076 2193 4125 autem
2235 4069 2302 4123 ad
2336 4074 2553 4139 patrem
2600 4067 2686 4121 his
2718 4067 2900 4120 verbis
2933 4078 3066 4119 usus
3096 4070 3219 4118 est:
3263 4063 3365 4116 Pa-

114 5141 373 5195 antistites
421 5139 592 5195 stulte
620 5142 969 5213 repulerunt,
1002 5144 1141 5198 adeo
1173 5152 1235 5199 ut
1260 5163 1428 5199 suave
1474 5147 1580 5199 hoc
1609 5147 1698 5199 lu-

114 5242 245 5299 men,
277 5236 445 5302 atque
474 5238 669 5286 omnes
700 5232 1034 5304 voluptates,
1070 5246 1208 5304 quas
1240 5235 1399 5289 nobis
1435 5236 1697 5290 fruendas

115 5314 180 5369 dii
199 5324 608 5387 concesserUnt,
625 5322 854 5377 alterius
876 5323 1169 5393 cujusdam
1194 5325 1422 5379 incerta:
1452 5326 1577 5379 vita:
1602 5343 1697 5397 spe

117 5414 356 5481 prompto
396 5411 588 5465 animo
636 5400 921 5483 abjiciant,
955 5415 1269 5467 nescientes
1294 5414 1570 5479 videlicet,
1598 5432 1698 5469 nec

119 5499 233 5565 quid
260 5500 467 5567 dicant,
504 5518 603 5554 nec
632 5498 700 5555 de
728 5501 928 5573 quibus
968 5503 1250 5557 afﬁrment
1284 5507 1333 5565 il
1359 5506 1499 5558 Tim.
1528 5506 1590 5569 1).

177 5584 253 5642 Tu
283 5606 430 5656 vero,
466 5590 793 5645 charissime
822 5591 921 5657 ﬁli,
958 5593 1103 5663 patri
1131 5597 1246 5657 tuo,
1284 5594 1381 5663 qui
1410 5611 1511 5665 per
1537 5611 1699 5648 aecus

118 5678 280 5732 ratam
308 5680 373 5734 ac
392 5678 742 5736 verissimam
788 5682 1275 5751 investigationem
1302 5682 1360 5737 id
1389 5684 1539 5754 qu'od
1573 5700 1699 5738 vere

1781 5144 1863 5196 vis
1892 5142 2133 5211 denique
2156 5152 2328 5210 penes
2346 5150 2474 5193 enm
2498 5140 2623 5192 vitae
2642 5145 2848 5193 nostrae
2865 5144 3112 5209 potestas
3132 5136 3225 5190 sit.
3241 5137 3375 5198 Qua:

1781 5244 1905 5286 cum
1931 5232 2011 5284 ita
2036 5230 2166 5292 sint,
2199 5239 2446 5300 paternae
2469 5228 2868 5281 benevolentiae
2890 5243 3060 5280 causa
3080 5226 3177 5280 Dei
3194 5227 3375 5295 jactu-

1782 5338 1903 5375 ram
1931 5322 2111 5374 facere
2131 5332 2356 5390 prorsus
2371 5330 2617 5387 nequeo;
2643 5333 2707 5370 ac
2730 5314 2960 5387 proinde
2982 5322 3102 5368 tum
3125 5314 3225 5366 tibi
3248 5314 3374 5384 ipsi,

1780 5420 1901 5466 tum
1953 5410 2090 5464 mihi
2142 5408 2425 5478 negotium
2456 5408 2728 5460 facessere
2757 5406 2977 5470 desine;
3020 5416 3212 5457 verum
3243 5404 3381 5458 mihi

1784 5517 1997 5555 morem
2018 5516 2168 5569 gere,
2209 5515 2272 5551 ac
2301 5496 2483 5551 vivum
2515 5504 2571 5550 et
2602 5512 2792 5548 verum
2825 5496 3001 5548 Deum
3042 5493 3207 5546 ambo
3228 5494 3378 5547 cola-

1784 5607 1927 5644 mus.
1962 5592 2104 5643 Nam
2136 5606 2258 5659 quae
2288 5602 2435 5641 nunc
2464 5586 2765 5651 veneraris,
2785 5584 3083 5637 simulacra
3101 5590 3250 5646 sunt,
3286 5582 3383 5637 ho-

1782 5681 1999 5735 minum
2028 5678 2287 5734 manibus
2309 5678 2525 5742 eﬂ’ecta,
2557 5676 2790 5745 spiritus
2829 5673 3078 5746 eXpertin
3106 5679 3165 5728 et
3191 5674 3325 5727 surd
