3878 6384
463 308 570 365 543

1489 321 1583 376 DE
1620 320 1809 376 VITIS
1845 320 2142 376 PATRUM
2176 320 2391 376 LIBER
2427 321 2714 377 PRIMUS.

3629 321 3732 381 544

466 434 716 508 nihilque
737 439 964 494 omnino
985 441 1136 495 aliud
1149 458 1320 512 quam
1341 443 1572 497 exitium
1587 444 2050 516 etsempiternum
2071 445 2119 504 Α
2136 444 2281 498 sicut
2309 443 2452 498 liber
2475 444 2802 513 involvetur,
2818 450 2973 501 terra
2992 452 3182 503 autem
3213 447 3446 502 eﬁ‘racta
3477 447 3730 502 omnium

467 525 775 582 cruciatum
795 530 1100 586 cultoribus
1129 533 1244 586 suis
1273 535 1633 588 accersentia.

541 615 638 669 Sin
669 622 859 671 autem
883 619 937 672 id
967 637 1210 686 recusas,
1237 623 1506 693 quidquid
1539 624 1709 690 lubet,
1735 626 1870 680 mihi
1892 626 2052 694 infer,

469 719 659 758 servus
679 706 828 760 enim
859 709 1063 763 Christi
1086 728 1230 764 sum.
1254 714 1334 765 Ac
1362 730 1542 784 neque
1564 713 1847 769 blanditiis
1875 733 2056 787 neque

467 795 762 848 tormentis
791 797 861 849 ab
893 799 1016 867 ejus
1045 805 1234 867 θείη
1263 809 1452 856 Amore
1482 804 1782 858 desciscam
1823 824 1834 858 :
1859 823 2055 877 quem-

468 878 770 938 admodum
811 887 979 941 etiam
1023 889 1203 960 pridie
1245 890 1346 944 tibi
1385 893 1518 958 dixi,
1558 894 1781 948 Domini
1819 897 1929 950 mei
1960 914 2056 951 no-

469 987 599 1024 men
629 972 1008 1044 interponens,
1042 994 1108 1032 ac
1145 996 1459 1035 sermonem
1487 983 1819 1054 interposito
1842 987 2056 1056 jureju-

467 1061 642 1114 rando
680 1065 1037 1120 conﬁrmans.
1061 1068 1221 1132 Quod
1249 1076 1438 1124 autem
1466 1089 1567 1126 nec
1597 1079 1652 1127 te
1681 1081 1879 1145 sponte
1909 1077 2054 1130 male

466 1163 654 1220 agere,
687 1169 789 1206 nec
814 1171 1039 1210 rursum
1072 1157 1422 1228 ignoratione
1447 1178 1481 1214 a
1506 1161 1652 1216 bono
1682 1163 1944 1220 aberrare
1975 1167 2055 1220 di-

465 1237 616 1303 xisti,
642 1256 835 1295 verum
865 1243 1078 1312 ingenti
1104 1263 1169 1300 ac
1196 1247 1475 1304 laboriosa
1504 1251 1932 1322 investigatione
1954 1255 2056 1309 hoc

465 1328 806 1395 cognovisse,
839 1348 1038 1404 nempe
1068 1335 1276 1391 bonum
1297 1355 1417 1393 esse
1442 1339 1742 1396 simulacra
1769 1343 1968 1406 colere,
1989 1361 2055 1398 ac

467 1413 761 1472 libidinum
788 1421 1164 1493 voluptatibus
1181 1427 1407 1482 afﬁxum
1429 1447 1568 1494 esse,
1594 1438 1743 1486 certe
1771 1439 1826 1486 te
1856 1441 2054 1504 sponte

467 1505 614 1592 male
637 1523 802 1577 agere
831 1510 1014 1566 dicere
1044 1513 1192 1569 haud
1213 1534 1447 1589 nequeo.
1462 1520 1620 1583 Quod
1642 1527 1828 1575 autem
1850 1540 2055 1592 magna

2138 533 2562 604 hominum,qui
2581 551 2828 605 unquam
2855 537 3068 607 aprimi
3097 537 3338 590 hominis
3366 537 3580 591 Adami
3605 543 3734 590 ortu

2138 639 2318 693 usque
2335 623 2401 676 ad
2417 623 2564 677 diem
2577 624 2734 678 illum
2747 625 3230 697 fuerunt,corpora
3247 643 3474 680 sursum
3489 627 3730 689 emittet,

2140 729 2204 764 ac
2234 719 2354 766 tum
2377 715 2689 784 omnes,qui
2706 713 2775 768 ab
2788 715 2920 769 orbe
2944 716 3168 770 condito
3181 722 3360 770 morte
3376 717 3557 769 functi
3580 722 3731 780 sunt,

2137 801 2195 854 in
2241 802 2353 856 ictu
2402 803 2546 856 oculi
2594 803 2662 856 ad
2701 804 2924 858 Domini
2957 804 3200 859 tribunal
3230 806 3525 871 sistentur,
3565 811 3736 876 atque

2137 891 2521 962 unusquisque
2549 909 2738 946 rerum
2767 893 2825 946 in
2854 893 2966 948 vita
2983 901 3273 963 gestarum
3300 895 3582 949 rationem
3613 895 3735 948 red-

2139 981 2234 1034 det
2266 983 2314 1041 ll
2324 984 2444 1035 ('or.
2459 991 2571 1048 xv).
2591 982 2745 1036 Tunc
2769 983 2930 1053 justi,
2965 984 3060 1053 qui
3097 983 3157 1037 in
3183 985 3410 1037 Patrem
3439 991 3496 1037 et
3527 984 3734 1037 Filium

2137 1088 2200 1123 ac
2243 1071 2512 1141 Spiritum
2553 1077 2809 1126 sanctum
2840 1073 3216 1138 crediderunt,
3245 1079 3414 1143 atque
3454 1073 3514 1126 in
3547 1072 3740 1143 probis

2136 1160 2444 1215 actionibus
2479 1162 2768 1232 praesentis
2805 1163 2930 1216 vita:
2971 1161 3308 1216 curriculum
3349 1162 3736 1227 confecerunt,

2138 1251 2270 1303 solis
2300 1251 2480 1304 instar
2511 1251 2803 1322 fulgebunt
2823 1253 3042 1316 (.llatth.
3076 1256 3218 1320 xm).
3253 1252 3510 1316 Quonam
3540 1259 3734 1305 autem

2137 1346 2298 1410 pacto
2347 1341 2586 1410 gloriam
2632 1357 2754 1394 eam
2800 1358 2922 1411 qua:
2961 1341 3110 1412 ipsos
3157 1346 3455 1412 exceptura
3493 1346 3600 1406 est,
3635 1340 3737 1394 tibi

2137 1429 2615 1484 commemorabo?
2636 1431 2778 1484 Nam
2791 1430 3011 1483 etiamsi
3025 1430 3271 1500 ipsorum
3291 1430 3653 1500 splendorem
3677 1447 3737 1482 ac

2136 1517 2610 1589 pulchritudinem
2654 1519 2788 1572 solis
2825 1517 3046 1582 lumini,
3081 1524 3180 1572 aut
3205 1518 3375 1571 etiam
3406 1518 3737 1572 clarissimze

466 1590 700 1652 inscitiae
715 1599 951 1671 caligine
973 1603 1338 1660 circumfusus
1353 1608 1447 1674 sis,
1475 1625 1539 1663 ac
1567 1616 1833 1682 tanquam
1857 1613 1914 1666 in
1943 1619 2054 1667 tra-
2134 1608 2385 1677 fulgetra:
2408 1625 2748 1678 comparem,
2783 1607 2922 1660 nihil
2953 1612 3161 1674 tamen,
3195 1607 3338 1677 quod
3373 1607 3503 1660 huic
3539 1608 3736 1678 splen-

463 1686 759 1784 etabilibus
785 1691 1028 1748 tenebris
1056 1694 1370 1761 ambulans,
1395 1714 1464 1751 ne
1491 1699 1785 1754 minimum
1824 1703 2048 1773 quidem
2071 1726 2116 1784 Β
2135 1696 2256 1750 (lori
2287 1697 2476 1767 parsit
2494 1697 2703 1750 dixero.
2733 1697 2941 1752 Oculus
2969 1696 3120 1749 enim
3149 1713 3261 1750 non
3281 1696 3434 1762 vidit,
3455 1713 3558 1750 nec
3577 1697 3734 1750 auris

464 1773 689 1830 luminis
709 1779 1058 1848 splendorem
1081 1785 1401 1855 perspicias,
1432 1787 1501 1840 ob
1557 1789 1743 1859 idque,
1777 1798 1928 1845 recta
1965 1791 2049 1846 via
2074 1773 2364 1850 "audivit,
2399 1803 2499 1839 nec
2529 1785 2585 1838 in
2615 1803 2709 1839 cor
2737 1786 2980 1839 hominis
3015 1785 3388 1838 ascenderunt
3417 1801 3542 1854 qua:
3581 1785 3736 1838 Deus

464 1865 688 1931 amissa,
731 1867 789 1922 in
833 1871 1136 1943 praecipitia
1165 1880 1231 1945 et
1260 1874 1526 1930 barathra
1554 1877 1798 1944 oberres,
1833 1880 1888 1934 id
1923 1898 2052 1935 vero

460 1955 832 2011 certissimum
853 1975 918 2012 ac
938 1963 1447 2032 compertissimum
1463 1966 1659 2032 habeo,
1679 1973 1845 2039 teque
1859 1971 2047 2039 etiam,

461 2059 494 2097 ο
525 2050 702 2114 pater,
735 2045 788 2100 id
819 2048 1130 2119 intelligere
1150 2054 1330 2124 cupio.
1364 2057 1443 2108 Ac
1471 2064 1765 2128 propterea
1794 2060 2053 2115 tenebras

459 2131 600 2186 lucis
619 2135 738 2189 loco
757 2142 974 2205 tenens;
993 2157 1057 2193 ac
1068 2149 1305 2196 mortem
1317 2144 1440 2197 vita:
1453 2145 1632 2200 instar
1654 2150 2046 2219 complectens.

460 2221 624 2276 utilia
647 2225 875 2281 consilia
900 2228 1541 2306 iniisse,fruetuosasque
1554 2237 1918 2305 cogitationes
1939 2258 2053 2294 sus-

461 2311 672 2398 cepisse
695 2313 797 2368 tibi
828 2316 1050 2372 videris.
1075 2321 1148 2373 At
1185 2338 1295 2374 non
1325 2323 1405 2376 ita
1435 2329 1537 2390 est,
1567 2342 1677 2379 non
1707 2327 1937 2398 inquam
1967 2336 2051 2384 est

459 2397 558 2454 ita.
591 2402 735 2456 Nam
765 2421 866 2458 nec
895 2425 960 2460 ea
989 2426 1110 2478 qua:
1131 2413 1411 2467 veneraris
1432 2414 1508 2467 dii
1539 2421 1688 2480 sunt,
1717 2418 1812 2470 sed
1841 2418 2050 2473 daemo-

458 2505 594 2544 num
623 2498 840 2578 statuze,
874 2513 1096 2553 omnem
1125 2516 1317 2555 eorum
1349 2506 1743 2560 exsecrandam
1776 2509 2051 2578 operatio-

466 2591 595 2636 nem
625 2577 780 2640 intus
809 2587 1194 2654 continentes;
1245 2610 1346 2647 nec
1383 2611 1606 2649 rursum
1638 2595 1750 2650 vita
1785 2577 1851 2650 ea
1879 2615 2048 2668 quam

459 2686 686 2726 suavem
708 2678 1141 2748 etvoluptariam
1167 2684 1917 2756 appellas,jucunditatisque
1936 2705 2051 2741 om-

459 2759 549 2815 nis
578 2767 636 2814 et
663 2763 960 2820 hilaritatis
978 2769 1199 2839 plenam
1221 2789 1340 2826 esse
1366 2790 1576 2840 censes,
1599 2775 1875 2844 ejusmodi
1891 2783 2050 2831 natu-

460 2862 583 2902 ram
609 2847 796 2918 habet,
815 2855 912 2908 sed
941 2857 986 2910 si
1019 2858 1270 2913 veritatis
1293 2861 1506 2930 judicio
1531 2865 1793 2918 standum
1825 2871 1928 2930 est,
1961 2883 2050 2920 ex-

459 2941 731 2996 secranda
749 2959 814 2996 ac
837 2945 1016 3000 modis
1037 2948 1294 3003 omnibus
1315 2953 1620 3006 aversanda
1655 2961 1756 3008 est.
1786 2955 2049 3018 Quamvis

460 3028 608 3082 enim
652 3031 722 3084 ad
765 3033 991 3104 aliquod
1026 3042 1246 3109 tempus
1283 3039 1470 3094 fauces
1509 3042 1760 3109 deliniat,
1794 3051 1921 3114 post
1960 3050 2046 3099 ta-

459 3129 606 3184 men,
643 3125 708 3174 ut
737 3138 771 3175 a
800 3122 1069 3195 magistro
1099 3143 1224 3182 meo
1249 3129 1462 3184 dictum
1509 3137 1612 3198 est,
1643 3132 1769 3186 felle
1799 3136 2047 3188 amarius

455 3205 747 3278 digeritur,
777 3213 1078 3286 gladioque
1107 3218 1336 3290 ancipiti
1364 3221 1582 3274 acutior
1610 3227 1712 3276 est.

526 3297 594 3352 Et
624 3316 867 3370 quonam
892 3305 1119 3360 tandem
1150 3315 1311 3378 pacto
1334 3311 1456 3380 ejus
1483 3311 1741 3366 malatibi
1759 3330 2046 3368 recensere

455 3389 714 3455 possem?
746 3389 1124 3448 Dinumerabo
1145 3403 1302 3461 ea,et
1325 3415 1496 3469 super
1523 3416 1752 3454 arenam
1779 3401 2048 3472 multipli-

455 3473 732 3531 cabuntur
775 3482 934 3544 (Psal.
974 3499 1253 3554 cxxxvm);
1287 3487 1490 3541 diaboli
1523 3489 1672 3542 enim
1711 3491 1911 3544 hamus
1940 3497 2042 3558 est,

455 3567 793 3620 exsecranda
807 3569 1110 3640 voluptate,
1127 3579 1392 3645 tanquam
1417 3575 1678 3630 illecebra
1694 3579 1934 3648 quadam
1957 3580 2048 3632 ob-

455 3651 676 3720 ductus,
692 3673 791 3726 per
819 3675 985 3729 quam
1009 3678 1102 3715 eos
1134 3664 1228 3734 qui
1250 3664 1306 3717 in
1328 3665 1581 3719 fraudem
1610 3667 2048 3733 inducuntur,ad

455 3742 631 3797 imum
647 3744 850 3801 inferni
869 3751 1152 3821 gurgitem
1173 3753 1365 3807 trahit.
1383 3756 1536 3809 Bona
1555 3761 1743 3810 autem
1760 3774 1794 3810 a
1811 3757 2047 3812 Domino

455 3847 580 3886 meo
624 3836 920 3905 promissa,
954 3857 1077 3910 qua:
1119 3842 1346 3912 quidem
1385 3849 1446 3897 tu
1485 3845 1711 3899 incerta:
1742 3845 1866 3900 vita:
1891 3864 2047 3917 spem

455 3926 811 3994 nuncupasti,
835 3926 905 3980 ab
925 3930 1080 3983 omni
1115 3932 1405 3986 mendacio
1437 3938 1494 3986 et
1525 3935 1836 3988 mutatione
1865 3937 2050 3990 aliena

455 4014 790 4075 sunt,ﬁnem
817 4017 1092 4084 nesciunt,
1112 4021 1456 4091 corruptioni
1477 4022 1728 4092 subjecta
1741 4041 1850 4078 non
1880 4032 2046 4078 sunt:

455 4099 699 4170 denique
732 4105 885 4158 nulla
904 4112 989 4158 est
1008 4109 1336 4180 oratio,qua:
1360 4111 1509 4164 illius
1528 4112 1721 4180 gloria:
1734 4121 1790 4165 et
1794 4114 2052 4182 jucundi-

454 4188 608 4254 tatis,
643 4189 793 4245 illius
814 4193 1205 4250 inenarrabilis
1221 4199 1413 4267 gaudii
1442 4217 1507 4253 ac
1537 4207 1818 4271 perpetua:
1842 4202 2050 4256 laetitia:

453 4277 900 4346 magnitudinem
929 4284 1240 4354 exprimere
1257 4294 1442 4356 queat.
1461 4288 1668 4342 Omnes
1684 4289 2051 4360 enim,quem-

453 4365 755 4422 admodum
787 4369 906 4441 ipse
952 4372 1121 4438 vides,
1163 4376 1455 4442 morimur,
1488 4393 1589 4430 nec
1618 4383 1703 4430 est
1739 4379 1904 4432 homo
1945 4379 2041 4450 qui

2133 1875 2192 1927 in
2211 1876 2476 1928 cmlorum
2498 1892 2691 1945 regno,
2723 1876 2780 1929 in
2809 1873 3231 1945 incomparabili
3258 1874 3399 1938 luce,
3432 1874 3492 1926 in
3523 1890 3735 1926 arcana

2135 1971 2192 2018 et
2220 1964 2346 2018 ﬁnis
2376 1971 2602 2035 experte
2628 1964 2827 2033 gloria,
2857 1965 2924 2018 iis
2952 1965 3048 2034 qui
3072 1963 3247 2034 ipsius
3277 1979 3467 2017 amore
3511 1963 3737 2032 praediti

2137 2060 2269 2108 sunt
2297 2054 2631 2125 praeparavit
2647 2055 2832 2124 (onr.
2853 2058 2932 2120 ιι).
2953 2057 3029 2108 Ac
3047 2053 3186 2122 justi
3203 2052 3428 2123 quidem
3452 2051 3735 2122 ejusmodi

2137 2142 2281 2196 bona
2305 2149 2472 2214 atque
2500 2143 2774 2212 ejusmodi
2806 2142 3210 2196 beatitudinem
3239 2148 3682 2212 consequentur.

2204 2234 2310 2296 Qui
2332 2239 2520 2286 autem
2547 2249 2738 2285 verum
2767 2233 2945 2286 Deum
2963 2231 3392 2302 abjurarunt,ac
3410 2233 3668 2284 ﬁctorem
3684 2239 3738 2284 et

2133 2323 2386 2393 opiﬁcem
2402 2323 3114 2393 ignorarunt,impurosque
3123 2321 3402 2374 daemones
3413 2321 3733 2382 coluerunt,

2131 2429 2196 2466 ac
2221 2413 2402 2466 surdis
2419 2413 2730 2466 simulacris
2753 2412 3166 2466 venerationem
3185 2409 3524 2474 tribuerunt,
3545 2411 3737 2480 volup-

2130 2508 2422 2573 tatumque
2440 2503 2606 2572 hujus
2641 2519 2795 2555 vana:
2825 2502 2951 2555 vita:
2979 2500 3283 2572 cupiditate
3301 2501 3735 2568 ﬁagrarunt,at-

2132 2609 2238 2662 que
2257 2593 2310 2645 in
2333 2593 2658 2645 vitiosarum
2677 2591 3032 2644 aﬁectionum
3057 2607 3213 2644 coeno
3227 2606 3526 2660 porcorum
3547 2589 3732 2642 instar

2131 2698 2252 2734 sese
2273 2681 2595 2734 volutarunt
2623 2697 2864 2750 suasque
2876 2679 3094 2733 animas
3114 2679 3232 2733 vitii
3253 2679 3433 2733 omnis
3443 2677 3727 2732 ofﬁcinam

2131 2771 2452 2836 eﬁ‘ecerunt,
2478 2770 2613 2824 nudi
2631 2776 2687 2823 et
2700 2769 2880 2840 aperti
2905 2768 3152 2835 stabunt,
3173 2767 3483 2838 ignominia
3505 2767 3727 2830 suﬂusi,

2133 2861 2334 2927 Inmsti,
2355 2876 2419 2913 ac
2449 2866 2569 2914 tum
2588 2866 2770 2929 gestu,
2790 2865 2912 2913 tum
2941 2875 3001 2912 re
3024 2859 3145 2930 ipsa
3170 2857 3735 2927 miserabiles.Atque

2131 2966 2326 3003 omnes
2338 2949 2589 3021 ipsorum
2609 2965 2913 3013 sermones,
2934 2955 2990 3001 et
3005 2948 3270 3014 actiones,
3287 2953 3342 3001 et
3354 2946 3728 3016 cogitationes

2131 3045 2261 3092 ante
2290 3038 2541 3110 ipsorum
2566 3055 2666 3094 ora
2696 3039 2946 3105 venient;
2981 3055 3046 3091 ac
3073 3037 3272 3091 deinde
3307 3041 3433 3108 post
3458 3035 3732 3106 gravissi-

2132 3145 2283 3182 mam
2296 3127 2662 3198 ignominiam
2676 3133 2844 3199 atque
2863 3127 3276 3181 intolerandum
3295 3125 3434 3179 illud
3457 3123 3728 3196 probrum

2126 3219 2400 3288 gehennae
2420 3218 2536 3288 igni
2553 3235 2841 3288 nunquam
2866 3216 3288 3286 exstinguendo,
3305 3231 3369 3267 ac
3383 3215 3525 3268 lucis
3540 3215 3726 3268 omnis

2129 3308 2361 3379 experti,
2396 3307 2763 3362 exterioribus
2811 3305 3351 3370 tenebris,dentium
3397 3303 3724 3369 stridori,ac

2129 3403 2402 3451 venenato
2417 3398 2588 3451 vermi
2617 3397 2966 3450 addicentur.
2989 3397 3117 3449 Ilaec
3136 3395 3359 3448 illorum
3378 3393 3564 3464 portio
3593 3394 3722 3456 erit,

2131 3487 2246 3540 haec
2263 3486 2586 3540 haereditas:
2623 3486 2681 3540 in
2715 3486 2800 3539 his
2832 3503 2930 3556 per
2948 3485 3291 3555 sempiterna
3311 3483 3514 3536 saecula
3536 3499 3727 3536 versa-

2130 3575 2358 3643 buntur,
2392 3577 2662 3629 scelerum
2695 3593 2887 3646 pinnas
2917 3575 3132 3639 dantes,
3151 3557 3443 3644 pi-Opterea
3463 3572 3616 3642 quod
3639 3570 3730 3624 bo-

2132 3667 2220 3719 nis
2249 3665 2315 3718 iis
2333 3683 2454 3736 quae
2483 3664 2539 3719 in
2563 3665 2961 3734 pollicitatione
2990 3662 3275 3717 recondita
3295 3668 3482 3724 erunt,
3500 3667 3731 3732 propter

2130 3754 2351 3809 brevem
2381 3756 2721 3825 voluptatem
2745 3753 3056 3824 repudiatis
3077 3759 3134 3806 et
3153 3751 3404 3822 abjectis,
3447 3757 3726 3804 aeternum

2129 3844 2235 3898 sibi
2264 3844 2399 3914 ipsis
2439 3843 2773 3915 supplicium
2814 3843 3240 3896 accersiverunt.
3274 3841 3384 3894 Pro
3413 3839 3500 3893 his
3531 3839 3724 3908 igitur,

2129 3934 2233 3987 hoc
2262 3939 2365 3998 est,
2378 3939 2443 3986 ut
2475 3940 2531 3987 et
2547 3933 2818 4002 gaudium
2847 3932 2985 3986 illud
3006 3931 3159 3985 omni
3184 3946 3442 3984 sermone
3460 3934 3731 3998 praestan-

2129 4024 2241 4078 tius
2269 4039 2696 4093 consequamur,
2714 4028 2771 4075 et
2788 4038 2993 4076 arcana
3021 4021 3116 4074 illa
3142 4019 3321 4089 gloria
3348 4018 3726 4080 fruamur,an-

2130 4113 2394 4182 gelosque
2407 4112 2703 4182 splendore
2717 4112 3164 4182 adaequemus,ac
3176 4109 3318 4162 bono
3335 4115 3392 4161 et
3402 4108 3725 4161 dulcissimo

2132 4202 2368 4254 Domino
2383 4201 2576 4254 ﬁdenti
2607 4201 2794 4254 animo
2815 4204 3258 4268 astemus,atque
3273 4197 3658 4252 atrocissimas
3675 4201 3729 4248 et

2135 4307 2423 4362 nunquam
2439 4290 2713 4344 ﬁniendas
2727 4307 2938 4361 pmnas,
2957 4295 3013 4342 et
3027 4287 3448 4356 acerbissimam
3465 4287 3627 4340 illam
3649 4285 3726 4338 in-

2133 4379 2360 4434 famiam
2381 4379 2734 4447 eﬁ‘ugiamus,
2763 4396 2902 4450 quas
2929 4395 3040 4432 non
3071 4381 3259 4443 δεῖξ’
3289 4377 3578 4448 pecunias,
3605 4390 3725 4446 quae

452 4455 620 4524 vivat,
680 4464 736 4513 et
789 4466 1028 4516 mortem
1077 4463 1297 4519 visurus
1348 4482 1459 4520 non
1507 4467 1582 4521 sit
1631 4468 1714 4538 (ΙΙ
1749 4469 1872 4534 Reg.
1923 4466 2100 4535 x1v;D
2123 4486 2236 4523 non
2266 4486 2518 4541 corpora,
2535 4469 2648 4527 imo
2670 4469 2842 4523 etiam
2871 4468 3023 4538 ipsas
3043 4465 3723 4538 animasprofunderepar

454 4547 598 4601 Psal.
647 4556 926 4616 ῐδιχνηικ
977 4552 1232 4608 futurum
1269 4561 1355 4610 est
1395 4561 1585 4611 autem
1617 4563 1678 4611 ut
1711 4573 1936 4610 rursum
1975 4558 2045 4611 ad

454 4634 626 4690 vitam
645 4639 959 4707 redeamus,
978 4647 1101 4696 tum
1121 4642 1408 4710 nimirum,
1431 4662 1556 4699 cum
1587 4645 1859 4700 Dominus
1886 4648 1914 4700 J
1920 4663 2047 4700 esus

455 4725 712 4782 Christus
727 4730 826 4784 Dei
838 4732 1010 4788 Filius
1031 4734 1086 4787 in
1104 4735 1434 4806 gloria,qua:
1458 4737 1625 4790 nullis
1645 4737 1826 4790 verbis
1856 4738 2044 4791 decla-

453 4815 569 4868 rari
583 4822 784 4886 potest,
803 4837 867 4874 ac
885 4824 1180 4878 tremenda
1199 4826 1454 4895 potentia
1467 4826 1648 4880 veniet
1666 4828 1877 4889 (Matth.
1895 4830 2039 4893 xxv),

449 4901 566 4970 ille,
597 4904 848 4976 inquam,
882 4911 998 4965 Rex
1026 4929 1222 4981 regum
1244 4931 1308 4968 ac
1335 4915 1608 4969 Dominus
1635 4915 2046 4970 dominantium

438 4989 635 5062 '(Apoc.
655 4996 883 5062 χιχ),οαί
913 5017 1078 5055 omne
1105 5020 1254 5072 genu
1284 5005 1908 5071 ﬁectetur,ca:lestium,
1928 5012 2045 5060 ter-

450 5084 738 5151 restrium,
771 5094 829 5141 et
857 5088 1202 5146 infernorum
1235 5095 1456 5163 (Philip.
1479 5101 1569 5163 n);
1595 5094 1801 5165 quique
1822 5100 2044 5150 tantum

449 5173 711 5228 omnibus
741 5193 1003 5247 pavorem
1039 5182 1424 5249 commovebit,
1457 5189 1520 5238 ut
1551 5185 1720 5238 etiam
1758 5185 1892 5255 ipsa:
1930 5202 2041 5238 cce-

449 5263 619 5318 lestes
669 5265 908 5322 virtutes
955 5268 1353 5341 obstupescant
1395 5275 1546 5342 (Luc.
1598 5275 1727 5342 xx1).
1761 5273 2044 5328 Astabunt

447 5369 614 5423 porro
635 5356 685 5410 ei
707 5373 834 5411 cum
859 5358 1061 5414 timore
1093 5361 1272 5414 millia
1297 5362 1556 5427 millium,
1582 5369 1640 5417 et
1655 5363 1838 5416 decies
1856 5370 2040 5418 cente-

446 5457 522 5496 na
549 5445 725 5500 millia
763 5450 1093 5518 angelorum
1123 5456 1180 5504 et
1205 5451 1690 5521 archangelorum,
1727 5459 2038 5524 cunctaque

447 5537 601 5585 metu
628 5549 692 5586 ac
711 5540 954 5591 tremore
985 5540 1152 5610 plena
1180 5546 1348 5594 erunt
1372 5543 1529 5607 (Dan.
1563 5544 1677 5608 vn).
1714 5542 1870 5596 Unus
1890 5543 2042 5596 enim

448 5621 908 5692 archangelorum
954 5627 1189 5684 buccina
1212 5630 1468 5699 clanget;
1501 5647 1566 5689 ac
1595 5631 1788 5702 statim
1833 5632 2041 5686 coelum

2128 4559 2333 4614 fuerit?
2363 4558 2500 4622 Quis
2525 4564 2642 4612 tam
2671 4557 2857 4627 ignavi
2879 4556 3053 4610 animi
3083 4563 3186 4621 est,
3207 4557 3330 4626 quis
3359 4561 3477 4609 tam
3507 4572 3715 4617 excors,

2129 4648 2264 4718 quin
2275 4653 2562 4702 sexcentas
2577 4647 2947 4718 temporarias
2968 4652 3176 4700 mortes
3189 4645 3376 4699 subire
3389 4645 3448 4698 in
3465 4645 3717 4698 animum

2128 4737 2357 4790 inducat
2378 4743 2441 4791 ut
2459 4754 2492 4790 a
2512 4737 2855 4807 sempiterna
2873 4742 2929 4790 et
2951 4735 3078 4788 ﬁnis
3091 4735 3272 4788 omnis
3293 4739 3519 4804 experte
3543 4738 3719 4786 morte

2127 4825 2414 4892 liberetur,
2454 4825 2789 4895 beatamque
2817 4831 2873 4880 et
2901 4825 2970 4878 ab
2999 4824 3153 4879 omni
3182 4824 3414 4878 interitu
3446 4829 3717 4876 remotam

2127 4914 2300 4968 vitam
2329 4915 2682 4968 hiereditario
2706 4915 3007 4986 possideat,
3039 4931 3104 4967 ac
3127 4920 3331 4966 sanctae
3366 4919 3424 4966 et
3452 4912 3579 4966 vita:
3613 4911 3716 4964 ini-

2125 5003 2268 5057 tium
2299 5004 2580 5057 aﬁ'erentis
2606 5003 2896 5058 Trinitatis
2925 5004 3135 5058 lumine
3175 5003 3535 5056 collustretur
3560 5001 3583 5052 ?

2197 5097 2327 5150 CAP.
2361 5097 2555 5150 XXVI.
2581 5125 2644 5134 —
2682 5096 2812 5148 llaec
2841 5094 3006 5148 verba
3046 5110 3171 5148 cum
3203 5111 3300 5146 rex
3330 5091 3620 5155 audiisset,
3661 5090 3717 5142 ﬁ-

2124 5185 2296 5256 liique
2331 5185 2656 5238 ﬁrmitatem
2700 5190 2869 5254 atque
2911 5183 3286 5237 constantiam
3322 5181 3713 5252 perspexisset.

2127 5291 2226 5328 nec
2255 5273 2560 5338 blanditiis,
2591 5289 3025 5328 necsermonum
3055 5271 3462 5336 lenocinio,nec
3478 5271 3714 5339 denique

2122 5364 2525 5434 suppliciorum
2551 5364 2716 5416 minis
2746 5363 3013 5427 cedentis,
3039 5360 3309 5415 orationis
3322 5359 3552 5430 quidem
3572 5357 3713 5411 illius

2121 5453 2590 5524 probabilitatem,
2605 5470 2669 5507 ac
2691 5469 2960 5523 responsa
2985 5467 3107 5521 qua:
3125 5449 3304 5503 refelli
3325 5465 3438 5501 non
3466 5451 3706 5518 possent,

2124 5541 2528 5607 admirabatur,
2549 5548 2718 5614 atque
2730 5542 2899 5595 etiam
2921 5558 2956 5594 a
2984 5539 3210 5611 propria
3228 5537 3710 5606 conseientia,qua:

2122 5631 2308 5706 ipsum
2323 5648 2452 5690 vera
2469 5638 2526 5686 et
2537 5633 2694 5704 justa
2707 5632 2894 5691 dicere
2907 5627 3347 5694 demonstrabat,
3373 5624 3708 5694 coargueba-
