3878 6400
134 382 229 441 545
526 382 695 438 VITA
732 382 1171 439 SANCTORUM
1207 381 1552 439 BARLAAM
1588 384 1928 441 EREMITjE
1966 384 2054 442 ET
2088 384 2453 443 JOSAPHAT
2491 388 2714 443 INDIIE
2750 389 2986 446 REGIS.
3292 391 3400 449 546

131 519 241 577 tur;
273 524 511 564 veruma
529 525 699 580 prava
718 510 1123 564 consuetudine
1144 516 1313 581 atque
1343 528 1378 565 a
1404 511 1619 566 vitiosis
1635 511 1712 566 af-
1733 515 1779 572 Α
1797 512 1887 565 sit.
1922 514 2060 567 Cum
2084 513 2258 584 igitur
2289 531 2384 568 rex
2407 515 2463 569 in
2496 515 2609 570 alto
2639 522 2808 588 atque
2837 518 2987 572 edito
3028 519 3167 574 solio
3201 537 3397 577 conse-

131 599 468 664 fectionibus,
515 615 755 670 quarum
803 599 1062 654 habitum
1104 607 1477 667 contraxerat,
1513 608 1570 655 et
1598 618 1719 672 quae
1801 602 1991 667 disset,
2023 603 2200 657 filium
2221 620 2335 657 una
2354 605 2548 659 sedere
2574 606 2763 675 jussit.
2797 608 2981 662 Atille
3003 626 3105 680 pro
3136 627 3237 665 suo
3266 628 3401 683 erga

132 708 250 745 eum
287 690 436 743 velut
464 706 623 742 camo
660 695 717 743 et
747 689 904 743 freno
940 690 1287 757 coercebant,
1322 708 1423 745 nec
1471 692 1719 745 veritatis
1802 698 2018 762 patrem
2039 693 2249 747 honore
2278 710 2342 747 ac
2372 695 2686 749 reverentia
2715 696 2771 749 id
2796 696 2974 750 facere
3004 700 3399 764 recusavit,at-

130 781 309 834 lumen
329 779 642 850 perspicere
667 778 939 843 sinebant,
967 780 1026 833 in
1054 780 1335 834 diversum
1366 781 1713 834 trahebatur.

132 872 203 923 Ac
227 873 518 939 propterea
546 868 764 921 nullum
796 884 908 921 non
924 868 1187 939 lapidem,
1213 874 1277 922 ut
1295 869 1401 923 dici
1425 870 1584 935 solet,
1605 886 1719 923 mo-

133 975 272 1019 vens,
307 958 363 1010 in
393 973 458 1010 eo
502 957 648 1028 quod
694 956 849 1027 prius
887 956 993 1011 sibi
1034 964 1403 1028 proposuerat
1446 959 1712 1024 haerebat,

134 1047 411 1100 consilium
451 1046 737 1111 nimirum,
772 1047 919 1116 quod
948 1064 1076 1100 cum
1126 1048 1343 1101 Arache
1382 1054 1625 1118 ceperat,
1658 1048 1715 1101 in

135 1153 263 1207 opus
285 1136 583 1206 perducere
598 1136 847 1205 cupiens.
874 1138 1069 1206 Itaque
1083 1137 1153 1190 ad
1186 1137 1361 1190 filium
1392 1138 1506 1190 ait:
1543 1138 1718 1208 Opor-

134 1225 278 1279 tebat
290 1224 534 1295 quidem,
552 1223 650 1288 ﬁli,
681 1230 736 1278 te
765 1224 904 1277 meis
921 1225 1171 1295 imperiis
1192 1226 1450 1280 omnibus
1470 1227 1526 1280 in
1548 1226 1716 1279 rebus

133 1314 449 1385 simpliciter
475 1313 725 1385 obsequi.
748 1315 1023 1378 Quoniam
1042 1321 1231 1369 autem
1263 1333 1363 1387 pro
1392 1321 1490 1370 tua
1509 1317 1718 1370 duritia

135 1410 291 1475 atque
335 1403 687 1457 contumacia
726 1404 863 1457 mihi
913 1404 995 1457 ita
1036 1406 1395 1459 vehementer
1437 1406 1712 1471 restitisti,

135 1495 229 1547 hoc
247 1510 414 1546 unum
438 1494 799 1559 contendens,
822 1499 885 1547 ut
905 1500 1002 1547 tua
1013 1495 1293 1548 sententia
1317 1496 1547 1565 majoris
1570 1496 1717 1567 apud

135 1589 370 1652 te.,quam
388 1582 574 1635 omnia
588 1582 986 1652 alia,ponderis
1001 1588 1169 1653 atque
1187 1584 1536 1638 auctoritatis
1549 1590 1714 1649 esset,

137 1688 246 1740 age,
278 1670 430 1724 inani
474 1671 830 1725 contentione
875 1673 1059 1726 valere
1096 1674 1272 1743 jussa,
1308 1674 1619 1727 rationibus
1649 1675 1715 1728 ad

136 1760 572 1831 persuadendum
603 1760 749 1830 aptis
781 1778 1033 1831 agamus.
1080 1764 1162 1816 Ac
1207 1762 1340 1833 quia
1371 1764 1651 1829 Barlaam,
1685 1781 1720 1817 a

1803 798 1909 852 que
1930 781 1987 835 in
2012 788 2167 836 terra
2192 799 2302 836 non
2334 784 2497 853 longe
2524 783 2592 837 ab
2613 801 2677 838 eo
2708 785 2868 839 sedit.
2887 787 3204 843 Astiterunt
3224 790 3399 859 igitur

1798 870 1903 924 viri
1944 871 2230 925 infatuatae
2260 889 2293 925 a
2327 873 2442 925 Deo
2488 873 2776 943 sapientiae
2806 875 2992 945 periti.
3034 894 3293 947 quorum,
3335 884 3399 933 ut

1798 960 2049 1030 Apostoli
2074 960 2252 1014 verbis
2272 966 2419 1019 utar.
2438 962 2708 1033 insipiens
2737 980 2831 1016 cor
2859 964 3066 1019 erravit
3098 969 3148 1033 (Ι
3176 968 3297 1021 Cor.
3331 970 3393 1035 ι).

1798 1049 2070 1103 Putantes
2098 1049 2246 1103 enim
2280 1068 2339 1104 se
2370 1068 2490 1105 esse
2511 1052 2811 1122 sapientes,
2844 1054 2999 1107 stulti
3024 1054 3153 1109 facti
3178 1061 3327 1119 sunt,
3343 1062 3401 1111 et

1799 1144 2159 1192 mutaverunt
2202 1140 2438 1209 gloriam
2494 1141 2933 1212 incorruptibilis
2984 1144 3085 1197 Dei
3122 1144 3178 1198 in
3209 1145 3400 1201 simili-

1798 1227 2052 1281 tudinem
2065 1228 2514 1299 corruptibilium
2534 1230 2845 1295 hominum,
2870 1236 2927 1285 et
2947 1234 3396 1304 quadrupedum,

1800 1322 1857 1370 et
1884 1317 2227 1387 serpentium
2248 1319 2418 1384 (Rom.
2454 1321 2513 1383 ι).
2547 1319 2636 1383 Ili,
2669 1324 2733 1373 ut
2756 1336 2882 1373 cum
2904 1321 3051 1389 regis
3070 1322 3203 1397 ﬁlio,
3229 1329 3398 1394 atque

1799 1404 1868 1458 iis
1893 1405 1989 1475 qui
2014 1404 2083 1458 ab
2108 1406 2284 1477 ipsius
2308 1405 2561 1476 partibus
2590 1407 2833 1473 stabant,
2861 1426 3177 1464 sermonem
3212 1429 3401 1466 conse-

1800 1501 2005 1560 rerent,
2042 1495 2100 1548 in
2128 1511 2303 1549 unum
2325 1499 2915 1568 convenerunt.Atque
2934 1498 2993 1552 in
3015 1499 3095 1552 eis
3117 1499 3251 1554 illud
3271 1501 3403 1555 ada-

1799 1584 1957 1654 gium
1980 1584 2319 1655 implebatur
2351 1602 2362 1637 :
2400 1586 2615 1656 Caprea
2644 1603 2771 1640 cum
2806 1588 2964 1641 leone
2998 1605 3243 1659 pugnam
3276 1590 3403 1644 iniit

1799 1672 1912 1742 (14)
1979 1674 2199 1727 Etenim
2243 1673 2361 1744 ipse
2407 1674 2759 1729 Altissimum
2809 1684 3076 1746 posuerat
3120 1678 3400 1748 refugium

1801 1779 1985 1829 suum,
2010 1767 2065 1815 et
2092 1762 2148 1815 in
2168 1763 2383 1816 alarum
2400 1763 2573 1833 ipsius
2587 1764 2787 1817 umbra
2806 1765 3069 1835 sperabat
3087 1767 3257 1834 (Psal.
3291 1775 3399 1835 xc).

137 1866 236 1919 quo
262 1849 360 1902 tibi
390 1849 548 1903 fucus
578 1849 755 1902 factus
785 1856 888 1913 est,
923 1851 1138 1904 vinctus
1164 1868 1197 1904 a
1224 1869 1311 1905 me
1332 1858 1575 1919 tenetur,
1602 1869 1779 1933 am-B
1802 1851 1888 1905 Illi
1918 1857 2106 1905 autem
2128 1852 2186 1905 in
2216 1852 2385 1921 hujus
2403 1853 2589 1906 saeculi
2614 1853 2957 1924 principibus
2988 1855 3083 1926 qui
3104 1856 3402 1911 destruun-

136 1938 368 2008 plissimo
397 1944 544 1992 ccetu
576 1938 785 2003 habito,
821 1945 993 2009 atque
1024 1940 1286 1994 omnibus
1339 1946 1460 1995 tum
1508 1942 1717 1995 nostris

136 2032 243 2081 tum
257 2027 497 2081 Galilaeis
519 2028 577 2081 in
593 2044 770 2082 unum
788 2029 993 2082 coactis
1006 2030 1468 2101 praeconibusque
1490 2032 1717 2085 disertis

137 2116 302 2171 verbis
329 2117 754 2187 edicerejussis,
808 2134 878 2171 ne
928 2119 1223 2189 quisquam
1270 2120 1714 2174 Christianorum

138 2206 290 2260 ullius
318 2205 550 2276 periculi
580 2210 735 2259 metu
780 2204 1077 2272 afficiatur,
1111 2223 1303 2260 verum
1344 2224 1538 2262 omnes
1565 2208 1718 2261 omni

141 2300 281 2347 metu
311 2294 460 2348 vacui
511 2311 611 2365 per
657 2294 918 2348 sodalitia
959 2300 1016 2348 et
1052 2296 1413 2365 cognationes
1452 2297 1510 2350 in
1543 2314 1719 2351 unum

140 2388 337 2449 coeant,
355 2384 638 2437 communi
671 2383 901 2436 consilio
924 2401 1041 2437 rem
1072 2385 1508 2439 consideremus.
1535 2387 1717 2456 Atque

141 2479 229 2526 aut
250 2490 339 2526 vos
367 2479 424 2527 et
452 2479 637 2526 vester
666 2474 944 2540 Barlaam,
986 2473 1146 2527 nobis
1177 2475 1234 2528 in
1263 2476 1599 2529 sententiam
1626 2492 1719 2529 ve-

142 2567 300 2615 stram
330 2562 603 2628 adductis,
638 2579 704 2615 ea
733 2579 857 2633 quae
901 2563 1106 2634 optatis
1148 2565 1585 2635 consequimini;
1622 2570 1722 2619 aut

142 2656 322 2704 contra
361 2669 457 2705 vos
496 2651 555 2704 in
596 2652 933 2706 sententiam
980 2658 1232 2706 nostram
1274 2653 1520 2717 adducti,
1549 2654 1720 2724 jussis

144 2740 269 2793 meis
292 2747 490 2811 sponte
522 2758 587 2795 ac
615 2746 871 2812 prompto
898 2742 1086 2795 animo
1118 2742 1403 2813 parebitis.

206 2830 447 2903 Prudens
478 2838 669 2884 autem
700 2847 893 2884 revera
914 2836 970 2884 et
989 2832 1253 2885 cordatus
1264 2833 1484 2902 juvenis
1513 2849 1613 2903 per
1640 2833 1723 2887 vi-

143 2935 252 2973 sum
278 2902 422 2990 quod
441 2920 824 2990 divinitusipsi
851 2920 1180 2989 contigerat,
1206 2922 1352 2991 regis
1374 2922 1617 2977 versutia
1636 2939 1723 2976 co-

143 3009 302 3077 gnita,
332 3009 413 3062 ait
439 3027 451 3061 :
485 3008 711 3063 Domini
732 3010 987 3063 voluntas
1008 3012 1124 3075 ﬁat,
1144 3010 1325 3081 sitque
1357 3013 1722 3082 quemadmo-

146 3096 265 3151 dum
288 3098 526 3168 jussisti.
544 3100 668 3169 Ipse
698 3104 888 3152 autem
910 3098 1090 3154 bonus
1110 3100 1259 3154 Deus
1285 3118 1349 3154 ac
1369 3101 1590 3155 divinus
1619 3102 1724 3155 hoc

1800 1946 1915 2004 tur,
1960 1958 2024 1994 ac
2078 1941 2273 1995 mundi
2322 1941 2573 2012 principe
2617 1942 3001 2010 tenebrarum,
3035 1944 3124 1998 cui
3156 1961 3215 1998 se
3246 1945 3396 2015 ipsos

1802 2030 2004 2084 misere
2071 2030 2469 2100 subjecerunt,
2522 2031 2783 2085 fiduciam
2837 2049 2997 2086 suam
3054 2034 3401 2090 collocabant

1804 2123 1963 2187 (Psal.
1995 2134 2117 2182 LVI;
2154 2121 2340 2187 Eplws.
2376 2122 2468 2186 v1).

1872 2209 2207 2263 Producitur
2224 2209 2412 2279 itaque
2434 2210 2674 2269 Nachor.
2709 2210 2804 2281 qui
2823 2211 3178 2265 Barlaamum
3196 2230 3255 2267 se
3276 2229 3398 2267 esse

1802 2297 2122 2351 simulabat.
2155 2299 2233 2351 Ac
2261 2314 2357 2351 rex
2386 2298 2612 2369 quidem
2643 2299 2747 2353 hoc
2780 2299 2885 2353 sibi
2921 2301 3264 2371 propositum
3296 2302 3400 2357 ha-v

1801 2386 1994 2451 bebat;
2028 2403 2220 2440 verum
2244 2387 2466 2458 sapiens
2488 2388 2587 2441 Dei
2614 2388 2961 2458 providentia
2990 2390 3208 2444 coalitus
3237 2391 3390 2446 aliud

1804 2476 2594 2531 administrabat.Astantibus
2624 2476 2772 2531 enim
2804 2478 2890 2531 his
2910 2478 3188 2544 omnibus,
3206 2497 3300 2533 rex
3329 2480 3401 2534 ad

1803 2572 2053 2619 oratores
2074 2582 2204 2619 suos
2219 2571 2275 2619 et
2307 2565 2680 2636 philosophos,
2700 2567 2787 2620 vel
2812 2566 2999 2637 potius
3030 2567 3204 2638 plebis
3232 2569 3402 2622 seduv

1805 2660 1986 2709 ctores
2016 2661 2073 2708 et
2097 2656 2297 2708 stolido
2311 2656 2477 2709 corde
2500 2656 2782 2726 praeditos,
2798 2656 2907 2709 ait:
2936 2663 3121 2722 ξείνια
3146 2658 3225 2711 En
3246 2657 3405 2711 vobis

1806 2750 2111 2809 certamen,
2131 2749 2188 2798 et
2209 2744 2433 2815 quidem
2457 2744 2760 2798 maximum
2784 2746 3129 2816 propositum
3150 2748 3405 2801 est.Duo-

1806 2849 1933 2886 rum
1963 2833 2113 2886 enim
2145 2834 2383 2887 alterum
2424 2833 2578 2887 vobis
2616 2835 2920 2903 continget,
2969 2850 3171 2906 nempe
3217 2841 3280 2890 ut
3320 2836 3405 2891 vel

1805 2922 2060 2975 doctrina
2081 2928 2275 2976 nostra
2293 2922 2642 2986 confirmata,
2669 2924 2987 2994 errorisque
3007 2925 3256 2979 convicto
3272 2926 3404 2979 Bar-

1806 3011 2293 3083 laamoipsiusque
2314 3011 2498 3078 sociis,
2532 3012 2833 3066 maximam
2873 3013 3110 3081 gloriam
3142 3020 3198 3067 et
3225 3014 3404 3069 hono-

1804 3116 1925 3154 rem
1954 3106 2078 3154 tum
2100 3117 2134 3153 a
2161 3100 2321 3154 nobis
2342 3106 2461 3155 tum
2493 3117 2526 3153 a
2554 3106 2754 3155 senatu
2774 3102 3296 3173 consequamini,ac
3324 3103 3407 3157 vi-

146 3186 290 3241 nobis
317 3188 604 3253 concedat,
644 3205 715 3242 ne
746 3205 779 3243 a
809 3194 963 3242 recta
992 3189 1085 3243 via
1105 3189 1461 3259 aberremus;
1503 3206 1635 3244 nam
1665 3190 1723 3244 in
1746 3199 1787 3254 (3
1805 3190 2067 3243 ctricibus
2090 3189 2310 3244 coronis
2339 3189 2649 3255 ornemini;
2698 3191 2783 3242 vel
2828 3190 2989 3244 fracti
3039 3208 3103 3244 ac
3132 3191 3402 3262 superati,

144 3275 251 3346 ipso
275 3277 502 3331 confidit
527 3277 716 3331 anima
758 3294 903 3342 mea,
946 3284 1002 3332 et
1048 3279 1169 3349 ipse
1200 3280 1309 3333 mei
1345 3280 1721 3334 miserebitur.

146 3365 285 3419 Tunc
299 3366 468 3435 igitur
498 3383 613 3431 rex,
639 3383 831 3420 omnes
849 3372 965 3420 tam
994 3366 1274 3423 idolorum
1298 3370 1538 3423 cultores
1559 3386 1728 3440 quam

149 3454 477 3509 Christianos
494 3456 553 3509 in
571 3472 746 3509 unum
761 3457 1039 3510 conveniri
1053 3457 1444 3528 jubetditteris
1459 3458 1727 3512 nimirum

150 3560 581 3614 quaquaversum
606 3545 806 3609 missis,
842 3563 905 3599 ac
934 3547 1280 3617 praeconibus
1298 3549 1391 3619 qui
1416 3565 1516 3619 per
1542 3549 1731 3602 omnia

150 3633 336 3702 oppida
362 3634 794 3705 proclamarent.
839 3651 909 3687 ne
947 3636 1070 3705 quis
1106 3636 1574 3703 Christianorum,
1608 3643 1730 3692 tan-

150 3737 303 3790 quam
326 3723 600 3794 inopinati
621 3723 833 3793 aliquid
854 3741 1241 3795 perpessurus,
1276 3725 1334 3779 in
1363 3732 1516 3780 metu
1546 3744 1730 3781 versa-

151 3816 316 3880 retur;
348 3829 542 3867 verum
572 3829 765 3866 omnes
797 3830 898 3883 per
921 3814 1181 3867 sodalitia
1201 3821 1258 3868 et
1281 3816 1642 3883 cognationes
1670 3816 1728 3870 in

152 3914 308 3954 unum
330 3902 562 3967 coirent,
588 3902 736 3972 quod
759 3902 1010 3956 veritatis
1040 3903 1307 3969 studiosa,
1328 3921 1392 3957 ac
1411 3921 1523 3958 non
1539 3910 1731 3959 coacta

153 3992 202 4040 et
224 3988 456 4044 violenta
488 3990 776 4061 inquisitio
816 4007 929 4045 una
979 4009 1106 4046 cum
1149 4010 1344 4047 eorum
1386 3994 1526 4048 duce
1562 4000 1731 4066 atque

153 4078 501 4150 antesignano
522 4080 818 4134 Barlaamo
834 4080 1024 4135 futura
1045 4087 1209 4135 esset.
1226 4083 1547 4155 Eodemque
1566 4085 1731 4139 modo

154 4165 411 4222 idolorum
441 4169 615 4223 etiam
656 4170 898 4223 cultores
951 4188 1015 4224 ac
1057 4173 1395 4239 sacerdotes,
1439 4173 1731 4228 Chaldaeo-

154 4272 371 4329 rumque
383 4265 441 4313 et
460 4260 729 4315 Indorum
753 4261 1051 4331 sapientes,
1069 4262 1164 4333 qui
1192 4263 1250 4316 in
1275 4264 1535 4317 universo
1557 4265 1731 4335 ipsius

154 4343 370 4415 imperio
399 4352 579 4413 erant,
618 4348 1003 4419 quosdamque
1034 4350 1204 4405 etiam
1234 4357 1570 4422 augures,et
1589 4370 1731 4423 prae-

154 4432 473 4503 stigiatores,
502 4453 567 4489 ac
600 4440 752 4491 vates
785 4438 1122 4506 convocavit,
1164 4445 1227 4494 ut
1271 4440 1537 4494 adversus
1576 4441 1733 4495 Chri-

155 4522 347 4577 stianos
382 4524 671 4579 victoriam
702 4525 1039 4582 obtinerent.

217 4611 280 4665 Et
306 4613 530 4683 quidem
559 4614 756 4685 ingens
781 4617 847 4669 ad
871 4634 1061 4687 regem
1079 4620 1427 4673 exsecranda:
1453 4619 1627 4690 ipsius
1650 4635 1734 4672 re-

156 4695 361 4768 ligionis
383 4703 684 4757 multitudo
712 4706 983 4760 confluxit
1013 4725 1024 4760 :
1069 4708 1514 4762 Christianorum
1544 4713 1733 4762 autem

157 4801 288 4847 unus
315 4796 553 4852 tantum.
591 4793 889 4849 Barachias
921 4796 1168 4859 nomine,
1200 4797 1458 4850 inventus
1497 4802 1598 4864 est,
1638 4796 1734 4867 qui

158 4875 434 4933 Baarlamo
448 4884 533 4949 (ut
548 4882 771 4952 quidem
784 4884 1227 4954 existimabatur)
1247 4886 1533 4957 suppetias
1544 4887 1732 4940 ferret.

156 4962 286 5021 Nam
314 4969 389 5039 pii
421 4970 523 5023 viri
544 4973 747 5041 partim
781 4979 1030 5028 extremo
1052 4975 1176 5029 vita:
1196 4975 1286 5029 die
1302 4975 1477 5029 functi
1493 4975 1732 5041 fuerant,

157 5054 426 5112 afuriosis
474 5060 684 5115 scilicet
723 5062 950 5117 urbium
1004 5064 1335 5135 praetoribus
1380 5064 1733 5127 obtruncati;

160 5146 346 5212 partim
369 5148 811 5219 impendentium
832 5152 1207 5222 periculorum
1222 5159 1373 5208 metu
1388 5154 1445 5208 in
1458 5154 1738 5208 montibus

159 5248 214 5285 ac
238 5237 513 5305 speluncis
535 5240 967 5307 delitescebant;
989 5244 1195 5313 partim
1216 5244 1454 5315 denique
1476 5244 1624 5314 regis
1640 5244 1739 5297 mi-

162 5336 249 5375 nas
275 5326 730 5394 pertimescentes
762 5330 819 5384 in
846 5331 1028 5385 lucem
1055 5333 1280 5403 prodire
1311 5333 1543 5387 minime
1572 5333 1740 5387 aude-

1809 3295 1934 3332 cum
1948 3278 2101 3332 omni
2121 3278 2428 3348 ignominia
2448 3278 2836 3348 gravissimam
2854 3284 3090 3333 mortem
3104 3280 3402 3351 oppetatis,

1811 3375 1979 3439 atque
2008 3384 2202 3421 omnes
2234 3372 2429 3421 vestrae
2469 3367 2762 3421 facultates
2804 3369 3009 3438 populo
3046 3368 3404 3437 addicantur,

1812 3474 1921 3529 quo
1951 3457 2225 3511 memoria
2248 3462 2433 3510 vestra
2462 3473 2690 3527 prorsus
2718 3473 2749 3509 a
2772 3461 2923 3510 terra
2953 3456 3226 3511 deleatur.
3261 3459 3408 3512 Nam

1811 3552 1868 3601 et
1894 3564 2131 3617 corpora
2162 3552 2343 3600 vestra
2373 3546 2566 3599 bestiis
2594 3546 2911 3599 devoranda
2940 3546 3219 3616 objiciam,
3261 3553 3318 3601 et
3345 3548 3409 3602 li-

1812 3637 1974 3691 beros
1998 3642 2207 3689 vestros
2240 3640 2510 3706 perpetua
2540 3634 2805 3689 servitute
2836 3635 3106 3689 multabo.

1883 3726 2000 3779 Hac
2028 3725 2279 3778 oratione
2311 3741 2343 3778 a
2373 3740 2503 3793 rege
2524 3722 2735 3788 habita,
2752 3723 2926 3793 ipsius
2946 3724 3095 3777 ﬁlius
3118 3724 3204 3777 his
3225 3724 3409 3779 verbis

1810 3831 1945 3867 usus
1969 3819 2054 3868 est
2084 3833 2100 3867 :
2130 3814 2364 3884 quuam
2396 3812 2733 3865 sententiam
2779 3813 3048 3866 hodierno
3087 3812 3176 3866 die
3205 3813 3406 3880 tulisti,

1813 3921 1845 3957 ο
1872 3921 1986 3969 rex,
2019 3919 2255 3973 eamque
2285 3902 2449 3955 velim
2471 3903 2621 3955 Deus
2636 3902 2959 3968 confirmet;
2993 3907 3161 3973 atque
3192 3919 3294 3971 ego
3312 3920 3407 3957 ea-

1814 3995 1941 4048 dem
1958 3992 2226 4063 magistro
2244 4009 2368 4045 meo
2388 3991 2530 4044 dico.
2557 3992 2978 4062 Conversusque
2991 3992 3059 4045 ad
3077 3992 3409 4059 Nachorem,

1816 4084 1911 4154 qui
1940 4083 2199 4137 Barlaam
2221 4098 2341 4135 esse
2364 4081 2687 4152 putabatur,
2715 4081 2783 4134 ad
2815 4098 2944 4134 eum
2963 4081 3071 4135 ait:
3104 4082 3230 4135 Non
3252 4087 3311 4135 te
3331 4082 3414 4137 fu-

1816 4173 1917 4243 git,
1952 4190 1983 4226 ο
2010 4172 2288 4237 Barlaam,
2320 4171 2377 4224 in
2410 4187 2522 4241 qua
2548 4170 2731 4241 gloria
2751 4170 3063 4242 quibusque
3086 4170 3298 4225 deliciis
3323 4188 3412 4227 me

1814 4262 2111 4316 inveneris.
2141 4262 2226 4315 Tu
2254 4266 2444 4314 tamen
2476 4260 2771 4331 permultis
2801 4259 3153 4314 sermonibus
3193 4277 3282 4315 me
3311 4261 3413 4315 ad-

1814 4351 2019 4405 duxisti
2044 4356 2107 4405 ut
2130 4368 2163 4404 a
2191 4350 2391 4421 patriis
2414 4349 2631 4420 legibus
2653 4355 2710 4403 et
2729 4349 3001 4403 institutis
3032 4349 3411 4417 abscederem,

1814 4446 1983 4512 atque
2012 4441 2266 4511 ignotum
2295 4440 2473 4493 Deum
2498 4440 2758 4495 colerem.
2784 4455 3115 4493 arcanorum
3148 4455 3416 4508 quorum-

1747 4517 1794 4576 D
1815 4530 1942 4584 dam
1964 4529 2223 4583 videlicet
2235 4545 2298 4582 ac
2330 4529 2802 4600 sempiternorum
2831 4527 3105 4581 bonorum
3137 4544 3234 4597 spe
3262 4543 3417 4581 men-

1814 4624 1927 4672 tem
1959 4635 2143 4671 meam
2165 4618 2235 4671 ad
2257 4617 2543 4687 sequenda
2566 4621 2663 4669 tua
2682 4616 2967 4685 dogmata,
3006 4622 3062 4669 et
3084 4614 3418 4670 exacerban-

1814 4708 1947 4761 dum
1981 4706 2158 4776 patris
2188 4706 2297 4759 mei
2328 4721 2391 4758 ac
2420 4705 2636 4759 domini
2657 4704 2906 4757 animum
2941 4721 3029 4757 me
3059 4704 3410 4775 pertrahens.

1815 4796 2087 4859 Quocirca
2108 4794 2182 4848 ita
2199 4794 2475 4859 existima,
2499 4799 2554 4847 te
2572 4809 2721 4847 nunc
2751 4794 2903 4847 velut
2923 4793 2980 4847 in
3010 4793 3225 4848 trutina
3241 4798 3411 4849 stare.

1818 4885 1963 4939 Nam
1992 4884 2039 4937 si
2061 4900 2125 4937 ex
2149 4882 2433 4954 proposito
2464 4882 2773 4936 certamine
2790 4882 3050 4953 superior
3070 4882 3411 4947 discesseris,

1819 4990 1940 5027 eam
1974 4972 2183 5026 scilicet
2222 4988 2391 5042 quam
2424 4972 2559 5025 mihi
2583 4971 2862 5025 tradidisti
2888 4972 3200 5027 doctrinam
3228 4988 3417 5026 veram

1820 5080 1941 5118 esse
1962 5062 2371 5127 demonstrans,
2396 5066 2564 5132 atque
2601 5078 2695 5115 eos
2723 5062 2819 5132 qui
2850 5061 3123 5115 hodierna
3150 5061 3239 5114 die
3260 5060 3421 5114 nobis

1822 5154 2205 5217 adversantur,
2222 5150 2279 5204 in
2302 5167 2491 5205 errore
2522 5150 2730 5204 versari
2755 5152 3079 5215 ostendens,
3104 5151 3165 5203 tu
3192 5149 3421 5219 quidem

1823 5244 2096 5311 majorem
2114 5257 2282 5311 quam
2307 5240 2457 5293 ullus
2486 5256 2736 5310 unquam
2767 5239 3046 5304 habuerit,
3064 5237 3304 5308 gloriam
3337 5254 3421 5291 re-

1820 5333 1984 5395 feres,
2022 5347 2086 5384 ac
2133 5329 2382 5384 veritatis
2434 5346 2615 5400 praeco
2649 5328 2969 5393 vocaberis;
3011 5333 3180 5396 atque
3230 5342 3334 5396 ego
3363 5326 3423 5381 in

162 5407 494 5471 bant.verum
508 5420 766 5473 nocturni
779 5420 1255 5491 pietatiscultores
1272 5429 1448 5487 erant,
1460 5424 1514 5476 in
1527 5423 1741 5477 occulto
1822 5429 1921 5476 tua
1943 5419 2197 5474 doctrina
2212 5418 2491 5490 perstabo,
2512 5417 2929 5487 Christumque,
2948 5415 3423 5487 quemadmodum

162 5496 415 5557 duntaxat
439 5506 725 5562 Christum
743 5510 1009 5575 colentes,
1044 5528 1155 5564 non
1177 5512 1552 5566 autemlibere
1570 5512 1744 5582 ipsius
1825 5508 2160 5581 praedicasti,
2176 5509 2247 5562 ad
2280 5513 2589 5562 extremum
2612 5522 2790 5577 usque
2812 5504 3072 5575 spiritum
3088 5504 3284 5559 colam.
3326 5505 3425 5560 Sin

164 5587 311 5644 ﬁdem
340 5595 805 5663 proﬂtentes.llle
826 5604 1018 5654 autem
1039 5601 1211 5667 solus,
1246 5607 1442 5672 utpote
1472 5618 1744 5672 generoso
1827 5606 2036 5666 autem,
2088 5599 2203 5653 sive
2260 5598 2405 5664 dolo,
2455 5597 2567 5650 sive
2623 5595 2768 5649 serio
2828 5612 2892 5649 ac
2932 5611 3059 5648 vere
3108 5599 3424 5666 superatus,

163 5678 333 5736 animo
361 5684 624 5754 praeditus
652 5688 722 5743 ad
753 5690 1223 5761 propugnandam
1241 5690 1535 5745 veritatem
1568 5707 1747 5745 acces-
1827 5688 2199 5759 ignominiam
2243 5687 2383 5742 mihi
2429 5685 2777 5753 conﬂaveris,
2816 5684 3217 5741 contumeliam
3244 5701 3430 5740 meam
