3878 6382
474 355 586 415 547

1477 354 1575 412 DE
1611 355 1801 412 VITIS
1838 353 2138 412 PATRUM
2171 353 2389 410 LIBER
2427 349 2716 409 PRIMUS.

3657 343 3755 404 548

473 485 672 546 statim
703 481 954 537 ulciscar.
993 477 1208 534 Etenim
1231 478 1490 534 meismet
1518 480 1776 536 manibus
1803 497 1898 536 cor
1911 484 2071 533 tuum
2085 480 2135 540 Α
2157 475 2422 546 quidquid
2451 480 2637 530 movet
2649 491 2714 528 eo
2729 471 2876 542 quod
2899 470 3367 530 moveturfortins
3386 454 3506 535 est;
3540 473 3603 526 et
3619 469 3754 539 quod

477 591 543 626 ac
569 572 814 641 linguam
847 570 1098 627 evellam.
1154 584 1331 638 eaque
1387 585 1512 621 cum
1556 571 1773 638 reliquo
1812 577 1909 624 tuo
1955 586 2070 621 cor-

477 679 612 732 pore
643 659 870 712 canibus
902 659 958 712 in
982 658 1226 729 praedam
1259 657 1420 714 dabo.
1453 665 1515 710 ut
1541 665 1638 710 tuo
1669 659 1918 727 exemplo
1949 676 2069 712 om-

467 767 577 816 nes
606 765 803 816 regum
834 747 963 800 filiis
1004 745 1373 816 imposturam
1405 746 1634 800 minime
1672 747 1851 802 facere
1883 747 2070 800 condi-

474 843 634 892 scant
646 880 660 894 .

543 926 642 980 His
673 925 853 980 verbis
883 925 1110 988 auditis,
1136 925 1357 979 Nachor
1385 925 1666 992 ingentem
1689 925 1977 978 tristitiam
2006 942 2069 978 ac

473 1031 773 1070 maerorem
806 1013 1076 1084 concepit,
1108 1021 1168 1067 ut
1200 1013 1294 1083 qui
1319 1013 1564 1082 seipsum
1588 1013 1643 1066 in
1661 1013 1874 1066 foveam
1898 1031 2067 1083 quam

472 1104 683 1156 iecerat
703 1103 968 1160 incidere.
999 1119 1063 1155 ac
1089 1102 1286 1171 laqueo
1307 1118 1472 1171 quem
1495 1100 1862 1154 absconderat
1887 1100 2070 1170 impli-

397 1213 401 1217 ⁴
478 1192 614 1256 cari,
643 1209 854 1260 suoque
874 1191 1062 1260 gladio
1079 1208 1136 1244 se
1162 1189 1381 1244 confodi
1405 1189 1763 1259 perspiceret.
1797 1190 1935 1243 Cum
1963 1189 2066 1258 igi-

470 1286 564 1334 tur
603 1298 720 1333 rem
749 1297 936 1334 secum
971 1284 1305 1349 reputasset,
1359 1279 1428 1331 ad
1461 1278 1561 1332 ﬁlii
1592 1278 1738 1346 regis
1770 1285 1976 1347 partes,
2009 1283 2073 1332 ut

472 1369 801 1440 impendens
833 1370 956 1422 vitae
983 1369 1280 1422 discrimen
1310 1368 1596 1434 eﬂ'ugeret.
1614 1385 1736 1420 sese
1762 1367 1947 1437 potius
1971 1367 2071 1420 ad-

466 1459 727 1527 jungere,
752 1457 1038 1527 ipsiusque
1055 1457 1320 1526 dogmata
1340 1457 1672 1510 conﬁrmare
1693 1457 1906 1512 statuit,
1925 1455 2072 1524 quod

471 1547 733 1614 videlicet
755 1546 848 1600 ille
871 1546 1082 1616 Optimo
1098 1547 1226 1615 jure
1241 1546 1513 1616 supplicio
1544 1562 1672 1598 eum
1694 1546 1913 1598 afficere
1942 1561 2070 1615 pos-

472 1642 577 1701 set,
612 1635 658 1689 si
688 1635 914 1706 quidem
938 1635 1111 1705 ipsius
1138 1635 1391 1688 animum
1423 1635 1760 1688 ollendisset.
1785 1636 1863 1688 At
1891 1633 1944 1686 id
1975 1640 2071 1686 to-

471 1731 596 1779 tum
622 1724 820 1795 divina;
852 1723 1214 1794 providentia:
1244 1737 1521 1794 erat,quze
1551 1723 1839 1788 religionis
1870 1729 2072 1776 nostrae

2154 565 2402 618 continet
2431 572 2599 633 atque
2635 567 2923 617 conservat
2953 561 3149 614 fortius
3176 567 3262 614 est
3291 577 3356 613 eo
3398 558 3553 630 quod
3594 559 3758 614 conti-

2157 661 2323 707 netur
2352 661 2407 706 et
2443 661 2819 706 conservatur.
2870 651 3143 713 Quocirca
3191 650 3378 720 ipsum
3418 648 3604 711 Deum
3645 664 3757 699 esse

2155 742 2278 795 dico
2311 742 2404 811 qui
2437 742 2627 796 omnia
2651 745 2842 805 305
2871 739 3183 809 procreavit
3227 745 3400 816 atque
3440 747 3752 790 conservat.

2155 830 2361 900 quique
2392 829 2677 900 principiis
2698 844 2892 898 expers
2934 834 3036 888 est.
3077 833 3134 882 et
3162 827 3546 896 sempiternus
3577 831 3638 878 et
3667 825 3757 877 im-

2153 919 2424 980 mortalis,
2454 927 2510 972 et
2541 919 2696 972 nulla
2725 935 2783 970 re
2817 917 3092 985 indigens,
3126 915 3502 984 omnibusque
3531 921 3754 984 pertur-

2153 1007 2470 1060 bationibus
2499 1025 2563 1060 ac
2602 1006 2907 1060 defectibus
2952 1005 3261 1066 sublimior,
3315 1005 3420 1057 hoc
3459 1009 3548 1057 est
3593 1003 3682 1058 ira
3706 1014 3755 1056 et

2153 1097 2428 1150 oblivione
2440 1095 3308 1166 atqueignorantia,reliquisque
3319 1092 3582 1148 omnibus
3593 1092 3755 1146 rebus

2150 1186 2374 1255 generis
2397 1186 2668 1254 ejusdem.
2693 1186 2801 1240 Per
2830 1185 3011 1255 ipsum
3043 1191 3230 1236 autem
3253 1182 3446 1236 omnia
3464 1198 3756 1251 coagmen-

2154 1281 2271 1328 tata
2303 1281 2358 1326 et
2387 1281 2647 1328 concreta
2675 1280 2807 1327 sunt
2823 1277 2967 1340 (1).ςαί
2977 1314 2986 1325 .
3025 1281 3133 1337 xv).
3163 1273 3279 1326 Nec
3308 1287 3441 1324 vero
3470 1271 3755 1324 sacrificiis

2155 1370 2254 1416 aut
2281 1363 2659 1427 libaminibus,
2675 1369 2774 1416 aut
2787 1363 2902 1416 ulla
2920 1362 3030 1416 alia
3053 1378 3114 1414 re
3135 1361 3190 1414 in
3204 1367 3496 1430 aspectum
3523 1359 3756 1414 cadente

2155 1469 2294 1522 opus
2325 1452 2492 1506 habet
2519 1455 2662 1519 (Act.
2684 1463 2836 1519 xvii),
2869 1467 3062 1505 verum
3092 1453 3289 1504 contra
3308 1466 3506 1506 omnes
3525 1465 3590 1504 eo
3622 1465 3755 1519 opus

2157 1541 2383 1594 habent.
2468 1581 2477 1592 .

2227 1631 2353 1684 CAP.
2387 1631 2609 1688 XXVII.
2652 1661 2712 1669 -—
2752 1631 2851 1684 His
2899 1631 2978 1683 ita
3016 1630 3083 1683 de
3131 1630 3248 1684 Deo
3284 1626 3754 1681 commemoratis.

2156 1720 2626 1789 quemadmodum
2660 1719 2836 1789 ipsms
2866 1718 3133 1772 beneﬁcio
3179 1717 3318 1773 mibi
3349 1717 3420 1770 de
3454 1717 3578 1786 ipso
3608 1717 3756 1785 loqui

473 1814 697 1883 decreta
726 1814 1008 1882 sapienter
1031 1829 1129 1884 per
1149 1813 1495 1866 adversarios
1517 1811 1905 1868 continuabat.
1929 1813 2071 1866 Nam
2090 1835 2137 1898 Β
2160 1825 2482 1862 concessum
2513 1817 2616 1866 cst.
2653 1810 2722 1862 ad
2772 1809 3079 1861 humanum
3125 1823 3304 1876 genus
3352 1805 3670 1867 veniamus,
3703 1814 3759 1857 ut

470 1920 600 1958 cum
632 1903 908 1956 idolorum
935 1902 1215 1955 antistites
1239 1909 1294 1954 et
1325 1903 1546 1954 Nachor
1573 1919 1858 1954 sermones
1879 1918 2074 1953 conse-

475 2008 600 2059 rere
649 1991 982 2062 inciperent.
1013 1997 1078 2044 ut
1115 1991 1371 2044 Barlaam
1416 1991 1526 2054 ille,
1561 2007 1686 2043 cum
1733 1989 1834 2042 sub
1875 1990 2077 2042 Balaac

471 2081 738 2134 Israelem
764 2080 1047 2150 quondam
1079 2078 1351 2132 exsecrari
1382 2095 1446 2130 ac
1477 2078 1614 2130 diris
1644 2079 1914 2130 devovere
1945 2095 2074 2132 con-

469 2169 963 2236 stituisset,multis
981 2175 1171 2222 tamen
1191 2185 1318 2220 eum
1335 2183 1398 2220 ac
1411 2167 1579 2219 variis
1591 2166 2075 2220 benedictionibus

471 2259 778 2316 cumulavit
809 2259 994 2324 (Num.
1039 2261 1196 2322 xxn),
1239 2257 1306 2310 ad
1338 2256 1598 2309 eumdem
1637 2257 1805 2309 etiam
1845 2257 2073 2310 modum

466 2348 698 2409 ,Nachor
721 2345 1116 2416 insipientibus
1165 2362 1229 2398 ac
1269 2345 1488 2399 stolidis
1530 2345 1876 2415 sapientibus
1915 2347 2075 2399 vehe-

473 2438 696 2489 menter
707 2431 1266 2486 obluctabatur.Cum
1281 2430 1430 2484 enim
1443 2447 1536 2484 rex
1549 2431 1606 2484 in
1619 2431 1821 2484 throno
1833 2431 2071 2496 sederet,

474 2527 643 2591 atque
673 2521 848 2591 ipsius
879 2519 1044 2581 filius,
1071 2519 1154 2572 uti
1176 2521 1297 2588 jam
1332 2536 1364 2572 a
1401 2519 1562 2574 nobis
1591 2519 1801 2573 dictum
1829 2526 1931 2583 est,
1967 2520 2074 2590 ipsi

475 2610 769 2673 assideret,
803 2609 965 2678 eique
994 2609 1164 2662 etiam
1195 2609 1352 2661 stulti
1391 2609 1643 2662 rhetores
1673 2615 1944 2672 astarent,
1979 2609 2073 2679 qui

477 2703 542 2752 ut
569 2697 817 2766 gladium
850 2697 1068 2765 linguas
1098 2714 1228 2750 suas
1255 2696 1326 2751 ad
1360 2697 1786 2766 opprimendam
1831 2704 1887 2750 et
1917 2714 2076 2750 ever-

475 2787 705 2842 tendam
737 2785 1029 2839 veritatem
1063 2793 1330 2839 acuerant
1353 2789 1517 2850 (Its-at.
1548 2783 1719 2855 LXIII).
1753 2785 1979 2855 quique,
2013 2793 2076 2840 ut

477 2891 606 2929 cum
626 2875 774 2930 Isaia
797 2875 1012 2946 loquar,
1025 2874 1272 2928 laborem
1295 2875 1699 2945 parturiunt,et
1721 2875 2072 2944 iniquitatem

478 2965 707 3036 pariunt
731 2966 904 3032 (Isaia;
931 2971 1056 3028 LIX),
1087 2964 1266 3034 plebis
1305 2965 1474 3017 etiam
1504 2965 1572 3019 ad
1597 2964 1918 3018 certaminis
1947 2983 2073 3034 spe-

477 3054 754 3108 ctaculum
787 3053 1210 3118 innumerabilis
1257 3053 1558 3106 multitudo
1591 3054 1967 3117 conﬂuxisset,
2011 3060 2074 3107 ut

2161 1897 2390 1967 quinam
2408 1898 2654 1968 ipsorum
2679 1897 2950 1958 veritatis.
2969 1897 3196 1966 quinam
3215 1896 3424 1953 erroris
3455 1894 3755 1964 participes

2159 1986 2273 2039 sint
2296 1987 2724 2056 conspiciamus.
2759 1986 2902 2042 Illud
2926 1986 3095 2050 enim,
3128 2002 3160 2040 0
3189 2002 3306 2048 rex,
3331 1983 3484 2040 inter
3503 2000 3608 2038 nos
3636 1999 3757 2038 con-

2158 2080 2290 2138 stat,
2309 2076 2421 2128 tria
2453 2075 2510 2128 in
2534 2075 2743 2129 mundo
2773 2075 3064 2130 hominum
3087 2090 3298 2144 genera
3317 2089 3460 2134 esse,
3485 2072 3754 2126 nimirum

2159 2181 2254 2217 eos
2283 2165 2378 2234 qui
2407 2165 2554 2234 apud
2587 2182 2681 2217 vos
2709 2164 2944 2218 deorum
2986 2163 3228 2218 cultores
3257 2161 3545 2222 dicuntur,
3582 2167 3639 2215 et
3663 2162 3757 2214 Ju-

2159 2253 2326 2316 dzeos,
2360 2260 2417 2305 et
2447 2253 2822 2314 Christianos.
2859 2255 2938 2308 Ac
2965 2268 3191 2306 rursum
3215 2267 3409 2305 eorum
3435 2251 3536 2321 qui
3555 2250 3758 2303 multos

2159 2342 2292 2396 deos
2321 2342 2515 2396 colunt
2541 2343 2743 2412 triplex
2791 2359 2968 2409 genus
3011 2358 3154 2407 esse,
3198 2357 3401 2410 nempe
3441 2340 3753 2394 Chaldaeos.

2159 2431 2380 2484 Grazcos
2397 2437 2453 2486 et
2477 2431 2786 2501 Egyptios.
2805 2433 2946 2484 Nam
2964 2431 3023 2486 hi
3039 2430 3271 2500 reliquis
3293 2429 3624 2485 nationibus
3645 2429 3760 2499 plu-

2158 2519 2302 2573 rium
2333 2520 2565 2574 deorum
2579 2521 2762 2573 cultus
2783 2526 2839 2573 et
2859 2519 3203 2574 adorationis
3224 2518 3395 2572 duces
3416 2534 3484 2571 ac
3503 2519 3758 2587 magistri

2159 2609 2406 2662 fuerunt.
2444 2609 2718 2672 Quocirca
2742 2609 2972 2678 quinam
3004 2609 3251 2678 ipsorum
3281 2607 3338 2662 in
3358 2607 3620 2666 veritate,
3647 2607 3760 2677 qui-

2159 2713 2288 2749 nam
2319 2698 2374 2750 in
2407 2715 2594 2750 errore
2615 2705 2923 2762 versentur,
2941 2697 3228 2752 videamus
3267 2698 3344 2750 Ac
3367 2696 3617 2751 Chaldzei
3645 2699 3760 2766 qui-

2157 2786 2284 2840 dem
2315 2787 2494 2840 Deum
2522 2787 2861 2856 ignorantes,
2883 2793 3010 2856 post
3026 2787 3303 2842 elementa
3324 2785 3752 2848 aberraverunt.

2157 2892 2357 2944 resque
2378 2875 2630 2930 conditas
2644 2876 2924 2930 Creatoris
2946 2876 3064 2929 loco
3079 2875 3260 2928 colere
3280 2880 3578 2944 cceperunt
3598 2893 3610 2926 :
3629 2891 3758 2944 qua-

2158 2981 2284 3020 rum
2309 2965 2476 3018 etiam
2499 2982 2624 3018 cum
2644 2965 2852 3019 formas
2865 2964 3138 3033 quasdam
3161 2963 3602 3022 eil‘ecissent,eas
3616 2963 3755 3016 C(Pll.

2146 3058 2214 3117 ‘et
2242 3059 2427 3115 terrae,
2453 3059 2510 3106 et
2530 3055 2721 3118 maris,
2747 3060 2803 3108 et
2833 3053 2984 3116 solis,
3009 3069 3073 3108 ac
3099 3052 3264 3118 lunze,
3299 3053 3757 3122 reliquorumque

474 3148 604 3208 utra
632 3159 763 3214 pars
785 3142 1070 3195 victoriam
1088 3141 1493 3212 adipisceretur
1509 3143 2075 3210 cognosceret,rl1eto-
2093 3151 2137 3210 ο
2157 3142 2564 3196 elementorum
2582 3149 2639 3196 et
2649 3143 2897 3196 siderum
2912 3143 3150 3212 figuram
3167 3141 3756 3214 appellarunueasque

470 3249 601 3296 rum
632 3249 796 3298 unus,
822 3231 916 3302 qui
939 3231 1196 3285 omnibus
1223 3231 1479 3285 doctrina
1507 3231 1826 3301 priestabat,
1863 3231 1933 3285 ad
1955 3232 2071 3285 Na-

474 3323 704 3378 chorem
736 3321 876 3374 dixit
899 3321 1085 3376 :Tune
1107 3320 1274 3374 esille
1301 3337 1478 3390 usque
1500 3320 1638 3374 adeo
1668 3320 1872 3384 audax,
1902 3326 2072 3390 atque

471 3411 534 3466 in
563 3412 698 3464 deos
718 3417 938 3464 nostros
954 3409 1392 3463 contumeliosus
1424 3409 1703 3474 Barlaam,
1739 3410 1833 3478 qui
1865 3409 2074 3462 charis-

473 3500 679 3562 simum
714 3499 860 3568 regis
891 3499 1067 3552 ﬁlium
1099 3499 1157 3552 in
1187 3498 1460 3568 ejusmodi
1485 3515 1732 3551 errorem
1761 3499 2068 3567 conjecisti,

479 3605 720 3658 eumque
747 3587 1068 3642 crucifixum
1099 3588 1280 3640 colere
1309 3586 1586 3640 docuisti?
1619 3586 1927 3656 Respondit
1955 3587 2071 3639 Na-

472 3677 608 3730 chor
635 3693 644 3727 :
681 3677 846 3742 Sane,
871 3694 972 3744 ego
994 3693 1116 3729 sum
1141 3675 1420 3735 Barlaam,
1439 3675 1534 3745 qui
1557 3675 1689 3728 deos
1714 3683 1859 3734 tuos.
1881 3692 2073 3744 quem-

470 3765 775 3823 admodum
807 3766 1016 3831 dixisti,
1049 3765 1208 3818 nihili
1241 3765 1442 3834 pendo,
1479 3765 1685 3834 quique
1715 3764 1861 3832 regis
1892 3764 2070 3818 tilium

466 3871 582 3911 non
612 3854 670 3910 in
691 3871 938 3923 errorem
962 3855 1194 3923 conjeei,
1219 3853 1312 3907 sed
1335 3870 1524 3907 errore
1546 3853 1793 3918 liberavi,
1812 3861 1980 3924 atque
2001 3853 2071 3911 ad

469 3960 663 4010 verum
697 3944 879 4003 Deum
909 3943 1162 4012 adjunxi.
1183 3944 1326 3996 Tum
1357 3943 1548 3995 rhetor
1573 3942 1666 3995 ille
1687 3942 1756 3994 ad
1775 3943 1924 3995 hunc
1954 3959 2070 3998 mo-

467 4030 604 4104 dum
644 4032 864 4086 locutus
887 4037 1006 4086 est:
1043 4031 1321 4096 Quoniam
1353 4030 1542 4097 magni
1573 4037 1630 4084 et
1658 4031 1844 4083 eximii
1876 4031 1998 4093 viri,
2036 4047 2071 4083 a

463 4119 674 4192 ,quibus
689 4119 871 4174 omnis
892 4118 1170 4188 sapientia
1188 4127 1244 4171 et
1259 4119 1492 4172 scientia
1512 4119 1738 4172 inventa
1756 4126 1858 4179 est,
1892 4119 2066 4172 subli-

473 4225 594 4262 mes
614 4207 749 4261 deos
777 4214 946 4278 atque
977 4207 1323 4260 immortales
1351 4225 1444 4260 eos
1473 4214 1818 4278 nuncupent,
1844 4224 2066 4261 omnes-

475 4312 582 4368 que
611 4295 762 4349 orbis
781 4301 946 4350 terrm
967 4312 1125 4364 reges
1147 4302 1202 4350 et
1223 4296 1467 4350 illustres
1488 4296 1588 4348 viri
1611 4296 1757 4366 ipsos
1791 4297 1977 4352 colant
2004 4314 2067 4352 ac

469 4391 1080 4456 venerentur,quonam
1098 4385 1265 4438 modo
1285 4385 1404 4455 ipse
1425 4385 1675 4455 linguam
1696 4387 1961 4439 adversus
1972 4404 2066 4440 eos

2157 3248 2244 3284 res
2276 3231 2332 3284 in
2362 3232 2586 3302 templis
2617 3232 2907 3286 conclusas
2931 3233 3186 3297 adorant,
3204 3248 3267 3284 ac
3286 3231 3422 3286 deos
3443 3231 3749 3302 appellant.

2156 3320 2306 3384 Quos
2337 3321 2508 3374 etiam
2532 3321 2838 3389 diligenter
2861 3338 2924 3374 ac
2953 3319 3200 3376 studiose
3217 3327 3442 3377 servant
3463 3337 3538 3374 ne
3564 3338 3597 3374 a
3621 3321 3750 3374 furi-

2157 3408 2258 3464 bus
2287 3408 2688 3479 subripiantur.
2717 3411 2832 3467 Nec
2871 3409 3010 3466 illud
3039 3409 3173 3479 ipsis
3203 3410 3260 3462 in
3291 3415 3541 3462 mentem
3584 3409 3752 3469 venit.

2157 3497 2426 3567 quidquid
2449 3505 2634 3552 servat
2648 3516 2713 3554 eo
2736 3499 2883 3569 quod
2907 3505 3163 3554 servatur
3177 3499 3363 3567 majus
3380 3515 3523 3564 esse,
3548 3510 3606 3553 et
3617 3499 3753 3552 item

2154 3603 2283 3642 eum
2304 3587 2399 3656 qui
2431 3587 2642 3657 aliquid
2676 3589 2846 3642 efﬁcit
2875 3605 2940 3641 eo
2973 3588 3118 3657 quod
3144 3587 3384 3642 eﬂicitur
3407 3589 3755 3658 praestantio-

2151 3692 2273 3728 rem
2305 3693 2446 3732 esse.
2481 3678 2623 3730 Nam
2647 3677 2694 3730 si
2715 3677 2966 3746 ipsorum
2999 3675 3079 3730 dii
3107 3693 3173 3729 ea
3203 3675 3588 3732 imbecillitate
3601 3683 3748 3736 sunt.

2155 3773 2219 3818 ut
2255 3765 2422 3820 saluti
2453 3783 2566 3819 suae
2601 3767 2890 3819 consulere
2917 3771 3220 3834 nequeant,
3254 3781 3500 3835 quonam
3526 3767 3749 3820 tandem

2153 3860 2314 3923 pacto
2355 3855 2480 3908 aliis
2507 3855 2746 3911 salutem
2778 3854 3054 3910 afferent?
3090 3855 3288 3924 Itaque
3330 3871 3536 3924 magno
3566 3871 3753 3913 errore

2155 3943 2400 3997 Chaldaei
2431 3944 2570 4013 lapsi
2620 3949 2774 4008 sunt,
2807 3949 3057 3998 mortuas
3100 3949 3157 3996 et
3197 3942 3456 3997 utilitatis
3498 3951 3754 4013 expertes

2152 4038 2366 4085 statuas
2397 4039 2744 4086 venerantes.
2778 4035 2960 4101 Atque
2989 4032 3161 4088 etiam
3191 4031 3328 4084 mihi
3361 4031 3554 4088 mirari
3583 4031 3747 4088 subit.

2151 4138 2184 4174 ο
2211 4139 2327 4186 rex,
2352 4139 2596 4192 quonam
2626 4121 2791 4174 modo
2810 4120 2849 4173 ii
2880 4121 2976 4189 qui
2995 4120 3138 4190 apud
3169 4137 3263 4174 eos
3286 4119 3751 4190 philosophorum

2149 4226 2353 4264 nomen
2377 4211 2649 4273 obtinent,
2686 4209 2820 4263 illud
2853 4209 3291 4278 haudquaquam
3339 4209 3750 4266 animadverte-

2149 4299 2282 4364 rint,
2319 4301 2595 4354 elementa
2625 4315 2845 4368 quoque
2869 4297 3129 4352 interitui
3150 4297 3388 4360 obnoxia
3415 4315 3560 4351 esse.
3591 4298 3749 4363 Quod

2149 4388 2194 4440 si
2234 4389 2514 4444 elementa
2539 4388 2794 4442 interitui
2831 4387 3058 4440 omnino
3106 4386 3342 4445 obnoxia
3385 4403 3449 4445 ac
3493 4387 3748 4458 subjecta

469 4475 644 4540 acuis,
676 4482 847 4545 atque
867 4475 1094 4528 omnino
1117 4491 1182 4527 eo
1204 4474 1449 4528 audaciae
1479 4474 1818 4544 prorumpis,
1852 4481 1913 4528 ut
1948 4469 2130 4528 llt'L‘CD
2149 4485 2298 4538 sunt,
2328 4477 2422 4546 qui
2444 4477 2669 4530 tandem
2700 4476 2777 4528 dii
2799 4492 2920 4528 esse
2947 4476 3194 4546 queant?
3223 4475 3382 4540 Quod
3399 4479 3446 4529 si
3468 4476 3749 4532 elementa

465 4564 762 4638 proferas?
791 4565 1048 4629 Quonam
1066 4563 1203 4616 item
1231 4570 1564 4634 argumento
1583 4565 1785 4634 probas
1817 4582 1911 4617 eos
1932 4565 2065 4619 deos

447 4669 578 4726 pen
609 4671 748 4719 esse,
783 4653 884 4708 sed
927 4670 1056 4707 eum
1088 4653 1182 4723 qui
1212 4653 1361 4706 cruci
1391 4653 1594 4707 aﬂixus
1613 4654 1735 4706 est?
1777 4653 2066 4726 Excipiens

466 4749 658 4809 autem
685 4759 1000 4797 sermonem
1031 4743 1274 4808 Nachor,
1323 4743 1606 4796 rhetorem
1649 4743 1876 4814 quidem
1904 4743 2066 4797 illum

448 4831 622 4902 “nullo
645 4847 912 4902 responso
943 4831 1207 4900 dignatus
1229 4837 1343 4891 est;
1370 4848 1562 4886 verum
1580 4849 1706 4886 cum
1729 4831 1878 4902 plebi
1901 4833 2064 4886 silen-

461 4918 608 4976 tium
640 4935 812 4972 manu
840 4919 1150 4983 indixisset,
1181 4926 1349 4991 atque
1371 4938 1432 4974 os
1459 4937 1644 4984 suum,
1673 4927 1940 4992 tanquam
1969 4921 2065 4975 illa

453 5007 626 5079 asina
653 5008 902 5074 Balaam,
933 5009 1262 5079 aperuisset,
1279 5025 1346 5063 ea
1371 5027 1494 5080 qua:
1525 5011 1708 5076 dicere
1734 5011 1968 5067 minime
1985 5011 2066 5064 in-

459 5097 727 5160 stituerat
757 5097 1082 5168 prolocutus
1113 5104 1214 5162 est,
1235 5098 1425 5168 aitque
1454 5098 1524 5152 ad
1545 5117 1736 5169 regem
1761 5119 1772 5152 :
1795 5100 2059 5170 Ego,rex,

459 5187 565 5243 Dei
581 5186 934 5259 providentia
965 5185 1022 5240 in
1052 5187 1325 5242 mundum
1349 5187 1506 5256 veni;
1540 5195 2066 5259 conspectoquecaz-

457 5273 534 5345 lo,
567 5282 737 5341 terra,
783 5276 946 5342 mari,
995 5277 1130 5342 sole,
1189 5293 1252 5330 ac
1309 5277 1463 5342 luna,
1511 5277 1855 5348 reliquisque
1912 5279 2062 5346 ejus-

457 5364 610 5434 modi
649 5365 838 5431 rebus,
873 5381 1066 5420 earum
1097 5371 1360 5419 ornatum
1391 5366 1702 5420 admiratus
1730 5383 1873 5422 sum.
1906 5368 2064 5422 Mun-

455 5452 596 5508 dum
626 5459 834 5520 autem,
851 5471 1032 5526 caque
1056 5455 1248 5512 omnia
1273 5472 1396 5526 quae
1425 5455 1602 5526 ipsius
1621 5456 1910 5526 complexu
1924 5473 2058 5512 con-

454 5539 730 5612 tinentur,
762 5544 1077 5614 necessario
1105 5545 1315 5599 moveri
1346 5545 1714 5615 conspiciens,
1739 5562 1869 5613 eum
1899 5563 2058 5617 aquo

2147 4567 2224 4622 dii
2263 4583 2375 4620 non
2408 4567 2538 4630 sint,
2574 4581 2818 4636 quonam
2846 4565 3010 4617 modo
3036 4569 3255 4627 statuae,
3279 4581 3400 4635 quae
3422 4581 3626 4622 eorum
3659 4583 3750 4620 no-

2147 4655 2301 4709 mine
2323 4661 2746 4719 construuntur,
2778 4653 2855 4706 dii
2887 4653 3099 4708 erunt?

2217 4745 2304 4798 Ad
2331 4745 2455 4814 ipsa
2474 4744 2650 4813 igitur
2683 4743 2980 4808 elementa,
3015 4759 3046 4798 ο
3075 4759 3192 4808 rex,
3217 4743 3569 4810 accedamus,
3609 4751 3748 4806 utea

2145 4833 2280 4886 deos
2311 4849 2421 4886 non
2443 4849 2562 4888 esse
2585 4833 3052 4906 demonstremus,
3072 4831 3168 4885 sed
3180 4832 3527 4902 corruptioni
3547 4849 3747 4890 acmu-

2146 4923 2351 4977 tationi
2380 4922 2652 4993 subjecta,
2683 4927 2852 4991 atque
2881 4938 2946 4974 ex
2965 4920 3145 4987 nihilo
3187 4921 3244 4974 in
3275 4927 3460 4979 ortum
3489 4923 3608 4976 veri
3651 4923 3747 4978 Dei

2141 5013 2303 5082 jussu
2331 5012 2604 5083 producta
2629 5028 2768 5076 esse,
2789 5011 2883 5081 qui
2914 5010 3138 5080 quidem
3171 5011 3550 5081 corruptionis
3572 5019 3632 5068 et
3645 5013 3747 5070 im-

2149 5101 2478 5158 mutationis
2509 5117 2705 5172 expers
2735 5106 2840 5164 est,
2875 5106 2932 5153 et
2963 5097 3272 5163 invisibilis,
3304 5105 3614 5170 contraque
3629 5102 3746 5172 ipse

2148 5191 2340 5245 omnia
2369 5190 2569 5256 cernit,
2602 5196 2659 5244 et
2685 5188 2963 5242 arbitratu
2993 5204 3094 5242 suo
3120 5187 3380 5252 immutat
3405 5195 3580 5259 atque
3612 5207 3743 5245 con-

2149 5279 2335 5333 vertit.
2362 5281 2504 5345 Quid
2537 5280 2711 5349 igitur
2737 5279 2805 5334 de
2837 5277 3129 5332 elementis
3154 5277 3314 5335 dico?

2217 5369 2322 5434 Qui
2346 5371 2547 5423 coelum
2578 5369 2745 5422 deum
2778 5384 2898 5421 esse
2931 5365 3297 5432 arbitrantur,
3339 5374 3551 5422 errant.
3597 5369 3738 5428 Nam

2146 5459 2332 5530 ipsum
2361 5458 2628 5520 converti,
2661 5475 2726 5512 ac
2752 5455 3066 5523 necessario
3087 5455 3318 5520 moveri,
3335 5462 3504 5526 atque
3521 5474 3588 5512 ex
3603 5459 3738 5515 mul-

2142 5549 2213 5602 tis
2242 5547 2408 5602 rebus
2436 5555 2691 5602 constare
2721 5547 3007 5613 videmus;
3040 5551 3336 5614 propterea
3373 5545 3525 5624 enim
3557 5547 3735 5616 κόσμος

465 5635 723 5693 mevetur
749 5638 806 5702 et
832 5639 1193 5706 conservatur
1209 5635 1390 5704 Deum
1411 5651 1533 5690 esse
1553 5634 2057 5716 intellegi,_Etenim
2137 5637 2197 5706 id
2223 5644 2309 5692 est
2324 5638 2576 5705 mundus
2597 5637 2934 5708 appellatur.
2958 5633 3201 5710 Mundus
3217 5650 3383 5704 porro
3649 5652 3735 5693 cu-
