3878 6398
146 350 242 411 569

529 346 696 406 VITA
733 349 1173 408 SANCTORUM
1209 352 1556 413 BARLAAM
1593 346 1942 415 EREQIJTE
1977 346 2068 402 ET
2104 347 2475 417 JOSAPHAT
2513 347 2736 403 INDLE
2774 346 3010 405 REGIs.

3321 350 3426 430 ξοῧο

139 473 360 543 jusdam
394 473 737 527 constmctio
767 478 870 527 est.
901 473 1060 537 Quod
1112 481 1303 530 autem
1350 481 1733 535 constructum
1750 476 1796 539 Δ
1891 473 2180 537 Consimili
2203 474 2372 539 etiam
2395 473 2560 529 modo
2581 472 2619 539 ii
2642 473 2737 544 qui
2759 474 2949 531 lunam
2966 475 3134 549 deam
3156 492 3279 535 esse
3303 493 3425 553 opi-

143 568 239 627 est,
270 562 607 633 principium
624 579 688 615 ac
717 564 887 616 finem
920 564 1110 617 habet.
1144 567 1217 620 At
1251 567 1458 620 cmlum
1477 583 1591 621 una
1611 582 1735 621 cum

140 652 408 705 sideribus
434 652 551 705 suis
602 653 919 706 necessario
950 660 1206 708 movetur
1235 673 1246 720 ;
1281 655 1557 723 siquidem
1587 661 1739 711 astra

142 746 284 794 certo
308 741 503 793 ordine
533 757 596 793 ac
651 740 833 811 spatio
890 740 1154 811 impulsa,
1186 760 1219 796 a
1260 750 1466 813 puncto
1496 744 1554 796 in
1592 761 1736 814 pun»

134 836 305 892 ctum,
338 830 544 900 partim
567 830 847 895 occidunt,
865 831 1069 900 partim
1086 832 1432 897 exoriuntur,
1457 833 1735 903 certisque

136 924 446 990 temporum
470 920 667 989 spatiis
696 920 809 973 iter
859 937 1023 974 suum
1070 920 1300 987 obeunt,
1334 927 1395 977 ut
1422 928 1641 975 aestates
1681 929 1737 976 et

134 1008 362 1073 hiemes,
397 1008 872 1078 quemadmodum
892 1009 1030 1080 ipsis
1058 1026 1093 1063 a
1118 1011 1237 1064 Deo
1263 1010 1599 1080 imperatum
1629 1017 1730 1077 est,

138 1097 395 1151 efﬁciant.
428 1098 544 1151 Nec
570 1097 722 1166 leges
754 1097 858 1151 sibi
898 1099 1061 1167 juxta
1110 1098 1491 1153 inevitabilem
1522 1104 1735 1156 naturae

136 1186 524 1240 necessitatem
548 1187 884 1240 constitutas
909 1204 1036 1241 cum
1071 1188 1279 1241 caelesti
1306 1194 1506 1243 ornatu
1536 1188 1734 1243 infrin-

138 1280 290 1344 gunt.
326 1276 403 1330 Ex
434 1293 543 1345 quo
592 1276 950 1346 perspicuum
998 1281 1101 1343 est,
1136 1278 1337 1331 coelum
1386 1294 1495 1332 non
1543 1278 1728 1343 deum,

140 1365 231 1418 sed
258 1364 357 1418 Dei
384 1381 529 1434 opus
559 1382 697 1419 esse.

206 1454 307 1516 Qui
336 1459 525 1508 autem
553 1459 764 1509 terram
785 1456 948 1509 deam
977 1472 1101 1510 esse
1126 1462 1375 1519 .ccnsent,
1396 1461 1605 1513 errant.
1641 1456 1733 1509 Vi-

141 1542 328 1596 demus
352 1543 503 1597 enim
534 1560 657 1597 eam
686 1543 755 1597 ab
784 1544 1105 1601 hominibus
1130 1545 1340 1613 injuria
1368 1545 1534 1609 affici,
1567 1550 1623 1598 et
1650 1562 1733 1599 eo-

141 1646 256 1685 rum
282 1631 519 1701 imperio
546 1631 856 1702 subjectam
878 1650 1024 1697 .esse,
1062 1634 1227 1687 effodi
1252 1634 1419 1689 etiam
1453 1640 1510 1688 et
1537 1640 1730 1691 conta-

138 1718 352 1781 minari,
377 1726 547 1790 atque
578 1721 833 1776 inutilem
858 1722 1157 1779 fieri.Nam
1191 1723 1237 1777 si
1270 1722 1399 1792 igne
1428 1730 1726 1787 torreatur,

1821 569 2049 627 nantur,
2075 569 2283 616 errant.
2302 564 2448 629 Nam
2476 562 2657 633 ipsam
2682 563 2994 619 necessario
3016 565 3225 619 moveri
3248 566 3423 620 etim—

1821 652 2029 707 mutari
2065 652 2331 715 videmus,
2368 660 2538 721 atque
2567 670 2597 704 a
2624 662 2832 723 puncto
2856 653 2911 711 in
2934 661 3203 724 punctum
3222 655 3425 725 migra-

1819 759 1899 805 re,
1934 747 1990 794 et
2019 741 2086 793 ad
2118 741 2411 794 hominum
2452 741 2752 794 utilitatem
2804 758 2950 795 nunc
3007 743 3233 808 exoriri,
3277 760 3426 817 nunc

1808 830 2172 896 ,occidei'e,ac
2203 831 2318 884 sole
2346 831 2622 885 minorem
2653 848 2773 883 esse
2799 850 2810 897 ;
2845 832 3037 901 augeri
3061 838 3229 885 etiam
3254 838 3424 902 atque

1817 921 2095 979 imminui,
2131 937 2195 973 ac
2223 922 2471 991 deliquia
2496 920 2780 975 interdum
2803 922 2939 992 pati.
2961 922 3144 984 Quare
3165 923 3286 991 fieri
3307 940 3420 981 non

1818 1015 2002 1079 potest
2031 1016 2096 1065 ut
2122 1011 2255 1064 luna
2286 1011 2391 1063 dea
2412 1011 2502 1072 sit,
2535 1027 2725 1063 verum
2754 1010 2854 1064 Dei
2885 1027 3042 1081 opus.

1888 1098 2140 1168 Denique
2170 1100 2265 1168 qui
2298 1100 2581 1167 hominem
2610 1100 2779 1169 deum
2810 1116 2930 1154 esse
2962 1099 3311 1154 arbitrantur
3324 1118 3413 1153 er-

1818 1194 1964 1243 rant.
1984 1189 2129 1247 Nam
2153 1205 2281 1241 eum
2295 1189 2609 1243 necessario
2641 1188 2868 1255 moveri,
2896 1195 2951 1242 et
2988 1189 3082 1251 ali,
3107 1196 3164 1242 et
3184 1190 3421 1253 invitum

1819 1276 1989 1331 etiam
2019 1294 2310 1335 senescere
2344 1278 2613 1341 videmus,
2631 1284 2801 1346 atque
2822 1277 3103 1337 interdum
3134 1278 3419 1343 delectari.

1817 1365 2100 1419 interdum
2160 1384 2401 1419 mmrore
2448 1366 2613 1429 affici,
2663 1365 2897 1436 ciboque
2930 1383 2995 1437 ac
3021 1372 3157 1439 potu
3188 1373 3244 1423 et
3276 1373 3422 1425 veste

1814 1454 2085 1525 indigere.
2122 1456 2461 1515 Iracundum
2494 1456 2664 1523 etiam
2694 1460 2866 1525 atque
2896 1455 3147 1511 invidum
3193 1473 3332 1516 esse,
3368 1462 3426 1510 et

1816 1543 2044 1599 libidine
2069 1545 2309 1607 incitari,
2343 1551 2399 1598 et
2418 1544 2751 1615 paenitentia
2779 1545 2926 1609 duci,
2962 1561 3025 1597 ac
3054 1545 3247 1599 multis
3269 1544 3422 1600 defe-

1815 1633 1994 1687 ctibus
2018 1634 2289 1692 laborare.
2320 1635 2525 1691 Verum
2549 1633 2742 1693 multis
2773 1632 2941 1686 etiam
2966 1634 3146 1687 modis
3179 1650 3425 1691 corrum-

1815 1721 1984 1791 pitur,
2037 1723 2305 1777 nimirum
2353 1722 2423 1777 ab
2467 1722 2781 1786 elementis,
2844 1728 2901 1776 et
2925 1722 3326 1787 animantibus,
3358 1740 3423 1795 ac

142 1808 415 1874 moritur,
470 1809 748 1879 siquidem
777 1828 842 1864 ex
870 1817 1019 1865 testa
1066 1811 1206 1865 nihil
1253 1812 1389 1867 oriri
1418 1818 1619 1882 potest.
1654 1814 1735 1867 Ac
1756 1800 2099 1881 Bpostremo
2130 1829 2163 1866 a
2191 1818 2373 1873 morte
2417 1811 2524 1881 ipsi
2552 1811 2906 1869 imminente.
2937 1812 3014 1877 Ex
3045 1828 3154 1883 quo
3185 1812 3424 1889 efficitur

144 1904 407 1968 praeterea
434 1898 483 1953 si
505 1898 779 1963 imbribus
792 1901 1031 1955 nimium
1054 1900 1444 1970 perfundatur,
1458 1901 1727 1970 tumipsa,
1814 1906 1879 1957 ut
1898 1901 2075 1959 homo
2106 1902 2245 1955 deus
2268 1918 2394 1957 esse
2423 1906 2682 1970 nequeat,
2719 1900 2819 1953 sed
2851 1900 2948 1954 Dei
2969 1918 3127 1970 opus.
3145 1901 3416 1977 Quocirca

134 1992 251 2043 tum
280 1986 458 2058 ipsius
484 1988 703 2045 fructus
731 1995 1189 2059 corrumpuntur.
1218 1989 1365 2052 Quin
1392 1990 1461 2043 ab
1489 1990 1731 2044 homini-
1814 1988 2025 2057 ingenti
2060 2006 2249 2047 errore
2282 1990 2526 2044 Chaldaei
2555 1989 2696 2059 lapsi
2730 1995 2882 2048 sunt.
2925 1989 3059 2063 dum
3092 1990 3421 2064 opinionum

143 2073 237 2129 bus
263 2076 601 2147 reliquisque
623 2078 1001 2132 animantibus
1028 2079 1397 2148 proculcatur,
1417 2079 1731 2139 interfecto-
1815 2094 2047 2135 suarum
2091 2088 2411 2133 commenta
2463 2084 2798 2148 sequuntur.
2827 2079 3120 2139 Elementa
3159 2078 3328 2143 enim,
3362 2078 3420 2149 in

136 2180 258 2220 rum
287 2166 557 2235 sanguine
588 2167 932 2237 inquinatur.
967 2168 1245 2232 effoditur,
1281 2169 1610 2238 completur,
1644 2184 1731 2221 ca-
1816 2184 1937 2237 quae
1968 2168 2227 2221 interitus
2247 2169 2414 2221 cadit.
2448 2186 2512 2220 ac
2538 2172 2791 2228 mortuas
2814 2172 3028 2221 statuas
3058 2172 3418 2231 venerantur,

134 2253 393 2310 daverum
415 2256 860 2312 thecaefiicitur.
895 2257 1028 2319 Quae
1057 2274 1185 2313 cum
1214 2257 1297 2311 ita
1325 2258 1455 2321 sint,
1478 2258 1600 2315 ﬁeri
1616 2273 1729 2313 non
1797 2272 1915 2315 .nec
1944 2274 2003 2311 se
2028 2258 2086 2313 in
2114 2258 2344 2311 deorum
2374 2273 2672 2317 numerum
2695 2273 2763 2310 ea
2787 2255 2996 2313 referre
3026 2256 3293 2325 sentiunt.
3334 2240 3339 2249 ’

134 2347 319 2412 potest
342 2349 405 2400 ut
430 2350 585 2401 terra
613 2346 719 2401 dea
756 2346 846 2412 sit,
874 2346 977 2401 sed
1005 2363 1101 2400 res
1129 2363 1162 2400 a
1192 2346 1307 2403 Deo
1339 2346 1408 2399 ad
1440 2346 1731 2403 hominum
1884 2346 1969 2400 Ad
2000 2347 2226 2401 Graecos
2249 2348 2366 2417 jam
2390 2347 2698 2410 veniamus,
2724 2350 2787 2399 ut
2818 2345 2862 2398 si
2885 2345 3015 2417 quid
3042 2346 3185 2399 forte
3216 2345 3421 2419 dquleo

142 2446 295 2487 usum
318 2432 531 2489 effecta.
1226 2462 1231 2463 ν
1813 2442 1962 2492 recte
1988 2436 2235 2497 sentiant
2265 2436 2568 2495 videamus.
2599 2435 2774 2491 Graeci
2799 2434 2972 2507 igitur
2999 2435 3288 2505 sapientiae
3304 2436 3422 2512 lau-

200 2520 409 2579 Eodem
425 2523 614 2587 modo,
646 2523 957 2593 quiaquam
971 2523 1501 2593 deamesseputant,
1518 2528 1725 2579 errant.
1814 2526 1939 2582 dem
1987 2525 2093 2583 sibi
2138 2530 2489 2593 adrogantes,
2523 2524 2809 2581 stultiores
2842 2506 3011 2577 etiam
3040 2524 3314 2578 Chaldaeis
3357 2506 3416 2594 se

152 2609 287 2666 Nam
314 2627 379 2665 ea
407 2628 631 2681 quoque
661 2612 733 2665 ad
785 2612 1078 2672 hominum
1111 2629 1274 2669 usum
1300 2618 1597 2682 procreata
1623 2617 1727 2676 est,
1813 2614 2190 2685 praebuerunt,
2242 2614 2559 2683 complures
2614 2613 2871 2667 videlicet
2899 2613 3033 2667 deos
3064 2612 3410 2687 inducentes,

150 2714 441 2769 eorumque
464 2701 837 2754 dominationi
863 2701 1073 2756 subest.
1108 2702 1538 2757 Contaminatur
1558 2702 1731 2755 etiam
1814 2705 2016 2775 partim
2050 2703 2571 2773 masculos,partim
2600 2702 2857 2764 feminas,
2885 2703 3209 2777 vitiosarum
3234 2701 3416 2756 omnis

150 2793 199 2843 et
224 2787 604 2859 labefactatur,
635 2796 692 2845 et
717 2807 844 2847 cum
864 2790 1208 2859 ignecoacta
1233 2796 1337 2856 est,
1362 2791 1725 2853 immutantur:
1811 2794 2037 2864 generis
2049 2793 2428 2852 aifectionum,
2447 2809 2511 2845 ac
2532 2793 2804 2846 scelerum
2819 2792 3172 2865 architectos.
3196 2792 3416 2851 Etenim

145 2876 275 2933 alios
303 2884 468 2949 atque
498 2879 638 2933 alios
662 2879 898 2939 subinde
924 2881 1137 2937 colores
1175 2880 1366 2943 sumit,
1387 2884 1579 2949 utpote
1609 2896 1730 2949 quae
1814 2883 2070 2949 ridicula,
2087 2888 2145 2941 et
2158 2882 2349 2946 stulta,
2368 2881 2625 2951 etimpia,
2644 2898 2807 2948 orex,
2846 2881 3025 2937 Graeci
3052 2880 3418 2949 induxerunt,

142 2970 199 3023 et
221 2966 418 3037 frigore
443 2975 786 3033 concrescat,
820 2974 877 3023 et
906 2985 974 3022 ex
1004 2986 1201 3025 cruore
1241 2969 1565 3040 spurcitiem
1596 2985 1730 3023 con-
1817 2989 1911 3025 eos
1934 2973 2029 3042 qui
2078 2988 2189 3025 non
2219 2978 2352 3023 sunt
2392 2972 2552 3039 juxta
2586 2987 2874 3040 perversas
2924 2987 3053 3023 suas
3083 2969 3417 3039 cupiditates

144 3054 336 3121 trahat,
356 3062 413 3113 et
433 3057 508 3113 ad
528 3058 879 3128 impuraer
901 3059 1154 3117 omnium
1174 3074 1363 3117 rerum
1387 3056 1729 3119 ablutionem
1814 3060 1949 3117 deos
1975 3061 2341 3131 appellantes.
2375 3065 2437 3123 ut
2468 3059 2737 3123 nimirum
2795 3076 2889 3129 eos
2919 3058 3037 3111 vitii
3066 3063 3333 3129 patronos
3358 3074 3422 3111 ac

144 3143 480 3203 adhibeatur.
517 3147 597 3203 Ex
646 3163 762 3217 quo
814 3147 1027 3217 liquido
1080 3152 1303 3209 constat
1328 3163 1534 3216 aquam
1558 3147 1791 3220 deamo
1813 3150 2135 3209 defensores
2157 3148 2452 3213 habentes,
2484 3148 2764 3211 adulteria
2788 3152 3132 3219 perpeti-ent,
3165 3146 3407 3216 rapiant,

140 3248 254 3289 esse
272 3251 381 3291 non
406 3252 597 3306 posse,
632 3237 727 3291 sed
756 3236 860 3293 Dei
885 3253 1054 3306 opus.
1814 3240 2111 3304 trucident,
2135 3243 2306 3308 atque
2326 3237 2675 3293 atrocissima
2695 3252 2930 3306 qumque
2941 3236 3149 3288 scelera
3169 3235 3422 3288 commit-

200 3324 324 3379 .Jam
353 3342 482 3379 vero
526 3325 629 3395 ,qui
656 3325 845 3395 ignem
864 3326 1038 3385 deum
1060 3342 1190 3381 .esse
1220 3324 1588 3389 arbitrantur,
1620 3325 1731 3395 ipsi
1814 3332 1955 3388 tant.
1988 3328 2133 3385 Nam
2152 3343 2283 3391 cum
2308 3326 2559 3395 ipsorum
2589 3324 2667 3379 dii
2695 3323 3017 3395 hujusmodi
3038 3321 3411 3392 ﬂagitiadesi-

140 3426 349 3483 quoque
377 3420 587 3473 errant.
621 3415 839 3471 Etenim
888 3414 1037 3483 ignis
1086 3415 1159 3473 ad
1218 3414 1510 3471 hominum
1566 3430 1730 3477 usum
1809 3417 2059 3487 gnarint,
2076 3432 2319 3486 quonam
2341 3420 2502 3485 pacto
2532 3413 2637 3484 ipsi
2670 3430 2890 3485 quoque
2921 3430 3034 3466 non
3055 3413 3251 3466 eadem
3282 3428 3413 3482 per-

136 3508 350 3559 .creatus
379 3510 479 3569 est,
516 3504 880 3575 ipsorumque
908 3504 1284 3563 dominationi
1323 3504 1531 3568 subest,
1567 3510 1624 3557 et
1660 3503 1730 3559 ab
1800 3505 2162 3577 ,petrabunt?
2189 3505 2272 3561 Ex
2300 3504 2391 3571 his
2421 3502 2594 3573 igitur
2624 3501 2830 3565 erroris
2860 3501 3062 3555 studiis
3089 3507 3146 3561 et
3174 3501 3411 3554 institu—

144 3589 272 3659 ipsis
299 3593 367 3648 ad
419 3594 604 3648 omnis
644 3595 873 3663 generis
928 3610 1142 3657 carnes,
1186 3593 1395 3663 partim
1421 3594 1727 3657 elixandas,
1814 3596 1906 3659 tis,
1942 3593 2262 3649 hominibus
2282 3593 2429 3647 bella
2444 3599 2508 3651 et
2537 3592 2736 3655 caedes,
2764 3596 2932 3662 atque
2964 3590 3193 3644 acerbas
3233 3589 3413 3661 capti-

148 3681 335 3749 partim
357 3683 646 3747 assandas,
696 3689 866 3753 atque
916 3684 1091 3741 .etiam
1140 3683 1211 3741 ad
1240 3689 1463 3739 mortua
1494 3699 1727 3752 corpora
1794 3685 2010 3747 ,vitates
2039 3683 2231 3737 crebro
2281 3682 2518 3753 experiri
2559 3680 2811 3750 contigit.
2838 3680 2981 3755 Quin
3031 3680 3222 3745 etiam,
3265 3676 3309 3732 si
3349 3678 3418 3731 de

147 3772 552 3837 concremanda,
585 3773 764 3826 eloco
794 3772 853 3825 in
878 3772 1066 3827 locum
1098 3770 1488 3831 circumfertur
1513 3789 1524 3837 ;
1558 3776 1728 3841 atque
1792 3773 2061 3844 ipsorum
2083 3773 2191 3829 diis
2219 3771 2508 3842 sigillatim
2537 3769 2703 3827 verba
2730 3770 2912 3823 facere
2942 3769 3197 3832 velimus,
3224 3768 3417 3839 ingen-

144 3855 356 3929 iusuper
374 3862 569 3917 multis
599 3861 782 3917 modis
810 3860 1209 3930 corrumpitur,
1235 3867 1292 3913 et
1310 3859 1379 3912 ab
1410 3859 1729 3915 hominibus
1812 3868 1925 3923 tem
1960 3861 2363 3917 absurditatem
2395 3865 2791 3931 perspecturus
2821 3876 2904 3914 es.

142 3948 532 4019 exstinguitur;
557 3967 621 4004 ac
648 3950 881 4020 proinde
912 3950 1056 4019 ignis
1078 3950 1214 4004 deus
1238 3965 1358 4002 esse
1384 3965 1497 4011 non
1522 3955 1726 4019 potest.
1886 3951 2175 4021 Siquidem
2208 3952 2513 4004 Saturnum
2537 3949 2644 4020 ipsi
2671 3956 2801 4002 ante
2827 3964 3022 4001 omnes
3055 3946 3223 3999 deum
3256 3946 3417 4001 in'lu-

147 4036 233 4090 sed
252 4038 345 4092 Dei
374 4055 535 4109 opus.
1226 4038 1229 4039 ⁷
1814 4046 1966 4105 cunt,
1994 4041 2157 4110 eique
2184 4040 2326 4109 ﬁlios
2355 4056 2484 4093 suos
2505 4043 2774 4092 mactant.
2796 4036 2901 4100 Qui
2928 4036 3155 4107 quidem
3181 4052 3246 4089 ex
3259 4035 3417 4091 Rhea

209 4126 288 4179 Ad
314 4129 577 4189 eumdem
625 4129 796 4185 etiam
822 4129 1052 4186 modum
1078 4127 1173 4197 qui
1203 4133 1497 4185 ventorum
1533 4128 1729 4191 ﬂatum
1810 4132 2020 4197 multos
2045 4130 2195 4191 ,(ilios
2224 4128 2438 4191 habuit,
2473 4145 2611 4197 quos
2639 4127 2808 4195 etiam
2865 4126 2983 4198 ipse
3028 4125 3214 4178 furore
3242 4125 3418 4195 perci-

151 4211 301 4271 deum
322 4233 447 4273 .esse
472 4217 813 4284 existimant,
844 4223 1053 4275 errant.
1083 4217 1446 4289 Perspicuum
1467 4216 1616 4271 enim
1645 4221 1731 4281 est
1811 4226 1903 4281 tus
1930 4219 2249 4275 devorabat.
2290 4218 2465 4277 Aiunt
2514 4226 2708 4287 autem
2753 4217 2945 4273 JoVem
3005 4214 3113 4289 ipsi
3174 4214 3420 4284 genitale

152 4312 361 4361 ventum
416 4307 579 4365 alteri
614 4307 922 4369 inservire,
960 4312 1162 4372 306
1215 4312 1383 4376 atque
1432 4306 1730 4369 hominum
1813 4308 2127 4362 membrum
2166 4308 2486 4372 abscidisse,
2515 4312 2684 4376 atque
2732 4305 2787 4359 in
2819 4321 2974 4369 mare
3000 4303 3321 4375 projecisse,
3352 4320 3415 4356 ex

146 4406 301 4449 causa
323 4396 391 4452 ad
414 4397 856 4453 transve‘hendas
884 4412 1052 4455 naves
1083 4412 1155 4448 ac
1172 4394 1731 4465 frumenta.compo,r-
1813 4415 1922 4469 quo
1953 4399 2226 4467 Venerem
2259 4403 2440 4457 ortam
2473 4413 2592 4450 esse
2622 4395 2964 4463 fabulantur.
2989 4384 3206 4463 Jupiter
3228 4396 3416 4463 autem

126 4483 323 4549 'tanda,
354 4486 713 4557 reliquosque
757 4486 1013 4556 ipsorum
1058 4501 1193 4543 usus
1237 4501 1270 4543 a
1298 4485 1414 4545 Deo
1442 4486 1729 4549 conditum
1749 4520 1798 4581 Β
1812 4495 2035 4558 patrem
2058 4504 2223 4559 suum
2246 4486 2476 4545 vinculis
2507 4484 2889 4547 constrictum,
2908 4483 2965 4535 in
2988 4487 3266 4534 tartarum
3281 4496 3417 4551 prae-

155 4584 277 4645 ϐεδε.
300 4575 423 4629 Huc
450 4576 684 4638 accedit,
715 4576 861 4646 quod
892 4592 993 4646 pro
1031 4577 1133 4633 Dei
1165 4578 1331 4647 jussu
1358 4581 1529 4645 atque
1557 4569 2043 4646 impe—"cipitem
2073 4575 2247 4629 dedit.
2282 4575 2448 4628 Vides
2493 4589 2739 4631 errorem
2793 4589 2855 4627 ac
2907 4569 3212 4633 libidinem,
3248 4584 3417 4639 quam

150 4658 227 4713 rio
240 4668 364 4718 .tum
392 4665 644 4736 augessit
675 4672 796 4719 tum
835 4660 1207 4723 imminuitur.
1242 4666 1426 4729 Quare
1454 4665 1580 4728 fieri
1617 4680 1730 4725 non
1811 4665 2076 4729 adversus
2105 4665 2271 4719 deum
2302 4680 2468 4721 suum
2486 4662 2777 4731 invehunt.
2808 4660 2933 4713 Non
2963 4657 3112 4711 enim
3144 4655 3264 4709 ﬁeri
3284 4660 3414 4729 pot-

154 4754 323 4817 potest
352 4758 415 4808 ut
442 4760 643 4810 ventus
672 4755 820 4810 Deus
848 4754 938 4819 sit,
974 4771 1165 4813 verum
1190 4755 1291 4813 Dei
1316 4771 1477 4825 opus.
1804 4759 1901 4819 est
1927 4760 1990 4807 ut
2016 4753 2155 4821 deus
2185 4752 2399 4819 catenis
2426 4750 2719 4811 vinciatur,
2746 4748 2969 4827 ipsique
2992 4746 3267 4819 genitales
3290 4762 3414 4818 par-

212 4840 378 4897 Porro
407 4845 504 4914 qui
552 4845 728 4899 solem
772 4844 941 4901 deum
961 4860 1090 4902 .esse
1118 4850 1342 4915 putant,
1374 4843 1480 4913 ipsi
1511 4859 1733 4912 quoque
1809 4848 1899 4907 tes
1924 4841 2337 4912 amputentur?
2366 4840 2411 4894 Ο
2454 4838 2809 4911 singularem
2856 4836 3172 4907 amentiam
3201 4835 3212 4887 !
3277 4834 3414 4913 Quis

154 4938 347 4985 errant.
372 4933 671 5004 Siquidem
699 4951 831 4989 eum
862 4934 1180 4992 necessario
1212 4933 1421 4992 moveri
1456 4931 1734 5002 ,perspici-
1815 4936 2002 4985 mente
2033 4930 2297 5001 pi‘azditus
2325 4929 2442 4982 haec
2466 4927 2715 4982 dixerit?

150 5032 282 5082 mus,
313 5027 479 5093 atque
509 5040 542 5077 a
572 5030 778 5094 puncto
808 5024 868 5078 in
895 5029 1165 5094 punctum
1214 5023 1460 5093 migrare
1486 5027 1543 5075 et
1582 5037 1735 5081 com-
1868 5018 2421 5088 .SecundusJupitcr
2446 5017 2755 5083 inducitur,
2781 5033 2949 5087 quem
2973 5015 3029 5069 in
3060 5032 3254 5081 omnes
3283 5014 3416 5069 deos

148 5111 361 5175 mutari,
391 5118 449 5167 et
467 5112 719 5169 occidere
736 5118 805 5167 .et
831 5112 1137 5185 exoriri,ut
1163 5113 1233 5169 ad
1258 5112 1553 5171 hominum
1577 5110 1733 5167 utili-
1808 5128 1947 5169 suos
1962 5126 2203 5179 regnum
2233 5114 2423 5163 tenere
2449 5107 2628 5172 aiunt,
2662 5112 2830 5177 atque
2861 5105 2918 5158 in
2944 5104 3123 5177 varias
3166 5103 3419 5159 animan-

152 5199 310 5253 tatem
330 5204 416 5256 sti;
436 5222 530 5273 pe...
564 5208 616 5257 et
644 5204 868 5273 plantas
890 5203 1073 5258 calore
1104 5202 1330 5267 efﬁciat,
1366 5208 1535 5271 atque
1577 5200 1734 5255 insu-
1815 5201 1959 5255 tium
1974 5201 2182 5269 figuras
2198 5196 2508 5262 immutari,
2528 5203 2592 5263 ut
2612 5194 2941 5265 mortalibus
2965 5191 3289 5248 mulieribus
3304 5196 3419 5266 stu-

154 5300 240 5353 per
262 5305 383 5343 eum
410 5291 737 5346 divisionem
758 5308 896 5347 cum
926 5291 1156 5361 reliquis
1197 5290 1476 5350 sideribus
1506 5288 1727 5354 habere,
1810 5306 1979 5358 prum
2011 5287 2230 5341 inferat.
2264 5285 2482 5341 Etenim
2515 5301 2639 5337 cum
2673 5284 2729 5337 in
2758 5288 2981 5345 taurum
3039 5296 3159 5334 sese
3210 5278 3417 5335 immu-

156 5388 211 5426 ac
230 5379 418 5433 multis
446 5380 706 5451 partibus
736 5380 874 5436 cmlo
906 5380 1182 5437 minorem
1207 5398 1347 5443 esse,
1374 5380 1614 5448 luceque
1638 5377 1731 5439 in-
1816 5386 1965 5432 tasse
1985 5376 2234 5440 tradunt,
2267 5381 2329 5431 ut
2380 5375 2601 5444 Europa
2630 5372 2949 5444 potiretur;
2998 5369 3053 5425 in
3100 5383 3321 5432 aurum,
3350 5373 3419 5447 με

157 5466 356 5521 tardum
387 5470 565 5534 defici,
599 5486 702 5525 nec
734 5470 911 5526 ullum
934 5470 1327 5540 imperiumst
1356 5467 1731 5540 principatum
1816 5468 2044 5531 Danae;
2079 5466 2132 5519 in
2167 5480 2428 5535 cygnum,
2463 5469 2524 5515 ut
2568 5462 2719 5515 Leda
2754 5479 2765 5526 ;
2806 5459 2862 5511 in
2894 5464 3167 5528 satyrum,
3200 5461 3265 5510 ut
3301 5458 3417 5519 Au-

159 5552 407 5614 Olltlllel'e.
441 5559 518 5612 Ex
544 5576 654 5630 quo
680 5559 824 5615 illud
855 5559 1085 5629 planum
1140 5564 1226 5615 est
1258 5558 1393 5617 xﬁeri
1416 5573 1531 5618 non
1572 5573 1732 5627 posse
1816 5556 1997 5627 tiopa;
2042 5556 2103 5613 in
2149 5555 2383 5619 fulmen,
2416 5558 2480 5608 ut
2510 5551 2749 5621 Semela.
2776 5550 2858 5615 ,Λα
2890 5552 3080 5617 postea
3108 5545 3316 5625 multos
3354 5562 3419 5599 ex

157 5644 474 5703 utsolideus
498 5646 595 5715 sit,
620 5649 723 5713 sed
752 5647 1037 5717 Deiopus.
1812 5644 2051 5711 iisJilios
2062 5644 2374 5711 exstitisse,
2402 5638 2686 5719 Dacchum
2742 5636 2970 5713 scilicet.
2996 5636 3262 5711 Zethum,
