3878 6394
486 343 588 401 551

1507 338 1600 395 DE
1637 338 1827 396 VITIS
1863 339 2159 396 PATRUM
2196 337 2411 395 LIBER
2446 339 2737 397 PRIMUS.

3646 348 3747 405 55?.

484 469 771 540 phionem,
805 466 1120 528 Herculem,
1150 462 1761 536 Apollinem,Dianam,
1787 463 2274 528 Perseum,Atras
2303 461 2620 528 habentem,
2651 463 2941 534 solamque
2998 479 3124 519 cum
3170 465 3399 520 canibus
3427 473 3746 538 vagantem,

487 559 776 612 Castorem
813 561 869 610 et
895 555 1198 619 Pollucem,
1235 555 1524 619 Helenam,
1565 552 1829 616 Minoem,
1859 552 2076 605 Rhada-

484 652 761 708 mantum,
795 644 1194 714 Sarpedonem,
1229 648 1283 696 et
1316 658 1516 701 novem
1562 640 1697 694 item
1743 640 1903 706 filias,
1937 657 2075 710 quas

481 736 671 790 Musas
700 738 1043 804 nuncupant.

553 826 633 878 Ac
660 823 886 876 demum
934 823 1003 876 de
1036 821 1360 893 Ganymede
1409 835 1722 874 sermonem
1782 818 2072 871 inducunt.

481 913 625 967 Hinc
657 913 861 982 itaque,
896 928 929 964 ο
977 929 1092 976 rex,
1139 909 1458 964 hominibus
1501 907 1752 977 contigit,
1800 911 1865 961 ut
1888 907 1960 960 ad
1988 905 2078 959 dei

482 1002 570 1056 sui
599 1001 971 1055 imitationem
995 1000 1110 1053 haec
1127 999 1315 1053 omnia
1341 997 1714 1061 imitarentur,
1729 1001 1898 1066 atque
1917 995 2079 1048 adul-

477 1091 585 1145 teri
617 1096 818 1154 essent,
835 1096 892 1142 et
907 1089 1104 1142 insano
1132 1088 1506 1141 masculorum
1526 1101 1717 1139 amore
1729 1089 2076 1150 tenerentur,

478 1185 536 1234 et
565 1179 677 1233 alia
699 1179 976 1232 horrenda
1005 1177 1221 1246 ﬂagitia
1249 1181 1657 1247 perpetrarent.
1677 1173 1953 1238 Quoniam
1969 1172 2066 1242 igi-

477 1275 573 1323 tur
601 1268 766 1322 modo
796 1267 918 1320 fieri
941 1271 1126 1338 potest
1175 1271 1240 1320 ut
1279 1265 1428 1318 Deus
1474 1264 1696 1317 adulter
1718 1263 1810 1330 sit,
1841 1268 1941 1316 aut
1969 1279 2075 1332 pae-

477 1358 617 1422 dico,
653 1361 753 1410 aut
779 1355 1096 1426 parricida?

549 1445 695 1510 Quin
728 1444 1038 1499 Vulcanum
1069 1443 1239 1497 etiam
1269 1441 1568 1512 quemdam
1613 1440 1779 1494 deum
1810 1457 1930 1494 esse
1961 1444 2073 1493 tra-

477 1534 637 1600 dunt,
656 1549 897 1603 eumque
919 1531 1199 1594 claudum,
1223 1531 1600 1599 malleumque
1621 1545 1685 1582 ac
1699 1528 1965 1598 forcipem
1985 1533 2072 1580 te-

477 1630 726 1688 nentem,
763 1628 820 1676 et
842 1621 1058 1675 feraris:
1089 1620 1198 1675 arti
1252 1620 1430 1672 victus
1483 1634 1653 1672 causa
1681 1634 1907 1687 operam
1940 1617 2075 1669 dan-

476 1718 610 1767 tem.
633 1713 776 1782 Ergo
797 1728 985 1765 rerum
1007 1709 1244 1782 penuria
1259 1707 1566 1762 laborabat.
1593 1706 1762 1777 Atqui
1787 1723 1820 1759 a
1848 1707 1963 1760 Deo
1982 1704 2076 1758 ab-

2155 556 2220 605 ut
2247 568 2470 605 cervum
2526 558 2627 606 aut
2663 569 2861 624 aprum
2903 553 3239 624 intercipiat.
3275 557 3532 620 Quonam
3581 558 3752 627 igitur

2156 642 2322 695 modo
2347 642 2453 695 dea
2481 643 2589 696 erit
2609 643 2860 696 venatrix
2886 643 3106 710 mulier,
3122 650 3181 698 et
3194 661 3321 699 cum
3343 646 3578 700 canibus
3600 647 3751 701 ober-

2157 747 2290 784 rans
2308 729 2332 783 ?

2229 820 2520 874 Postremo
2566 821 2843 875 Venerem
2891 822 3060 876 etiam
3099 823 3262 877 deam
3293 842 3413 878 esse
3444 825 3757 879 adulteram

2160 907 2373 966 dicunt.
2415 909 2730 980 Aliquando
2758 911 2907 964 enim
2943 928 3068 965 cum
3113 915 3285 968 Marte
3311 913 3632 978 concubuit,
3666 915 3760 968 ali-

2161 999 2385 1067 quando
2408 1015 2536 1052 cum
2557 999 2818 1064 Anchise,
2836 999 3138 1070 aliquando
3158 1019 3284 1055 cum
3309 1003 3585 1068 Adonide,
3601 1005 3758 1073 cujus

2161 1086 2331 1139 etiam
2361 1095 2600 1140 mortem
2624 1088 2896 1157 deplorat,
2939 1090 3213 1143 amasium
3239 1107 3404 1144 suum
3435 1092 3750 1162 requirens.

2161 1175 2308 1238 Quin
2337 1176 2507 1229 etiam
2535 1193 2660 1230 eam
2718 1177 2788 1230 ad
2830 1177 3036 1231 inferos
3085 1179 3441 1233 descendisse
3490 1181 3674 1244 aiunt,
3700 1191 3758 1235 ut

2157 1265 2470 1318 Adonidem
2509 1283 2542 1318 a
2571 1267 2909 1336 Proserpina
2963 1267 3290 1325 redimeret.
3345 1269 3622 1323 Vidistine
3664 1287 3757 1324 un-

2156 1369 2348 1422 quam,
2378 1370 2410 1407 o
2439 1369 2554 1420 rex,
2587 1355 2925 1409 dementiam
2977 1355 3082 1412 hac
3127 1357 3436 1427 majorem?
3475 1358 3643 1412 deam
3673 1359 3755 1412 ni-

2154 1441 2360 1496 mirum
2391 1443 2673 1509 inducere,
2695 1461 2816 1515 qua:
2844 1445 3106 1500 adulterii
3134 1447 3368 1501 crimine
3414 1464 3476 1500 se
3520 1447 3757 1501 obstrin-

2153 1537 2270 1601 gat,
2303 1538 2361 1585 et
2383 1532 2566 1603 ploret
2583 1550 2647 1587 ac
2672 1535 3028 1589 lamentetur.

2226 1621 2536 1676 Adonidem
2574 1628 2764 1676 autem
2820 1625 2992 1677 etiam
3044 1625 3210 1678 deum
3243 1633 3571 1680 venatorem
3605 1627 3758 1682 indu-

2157 1715 2310 1770 cunt,
2347 1727 2588 1781 eumque
2638 1712 2707 1765 ab
2753 1730 2889 1784 apro
2933 1731 3257 1785 percussum
3303 1717 3551 1771 violenta
3581 1724 3756 1771 morte

476 1801 687 1868 horret,
711 1801 970 1855 claudum
996 1816 1132 1864 esse,
1167 1804 1336 1869 atque
1367 1797 1659 1850 hominum
1680 1812 1784 1865 ope
1801 1795 2071 1864 indigere.
2092 1798 2435 1880 Binteriisse
2465 1801 2642 1864 aiunt,
2672 1818 2774 1854 nec
2803 1802 2861 1855 in
2890 1803 3212 1872 hujusmodi
3233 1805 3560 1859 calamitate
3600 1823 3756 1877 opem

549 1891 754 1944 Adhzec
776 1889 1113 1944 Mercurium
1143 1887 1312 1941 etiam
1324 1885 1482 1940 nobis
1493 1885 1659 1939 deum
1680 1883 2073 1954 inducunt,qui

475 1980 711 2052 cupidus
740 1979 833 2044 sit,
860 1985 916 2032 et
965 1978 1073 2044 fur,
1121 1982 1178 2030 et
1205 1992 1425 2040 avarus,
1463 1981 1520 2028 et
1561 1989 1778 2043 magus,
1822 1978 1880 2026 et
1907 1971 2075 2026 versi-

471 2069 652 2142 pellis,
684 2085 750 2122 ac
775 2083 1101 2122 sermonum
1143 2065 1442 2135 interpres.
1475 2063 1634 2127 Quod
1681 2062 1908 2132 quidem
1939 2061 2072 2115 item

473 2159 530 2212 in
562 2157 663 2213 Dei
690 2162 951 2211 naturam
979 2155 1211 2209 minime
1240 2153 1408 2208 cadit.

545 2245 924 2316 Aisculapium
955 2244 1186 2315 insuper
1225 2242 1284 2296 in
1313 2242 1543 2296 deorum
1575 2257 1811 2295 numero
1840 2239 2067 2306 habent,

473 2336 569 2407 qui
592 2335 842 2389 medicus
867 2338 1008 2398 erat,
1051 2338 1109 2386 et
1155 2331 1458 2402 pharmaca
1502 2335 1686 2397 θον
1721 2329 2065 2395 conficiebat,

471 2431 643 2495 atque
677 2423 1000 2494 emplastra,
1031 2421 1208 2474 victus
1237 2419 1472 2491 parandi
1496 2435 1666 2472 causa
1689 2421 1840 2486 (nam
1868 2418 1925 2471 in
1945 2435 2071 2487 ege-

471 2518 618 2566 state
645 2511 992 2578 versabatur)
1016 2507 1400 2579 componebat,
1424 2514 1550 2578 post
1578 2512 1768 2561 autem
1796 2523 2068 2576 eumpro-

471 2605 599 2671 pter
621 2599 900 2670 Tyndarei
939 2597 1342 2652 Lacedaemonii
1390 2596 1569 2649 filium
1609 2613 1642 2649 a
1671 2597 1804 2650 Jove
1831 2595 2068 2648 fulmine

474 2704 802 2759 percussum
833 2687 1110 2740 interiisse
1149 2692 1400 2739 narrant.
1433 2685 1592 2748 Quod
1627 2684 1672 2737 si
1694 2683 2064 2754 zEsculapius,

471 2794 598 2831 cum
622 2777 760 2830 deus
797 2781 962 2842 esset,
998 2793 1062 2829 ac
1091 2774 1325 2830 fulmine
1379 2779 1787 2844 percuteretur,
1819 2772 1924 2826 sibi
1961 2773 2068 2844 ipsi

467 2865 734 2936 opitulari
761 2865 1027 2936 nequivit,
1061 2864 1156 2935 qui
1184 2863 1411 2917 tandem
1435 2863 1561 2916 aliis
1581 2878 1744 2932 opem
1782 2861 1928 2916 ferre
1966 2877 2069 2932 po-

473 2955 608 3009 terit
629 2955 652 3007 ?

543 3045 688 3099 Mars
715 3043 885 3098 etiam
913 3042 982 3097 ab
1010 3043 1080 3096 iis
1109 3043 1248 3096 deus
1277 3040 1405 3094 belli
1435 3040 1718 3095 studiosus
1763 3046 1820 3094 et
1843 3040 2066 3094 iracun-

2155 1887 2259 1941 sibi
2289 1888 2392 1958 ipsi
2415 1891 2614 1944 aﬂ‘erre
2641 1891 2908 1961 potuisse.
2940 1893 3196 1954 Quonam
3235 1893 3426 1964 itaque
3470 1901 3640 1965 pacto
3671 1896 3758 1948 ho-

2156 1977 2370 2031 minum
2397 1994 2588 2032 curam
2613 1985 2773 2048 geret
2802 1981 3022 2034 adulter
3045 1987 3104 2035 et
3125 1988 3378 2050 venator,
3412 1983 3632 2054 quique
3651 1984 3756 2038 vio-

2155 2067 2306 2120 lenta
2335 2074 2515 2122 morte
2541 2069 2795 2123 interiit?

2226 2156 2356 2209 Haec
2384 2157 2575 2210 omnia
2595 2173 2659 2209 ac
2679 2157 2858 2210 multa
2881 2157 2994 2210 alia
3016 2157 3490 2227 ejusmodiadhuc
3517 2161 3752 2215 fmdiora

2153 2250 2210 2298 et
2238 2245 2612 2313 sceleratiora,
2645 2263 2677 2300 ο
2719 2263 2834 2314 rex,
2868 2249 2938 2302 de
2966 2249 3073 2303 diis
3102 2248 3218 2302 suis
3247 2249 3427 2303 Grznci
3455 2249 3751 2316 inducunt,

2153 2350 2276 2404 quae
2304 2351 2406 2388 nec
2433 2335 2638 2400 dicere,
2672 2353 2773 2390 nec
2801 2339 3074 2392 memoria
3113 2338 3227 2392 ullo
3257 2339 3424 2391 modo
3475 2355 3754 2411 usurpare

2152 2422 2234 2474 fas
2264 2429 2366 2476 est.
2402 2424 2558 2478 Unde
2589 2425 2843 2480 homines
2873 2444 2909 2480 a
2935 2427 3043 2481 diis
3070 2427 3186 2481 suis
3233 2428 3588 2482 occasionem
3620 2430 3754 2483 arri-

2151 2512 2386 2582 pientes,
2416 2529 2580 2567 omne
2609 2515 2832 2569 sceleris
2858 2521 2915 2569 et
2962 2515 3206 2570 libidinis
3241 2522 3412 2587 atque
3441 2517 3750 2589 impietatis

2148 2618 2327 2670 genus
2348 2609 2762 2673 perpetrarunt,
2794 2605 3088 2660 horrendis
3137 2605 3362 2675 ﬂagitiis
3387 2606 3506 2660 suis
3535 2615 3750 2662 terram

2150 2697 2208 2743 et
2235 2707 2423 2744 aerem
2451 2692 2917 2750 contaminantes.

2222 2779 2467 2850 {Egyptii
2497 2788 2686 2835 autem
2708 2798 2803 2835 eos
2816 2782 3058 2836 stultitia
3075 2788 3133 2837 et
3149 2783 3453 2838 stoliditate
3481 2803 3754 2856 superan-

2149 2874 2254 2933 tes,
2285 2869 2511 2937 gravius
2567 2887 2736 2941 quam
2778 2871 2907 2925 ullae
2952 2872 3074 2926 alia)
3104 2872 3360 2927 nationes
3389 2874 3748 2930 aberrarunt.

2151 2957 2344 3028 Neque
2373 2959 2523 3012 enim
2555 2960 2876 3014 Graecorum
2931 2961 3066 3014 deos
3094 2962 3346 3015 venerari
3375 2963 3516 3017 satis
3545 2964 3754 3019 habue-

2148 3052 2301 3112 runt;
2330 3063 2523 3101 verum
2539 3047 2769 3118 insuper
2787 3048 2952 3103 bruta
2973 3050 3302 3116 animantia,
3321 3057 3436 3105 tam
3453 3054 3753 3107 terrestria

467 3134 592 3200 dus,
627 3150 692 3187 ac
719 3133 996 3204 pecudum
1027 3132 1378 3202 aliarumque
1433 3147 1622 3184 rerum
1651 3129 1884 3201 cupidus
1910 3129 2069 3184 indu-
2089 3140 2315 3204 cquam
2347 3135 2406 3189 in
2439 3135 2598 3207 aquis
2626 3137 2906 3207 degentia,
2937 3145 3053 3192 tam
3085 3139 3288 3210 stirpes
3325 3157 3494 3211 quam
3526 3142 3752 3212 plantas

465 3223 628 3277 citur.
655 3223 833 3286 Quem
865 3222 1000 3276 item
1027 3227 1241 3292 postea,
1269 3237 1398 3274 cum
1428 3221 1704 3274 Venerem
1743 3225 2067 3290 constupra-

465 3320 568 3379 ret,
601 3331 635 3368 a
664 3331 838 3384 puero
852 3313 1126 3384 Cupidine
1159 3311 1484 3366 acVulcano
1515 3310 1750 3364 vinculis
1773 3310 2063 3363 astrictum

463 3403 634 3458 fuisse
663 3403 874 3456 dicunt.
909 3402 1016 3466 Qui
1042 3401 1217 3470 igitur
1244 3401 1392 3454 Deus
1411 3399 1456 3453 is
1486 3417 1606 3453 esse
1631 3406 1820 3471 queat,
1847 3399 1942 3470 qui
1971 3415 2066 3452 cu-

463 3492 694 3564 piditate
720 3493 942 3563 ﬂagrat,
975 3508 1040 3544 ac
1067 3489 1227 3544 bellis
1253 3489 1584 3556 delectatur,
1614 3489 2064 3558 adulteriumque

465 3591 770 3656 perpetrat,
804 3602 868 3638 a':
899 3584 1132 3638 vinculis
1161 3581 1602 3651 constringitur?

536 3675 778 3729 Rursum
811 3681 1000 3728 autem
1033 3673 1312 3726 Bacchum
1367 3670 1517 3724 inter
1559 3671 1692 3724 deos
1738 3676 2058 3738 numerant,

462 3770 738 3819 nocturna
749 3764 891 3818 festa
915 3761 1310 3829 celebrantem,
1327 3761 1674 3816 temulentis:
1700 3761 2058 3830 magistrum,

461 3855 813 3924 aliorumque
835 3869 1032 3906 uxores
1052 3851 1491 3917 abstrahentem,
1508 3851 1694 3904 furore
1706 3855 2058 3916 zestuantem,

461 3943 787 4012 fugientem,
820 3958 884 3994 ac
937 3947 1220 4012 postremo
1251 3957 1286 3994 a
1309 3940 1606 3994 Titanibus
1644 3939 2058 3993 obtruncatum.

461 4031 620 4094 Quod
645 4031 694 4084 si
725 4031 974 4084 Bacchus
1003 4046 1130 4084 cum
1159 4029 1604 4093 interimeretur,
1647 4027 1752 4081 sibi
1797 4027 1904 4098 ipsi
1935 4028 2058 4098 Opi-

461 4119 632 4174 tulari
663 4135 774 4172 non
803 4119 1003 4188 potuit,
1032 4135 1227 4172 verum
1259 4123 1316 4172 et
1354 4119 1541 4172 furore
1583 4134 1830 4188 praeceps
1858 4117 2062 4186 ageba-

459 4213 573 4273 tur,
605 4218 662 4262 et
689 4206 948 4260 ebrietati
995 4205 1273 4270 studebat,
1319 4211 1377 4259 et
1407 4204 1776 4276 profugiebat,
1812 4221 2054 4276 quonam

459 4301 622 4368 pacto
652 4297 792 4350 deus
815 4312 936 4348 esse
967 4294 1180 4365 queat?

527 4386 671 4441 Tum
701 4391 892 4439 autem
925 4383 1221 4438 Herculem
1251 4381 1549 4449 inducunt,
1578 4384 1673 4455 qui
1705 4402 1765 4438 se
1805 4384 1931 4438 vino
1962 4384 2054 4439 ob-

2147 3223 2206 3276 in
2237 3224 2470 3278 deorum
2499 3242 2734 3280 numero
2763 3226 3100 3290 habuerunt,
3130 3233 3299 3299 atque
3331 3229 3485 3282 omni
3514 3229 3750 3285 insania:

2147 3313 2469 3367 aclibidinis
2484 3331 2690 3384 genere
2709 3316 2934 3385 gravius
2973 3333 3144 3386 quam
3165 3318 3290 3371 ulla:
3305 3324 3472 3372 terrae
3487 3320 3749 3374 nationes

2147 3419 2267 3456 sese
2302 3411 2763 3474 conspurcarunt.
2791 3405 3118 3476 Antiquitas
3148 3406 3298 3460 enim
3350 3408 3560 3462 Isidem
3607 3411 3750 3464 cole

2145 3491 2299 3557 bant,
2334 3492 2512 3546 virum
2553 3493 2719 3547 simul
2749 3509 2812 3548 ac
2838 3493 3071 3548 fratrem
3102 3495 3377 3550 Osiridem
3409 3497 3741 3562 habentem,

2146 3583 2241 3652 qui
2274 3599 2308 3635 a
2327 3582 2498 3636 fratre
2519 3599 2621 3636 suo
2639 3583 2907 3653 Typhone
2935 3582 3299 3638 obtruncatus
3319 3592 3424 3638 est.
3446 3587 3645 3657 anue
3681 3589 3745 3641 de

2143 3687 2314 3724 causa
2335 3672 2436 3725 Isis
2457 3688 2583 3724 cum
2605 3671 2718 3724 filio
2741 3689 2843 3726 suo
2865 3673 2976 3726 Oro
3013 3673 3071 3726 in
3103 3672 3338 3743 Byblum
3375 3675 3558 3744 Syriae
3585 3676 3740 3747 fugit,

2144 3759 2421 3814 Osiridem
2453 3777 2728 3830 quaerens,
2753 3766 2921 3832 atque
2955 3760 3151 3815 acerbe
3189 3762 3528 3828 lamentans,
3563 3767 3744 3836 quoad

2143 3849 2371 3901 tandem
2400 3849 2546 3903 Orus
2559 3849 2842 3913 crevisset,
2874 3866 2940 3903 ac
2959 3851 3283 3921 Typhonem
3313 3852 3383 3906 de
3412 3854 3606 3908 medio
3633 3873 3746 3909 sus—

2143 3937 2383 3990 tulisset.
2417 3939 2561 4008 Ergo
2590 3955 2692 3992 nec
2742 3938 2844 3992 Isis
2883 3938 3040 3992 fratri
3069 3956 3169 3992 suo
3197 3956 3263 3993 ac
3290 3939 3408 3994 viro
3454 3945 3743 4015 suppetias

2142 4026 2287 4080 ferre
2313 4027 2511 4097 potuit,
2544 4044 2647 4082 nec
2679 4027 2876 4092 Osiris,
2909 4044 3036 4081 cum
3069 4045 3104 4082 a
3130 4029 3398 4100 Typhone
3429 4032 3742 4087 trucidare-

2140 4120 2253 4181 tur,
2280 4115 2386 4169 sibi
2415 4115 2522 4186 ipsi
2577 4116 2784 4170 auxilio
2832 4133 2953 4170 esse
2983 4117 3183 4187 potuit,
3215 4135 3315 4171 nec
3361 4119 3613 4192 denique
3641 4124 3743 4192 Ty-

2139 4205 2288 4276 phon
2315 4205 2620 4270 fratricida,
2649 4221 2776 4258 cum
2803 4205 2855 4259 ei
2875 4205 2945 4259 ab
2975 4207 3086 4260 Oro
3131 4213 3187 4260 et
3215 4207 3360 4261 Iside
3391 4210 3631 4265 exitium
3661 4213 3741 4265 af-

2137 4293 2364 4359 feretur,
2399 4294 2644 4364 seipsum
2675 4311 2708 4348 a
2737 4300 2917 4348 morte
2945 4295 3245 4350 vindicare.
3282 4297 3351 4351 Et
3377 4303 3576 4354 tamen
3614 4317 3741 4354 cum

2137 4382 2194 4436 hi
2223 4382 2292 4436 ob
2323 4383 2646 4452 hujusmodi
2676 4383 3024 4438 calamitates
3052 4385 3123 4438 ad
3152 4386 3443 4440 hominum
3475 4389 3739 4444 notitiam

458 4481 605 4541 ruat,
639 4481 809 4546 atque
830 4475 888 4528 in
918 4475 1164 4528 furorem
1196 4478 1344 4534 ruat,
1377 4490 1618 4544 suosque
1649 4474 1792 4528 filios
1807 4475 2050 4544 jugulet,
2069 4498 2117 4558 Β
2137 4472 2540 4542 pervenissent,
2565 4488 2599 4526 a
2623 4472 2810 4526 stultis
2839 4473 3113 4544 Aigyptiis
3142 4474 3217 4527 dii
3248 4474 3424 4529 habiti
3454 4485 3611 4531 sunt.

457 4583 521 4620 ac
550 4565 751 4619 deinde
795 4563 1039 4617 ﬂammis
1068 4561 1398 4634 absumptus
1428 4562 1688 4616 intereat.
1721 4563 1828 4627 Qui
1864 4569 2054 4617 autem

457 4655 608 4708 Deus
636 4670 758 4708 esse
788 4653 836 4706 is
883 4658 1070 4723 queat,
1097 4651 1192 4722 qui
1223 4668 1283 4706 se
1333 4651 1460 4705 vino
1505 4651 1710 4717 obruit,
1758 4669 1822 4706 ac
1849 4651 2054 4706 liberos

457 4758 588 4795 suos
609 4741 924 4806 obtruncat,
947 4740 1201 4810 ignisque
1219 4739 1421 4792 ardore
1443 4740 1786 4809 conﬂagrat?
1800 4742 1914 4794 Aut
1943 4756 2052 4811 quo

455 4829 687 4883 tandem
715 4829 880 4882 modo
910 4829 1032 4882 aliis
1061 4829 1267 4883 auxilio
1292 4845 1412 4882 esse
1437 4827 1662 4899 poterit,
1697 4829 1793 4899 qui
1823 4828 1928 4882 sibi
1957 4845 2054 4883 au-

455 4913 649 4968 xilium
681 4914 880 4966 afferre
903 4929 1016 4965 non
1045 4913 1227 4983 potuit
1247 4913 1271 4964 'I

525 5003 807 5056 Praeterea
853 5000 1168 5070 Apollinem
1223 5001 1513 5068 inducunt,
1537 5001 1746 5055 invidia
1795 5001 2052 5055 laboran-

451 5097 589 5158 tem,
617 5098 790 5162 atque
839 5106 1031 5143 arcum
1065 5095 1122 5143 et
1173 5091 1517 5160 pharetram.
1551 5107 1614 5144 ac
1643 5107 2048 5161 nonnunquam

452 5180 625 5234 etiam
647 5179 922 5234 citharam
954 5184 1012 5232 et
1054 5177 1248 5232 tibiam
1277 5185 1584 5245 tenentem,
1618 5179 2048 5251 hominibusque

449 5276 694 5342 quastus
723 5285 891 5322 causa
917 5267 1178 5322 vaticinia
1199 5268 1476 5322 edentem.
1503 5267 1715 5336 Egebat
1745 5268 1936 5338 igitur.
1954 5273 2050 5325 At-

448 5358 544 5429 qui
565 5359 690 5412 fieri
714 5375 825 5412 non
854 5361 1036 5428 potest
1064 5363 1130 5412 ut
1156 5358 1306 5412 Deus
1334 5364 1499 5428 egeat
1521 5363 1580 5412 et
1605 5357 1871 5426 invideat,
1889 5365 1946 5413 et
1976 5360 2048 5414 ci-

445 5447 733 5501 tharcedus
761 5447 853 5501 sit.

518 5535 724 5589 Eodem
748 5536 920 5590 etiam
947 5537 1112 5591 modo
1133 5536 1370 5591 Dianam
1389 5535 1568 5606 ipsius
1601 5553 1850 5592 sororem
1882 5537 2042 5592 indu-

448 5627 600 5689 cunt,
632 5624 914 5679 venationi
939 5626 1282 5692 studentem,
1313 5629 1484 5696 atque
1533 5640 1726 5680 arcum
1755 5631 1812 5680 et
1842 5625 2043 5696 pilare

2209 4561 2356 4624 Quin
2386 4577 2568 4631 neque
2615 4561 2701 4614 his
2731 4567 2831 4615 aut
2860 4563 3093 4632 reliquis
3121 4563 3373 4632 gentium
3405 4567 3736 4642 numinibus

2137 4649 2406 4713 contenti,
2420 4649 2587 4703 bruta
2599 4650 2753 4703 enim
2769 4651 3083 4704 animantia
3095 4652 3353 4707 invexeru
3361 4661 3443 4708 nt.
3462 4655 3734 4710 Nonnulli

2137 4737 2345 4792 etenim
2375 4738 2624 4809 ipsorum
2655 4756 2832 4805 ovem,
2865 4739 2962 4793 alii
2995 4740 3232 4807 hircum,
3263 4742 3361 4796 alii
3408 4743 3651 4798 vitulum
3681 4753 3733 4798 et

2137 4843 2318 4893 suem,
2349 4828 2446 4881 alii
2491 4844 2717 4882 corvum
2761 4834 2818 4882 et
2859 4829 3197 4900 accipitrem,
3229 4831 3326 4884 alii
3355 4832 3642 4887 vulturem
3679 4841 3734 4885 et

2136 4915 2404 4986 aquilam,
2437 4917 2534 4970 alii
2561 4917 2937 4985 crocodilum;
2971 4919 3195 4988 quidam
3219 4921 3403 4986 felem,
3434 4928 3494 4975 et
3513 4939 3727 4985 canem,

2135 5010 2193 5058 et
2219 5005 2433 5076 lupum,
2466 5011 2523 5060 et
2550 5005 2790 5072 simiam,
2821 5012 2878 5060 et
2905 5007 3222 5068 draconem,
3250 5015 3308 5063 et
3323 5010 3610 5080 aspidem;
3637 5011 3729 5064 alii

2132 5111 2316 5164 cepas,
2347 5101 2405 5149 et
2444 5095 2573 5160 alia,
2607 5103 2664 5149 et
2719 5095 2929 5166 spinas,
2960 5102 3298 5168 czeterasque
3345 5116 3435 5152 res
3473 5101 3727 5154 conditas

2131 5183 2444 5237 coluerunt.
2462 5185 2578 5238 Nec
2592 5185 2848 5238 homines
2882 5185 3073 5240 miseri
3103 5187 3242 5240 nihil
3270 5188 3501 5242 omnino
3525 5188 3726 5243 virium

2132 5271 2221 5326 his
2249 5273 2508 5328 omnibus
2537 5273 2705 5327 rebus
2737 5274 2920 5328 inesse
2955 5275 3224 5330 sentiunt.
3247 5278 3392 5331 Nam
3434 5295 3561 5332 cum
3589 5279 3725 5332 deos

2131 5377 2261 5414 suos
2293 5361 2362 5415 ab
2391 5362 2514 5416 aliis
2546 5362 2868 5416 hominibus
2889 5369 2946 5418 et
2971 5365 3203 5426 comedi,
3230 5371 3286 5420 et
3308 5367 3440 5436 igne
3460 5368 3716 5431 cremari,

2130 5455 2186 5503 et
2207 5451 2459 5520 jugulari
2479 5457 2647 5522 atque
2678 5454 2960 5522 corrumpi
2983 5453 3226 5519 videant,
3241 5471 3354 5508 non
3383 5461 3575 5510 tamen
3587 5473 3720 5526 pro-

2125 5539 2256 5594 inde
2280 5556 2374 5594 eos
2402 5541 2536 5596 deos
2555 5557 2670 5595 non
2698 5557 2821 5594 esse
2840 5541 3255 5598 intellexerunt.

2196 5628 2467 5692 Quocirca
2497 5647 2702 5700 magno
2731 5646 2921 5685 errore
2949 5636 3070 5686 tum
3101 5633 3371 5704 Egyptii,
3407 5639 3532 5689 tum
3558 5634 3724 5688 Chal-
