3878 6418
87 384 191 438 553

494 384 669 439 νιΤΑ
709 381 1149 437 SANCTORUM
1188 382 1533 437 BARLAAM
1572 382 1910 437 EREMlT/E
1948 384 2036 439 ET
2073 383 2437 439 JOSAPHAT
2476 384 2699 439 INDL’E
2737 384 2968 441 REGIS.

3255 388 3363 445 554

86 511 210 575 daei,
230 515 352 564 tum
367 511 535 580 graeci
553 509 691 580 lapsi
715 514 865 562 sunt.
901 508 1034 562 deos
1053 507 1375 577 hujusmodi
1402 507 1674 561 inducen-
1699 512 1738 568 A
1761 515 1929 580 atque
1960 509 2214 580 ingratos
2244 527 2367 564 sese
2392 511 2725 582 praebentes,
2745 512 3001 581 gentium
3026 513 3161 567 deos
3180 530 3357 586 saepe-

85 604 191 662 tes,
222 605 392 669 atque
426 598 676 669 ipsorum
706 603 925 651 statuas
955 597 1276 661 efficientes,
1325 596 1606 667 surdaque
1629 600 1686 648 et

84 705 285 742 sensus
327 687 577 758 expertia
603 687 902 741 simulacra
922 692 1110 751 308
1134 702 1234 756 pro
1265 686 1371 739 diis
1393 686 1680 739 habentes.

85 778 165 832 Ac
194 778 443 831 demiror
462 795 571 848 quo
601 784 781 848 pacto,
817 793 944 830 cum
966 776 1100 829 deos
1120 792 1251 828 suos
1279 775 1347 827 ab
1377 776 1686 831 artiﬁcibus

87 865 349 927 secari,et
361 866 631 923 dolari.ac
642 865 1085 934 truncari,atque
1097 863 1363 933 temporis
1375 864 1691 935 longinqui~

86 964 205 1009 tate
247 960 655 1010 inveterascere
675 954 1060 1020 etinnnutari,
1103 959 1273 1024 atque
1294 954 1423 1024 igne
1455 954 1687 1008 conﬂari

85 1050 402 1109 cernerent,
444 1044 573 1098 hinc
598 1062 691 1098 eos
726 1044 960 1098 minime
991 1043 1125 1097 deos
1147 1060 1268 1097 esse
1300 1060 1410 1096 non
1431 1043 1687 1097 animad-

88 1134 383 1190 verterint.
405 1135 548 1189 Nam
582 1133 676 1205 qui
706 1134 764 1187 in
800 1150 914 1188 suae
953 1132 1151 1187 salutis
1198 1132 1422 1201 negotio
1474 1133 1687 1187 nullam

84 1224 200 1277 vim
232 1222 461 1287 habent,
495 1239 739 1295 quonam
759 1222 987 1276 tandem
1014 1221 1179 1275 modo
1208 1221 1499 1275 hominum
1521 1222 1690 1275 saluti

85 1314 425 1367 consulent?
453 1314 528 1367 At
573 1329 702 1366 vero
743 1318 920 1383 poetae
969 1311 1238 1381 ipsorum,
1271 1316 1329 1364 et
1370 1311 1689 1382 philosophi

84 1408 207 1455 tam
239 1402 634 1457 Chaldaeorum
664 1418 834 1473 quam
864 1400 1273 1472 XEgyptiorum,
1292 1417 1414 1454 cum
1439 1400 1689 1454 versibus

84 1492 204 1545 suis
226 1510 291 1546 ac
315 1492 633 1546 litterarum
664 1489 1044 1545 monumentis
1090 1489 1223 1543 deos
1251 1506 1381 1543 suos
1416 1506 1687 1543 exornare

82 1580 451 1645 studuerunt,
484 1596 678 1634 eorum
711 1578 1078 1649 ignominiam
1120 1577 1303 1647 magis
1332 1577 1684 1643 detexerunt,

84 1669 416 1740 nudamque
448 1668 700 1723 omnium
722 1667 897 1721 oculis
925 1672 1355 1738 proposuerunt.
1381 1668 1526 1721 Nam
1558 1684 1687 1721 cum

82 1758 337 1812 hominis
377 1774 598 1828 corpus,
629 1757 881 1829 quamvis
920 1756 1129 1827 alioqui
1185 1755 1378 1809 multis
1432 1755 1687 1826 partibus

1767 615 2004 652 numero
2054 600 2382 665 adorarunt,
2434 601 2844 671 prophetasque
2873 602 2944 655 ad
2981 619 3041 655 se
3070 602 3269 658 missos
3298 621 3363 659 ac

1761 688 1944 757 justos
1966 688 2113 743 viros
2132 695 2309 743 morte
2325 689 2734 743 alfecerunt.Ac
2747 690 2966 753 deinde.
2991 698 3357 764 posteaquam

1768 776 1848 829 ita
1878 777 1977 831 Dei
2009 779 2263 831 voluntas
2292 778 2439 841 tulit,
2472 785 2535 832 ut
2561 778 2738 833 Filius
2784 796 2919 834 suus
2950 780 3007 834 in
3034 786 3243 836 terram
3274 799 3363 837 ve-

1769 865 1933 930 niret,
1986 882 2113 919 eum
2146 867 2483 920 contumelia
2521 868 2802 935 affectum,
2825 869 3024 922 Pontio
3045 870 3226 924 Pilato
3256 871 3364 925 Ro-

1770 972 2066 1009 manorum
2096 956 2224 1010 duci
2241 957 2613 1017 tradiderunt,
2646 959 2936 1028 crucisque
2957 958 3366 1029 suppliciocon-

1771 1044 2293 1105 demnaruntmulla
2306 1045 2564 1100 videlicet
2580 1046 2755 1117 ipsius
2777 1046 3176 1102 beneficiorum
3192 1053 3361 1120 atque

1770 1133 2269 1187 innumerabilium
2301 1135 2721 1202 miraculorum,
2754 1153 2876 1207 qua;
2910 1136 3060 1191 inter
3086 1137 3237 1208 ipsos
3264 1138 3365 1193 de-

1774 1222 2043 1291 signarat,
2078 1221 2273 1276 habita
2300 1223 2537 1287 ratione,
2586 1218 2799 1295 suoque
2826 1225 3033 1279 scelere
3056 1226 3363 1296 perierunt.

1772 1311 1915 1365 Nam
1946 1327 2094 1365 nunc
2150 1328 2371 1382 quoque
2425 1313 2609 1366 solum
2658 1312 2886 1383 quidem
2924 1314 3368 1386 omnipotentem

1772 1401 1949 1454 Deum
1983 1400 2191 1467 colunt,
2224 1401 2321 1454 sed
2344 1417 2457 1455 non
2495 1401 2805 1456 secundum
2843 1403 3158 1470 scientiam,
3193 1404 3367 1476 siqui-

1771 1489 1900 1543 dem
1933 1489 2216 1543 tlhristum
2248 1490 2428 1543 tilium
2454 1490 2555 1544 Dei
2588 1496 2800 1561 negant
2829 1494 3001 1559 (Rom.
3035 1497 3113 1560 Χ),
3141 1493 3365 1564 gentili-

1770 1576 1986 1649 busque
2015 1578 2225 1633 similes
2271 1584 2421 1646 sunt,
2474 1580 2696 1635 etiamsi
2726 1580 2797 1635 ad
2835 1581 3153 1649 veritatem,
3194 1600 3230 1637 a
3258 1600 3370 1655 qua

1769 1668 1962 1738 procul
1989 1684 2048 1721 se
2077 1673 2455 1735 removerunt,
2500 1669 2729 1740 propius
2784 1670 3075 1742 aliquanto
3103 1673 3368 1727 accedere

1769 1756 2082 1810 videantur.
2108 1757 2188 1810 Ac
2214 1756 2281 1809 de
2303 1756 2510 1811 Judaais
2534 1757 2827 1814 hactenus.

83 1853 330 1913 constet,
364 1848 581 1902 nullum
601 1851 791 1901 tamen
819 1845 1196 1900 membrorum
1218 1861 1448 1899 suorum
1476 1844 1684 1915 abjicit,
1710 1828 1757 1887 B
1842 1846 1916 1899 At
1945 1845 2248 1899 Christiani
2278 1862 2313 1898 a
2358 1846 2595 1900 Domino
2625 1853 2818 1902 nostro
2858 1849 2990 1903 Jesu
3031 1850 3254 1905 Christo
3274 1852 3370 1905 do-

84 1953 288 1991 verum
317 1936 698 1991 ﬁrmissimam
732 1952 859 1989 cum
892 1934 1027 2006 ipsis
1057 1933 1317 1994 omnibus
1345 1934 1690 2005 conjunctio-

84 2042 224 2079 nem
262 2025 494 2090 habens,
547 2041 738 2079 secum
768 2024 951 2095 ipsum
982 2022 1303 2087 concordat,
1338 2023 1434 2093 qui
1462 2023 1690 2077 tandem

84 2116 147 2169 in
178 2115 285 2169 Dei
327 2121 532 2169 natura
577 2119 737 2168 tanta
756 2130 947 2185 pugna
975 2118 1032 2166 et
1059 2112 1338 2167 discordia
1359 2111 1549 2166 futura
1566 2112 1692 2167 est?

82 2207 238 2259 Nam
269 2204 316 2258 si
345 2220 458 2259 una
475 2204 708 2258 deorum
736 2209 940 2257 natura
971 2208 1135 2268 esset,
1169 2202 1307 2256 deus
1354 2201 1523 2255 deum
1553 2201 1696 2254 inse-

82 2294 255 2360 ctari,
304 2299 405 2347 aut
454 2292 808 2356 obtruncare,
870 2296 969 2344 aut
1016 2291 1165 2344 malo
1203 2289 1391 2361 aliquo
1421 2290 1694 2344 mulctare

84 2383 329 2437 minime
359 2380 615 2435 debebat.
650 2380 807 2445 Quod
834 2380 881 2433 si
921 2379 997 2433 dii
1017 2396 1051 2433 a
1078 2379 1185 2433 diis
1205 2379 1404 2443 vexati,
1441 2384 1499 2433 et
1525 2379 1697 2434 inter-

80 2473 288 2545 empti,
316 2478 374 2526 et
398 2471 639 2543 spoliati,
668 2488 731 2524 ac
754 2471 985 2525 fulmine
1004 2470 1255 2541 percussi
1277 2474 1429 2537 sunt,
1454 2486 1565 2524 non
1576 2471 1695 2540 jam

84 2580 204 2617 una
236 2579 435 2616 eorum
465 2568 672 2616 natura
696 2567 799 2627 est,
854 2561 950 2614 sed
982 2560 1258 2614 distinctae
1279 2560 1594 2614 voluntates
1614 2563 1695 2613 at-

84 2670 200 2723 que
230 2669 431 2706 omnes
460 2651 704 2705 exitiosae
730 2666 794 2704 ac
822 2648 1120 2720 pestiferae.

160 2742 242 2795 Ex
277 2758 387 2812 quo
417 2740 859 2794 concludendum
890 2745 974 2792 est
993 2738 1276 2792 neminem
1300 2753 1495 2792 eorum
1526 2738 1694 2791 deum

82 2848 233 2885 esse.
260 2831 627 2901 Perspicuum
639 2836 725 2883 est
750 2829 937 2899 igitur,
972 2845 1130 2891 orex,
1161 2844 1387 2881 omnem
1415 2843 1609 2881 eorum
1627 2826 1695 2880 de

83 2924 331 2975 deorum
349 2908 551 2975 natura
569 2919 1009 2991 disputationem
1047 2918 1254 2972 erroris
1296 2916 1518 2987 plenam
1553 2933 1692 2970 esse.

82 3014 354 3075 Quonam
386 3015 573 3063 autem
605 3015 765 3081 pacto
788 3008 826 3062 ii
849 3008 943 3079 qui
975 3008 1122 3078 apud
1159 3007 1379 3061 Graecos
1410 3005 1697 3077 sapientiae

82 3108 264 3171 atque
289 3098 558 3153 doctrinae
589 3098 737 3151 fama
768 3099 1099 3152 ﬂoruerunt.
1124 3096 1262 3151 illud
1284 3095 1517 3149 minime
1538 3095 1698 3149 intel-

1773 1933 1964 1987 ctrinae
1984 1950 2100 1987 suae
2127 1933 2402 2004 originem
2431 1934 2664 1988 ducunt.
2692 1935 2796 1989 Hic
2823 1942 3015 1991 autem
3035 1939 3137 1992 Dei
3165 1938 3369 1994 altissi-

1775 2023 1852 2076 mi
1873 2022 2045 2076 Filius
2070 2022 2127 2076 in
2172 2021 2386 2093 Spiritu
2426 2028 2620 2078 sancto
2676 2024 2941 2080 creditur.
3000 2027 3108 2091 Qui
3124 2027 3369 2099 ﬁuidem

1776 2111 2033 2166 humanae
2045 2111 2240 2165 salutis
2256 2128 2427 2166 causa
2436 2112 2645 2167 decoelo
2660 2113 3140 2187 descendit,atque
3156 2135 3221 2172 ex
3238 2133 3370 2183 san,-

1777 2206 1865 2255 cta
1874 2201 2102 2271 Virgine
2136 2202 2362 2271 genitus
2379 2208 2481 2263 est,
2513 2219 2577 2257 ac
2589 2203 2709 2258 sine
2721 2205 2935 2259 semine
2952 2210 3009 2260 et
3021 2207 3372 2278 correptione

1777 2306 2002 2344 carnem
2022 2290 2726 2363 suscepit,hominibusque
2741 2295 3089 2365 apparuit,ut
3106 2312 3201 2350 eos
3213 2313 3248 2351 a
3265 2295 3372 2351 fal-

1778 2397 1839 2433 so
1857 2379 2161 2433 multorum
2172 2380 2403 2434 deorum
2422 2381 2575 2435 cultu
2586 2389 2885 2437 revocaret.
2895 2385 3078 2456 Atque
3094 2385 3377 2440 admiran-

1779 2469 1851 2522 da
1870 2468 2276 2523 incarnationis
2298 2486 2411 2525 suae
2433 2469 2853 2540 dispensatione
2891 2473 3217 2544 perfunctus
3229 2491 3377 2530 mor-

1778 2563 1893 2611 tem
1923 2562 2140 2628 sponte,
2173 2558 2574 2629 atqueingenti
2603 2559 2848 2631 quodam
2865 2563 3116 2631 consilio,
3140 2581 3241 2635 per
3254 2580 3379 2620 cru-

1776 2663 1897 2700 cem
1920 2647 2255 2717 degustavit.
2287 2647 2496 2702 Triduo
2517 2653 2707 2703 autem
2725 2655 2848 2720 post
2879 2652 3379 2725 resurrexit,atque

1778 2734 1834 2789 in
1855 2736 2022 2790 caelos
2043 2736 2316 2789 ascendit.
2337 2737 2436 2806 Cuj
2446 2753 2511 2790 us
2536 2739 2847 2808 pra-:sentize
2856 2740 3097 2810 gloriam
3118 2758 3182 2796 ex
3195 2743 3378 2815 Scrip-

1778 2830 2055 2896 tura,quae
2067 2825 2215 2896 apud
2242 2841 2334 2879 eos
2348 2825 2683 2896 Evangelica
2709 2833 2961 2895 vocatur,
2980 2830 3027 2885 si
3048 2846 3172 2885 eam
3193 2832 3381 2903 legere

1779 2913 1839 2967 in
1885 2913 2138 2967 animum
2167 2913 2471 2978 induxeris,
2507 2915 2823 2987 perspicere
2856 2917 3008 2986 licet,
3052 2936 3084 2975 ο
3124 2937 3243 2975 rex.
3278 2921 3383 2976 Hic

1782 3002 2075 3057 duodecim
2108 3002 2411 3074 discipulos
2439 3003 2651 3070 habuit,
2698 3006 2793 3077 qui
2813 3014 2940 3078 post
2966 3008 3144 3080 ipsius
3179 3010 3237 3064 in
3268 3027 3381 3066 cm-

1780 3092 1900 3146 lum
1929 3109 2223 3147 ascensum
2251 3093 2310 3146 in
2360 3090 2511 3146 orbis
2547 3099 2712 3148 terrae
2761 3097 3076 3167 provincias
3104 3099 3379 3168 exierunt,

82 3191 375 3254 lexerunt,
410 3205 504 3242 eos
535 3188 629 3258 qui
653 3188 804 3258 leges
832 3187 1087 3241 tulerunt
1104 3185 1340 3240 suismet
1366 3184 1584 3255 legibus
1609 3185 1759 3254 ju-C
1782 3180 2071 3251 ipsiusque
2124 3187 2421 3251 augustam
2445 3182 2874 3253 amplitudinem
2903 3188 3337 3258 promulgarunt
3362 3207 3375 3243 :

81 3277 305 3332 dicari?
325 3278 469 3331 Nam
498 3276 545 3331 si
573 3277 724 3347 leges
748 3277 915 3347 justas
944 3281 1095 3342 sunt,
1142 3274 1336 3345 injusti
1368 3274 1597 3328 omnino
1615 3273 1702 3344 ip-
1789 3270 2262 3341 quemadmodum
2289 3270 2460 3323 etiam
2480 3286 2627 3325 unus
2648 3288 2713 3325 ex
2728 3273 2865 3344 ipsis
2880 3275 3136 3346 regiones
3156 3282 3380 3333 nostras

82 3384 287 3423 surum
320 3366 400 3420 dii
426 3372 576 3431 sunt,
611 3366 707 3437 qui
735 3372 931 3419 contra
945 3365 1133 3434 legum
1151 3363 1475 3435 praescripta
1504 3368 1701 3417 mutuo
1785 3359 2120 3430 peragravit,
2155 3365 2220 3413 ut
2245 3358 2498 3413 veritatis
2526 3360 2793 3431 dogmata
2820 3363 3151 3434 praedicaret
3179 3366 3387 3435 (Supra

82 3474 213 3511 sese
248 3454 652 3520 interfecerint,
686 3460 858 3525 atque
889 3455 947 3508 in
989 3453 1272 3519 veneﬁcia,
1307 3457 1365 3506 et
1400 3451 1697 3518 adulteria,
1785 3466 1829 3502 ο.
1861 3448 1925 3514 ll;
1950 3448 2097 3502 unde
2134 3448 2443 3502 etiamnum
2491 3448 2530 3502 ii
2578 3449 2673 3520 qui
2730 3451 3141 3522 praedicationis
3189 3471 3387 3511 eorum

84 3552 143 3600 et
177 3545 358 3609 furta,
409 3549 466 3599 et
509 3550 878 3617 praeposteras
919 3542 1182 3597 libidines
1226 3540 1566 3613 proruerint.
1603 3540 1702 3595 Sin
1780 3536 2013 3607 justitiae
2042 3535 2435 3590 administram
2456 3552 2684 3608 cperam
2713 3545 2940 3608 navant,
2964 3542 3271 3599 Christiani
3292 3560 3389 3617 ap-

86 3642 293 3689 autem
316 3640 463 3689 recte
484 3634 753 3699 fecerunt,
784 3634 935 3704 leges
951 3638 1099 3686 certe
1120 3631 1328 3702 iniquae
1352 3634 1704 3701 sunt,utpote

85 3726 161 3779 ad
170 3741 372 3778 versus
384 3723 518 3778 deos
539 3723 1044 3778 constitutae.Nunc
1057 3726 1245 3776 autem
1258 3720 1413 3789 leges
1430 3720 1706 3791 praeclarae

87 3831 155 3868 ac
193 3815 371 3883 justae
400 3818 549 3879 sunt,
582 3818 647 3867 ut
674 3829 800 3883 quae
842 3817 899 3866 et
929 3812 1166 3865 virtutes
1216 3809 1468 3875 laudent,
1495 3814 1553 3862 et
1577 3807 1712 3862 vitia

88 3901 445 3975 prohibeant
472 3920 485 3969 ;
532 3901 766 3957 deorum
788 3906 997 3963 autem,
1053 3916 1193 3971 quos
1221 3898 1327 3970 ipsi
1356 3898 1566 3962 colunt,
1598 3896 1710 3951 ini-

91 4009 219 4063 qua
250 3996 387 4046 sunt
412 4008 584 4063 opera
604 3990 996 4063 :quareiniqui
1009 3990 1180 4044 etiam
1203 3988 1452 4059 ipsorum
1474 3986 1553 4040 dii
1576 3990 1710 4040 sunt

93 4097 417 4152 omnesque
447 4080 605 4152 impii
657 4098 722 4136 ac
758 4085 940 4135 morte
972 4077 1268 4137 multandi,
1300 4076 1396 4148 qui
1425 4075 1709 4147 ejusmodi

94 4173 248 4228 deos
282 4172 575 4227 inducunt.
605 4172 749 4226 Nam
794 4171 841 4225 si
867 4187 934 4224 ea
961 4185 1084 4241 quae
1105 4168 1173 4223 de
1199 4166 1335 4237 ipsis
1390 4165 1712 4219 litterarum

95 4261 498 4315 monumentis
525 4259 748 4332 prodita
775 4263 925 4325 sunt,
977 4259 1106 4312 ﬁcta
1157 4261 1213 4310 et
1254 4253 1507 4309 fabulosa
1556 4256 1708 4320 sunt,

94 4349 256 4405 nihil
284 4350 437 4404 aliud
466 4354 600 4404 sunt
629 4365 798 4421 quam
817 4347 958 4403 meri
986 4361 1303 4412 sermones;
1329 4343 1375 4398 si
1395 4351 1586 4398 autem
1615 4358 1714 4397 na-

1789 3626 2088 3696 pellantur.
2114 3627 2296 3696 Atque
2324 3626 2381 3679 hi
2402 3633 2535 3681 sunt
2564 3627 2658 3698 qui
2677 3629 2970 3686 veritatem
2990 3649 3162 3704 supra
3189 3650 3386 3690 omnes

1791 3719 1955 3769 terra;
1984 3716 2241 3769 nationes
2268 3714 2621 3771 invenerunt.
2657 3717 2945 3789 Siquidem
2995 3724 3165 3777 Deum
3195 3739 3390 3779 rerum

1792 3803 2042 3859 omnium
2057 3802 2404 3858 conditorem
2419 3809 2588 3875 atque
2604 3807 2969 3864 architectum
2984 3810 3184 3866 inFilio
3197 3812 3390 3884 unige-

1791 3893 1910 3947 nito
1928 3898 1985 3947 et
2000 3892 2211 3963 Spiritu
2234 3899 2424 3947 sancto
2445 3901 2774 3965 agnoscunt,
2798 3914 2901 3952 nec
2921 3906 3123 3971 praeter
3147 3918 3275 3957 eum
3297 3901 3388 3957 ul-

1793 3982 1909 4037 lum
1938 3982 2111 4036 alium
2132 3982 2312 4036 Deum
2334 3989 2693 4039 venerantur.
2725 3986 2948 4043 Habent
2975 3993 3163 4045 autem
3192 3991 3390 4046 Domi-

1794 4071 1853 4126 ni
1872 4072 1899 4126 ]
1906 4088 2004 4126 esu
2017 4071 2223 4126 Christi
2239 4076 2432 4138 309
2450 4072 2718 4129 mandata
2728 4076 2989 4133 cordibus
3012 4079 3128 4134 suis
3150 4080 3394 4154 insculp—

1794 4166 1872 4222 ta,
1933 4177 2110 4232 eaque
2162 4161 2504 4229 custodiunt,
2538 4168 2890 4221 mortuorum
2920 4171 3391 4226 resurrectionem

1796 4266 1863 4304 ac
1900 4249 2077 4305 futuri
2122 4249 2308 4305 saeculi
2335 4251 2506 4306 vitam
2533 4261 2934 4325 exspectantes.
2963 4258 3091 4314 Non
3103 4258 3387 4328 adulterii,

1795 4355 1908 4393 non
1946 4339 2330 4394 fornicationis
2360 4341 2593 4397 crimine
2621 4360 2743 4399 sese
2771 4345 3111 4414 devinciunt,
3144 4365 3257 4405 non
3285 4349 3392 4405 fal-

92 4437 342 4501 turalia,
374 4454 487 4493 non
510 4439 630 4509 jam
674 4437 753 4492 dii
782 4442 914 4492 sunt
942 4435 1038 4507 qui
1068 4435 1183 4489 haec
1230 4432 1482 4487 fecerunt
1500 4448 1565 4485 ac
1591 4447 1715 4501 per-
1797 4445 1921 4483 sum
1963 4428 2352 4484 testimonium
2389 4430 2601 4499 dicunt,
2625 4433 2808 4489 aliena
2836 4452 2948 4490 non
2967 4440 3392 4511 concupiscunt,

91 4528 426 4600 pessisunt;
443 4528 589 4600 quod
604 4525 957 4598 siallegorico
967 4541 1138 4580 sensu
1148 4519 1714 4585 eadicuntur,fabulze
1730 4543 1777 4601 Ι)
1798 4518 1944 4589 patri
1982 4522 2039 4571 et
2067 4517 2235 4571 matri
2264 4517 2535 4575 honorem
2560 4520 2837 4589 tribuunt,
2870 4526 3153 4594 proximos
3170 4534 3386 4594 amant,

94 4617 487 4684 sunt,acnihil
518 4623 808 4689 praeterea.
841 4617 1303 4671 Demonstratum
1333 4616 1419 4665 est
1445 4610 1654 4680 itaque,
1681 4625 1713 4663 ο
1790 4607 2007 4677 justum
2024 4606 2299 4676 judicium
2329 4606 2552 4666 ferunt:
2589 4626 2712 4680 quae
2735 4610 2839 4665 sibi
2852 4612 2987 4683 ipsis
3017 4614 3137 4669 ﬁeri
3167 4617 3386 4685 nolunt,

94 4724 225 4772 rex,
253 4705 357 4761 hos
377 4723 571 4761 omnes
582 4704 889 4777 cultus,qui
911 4703 1101 4759 multis
1122 4701 1230 4757 diis
1259 4698 1604 4764 tribuuntur,
1631 4715 1715 4753 er-
1797 4695 1921 4749 aliis
1948 4711 2061 4750 non
2082 4694 2328 4763 faciunt;
2361 4712 2456 4751 eos
2478 4713 2512 4751 a
2541 4697 2744 4768 quibus
2765 4700 3047 4757 leduntur
3072 4703 3387 4776 obsecrant,

96 4796 265 4852 roris
303 4801 472 4867 atque
503 4795 655 4851 exitii
683 4811 854 4867 opera
878 4810 1003 4849 esse
1049 4797 1253 4863 (neque
1276 4789 1427 4845 enim
1459 4788 1591 4843 deos
1621 4803 1716 4859 ap-
1797 4801 1861 4838 ac
1890 4782 1996 4837 sibi
2026 4798 2222 4837 eorum
2238 4784 2544 4839 amicitiam
2564 4786 3158 4850 conciliant.Inimicos
3178 4794 3392 4853 beneﬂ-

93 4886 331 4958 pelia-.3
350 4886 609 4941 convenit
624 4886 719 4958 qui
750 4884 1011 4940 videntur
1027 4899 1091 4936 ac
1111 4897 1224 4936 non
1251 4879 1485 4944 vident;
1520 4892 1715 4930 verum
1797 4873 1897 4927 ciis
1926 4872 2148 4927 afficere
2198 4872 2445 4941 student,
2488 4874 2642 4930 lenes
2684 4882 2741 4931 et
2782 4878 2973 4936 faciles
3022 4900 3082 4939 se
3119 4886 3391 4957 praebent,

95 4992 242 5030 eum
284 4974 535 5045 quicum
586 4976 705 5047 ipse
750 4973 903 5030 cerni
950 4975 1211 5045 nequeat,
1261 4967 1451 5023 omnia
1493 4965 1710 5035 cernit),
1798 4962 1866 5016 ab
1896 4961 2048 5016 omni
2087 4961 2280 5033 iniquo
2313 4962 3394 5047 concubituatqueabomniimpuritate

89 5064 412 5136 Deumque
439 5063 534 5136 qui
556 5064 747 5119 omnia
774 5062 1040 5123 condidit,
1073 5058 1370 5116 colendum
1400 5073 1540 5111 esse.
1799 5050 2099 5116 abstinent,
2128 5051 2352 5106 viduam
2391 5068 2503 5107 non
2532 5060 2918 5126 contemnunt,
2952 5063 3164 5135 pupillo
3193 5081 3395 5121 maero-

173 5152 498 5214 Veniamus
518 5152 709 5224 igitur,
737 5167 901 5218 orex,
925 5150 1094 5206 etiam
1123 5149 1191 5203 ad
1210 5146 1448 5209 Iudaeos,
1481 5151 1545 5199 ut
1559 5144 1717 5216 quid-
1797 5156 1917 5196 rem
1964 5156 2077 5195 non
2127 5139 2393 5208 inferunt,
2428 5142 2525 5213 qui
2554 5142 2725 5200 habet
2760 5163 2873 5203 non
2915 5149 3147 5207 habenti
3184 5154 3400 5226 prolixe

95 5259 249 5300 nam
274 5242 383 5314 ipsi
407 5258 629 5314 quoque
654 5242 725 5298 de
738 5242 853 5297 Deo
868 5241 1116 5296 sentiant
1132 5236 1587 5292 videamus.Nam
1611 5233 1718 5305 ipsi
1799 5229 2209 5285 subministrat.
2269 5230 2636 5301 Peregrinum
2662 5234 2708 5289 si
2736 5236 2996 5305 viderint,
3026 5246 3175 5297 tecto
3199 5243 3401 5299 admit-

95 5332 175 5388 ab
196 5329 517 5387 Abraham.
547 5334 705 5387 Isaac
726 5337 784 5386 et
802 5329 971 5386 Jacob
983 5327 1225 5393 oriundi,
1245 5323 1718 5396 IEgyptuminco-
1799 5325 1947 5385 tunt,
1977 5320 2026 5389 ej
2037 5334 2209 5391 usque
2263 5335 2377 5374 non
2424 5337 2584 5376 secus
2612 5338 2677 5378 ac
2716 5326 2833 5380 veri
2854 5333 2910 5381 et
2932 5331 3189 5399 germani
3205 5331 3399 5390 fratris

42 5492 57 5501 κ
98 5423 376 5479 luerunt.
410 5420 570 5477 Illinc
617 5425 807 5477 autem
841 5422 992 5476 Deus
1023 5435 1117 5474 eos
1138 5416 1196 5471 in
1227 5431 1399 5469 manu
1421 5412 1636 5485 potenti
1666 5417 1724 5468 et
1803 5410 2045 5466 adventu
2068 5410 2436 5466 delectantur.
2458 5413 2585 5468 Non
2613 5415 2764 5470 enim
2794 5419 3101 5488 carnis,sed
3116 5423 3398 5480 animira-

99 5510 355 5568 brachio
403 5510 637 5579 excelso,
666 5527 766 5582 per
789 5511 1020 5582 Moysen
1060 5507 1312 5580 ipsorum
1341 5503 1722 5575 legislatorem
1802 5500 1957 5554 tione
1986 5499 2188 5555 fratres
2209 5517 2268 5555 se
2299 5506 2514 5557 vocant.
2563 5504 2751 5560 Vitam
2801 5523 2963 5564 suam
2993 5510 3201 5568 Christi
3231 5530 3403 5572 causa

99 5599 335 5665 eduxit,
371 5616 436 5655 ac
461 5616 563 5672 per
589 5600 768 5656 multa
822 5597 1077 5671 prodigia
1108 5600 1166 5651 et
1191 5594 1355 5665 signa
1380 5608 1542 5648 suam
1587 5591 1725 5663 ipsis
1806 5587 2144 5661 profundere
2163 5590 2347 5661 parati
2376 5597 2542 5647 sunt:
2580 5608 2715 5649 nam
2733 5593 2909 5667 ipsius
2927 5606 3208 5674 precepts
3237 5604 3402 5661 ﬁrme

98 5688 439 5764 potentiam
486 5687 806 5745 declaravit.
825 5687 1034 5743 Verum
1076 5684 1183 5757 ipsi
1232 5696 1455 5755 quoque
1484 5680 1727 5753 perﬁdos
1808 5678 2126 5747 observant,
2148 5684 2339 5735 sancte
2364 5680 2623 5738 videlicet
2650 5699 2715 5740 ac
2736 5685 2909 5757 juste,
2926 5691 3404 5761 quemadmodum

374 5789 641 5852 Punon.
687 5785 963 5851 LXXIII.
3087 5789 3165 5853 18
