3868 6404
522 394 627 453 555

1539 391 1634 449 DE
1668 390 1858 450 VITIS
1896 389 2192 449 PATRUM
2227 389 2443 446 LIBER
2478 387 2770 445 PRIMUS.
3659 394 3735 451 εδδ

519 520 793 578 Dominus
815 516 1447 591 Deusipsisimperavit,
1478 518 1743 575 viventes:
1761 520 1975 592 gratias
2001 518 2366 590 ipsiAmetu,
2399 517 2482 571 tui
2511 521 2701 572 autem
2753 516 2813 570 in
2867 515 3065 572 laetitia
3116 520 3174 571 et
3218 516 3392 571 animi
3434 516 3734 585 remissione,

520 610 672 665 omni
693 610 832 665 hora
877 608 937 664 in
986 607 1140 663 omni
1168 607 1289 663 cibo
1330 613 1387 663 et
1411 614 1563 680 potu,
1590 627 1655 664 ac
1682 610 1912 680 reliquis
1949 608 2110 662 bonis

518 703 747 770 agentes
780 698 988 768 (Ephes.
1021 699 1094 767 v).
1119 698 1265 753 Vere
1295 698 1442 753 enim
1476 698 1593 754 haec
1620 699 1869 754 veritatis
1884 698 1974 751 via
2005 704 2107 765 est,

519 803 641 859 quae
681 787 905 860 quidem
938 804 1033 843 eos
1078 786 1174 860 qui
1215 804 1341 843 eam
1370 788 1783 859 ingrediuntur,
1818 788 1888 842 ad
1909 787 2113 859 sempi-

514 881 741 932 ternum
771 893 1031 948 regnum,
1054 876 1203 948 quod
1223 893 1257 931 a
1286 877 1509 932 Christo
1538 878 1595 932 in
1626 877 1817 932 futura
1847 877 1960 931 vita
1988 893 2113 948 pro-

511 965 748 1022 missum
770 973 874 1031 est,
908 973 1180 1039 tanquam
1201 972 1457 1039 porrecta
1475 984 1646 1022 manu
1684 967 1856 1021 ducit.

580 1057 766 1129 Atque
815 1061 881 1112 ut
931 1056 1234 1128 intelligas,
1282 1073 1315 1111 ο
1355 1074 1471 1123 rex,
1523 1074 1614 1111 me
1644 1056 1761 1111 haec
1788 1074 1852 1111 ex
1882 1054 2109 1111 cerebro

510 1162 636 1201 meo
662 1146 894 1202 minime
914 1147 1146 1218 ﬁngere,
1166 1146 1213 1201 si
1235 1146 1305 1201 ad
1318 1146 1767 1202 Christianorum
1790 1146 2108 1217 Scripturas

512 1235 703 1291 oculos
728 1236 1019 1308 adjeceris,
1046 1253 1137 1291 me
1167 1236 1310 1291 nihil
1333 1253 1367 1290 a
1394 1236 1631 1291 veritate
1667 1236 1914 1291 alienum
1953 1235 2107 1307 loqui

512 1326 779 1398 reperies.
822 1327 1007 1391 Quare
1031 1326 1297 1398 praeclare
1318 1325 1467 1381 ﬁlius
1497 1331 1630 1380 tuus
1654 1325 1947 1392 intellexit,
1969 1324 2109 1396 opti-

510 1431 718 1491 moque
740 1414 870 1486 jure
888 1414 1005 1469 Deo
1036 1415 1158 1470 vivo
1189 1414 1402 1470 cultum
1434 1414 1698 1470 adhibere
1719 1414 1930 1481 didicit,
1965 1419 2028 1469 ut
2048 1414 2107 1469 in

508 1501 701 1560 futuro
723 1520 836 1559 aevo
861 1504 1102 1560 salutem
1132 1504 1401 1559 obtineat.
1448 1503 1657 1575 Magna
1696 1503 1903 1559 etenim
1934 1508 2103 1574 atque

510 1591 843 1650 admiranda
860 1600 993 1649 sunt
1003 1611 1126 1666 quae
1155 1611 1188 1648 a
1211 1594 1545 1649 Christianis
1564 1601 1686 1649 tum
1703 1593 1968 1648 dicuntur
1980 1598 2100 1647 tum

506 1688 805 1755 geruntur.
837 1684 1033 1755 Neque
1054 1683 1203 1739 enim
1216 1683 1531 1751 hominum,
1558 1683 1655 1738 sed
1669 1683 1767 1737 Dei
1791 1682 1958 1737 verba
1981 1699 2105 1754 pro-

507 1772 835 1845 loquuntur,
868 1774 1099 1845 reliquae
1126 1778 1317 1829 autem
1366 1773 1627 1828 nationes
1670 1779 1880 1840 errant,
1906 1790 1971 1827 ac
1998 1772 2105 1827 sibi

2194 623 2416 677 aequum
2470 605 2608 660 mihi
2641 605 2917 676 judicium
2944 606 3095 660 istud
3139 622 3260 661 esse
3288 622 3400 660 non
3419 606 3638 671 videtur,
3664 608 3735 661 sed

2194 696 2539 768 principatus
2570 696 2811 758 licentia,
2845 701 2902 749 et
2931 701 3220 767 pactorum
3262 695 3506 749 violatio.
3534 696 3637 750 Rex
3657 695 3735 749 ita-
3822 754 3823 761 γ

2196 802 2304 857 que
2334 787 2502 857 hujus
2518 785 2788 840 orationis
2805 786 2993 856 lepore
3008 785 3204 850 victus,
3231 786 3533 857 assumptis
3559 786 3738 856 sapien-
3822 808 3823 859 ι

2191 875 2343 929 tibus
2372 881 2429 930 et
2448 874 2831 930 sacerdotibus
2861 875 2997 941 suis,
3022 875 3335 929 Nachorem
3359 874 3473 929 ﬁlio
3493 876 3735 939 concessit,

2191 964 2296 1019 hac
2343 965 2611 1019 nimirum
2657 982 2756 1036 spe
2801 963 2996 1031 fretus,
3030 964 3146 1019 fore
3176 970 3240 1018 ut
3269 980 3336 1018 ea
3357 980 3479 1035 quae
3506 962 3737 1033 pollicitus

2191 1053 2375 1109 fuerat
2403 1060 2711 1126 praestaret.

2260 1141 2433 1211 Regis
2462 1142 2650 1213 itaque
2673 1142 2819 1195 filius
2835 1140 2891 1195 in
2915 1140 3185 1213 palatium
3214 1156 3380 1194 suum
3412 1137 3736 1210 proﬁciscitur

2189 1247 2301 1284 non
2331 1248 2487 1285 secus
2517 1238 2683 1302 atque
2710 1230 3030 1303 Olympicus
3058 1230 3284 1303 quidam
3315 1230 3509 1295 victor,
3545 1243 3734 1298 supcra-

2187 1319 2261 1373 tis
2308 1321 2661 1388 adversariis,
2716 1338 2905 1375 secum
2959 1321 3273 1375 Nachorem
3313 1317 3542 1372 habens.
3594 1316 3735 1379 Quem

2187 1426 2335 1477 cum,
2372 1411 2603 1465 remotis
2632 1410 2876 1473 arbitris,
2900 1410 3205 1474 accivisset,
3237 1410 3324 1477 his
3342 1407 3412 1462 ad
3444 1423 3569 1461 eum
3588 1404 3733 1458 verbis
3822 1404 3823 1469 1

2186 1516 2323 1555 usus
2351 1508 2461 1555 est:
2496 1503 2579 1556 Ne
2599 1518 2707 1566 me,
2742 1502 2836 1571 qui
2876 1501 2971 1564 sis,
3004 1501 3263 1572 ignorare
3294 1498 3591 1553 existimes.
3638 1495 3736 1548 Cer-

2186 1589 2468 1646 tissimum
2489 1595 2638 1646 enim
2662 1590 2842 1646 habeo
2862 1591 3337 1646 tedivinissimum
3352 1589 3606 1643 Barlaam
3616 1584 3736 1639 haud

2189 1697 2470 1753 quaquam
2519 1700 2659 1748 esse,
2692 1697 2887 1737 verum
2943 1682 3257 1736 Nachorem
3300 1678 3654 1745 astrologum.
3680 1676 3737 1727 Ac
3822 1694 3823 1747 ἐ

2187 1770 2362 1826 miror
2383 1771 2518 1843 quid
2542 1772 2693 1826 vobis
2725 1772 2783 1826 in
2813 1777 3060 1825 mentem
3096 1770 3329 1833 venerit,
3364 1774 3433 1823 ut
3457 1762 3736 1837 hujusmodi
3822 1772 3823 1843 γ

505 1862 642 1935 ipsis
668 1863 1041 1936 imposturam
1057 1862 1290 1928 faciunt,
1317 1862 1595 1936 siquidem
1615 1863 1675 1917 in
1703 1862 1950 1917 tenebris
1979 1879 2101 1917 am-
2120 1849 2164 1909 Β
2187 1859 2433 1916 fabulam
2462 1862 2941 1933 ﬁngeretis,atque
2957 1860 3225 1915 hocvobis
3243 1856 3738 1932 persuaderetis,vos

502 1949 783 2019 bulantes,
834 1951 1121 2009 ebriorum
1174 1952 1356 2007 instar
1412 1951 1471 2007 in
1513 1952 1726 2023 seipsos
1756 1951 2095 2023 impingunt.

500 2041 688 2114 Atque
708 2042 800 2097 hic
819 2042 911 2110 sit,
941 2060 973 2097 ο
998 2059 1118 2109 rex,
1141 2041 1366 2098 meaead
1380 2046 1438 2096 te
1466 2040 1739 2095 orationis
1759 2041 1906 2106 ﬁnis,
1932 2058 2102 2112 quam

501 2131 730 2203 quidem
795 2131 1004 2188 veritas
1059 2132 1119 2187 in
1176 2137 1365 2187 mente
1391 2148 1516 2186 mea
1544 2130 1790 2186 dictavit.
1828 2131 2101 2186 Desinant

498 2216 692 2295 itaque
711 2222 990 2278 vaecordes
1007 2221 1089 2277 tui
1109 2222 1392 2295 sapientes
1407 2222 1672 2277 adversus
1684 2220 1984 2276 Dominum
1998 2239 2098 2277 nu-

495 2311 1129 2383 gari.NamvobisDeum
1141 2311 1903 2384 creatoremvenerari,atque
1918 2312 2098 2384 ipsius

494 2400 682 2456 verbis
712 2399 783 2457 ab
836 2401 1071 2457 interitu
1110 2400 1309 2457 alienis
1337 2418 1531 2457 aurem
1558 2403 1982 2457 accommodare
2008 2419 2097 2456 ex-

493 2486 670 2562 pedit,
726 2496 789 2545 ut
817 2491 1343 2546 condemnationem
1376 2508 1441 2546 ac
1462 2491 1798 2563 supplicium
1830 2492 2096 2562 ell'ugien-

491 2584 595 2646 tes,
606 2579 772 2634 vitam
790 2579 1055 2636 interitus
1067 2586 1353 2653 expertem
1366 2581 1723 2637 haereditario
1736 2582 2088 2652 possidentis.

567 2667 698 2723 CAP.
730 2668 963 2724 XXVIII
978 2670 1207 2727 .—Heec
1235 2677 1604 2742 posteaquam
1626 2671 1925 2725 aNachore
1945 2687 2094 2725 com-

490 2764 809 2816 memorata
828 2765 978 2827 sunt,
1011 2777 1108 2816 rex
1155 2761 1448 2817 iracundia
1499 2759 1772 2817 aestuabat
1800 2780 1812 2829 ;
1839 2761 2092 2816 rhetores

492 2854 685 2906 autem
714 2847 891 2922 ipsius
941 2854 999 2905 et
1026 2849 1343 2905 sacerdotes
1392 2850 1535 2906 muti
1580 2849 1823 2915 stabant,
1874 2856 1939 2905 ut
1995 2851 2091 2921 qui

489 2937 634 2995 nihil
660 2944 872 3007 contra,
927 2946 1137 3012 praeter
1164 2940 1419 2995 inﬁrmos
1453 2939 1725 3011 quosdam
1769 2956 1835 2994 ac
1879 2938 2088 2994 nullius

488 3029 762 3085 momenti
785 3031 1190 3096 sermunculos,
1218 3030 1418 3085 afferre
1437 3034 1681 3101 possent.
1703 3030 1777 3083 At
1796 3045 1923 3083 vero
1939 3028 2086 3099 regis

487 3117 637 3177 ﬁlius
664 3119 867 3192 spiritu
896 3119 1403 3192 exsultabat,atque
1423 3119 1587 3174 hilari
1602 3119 1758 3174 vultu
1785 3118 2083 3174 Dominum

483 3298 544 3354 in
564 3297 730 3355 rebus
760 3300 1036 3372 perplexis
1058 3306 1116 3355 et
1134 3299 1418 3372 impeditis
1471 3298 1681 3354 exitum
1724 3299 1840 3365 dat,
1875 3299 2082 3371 quique

484 3388 655 3444 etiam
675 3405 775 3461 per
804 3388 1096 3444 inimicum
1126 3394 1184 3444 et
1206 3388 1424 3444 hostem
1453 3388 1746 3444 veritatem
1785 3387 2081 3442 conﬁrma-

482 3474 597 3540 bat,
629 3477 1017 3551 efﬁciebatque
1040 3485 1103 3534 ut
1125 3484 1183 3533 et
1201 3478 1297 3550 qui
1321 3477 1528 3533 erroris
1547 3477 1933 3549 antesignatus
1962 3481 2085 3531 erat

484 3571 651 3622 recta:
680 3566 946 3624 doctrina;
978 3574 1277 3639 patronum
1302 3584 1360 3622 se
1390 3566 1682 3639 praeberet.

552 3657 671 3713 Rex
691 3674 878 3729 porro,
908 3658 1162 3730 quamvis
1200 3657 1411 3729 alioqui
1449 3656 1692 3712 Nachori
1721 3657 2083 3712 vehementer

481 3747 840 3814 irasceretur,
861 3748 1017 3804 nullo
1044 3753 1238 3803 tamen
1268 3764 1398 3802 eum
1428 3748 1578 3802 malo
1598 3747 1819 3802 afﬁcere
1873 3748 2076 3818 potuit,

479 3842 781 3911 propterea
823 3838 971 3911 quod
1015 3839 1136 3909 lege
1180 3854 1368 3893 coram
1399 3836 1660 3893 omnibus
1688 3842 1819 3892 ante
1838 3839 2082 3909 promul-

480 3933 632 3997 gata,
666 3928 718 3982 ei
756 3944 857 4000 pro
888 3927 1222 3983 Christianis
1250 3927 1425 3983 libere
1462 3927 1630 3983 verba
1668 3926 1848 3982 facere
1878 3928 2082 4000 permi-

483 4017 667 4072 sisset.
725 4018 1002 4073 Ceeterum
1039 4018 1162 4090 ipse
1205 4034 1452 4089 perempe
1504 4017 1855 4073 sermonibus
1903 4017 2080 4089 ipsius

486 4103 798 4170 obluctans,
832 4122 961 4161 eum
990 4123 1090 4178 per
1117 4107 1279 4177 signa
1326 4107 1581 4177 quaedam
1630 4106 1985 4172 admonebat,
2017 4112 2079 4162 ut

484 4193 641 4250 illam
681 4195 968 4268 pugnandi
1014 4195 1377 4250 acrimoniam
1407 4197 1743 4263 remitteret,
1768 4201 1938 4268 atque
1958 4196 2082 4251 rhe-

484 4289 673 4341 torum
694 4285 1061 4358 disputationi
1083 4302 1284 4341 manus
1296 4286 1475 4340 daret.
1496 4288 1568 4341 At
1587 4286 1680 4340 ille
1694 4286 2081 4341 vehementius

483 4374 877 4443 invalescebat,
935 4392 1129 4431 omnes
1161 4375 1410 4448 ipsorum
1458 4374 1866 4447 propositiones
1913 4381 2081 4446 atque

2184 1966 2278 2003 eas
2292 1950 2602 2005 clarissima
2614 1951 2704 2004 die
2717 1951 2888 2005 oculis
2901 1950 3039 2005 meis
3057 1949 3316 2005 tenebras
3326 1948 3419 2018 obj
3427 1952 3637 2001 ecturos
3646 1957 3737 1996 esse

2182 2044 2247 2093 ut
2275 2057 2375 2111 pro
2401 2057 2499 2095 ove
2527 2041 2724 2112 lupum
2747 2040 3290 2112 acciperem.Verum
3317 2054 3433 2092 non
3456 2035 3553 2090 abs
3574 2047 3736 2104 repro-

2180 2128 2369 2184 verbio
2389 2130 2586 2197 fertur,
2647 2131 2757 2185 Cor
2782 2130 2938 2185 stulti
2970 2146 3115 2184 vana
3143 2129 3413 2200 cogitare.
3448 2128 3623 2196 Atque
3649 2122 3735 2175 haec

2180 2220 2405 2291 quidem
2438 2221 2702 2292 cogitatio
2732 2226 2787 2276 et
2843 2221 3137 2276 consilium
3182 2225 3435 2274 vestrum
3484 2214 3735 2271 rancidum

2178 2328 2314 2365 sane
2342 2328 2407 2365 ac
2433 2328 2662 2383 prorsus
2680 2310 2943 2365 stolidum
2966 2315 3251 2381 erat,opus
3271 2315 3465 2363 autem
3495 2304 3632 2378 quod
3646 2304 3736 2373 ipse

2179 2400 2362 2473 egisti,
2405 2402 2557 2457 omni
2606 2402 2904 2474 prudentia
2944 2408 2999 2457 et
3054 2401 3357 2472 sagacitate
3404 2400 3625 2472 plenum
3653 2398 3731 2453 est,

2177 2495 2238 2557 3
2254 2498 2288 2556 Ι
2303 2495 2369 2555 0
2395 2510 2459 2547 ac
2487 2499 2783 2565 pr0pterea
2800 2492 3003 2564 gaude.
3028 2493 3269 2554 Nachor,
3302 2497 3361 2546 et
3391 2490 3623 2545 exsulta.

2246 2583 2451 2638 Multas
2480 2584 2631 2639 enim
2658 2583 2759 2638 tibi
2783 2584 2887 2638 hoc
2917 2583 3142 2638 nomine
3156 2583 3371 2654 gratias
3396 2581 3592 2643 habeo,
3619 2576 3735 2650 quod

2174 2674 2426 2729 veritatis
2456 2675 2829 2746 patrocinium
2849 2675 3119 2729 hodierno
3164 2673 3253 2727 die
3310 2670 3621 2744 suscepisti,
3660 2683 3735 2721 nec

2175 2764 2459 2819 sceleratis
2488 2764 2671 2819 verbis
2723 2782 2788 2819 ac
2833 2769 3058 2819 versuta
3106 2763 3471 2818 simulatione
3499 2760 3639 2815 labia
3662 2762 3737 2811 tua

2172 2853 2565 2909 contaminasti
2587 2873 2600 2921 ;
2628 2854 2765 2926 quin
2784 2854 2969 2926 potius
2989 2871 3055 2909 ea
3074 2852 3266 2908 multis
3293 2850 3557 2906 sordibus
3576 2862 3736 2919 expur-

2170 2943 2336 3014 gasti,
2368 2943 2638 2999 falsorum
2678 2944 2948 2999 nimirum
2978 2943 3208 2999 deorum
3239 2958 3434 2997 errore
3462 2938 3732 2997 confutata,
3822 3002 3823 3017 χ

2168 3039 2336 3104 atque
2354 3034 2802 3088 Christianorum
2818 3034 3146 3105 dogmatum
3164 3032 3398 3087 veritate
3418 3031 3733 3086 conﬁrmata.
3822 3086 3823 3101 χ

2168 3122 2282 3193 Ego
2311 3140 2440 3178 vero
2468 3123 2676 3194 duplici
2706 3123 2775 3178 de
2794 3140 2981 3188 causa,
3000 3128 3063 3178 ut
3089 3129 3146 3178 te
3171 3139 3391 3177 mecum
3408 3122 3733 3184 adducerem,
3822 3124 3823 3143 ‘

486 3208 926 3283 celebrabat,qui
945 3209 1015 3265 iis
1035 3227 1274 3282 quorum
1296 3209 1501 3265 ﬁducia
1519 3208 1580 3264 in
1613 3210 1734 3280 ipso
1764 3209 1948 3281 posita
1975 3214 2079 3273 est,
2103 3213 2144 3275 C
2165 3229 2393 3283 operam
2422 3212 2860 3278 dedi;altera,ne
2890 3217 2945 3267 te
2972 3230 3066 3268 rex
3097 3213 3354 3284 privatim
3375 3217 3596 3276 tenens,
3626 3228 3732 3281 sup-
3822 3274 3823 3293 χ

2164 3302 2330 3373 plicio
2359 3301 2929 3375 afﬁceret,propterea
2938 3302 3081 3375 quod
3105 3320 3216 3359 non
3238 3320 3305 3358 ea
3323 3320 3388 3358 es
3408 3304 3625 3359 locutus
3637 3316 3731 3373 quae

2164 3390 2271 3462 ipsi
2300 3396 2465 3462 grata
2493 3397 2717 3460 essent;
2751 3393 2931 3447 altera
2954 3399 3019 3447 ut
3062 3393 3332 3447 hodierno
3360 3398 3466 3449 tuo
3492 3390 3729 3448 beneﬁcio

2163 3480 2403 3551 gratiam
2424 3481 2526 3536 tibi
2556 3482 2879 3553 rependam.
2897 3483 3151 3547 Quonam
3181 3490 3370 3538 autem
3402 3483 3627 3539 tandem
3651 3496 3729 3552 pa-

2165 3575 2254 3624 cto
2279 3570 2471 3625 istud?
2500 3570 2778 3627 Nimirum
2800 3578 2855 3627 te
2875 3571 3201 3635 admonens,
3230 3579 3295 3627 ut
3324 3589 3358 3627 a
3387 3590 3565 3645 prava
3591 3578 3642 3626 et
3662 3586 3733 3642 pe-

2164 3658 2407 3714 riculosa
2435 3660 2540 3715 hac
2565 3660 2681 3727 via,
2713 3678 2880 3733 quam
2912 3662 2979 3716 ad
3008 3662 3160 3717 hunc
3186 3678 3364 3734 usque
3395 3663 3551 3717 diem
3579 3658 3731 3716 tenui-

2164 3748 2255 3813 sti,
2289 3750 2542 3811 deﬁecta,
2575 3767 2641 3805 ac
2659 3756 2867 3805 rectam
2889 3756 2947 3805 et
2969 3752 3273 3806 salutarem
3294 3752 3559 3807 semitam
3579 3753 3732 3821 ingre-
3822 3820 3823 3827 γ

2163 3836 2332 3894 diaris
2360 3857 2371 3893 :
2399 3856 2566 3911 quam
2596 3840 2819 3911 quidem
2849 3857 2962 3895 non
2982 3841 3267 3913 ignorans.
3292 3841 3389 3896 sed
3422 3846 3619 3914 sponte
3641 3854 3731 3893 ma-

2161 3929 2279 3984 lum
2303 3930 2664 4001 amplectens,
2697 3931 2958 4002 effugisti,
2984 3930 3379 4003 in,iniquitatis
3407 3931 3667 3987 baratbra
3691 3934 3732 3982 et
3822 3958 3823 3977 ι

2162 4018 2719 4092 praecipitiateipsum
2736 4020 3048 4092 impellens.
3072 4021 3327 4092 Intellige
3356 4022 3570 4093 itaque,
3593 4038 3623 4075 ο
3642 4020 3735 4074 Na-
3822 4066 3823 4081 ,

2162 4108 2315 4173 chor,
2339 4126 2466 4164 cum
2493 4110 2738 4181 prudens
2762 4116 2819 4165 et
2844 4127 3014 4182 sagax
3042 4111 3138 4175 sis,
3170 4128 3235 4166 ac
3264 4111 3554 4166 Christum
3579 4109 3735 4165 solum

2162 4204 2220 4254 et
2247 4198 2419 4254 vitam
2447 4200 2596 4271 apud
2618 4200 2802 4271 ipsum
2832 4199 3148 4255 abstrusam
3174 4201 3414 4256 elucrari
3447 4200 3625 4262 stude,
3647 4200 3734 4251 ﬂu-

2162 4287 2245 4343 xis
2266 4289 2353 4344 his
2382 4295 2436 4344 et
2457 4289 2680 4344 caducis
2708 4290 3043 4362 contemptis
3082 4308 3145 4346 ac
3199 4307 3298 4361 pro
3328 4290 3509 4346 nihilo
3533 4287 3732 4345 habitis.

2163 4378 2288 4433 Non
2317 4378 2467 4433 enim
2496 4379 2554 4434 in
2583 4385 2855 4435 aeternum
2876 4380 3022 4435 vives
3053 4399 3067 4448 ;
3098 4380 3347 4446 sed,cum
3382 4379 3631 4435 mortalis
3655 4377 3732 4439 sis,

484 4471 819 4538 argumenta
872 4466 1142 4533 refutans,
1194 4466 1533 4537 errorisque,
1581 4482 1692 4537 quo
1721 4465 2077 4533 tenebantur,
2096 4462 2145 4522 D
2157 4468 2279 4536 jam
2295 4469 2667 4540 jamquehinc
2682 4468 2979 4525 habiturus
2992 4470 3557 4542 es,quemadmodum
3576 4473 3629 4523 et
3642 4481 3737 4521 om-

483 4555 740 4613 fraudem
768 4573 836 4613 ac
863 4556 1141 4612 fallaciam
1170 4556 1456 4628 detegens.
1509 4556 1652 4611 Cum
1699 4561 1889 4611 autem
1939 4572 2081 4627 pene

485 4646 559 4702 ad
585 4661 878 4720 vesperam
906 4664 1088 4720 usque
1116 4646 1425 4719 disputatio
1446 4645 1718 4718 producta
1737 4645 1952 4713 fuisset,
1985 4662 2082 4700 rex

484 4736 810 4797 concionem
847 4737 985 4793 solvi
1009 4738 1201 4810 jussit,
1234 4741 1508 4808 tanquam
1554 4735 1765 4792 scilicet
1811 4735 2080 4808 postridie

486 4841 714 4884 rursum
732 4827 801 4883 de
826 4827 932 4883 hac
959 4844 1021 4882 re
1049 4828 1253 4899 agitari
1281 4827 1469 4882 vellet.

555 4914 830 4989 Josaphat
839 4923 1031 4974 autem
1044 4934 1235 4989 regem
1249 4917 1331 4973 ita
1340 4922 1426 4973 est
1437 4915 2083 4989 allocutuszUtprimoju-

487 5005 775 5063 steomnia
783 5006 905 5078 geri
915 5006 1196 5078 jussisti,o
1215 5006 1659 5079 rex,itajustitim
1669 5022 1891 5079 quoque
1908 5007 2080 5063 ﬁnem

474 5098 731 5171 impone,
752 5096 994 5153 duorum
1009 5096 1251 5152 alterum
1270 5096 1707 5168 faciens,nempe
1726 5101 1789 5152 ut
1810 5096 1897 5151 vel
1909 5096 2083 5167 magi-

482 5194 667 5260 atrum
684 5203 874 5245 meum
887 5186 994 5242 hac
1004 5191 1166 5241 nocte
1184 5202 1405 5242 mecum
1422 5203 1651 5243 manere
1678 5187 1993 5259 permittas,
2016 5191 2083 5242 ut

482 5279 555 5351 de
572 5279 661 5335 bis
688 5277 855 5334 rebus
879 5277 949 5333 de
977 5276 1180 5350 quibus
1206 5277 1453 5334 crastina
1480 5277 1572 5333 die
1602 5293 1729 5333 cum
1752 5278 1821 5332 iis
1853 5277 1946 5349 qui
1977 5294 2079 5333 nos

482 5368 631 5427 bello
650 5368 927 5426 lacessent
963 5366 1135 5424 verba
1146 5367 1401 5424 facienda
1416 5373 1550 5424 sunt
1562 5383 1677 5424 una
1694 5367 2074 5439 dispiciamus,

480 5474 550 5514 ac
575 5464 640 5514 tu
660 5459 797 5515 item
810 5465 946 5521 tuos
961 5474 1274 5518 assumens.
1298 5457 1575 5513 arbitratu
1590 5464 1689 5514 tuo
1717 5473 1847 5513 cum
1870 5457 1982 5513 illis
2012 5473 2080 5512 ea

478 5563 607 5618 quae
633 5548 693 5604 in
720 5564 844 5604 rem
863 5548 1062 5605 futura
1089 5547 1430 5607 videbuntur
1451 5547 1777 5616 mediter-is;
1822 5552 1923 5603 aut
1948 5552 2077 5604 tuos

482 5635 623 5693 mihi
649 5635 756 5705 hoc
788 5643 957 5695 nocte
999 5637 1331 5709 concedens,
1347 5653 1540 5694 meum
1572 5638 1780 5710 accipe.
1838 5636 2001 5703 Quod
2026 5637 2077 5695 si

483 5725 711 5798 utrique
729 5725 882 5799 apud
902 5731 961 5783 te
985 5726 1118 5795 sint,
1136 5742 1297 5784 meus
1324 5727 1598 5788 nimirum
1611 5726 1672 5785 in
1690 5726 1991 5787 afflictione
2020 5733 2079 5791 et

2164 4557 2388 4629 nes,qui
2411 4563 2607 4613 antete
2624 4559 2975 4615 exstiterunt.
3001 4561 3205 4631 Atque,
3225 4576 3257 4614 ο
3272 4563 3328 4615 te
3346 4558 3617 4615 miserum
3647 4556 3658 4609 !
3679 4554 3730 4615 si.

2163 4644 2257 4700 ubi
2270 4646 2486 4717 justum
2506 4647 2900 4719 judicium,acj
2908 4654 3032 4703 usta
3052 4664 3280 4720 operum
3295 4665 3514 4704 merces
3530 4652 3735 4717 θείηςπ-

2160 4756 2285 4795 vem
2304 4736 2514 4811 peccati
2543 4737 2818 4793 sarcinam
2837 4743 3025 4794 tecum
3051 4738 3235 4793 ferens
3261 4736 3453 4803 abeas,
3488 4753 3591 4793 nec
3633 4747 3735 4789 eam

2160 4829 2320 4901 prius
2349 4827 2639 4899 abjeceris,
2667 4844 2794 4883 cum
2822 4827 3064 4900 abjicere
3088 4827 3327 4900 proclive
3348 4828 3444 4882 sit.

2232 4920 2284 4974 N
2286 4919 2456 4975 achor
2467 4918 2658 4991 itaque
2675 4916 2745 4973 ob
2763 4918 3086 4990 hujusmodi
3099 4934 3385 4974 sermones
3408 4917 3599 4989 animo
3613 4929 3736 4969 com-

2163 5015 2422 5082 punctus,
2458 5008 2547 5064 his
2573 5007 2754 5064 verbis
2785 5024 2923 5065 usus
2950 5013 3038 5064 est
3066 5026 3078 5062 :
3132 5007 3302 5064 Recte
3331 5007 3550 5074 dixisti,
3570 5022 3609 5075 ,o
3628 5019 3731 5066 rex,

2161 5105 2312 5155 recte
2330 5099 2563 5172 inquam
2609 5100 2754 5154 Nam
2784 5098 2905 5172 ipse
2939 5112 3163 5170 quoque
3207 5114 3397 5153 verum
3428 5102 3488 5152 et
3516 5091 3735 5167 abnmni

2161 5188 2451 5244 mendacio
2504 5186 2751 5242 alienum
2802 5186 3002 5251 Deum,
3041 5202 3142 5257 per
3172 5202 3336 5258 quem
3388 5184 3584 5240 omnia
3609 5182 3735 5237 facta

2160 5284 2314 5343 sunt,
2345 5277 2471 5333 novi
2507 5295 2520 5345 ;
2552 5282 2721 5349 atque
2749 5276 2887 5331 item
2928 5276 3182 5331 futurum
3215 5274 3496 5346 judicium
3518 5274 3647 5337 scio,
3682 5285 3733 5323 ex

2160 5368 2355 5423 multis
2384 5364 2642 5421 videlicet
2688 5365 2990 5438 Scriptura:
3013 5380 3187 5419 sacrae
3214 5363 3394 5417 verbis
3425 5363 3483 5417 id
3503 5362 3729 5422 edoctus,

2159 5474 2350 5513 verum
2378 5455 3012 5529 improbaconsuetudo,
3038 5460 3206 5525 atque
3236 5452 3454 5525 antiqui
3494 5450 3734 5524 supplan-

2156 5548 2359 5604 tatoris
2371 5546 2623 5602 versutia
2635 5544 2819 5602 cordis
2830 5544 2942 5601 mei
2962 5544 3152 5600 oculos
3162 5543 3402 5603 caecavit,
3440 5542 3732 5611 densasque

2158 5635 2347 5694 animo
2376 5651 2502 5693 meo
2531 5633 2792 5704 tenebras
2806 5633 3023 5692 offudit.
3047 5633 3209 5690 Nunc
3226 5637 3415 5690 autem
3431 5630 3506 5688 ad
3519 5628 3731 5686 verbum

2156 5732 2320 5789 tuum
2342 5725 2432 5801 abj
2439 5731 2560 5785 ecto
2572 5723 2867 5784 tenebroso
2875 5722 3246 5794 velamine,“
3264 5722 3450 5780 vultus
3464 5716 3729 5781 Dominici
