3868 6396
82 375 168 433 557

453 370 620 426 VITA
658 332 1099 424 SANCTORUM
1137 368 1483 423 BARLAAM
1520 366 1859 424 EREMITAE
1899 366 1987 420 ET
2023 364 2392 421 JOSAPHAT
2430 368 2650 424 INDIA‘I
2688 368 2921 426 REGIS.

3222 373 3327 433 558

82 505 239 555 lucem
269 512 585 552 accurram:
619 493 856 547 fortasse
906 494 1057 548 enim
1108 495 1219 547 mei
1260 492 1994 564 miserebitur,Aexposcit.
2051 492 2319 547 Sacerdos
2374 493 2583 565 itaque,
2655 500 2849 567 utpote
2896 496 3084 554 divina
3133 490 3324 571 gratia

79 587 501 662 poenitentizeque
517 586 752 655 januam
771 583 909 636 mihi
922 582 1176 653 improbo
1195 600 1259 636 ac
1276 583 1469 637 rebelli
1491 600 1649 638 servo

80 677 287 749 aperiet.
319 677 648 744 Quanquam
680 671 822 725 mihi
852 672 973 724 ﬁeri
1002 688 1116 725 non
1155 689 1315 741 posse
1338 673 1559 726 videtur
1587 676 1651 726 ut

82 772 403 837 peccatorum
434 778 709 827 meorum,
746 778 869 831 quze
902 778 1073 815 arena
1101 762 1363 829 graviora
1396 767 1549 826 sunt,
1593 766 1650 815 ct

81 872 249 909 eorum
275 871 393 924 qum
411 858 533 906 tum
559 850 739 905 sciens
765 856 886 905 tum
908 850 1175 920 ignorans
1205 851 1538 922 perpetravi,
1563 867 1649 905 ve-

88 946 215 997 niam
236 942 530 996 obtineam.
618 958 623 965 ν

140 1034 244 1087 Hac
273 1031 519 1085 oratione
552 1029 763 1095 audita,
792 1028 941 1099 regis
970 1028 1119 1082 ﬁlius
1149 1029 1341 1082 statim
1376 1029 1645 1098 exsurgit,

79 1130 225 1192 atque
244 1121 426 1174 animo
451 1119 754 1183 incalescit,
778 1118 1144 1188 animumque
1165 1118 1437 1172 Nachoris
1458 1117 1528 1172 ad
1558 1118 1650 1171 de-

82 1210 425 1282 sperationem
442 1209 881 1279 propendentem
897 1223 1229 1278 recuperare
1249 1214 1419 1277 atque
1431 1208 1647 1277 erigere

80 1301 266 1371 incipit.
303 1298 470 1353 Nulla
492 1297 661 1363 enim,
706 1314 737 1351 o
767 1297 1009 1362 Nachor,
1044 1296 1246 1366 inquit,
1274 1297 1428 1351 nulla
1457 1296 1526 1350 de
1546 1297 1650 1351 hac

79 1408 127 1443 re
173 1387 433 1442 dubitatio
483 1387 733 1441 animum
781 1391 941 1441 tuum
982 1385 1197 1440 subeat.
1241 1386 1520 1456 Scriptum
1567 1391 1651 1440 est

79 1480 187 1532 enin
207 1479 385 1548 (Joan.
409 1480 531 1545 vni)
564 1493 726 1547 posse
748 1477 927 1530 Deum
949 1476 1117 1530 etiam
1158 1492 1225 1531 ex
1256 1475 1343 1529 his
1372 1475 1650 1546 lapidibus

78 1568 289 1621 excitare
311 1565 454 1619 ﬁlios
476 1565 735 1619 Abrahae.
755 1565 914 1629 Quod
936 1565 1187 1635 quidem,
1208 1571 1273 1619 ut
1291 1564 1477 1619 aiebat
1490 1570 1652 1635 pater

80 1657 329 1721 Barlaam,
353 1655 486 1726 quid
507 1654 659 1709 aliud
682 1660 784 1720 est,
812 1671 979 1725 quam
1012 1654 1160 1725 quod
1187 1654 1443 1709 homines
1464 1654 1651 1725 deplo-

79 1751 194 1800 ratae
213 1744 580 1816 improbitatis
592 1750 761 1815 atque
775 1743 930 1798 omni
950 1743 1266 1815 iniquitatis
1286 1760 1491 1813 genere
1514 1760 1646 1798 con-

80 1834 309 1888 taminati
339 1835 580 1889 salutem
620 1832 883 1904 consequi
913 1833 1147 1904 possint,
1187 1832 1506 1903 Christique
1546 1832 1644 1887 ﬁlii

1733 583 1953 652 plenus,
1987 582 2275 651 ingentem
2307 582 2493 637 animo
2522 584 2866 655 voluptatem
2898 588 3063 658 cepit,
3083 604 3327 661 eumque

1743 671 2055 735 confestim,
2082 676 2147 724 ut
2179 688 2299 726 mos
2343 672 2576 739 ferebat,
2625 690 2725 743 per
2742 672 2881 729 'dies
2923 676 3071 732 haud
3116 694 3325 749 paucos

1735 760 2063 814 Christianae
2085 760 2538 815 ﬁderudimentis
2557 761 2903 830 institutum,
2924 765 3111 821 divino
3132 772 3200 833 3
3213 775 3247 832 Ι
3274 773 3317 833 ι

1732 847 2066 918 baptismate
2095 849 2311 920 perﬁcit
2337 850 2394 904 in
2424 851 2651 907 nomine
2680 853 2863 907 Patris
2883 860 2941 909 et
2968 855 3092 909 Filii
3122 861 3180 910 et
3199 856 3328 927 Spi-

1730 937 1873 991 ritus
1895 938 2074 991 sancti
2099 940 2292 1004 (Marc.
2322 942 2474 1008 ult).
2500 941 2710 995 Mansit
2736 947 2924 997 autem
2947 960 3075 998 cum
3102 944 3197 998 illo
3222 945 3332 1000 Na-

1729 1026 1880 1090 chor,
1917 1032 2190 1098 perpetua
2217 1026 2286 1081 ob
2316 1045 2382 1081 ea
2411 1035 2641 1099 peccata
2671 1048 2794 1101 quae
2834 1038 3189 1104 perpetraret
3215 1050 3331 1105 pce-

1731 1115 1987 1170 nitudine
1998 1116 2217 1181 ductus,
2240 1118 2533 1189 Deumque
2554 1118 2904 1187 benedicens,
2931 1123 3027 1193 qui
3045 1123 3330 1181 neminem

1730 1205 1913 1276 perire
1929 1206 2265 1271 vult,verum
2277 1207 2529 1263 omnium
2542 1209 2987 1281 resipiscentiam
3015 1218 3318 1282 exspectat,

1731 1301 1901 1366 atque
1931 1312 2026 1349 eos
2055 1296 2151 1366 qui
2182 1296 2569 1366 pcenitentiam
2600 1286 3047 1368 agunthumane
3074 1318 3140 1356 ac
3169 1301 3331 1358 beniv

1729 1400 1839 1454 gne
1861 1384 2065 1455 excipit
2095 1386 2176 1452 (ΙΙ
2201 1387 2305 1439 Pet.
2334 1400 2397 1440 ΙΙΙ
2427 1388 2651 1449 ;Ezech.
2685 1397 2865 1459 XVIII).

1726 1464 1731 1467 ﬁ
1806 1474 1921 1530 Rex
1950 1480 2160 1540 autem,
2184 1492 2313 1529 cum
2333 1475 2403 1529 de
2433 1477 2704 1531 Nachoris
2734 1478 2903 1535 rebus
2931 1496 3097 1536 mane
3123 1482 3330 1539 certior

1731 1561 1910 1615 factus
1958 1561 2174 1629 fuisset,
2221 1580 2286 1617 ac
2325 1580 2423 1634 spe
2458 1581 2562 1618 sua
2603 1566 2918 1634 excidisset,
2963 1574 3019 1624 et
3056 1578 3328 1642 praeterea

1731 1649 2013 1720 sapientes
2052 1667 2181 1705 suos
2224 1668 2289 1705 ac
2333 1651 2565 1706 stolidos
2608 1660 2861 1710 oratores
2915 1658 3070 1712 nullo
3102 1660 3329 1730 negotio

1732 1745 2026 1809 superatos
2047 1739 2218 1794 fuisse
2237 1740 2702 1811 conspexisset,in
2724 1761 2927 1815 magna
2943 1747 3119 1802 animi
3134 1749 3330 1803 anxie-

1730 1832 1846 1882 tate
1863 1828 2216 1897 versabatur;
2246 1846 2471 1901 eosque,
2496 1847 2623 1886 cum
2643 1849 2841 1903 graves
2862 1836 3018 1906 prius
3035 1842 3329 1894 contume-

78 1923 217 1988 et‘ﬁci,
251 1924 339 1994 qui
363 1940 463 1994 pro
488 1940 592 1978 sua
611 1940 832 1978 summa
861 1928 917 1977 et
943 1921 1256 1976 incredibili
1288 1921 1637 1976 humanitate
1663 1891 1707 1950 B
1734 1915 1837 1971 lias
1855 1934 1920 1971 ac
1940 1917 2211 1973 dedecora
2244 1918 2381 1990 ipsis
2408 1920 2713 1988 intulisset,
2743 1940 2808 1978 ac
2833 1926 3136 1981 nonnullos
3155 1926 3330 1985 etiam

78 2012 304 2067 omnibus
326 2030 445 2067 sese
469 2014 541 2067 ad
566 2013 855 2067 meliorem
884 2012 1099 2081 frugem
1121 2012 1521 2083 recipientibus
1542 2028 1647 2066 coe-

81 2104 222 2156 lestes
236 2108 415 2173 portas
431 2102 697 2174 patefecit
716 2103 945 2173 ?Neque
962 2101 1110 2157 enim
1136 2101 1396 2172 cuiquam
1416 2101 1645 2157 omnino

77 2192 247 2245 salutis
266 2192 475 2246 aditum
499 2191 797 2263 praeclusit,
826 2207 1021 2245 verum
1061 2208 1156 2245 eos
1188 2208 1327 2261 quos
1358 2191 1640 2245 scelerum

78 2281 280 2351 poenitet
306 2281 654 2335 misericordi
681 2280 871 2335 animo
893 2280 1146 2351 suscipit;
1174 2278 1244 2334 ob
1257 2296 1494 2351 eamque
1515 2297 1644 2334 cau-

78 2386 178 2423 sam
202 2370 267 2424 iis
291 2371 383 2441 qui
412 2371 555 2424 hora
577 2370 777 2441 prima,
811 2375 867 2424 et
892 2369 1079 2436 tertia,
1114 2374 1353 2433 etsexta,
1388 2374 1445 2423 et
1470 2385 1637 2436 nona,

78 2472 126 2510 ei.
146 2460 421 2514 undecima
449 2460 524 2514 ad
562 2460 780 2514 vineam
813 2465 1188 2524 accesserunt,
1222 2474 1382 2527 aequa
1430 2475 1643 2513 merces

78 2548 391 2615 attribuitur,
415 2548 889 2621 quemadmodum
912 2548 1255 2618 Evangelicis
1276 2547 1497 2619 scriptis
1519 2564 1643 2619 pro-

78 2637 230 2691 ditum
260 2643 341 2692 est
369 2640 579 2703 (Matth.
612 2642 726 2703 xx).
759 2638 838 2693 Ac
868 2638 1101 2709 proinde
1132 2637 1354 2691 etiamsi
1380 2638 1452 2693 ad
1491 2638 1642 2693 hunc

79 2743 229 2797 usque
254 2728 395 2782 diem
423 2727 482 2781 in
510 2727 751 2799 peccatis
780 2727 1158 2791 consenueris,
1191 2732 1384 2781 tamen
1436 2728 1483 2781 si
1528 2727 1640 2781 fer-

80 2818 199 2869 venti
228 2817 690 2883 animoaccedas,
734 2817 931 2871 eadem
975 2834 1097 2887 quae
1129 2817 1169 2870 ii
1202 2817 1297 2887 qui
1346 2817 1414 2870 ab
1445 2817 1636 2871 adole-

78 2907 260 2961 scentia
304 2913 587 2962 certamen
634 2906 929 2961 subierunt
980 2905 1213 2976 praemia
1252 2906 1632 2976 consequeris.

82 2996 183 3049 Haec
209 3001 261 3050 et
287 2998 462 3052 multa
488 2996 601 3050 alia
630 3013 754 3051 cum
777 2995 1160 3049 divinissimus
1180 2995 1402 3065 juvenis
1430 2996 1499 3050 ad
1522 2996 1636 3050 Na-

75 3084 267 3140 chorem
285 3086 341 3140 in
368 3086 530 3141 malis
555 3087 924 3140 inveteratum
951 3085 1019 3137 de
1058 3085 1388 3155 pcenitentia
1416 3086 1635 3139 locutus

76 3173 261 3242 fuisset,
293 3175 509 3247 ipsique
539 3175 759 3229 veniam
791 3174 1199 3245 spopondisset,
1237 3174 1636 3245 Christumque

76 3262 260 3317 facilem
287 3282 349 3319 ac
377 3265 683 3336 propitium
711 3264 819 3335 ipsi
847 3263 964 3317 fore
994 3262 1360 3333 promisisset,
1386 3263 1635 3334 illudque

76 3369 157 3419 pro
181 3361 319 3409 certo
347 3356 700 3418 atﬁrmasset,
727 3370 854 3407 eum
878 3369 977 3423 pro
1006 3369 1109 3406 sua
1134 3352 1384 3406 bonitate
1413 3369 1635 3423 semper

76 3444 346 3510 peccatoris
395 3443 787 3516 paenitentiam
844 3442 1124 3513 suscipere
1175 3447 1436 3512 paratum
1489 3458 1630 3507 esse,

73 3547 250 3600 nigram
272 3533 445 3605 ipsius
475 3533 744 3598 animam,
777 3537 1051 3603 tanquam
1073 3530 1497 3586 medicamentis
1517 3531 1637 3601 qui-

75 3618 277 3676 busdam
306 3623 613 3689 emolliens,
634 3623 817 3694 ipsum
841 3638 1072 3693 prorsus
1090 3621 1149 3674 in
1170 3620 1469 3676 sanitatem
1490 3637 1638 3675 asse-

74 3710 185 3764 ruit.

131 3801 314 3856 Statim
343 3802 492 3857 enim
513 3800 585 3855 ad
618 3818 747 3856 eum
776 3800 999 3855 Nachor
1028 3799 1197 3853 dixit:
1225 3800 1308 3853 Tu
1337 3798 1583 3869 quidem,
1604 3817 1636 3853 ο

73 3889 233 3945 animo
260 3891 424 3946 etiam
457 3907 629 3963 quam
651 3906 884 3961 corpore
904 3888 1163 3955 nobilior,
1181 3887 1278 3958 qui
1295 3887 1637 3942 admirabili-

72 3975 157 4031 bus
174 3979 253 4034 his
281 3981 563 4054 mysteriis
582 3981 847 4053 praeclare
866 3978 1118 4034 imbutus
1138 3995 1217 4045 es,
1233 3978 1303 4032 ad
1323 3983 1634 4033 extremum

73 4083 224 4139 usque
250 4070 306 4125 in
334 4072 604 4143 praeclara
630 4069 976 4125 confessione
1006 4068 1170 4123 velim
1216 4084 1447 4122 maneas
1476 4111 1488 4134 ,
1530 4085 1635 4122 nec

74 4173 174 4211 eam
200 4167 293 4215 aut
318 4163 495 4217 ullum
546 4167 786 4231 tempus,
820 4164 919 4214 aut
953 4158 1099 4217 ullus
1122 4157 1324 4213 modus
1350 4174 1380 4210 e
1407 4162 1506 4211 tuo
1535 4174 1632 4228 pe-

72 4251 199 4303 ctore
224 4251 434 4306 evellat.
470 4252 587 4322 Ego
617 4255 807 4305 autem
836 4248 941 4303 hac
962 4248 1093 4319 ipsa
1122 4247 1265 4309 hora
1287 4246 1629 4317 proﬁciscar,

74 4342 123 4387 ut
141 4338 359 4395 salutem
391 4358 577 4396 meam
601 4356 869 4411 quaeram,
884 4337 1138 4407 mihique
1150 4337 1348 4401 Deum,
1373 4353 1539 4406 quem
1560 4336 1631 4397 ad

73 4423 188 4481 iram
214 4431 515 4500 provocavi,
541 4446 644 4502 per
656 4427 1043 4502 paenitentiam
1075 4425 1380 4497 prepitium
1412 4443 1477 4480 ac
1503 4425 1630 4480 faci-

74 4513 160 4603 lem
180 4499 418 4575 reddam.
452 4499 578 4575 Non
602 4499 751 4573 enim
781 4499 1033 4589 posthac,
1072 4515 1182 4569 nisi
1210 4514 1314 4570 tibi
1351 4515 1517 4571 aliter
1546 4515 1690 4603 vi-D

71 4602 406 4681 deatur,regis
426 4608 629 4665 faciem
645 4606 982 4679 conspiciam
993 4605 1233 4675 .Ingenti
1248 4610 1439 4663 autem
1453 4605 1629 4669 animi

71 4690 236 4751 laetitia
252 4699 475 4755 eﬁ'ectus
497 4698 647 4769 regis
667 4696 1012 4767 ﬁlius,atque
1034 4695 1189 4757 hunc
1218 4710 1535 4750 sermonem
1558 4694 1629 4748 li-

71 4778 237 4839 benter
250 4788 545 4860 excipiens,
567 4787 756 4859 ipsum
771 4784 1160 4856 complectitur
1178 4789 1235 4838 et
1254 4783 1622 4849 exosculatur,

69 4873 372 4947 attortisque
404 4876 477 4932 ad
513 4876 693 4933 Deum
718 4874 857 4933 fusis
898 4871 1174 4946 precibus,
1200 4888 1330 4935 eum
1360 4888 1390 4926 e
1416 4871 1627 4943 palatio

69 4964 263 5019 emittit.
1302 5030 1305 5033 γ

128 5049 376 5122 Egressus
420 5060 619 5135 auten;
650 5055 895 5121 Nachor,
944 5054 1137 5111 animo
1164 5056 1532 5124 compunctus
1564 5051 1627 5106 in

68 5134 422 5200 densissimam
434 5133 801 5201 solitudinem
823 5143 969 5199 cervi
991 5144 1170 5198 instar
1189 5142 1625 5214 pros_iliit,atque

66 5224 112 5280 in
137 5234 372 5289 monachi
396 5234 708 5306 cujusdam,
735 5235 830 5306 qui
846 5232 1145 5290 sacerdotii
1167 5232 1442 5304 dignitate
1465 5248 1626 5286 orna-

68 5319 143 5371 tus
167 5329 293 5388 erat,
332 5324 655 5395 speluncam
681 5341 740 5379 se
782 5323 997 5379 confert
1025 5323 1083 5376 in
1124 5339 1236 5394 qua
1269 5322 1361 5377 ille
1396 5325 1629 5393 propter

68 5403 416 5468 imminentem
439 5418 653 5469 metum
683 5412 1062 5469 delitescebat.
1085 5414 1271 5483 Atque
1289 5418 1417 5467 ante
1441 5411 1627 5484 ipsum

68 5492 435 5558 ferventissimo
457 5508 681 5575 pectore
709 5502 866 5560 humi
883 5519 1007 5563 sese
1029 5501 1318 5574 provolvit,
1337 5500 1624 5573 ipsiusque

67 5585 225 5657 ludes,
245 5590 421 5648 instar
446 5591 703 5649 videlicet
728 5592 933 5649 veteris
958 5591 1110 5648 illius
1127 5590 1436 5647 meretricis
1456 5593 1627 5659 (Lucas

68 5673 169 5745 Vn),
216 5676 469 5754 lacrymis
528 5681 830 5754 perfundit,
873 5696 938 5737 ac
983 5680 1236 5737 divinum
1280 5678 1625 5752 baptismum

1731 2004 1954 2061 bubulis
1985 2008 2170 2062 nervis
2198 2013 2445 2064 atrocem
2472 2010 2533 2064 in
2562 2011 2791 2067 modum
2820 2013 3142 2083 lacerasset,
3174 2016 3329 2088 ipso-

1728 2112 1972 2167 rumque
1987 2097 2176 2152 oculos
2192 2098 2427 2168 fuligine
2440 2099 2726 2168 illevisset,
2752 2118 2788 2156 a
2805 2120 2864 2157 se
2879 2103 3176 2175 ablegavit.
3199 2106 3327 2178 Ipse

1724 2190 1917 2240 autem
1942 2186 2209 2242 falsorum
2231 2187 2467 2243 deorum
2488 2188 2926 2247 imbecillitatem
2949 2193 3220 2249 damnare
3245 2194 3330 2249 in-

1726 2275 2141 2346 coepit,ctiamsi
2152 2276 2362 2349 alioqui
2384 2278 2639 2333 nondum
2656 2279 2729 2334 ad
2744 2281 2955 2337 Christi
2966 2282 3149 2338 lucem
3164 2283 3329 2355 plene

1725 2381 1790 2418 ac
1820 2365 2062 2436 perfecte
2099 2366 2288 2420 oculos
2323 2368 2600 2439 conjicere
2637 2369 2697 2424 in
2724 2370 2979 2427 animum
3006 2372 3322 2429 induceret.

1728 2453 1949 2508 Etenim
1975 2455 2148 2509 densa
2179 2455 2435 2526 caliginis
2474 2456 2655 2513 nubes
2696 2459 2805 2531 ipsi
2852 2461 3100 2532 undique
3146 2462 3328 2518 affusa

1725 2542 1907 2599 cordis
1934 2544 2113 2615 ipsius
2143 2546 2330 2601 oculos
2371 2546 2555 2600 adhuc
2602 2547 2851 2603 tenebat.
2885 2550 3165 2607 Caterum
3210 2566 3326 2608 non

1719 2633 1840 2702 jam
1864 2634 2180 2701 sacerdotes
2207 2651 2337 2689 suos
2356 2634 2418 2689 in
2444 2636 2716 2691 honorem
2747 2638 3012 2707 habebat;
3046 2656 3148 2695 nec
3179 2639 3326 2699 festa

1726 2728 1783 2775 et
1802 2722 2072 2777 libamina
2093 2723 2408 2778 simulacris
2428 2725 2546 2779 suis
2566 2728 2891 2798 peragebat,
2919 2744 3116 2785 verum
3137 2730 3329 2787 animo

1724 2811 1783 2865 in
1809 2817 2107 2883 utramque
2137 2820 2356 2884 partem
2380 2814 2674 2870 vacillabat
2697 2835 2711 2871 :
2737 2817 2871 2872 hinc
2898 2818 3173 2875 nimirum
3201 2819 3332 2875 deo-

1722 2918 1849 2955 rum
1878 2918 2110 2956 suorum
2131 2902 2573 2959 imbecillitatem
2588 2904 2937 2978 improbans,
2962 2909 3117 2964 illinc
3135 2913 3328 2965 autem

1722 2990 2065 3061 Evangelicm
2086 2992 2210 3047 vitae
2221 2992 2604 3048 sinceritatem
2623 2996 2894 3052 reformid
2907 3013 3027 3064 ans,
3044 3013 3328 3069 pravaque

1720 3080 2124 3135 consuetudine
2142 3081 2224 3136 ita
2251 3082 2605 3150 constrictus,
2626 3089 2689 3139 ut
2709 3083 2778 3139 ab
2799 3102 2867 3139 ea
2892 3086 2980 3140 vix
3004 3086 3169 3141 avelli
3195 3102 3329 3158 pos-

1720 3174 1822 3222 set.
1845 3169 2130 3241 Siquidem
2155 3187 2549 3241 corporearum
2568 3173 2923 3245 voluptatum
2938 3176 3195 3231 servituti
3213 3191 3332 3231 ma-

1715 3261 1900 3328 jorem
1925 3258 1984 3312 in
2004 3258 2234 3314 modum
2271 3260 2528 3315 addictus
2550 3268 2690 3329 erat,
2716 3263 3047 3336 vitiosisque
3076 3264 3326 3319 affectio-

1720 3347 1884 3402 nibus
1912 3364 2141 3419 prorsus
2155 3365 2386 3420 operam
2417 3349 2606 3418 dabat,
2641 3352 2847 3422 captivi
2876 3352 3062 3408 instar
3092 3353 3317 3422 ductus,

1719 3442 1888 3508 atque
1917 3436 2129 3508 absque
2161 3437 2306 3503 vino,
2354 3444 2419 3492 ut
2456 3440 2616 3495 Isaiae
2650 3440 2832 3501 verbis
2862 3447 2994 3498 utar
3021 3445 3197 3511 (Isaiae
3222 3447 3322 3513 LI),

1720 3524 1926 3588 ebrius,
1961 3530 2017 3580 et
2040 3524 2109 3580 ab
2138 3525 2397 3598 improba
2419 3530 2825 3586 consuetudine
2857 3537 3132 3605 tanquam
3149 3532 3325 3590 faeno

1720 3615 1965 3687 quodam
1990 3620 2285 3672 retractus.

1791 3705 1933 3761 Cum
1960 3704 2135 3775 igitur
2164 3722 2264 3760 rex
2293 3723 2423 3761 cum
2453 3707 2662 3779 duplici
2708 3710 3047 3781 cogitatione
3071 3712 3144 3768 ad
3172 3711 3325 3769 hunc

1720 3794 1950 3849 modum
2016 3794 2345 3861 luctaretur,
2405 3796 2789 3854 nobilissimus
2834 3797 3012 3870 ipsius
3057 3798 3208 3853 ﬁlius
3257 3814 3324 3855 ac

1722 3900 1847 3938 vere
1877 3883 2032 3954 regio
2063 3884 2250 3939 animo
2290 3885 2578 3956 praeditus,
2629 3887 2689 3941 in
2726 3904 2828 3943 suo
2857 3888 3068 3961 palatio
3099 3888 3325 3960 quietus

1719 3971 1976 4043 degebat,
2010 3978 2225 4037 naturae
2246 3991 2360 4030 suae
2381 3975 2839 4047 generositatem,
2873 3977 3323 4051 modestiamque

1719 4072 1776 4121 et
1804 4067 2179 4123 constantiam
2217 4085 2321 4140 per
2362 4086 2534 4142 opera
2580 4071 2794 4127 cunctis
2834 4072 3144 4129 declarans.
3172 4073 3320 4128 Nam

1716 4156 1942 4212 theatra
1970 4162 2027 4212 et
2040 4174 2315 4230 equorum
2341 4159 2670 4229 certamina,
2695 4166 2753 4216 et
2773 4162 3133 4219 venationum
3156 4178 3316 4218 exer-

1716 4245 2030 4310 citationes,
2072 4252 2129 4301 et
2168 4246 2364 4302 inania
2389 4248 2579 4303 omnia
2596 4249 2861 4320 juvenilis
2889 4251 3073 4306 aetatis
3103 4249 3311 4319 studia,

1715 4347 1774 4390 et
1815 4335 2155 4407 imposturas
2184 4337 2396 4409 quibus
2440 4338 2602 4394 stulti
2642 4338 2818 4397 animi
2863 4340 3214 4398 deﬁniuntur
3251 4343 3308 4394 et

1713 4424 2056 4492 ineseantur,
2072 4425 2235 4481 nihili
2259 4427 2485 4483 omnino
2509 4427 2767 4498 ducebat;
2788 4446 2982 4487 verum
2998 4447 3065 4486 ex
3096 4427 3307 4485 Christi

1713 4514 1993 4569 mandatis
2014 4515 2242 4570 omnino
2262 4516 2562 4587 pendebat,
2588 4534 2656 4572 ac
2675 4518 2862 4573 divino
2883 4535 3075 4575 amore
3094 4518 3309 4574 saucia-

1712 4609 1823 4665 tus,
1851 4620 1981 4659 eum
2002 4603 2315 4675 expetebat,
2351 4604 2448 4676 qui
2476 4622 2606 4661 vere
2645 4607 2987 4678 expetendus
3017 4612 3122 4677 est,
3153 4610 3306 4662 totus

1710 4690 1895 4747 suavis
1922 4708 1987 4746 ac
2014 4696 2168 4746 totus
2198 4692 2584 4749 desiderabilis
2607 4695 2786 4765 (Cant.
2814 4699 2885 4766 v),
2919 4702 3089 4770 atque
3104 4699 3301 4774 hujus-

1711 4780 1883 4847 modi,
1906 4784 1972 4834 ut
1999 4780 2119 4835 sine
2146 4780 2263 4852 ulla
2282 4782 2578 4855 saturitate
2609 4791 2982 4856 exspectatur.

1781 4872 1846 4928 In
1874 4869 2208 4927 memoriam
2261 4876 2452 4927 autem
2488 4872 2713 4929 rediens
2749 4875 3005 4948 magistri
3048 4879 3137 4936 sui
3165 4881 3308 4941 Bar.

1712 4960 2056 5033 laam,atque
2074 4958 2247 5032 ipsius
2269 4960 2439 5017 vitam
2482 4961 2587 5017 sibi
2608 4966 2738 5020 ante
2754 4965 2945 5022 oculos
2962 4985 3303 5042 proponens,

1709 5050 1888 5123 ipsius
1915 5065 2107 5107 amore
2136 5049 2384 5108 animum
2408 5068 2573 5107 suum
2603 5052 2910 5113 demulceri
2936 5058 3305 5129 sentiebat,ac

1711 5156 1954 5214 quonam
1972 5144 2133 5211 pacto
2148 5139 2338 5211 ipsum
2350 5140 2582 5208 videret,
2609 5159 2828 5201 summo
2849 5147 3034 5204 studio
3049 5149 3298 5220 curabat;

1708 5236 1877 5303 atque
1914 5229 2092 5302 ipsius
2135 5246 2423 5293 sermones
2461 5230 2584 5286 sine
2620 5233 2737 5289 ulla
2781 5234 3199 5307 intermissione
3240 5239 3302 5296 in

1708 5320 1873 5376 corde
1919 5336 2019 5375 suo
2050 5319 2464 5393 circumferens,
2498 5337 2620 5385 erat
2646 5328 2918 5395 tanquam
2946 5324 3115 5382 arbor
3142 5344 3302 5387 secus

1709 5426 1983 5482 aquarum
2014 5409 2280 5465 decursus
2297 5409 2566 5482 plantata,
2584 5413 3303 5487 perpetuoqueirrigata,ac

1715 5498 2077 5572 tempestivos
2118 5498 2346 5562 domino
2387 5500 2601 5557 fructus
2629 5501 2888 5559 efferens.
2919 5504 3127 5563 Multas
3154 5508 3309 5565 enim

1708 5589 1937 5646 animas
1972 5588 2179 5653 diaboli
2207 5589 2424 5663 laqueis
2453 5589 2678 5663 eripuit,
2703 5590 3037 5668 Christoque
3059 5582 3313 5656 servatas

1707 5676 1937 5748 obtulit,
1967 5677 2246 5751 siquidem
2292 5680 2454 5736 multi
2484 5678 2557 5735 ad
2593 5695 2724 5738 eum
2775 5683 3301 5759 seseoconferentes,
