  <div class='ocr_page' id='page_1' title='image "/cluster/home/n/w/nwhite01/storage/ocr_20150623/73/umn.31951002477366m/285.png"; bbox 0 0 3868 6410; ppageno 0'>
   <div class='ocr_carea' id='block_1_1' title="bbox 569 364 676 424">
    <p class='ocr_par' dir='ltr' id='par_1_1' title="bbox 569 364 676 424">
     <span class='ocr_line' id='line_1_1' title="bbox 569 364 676 424; baseline 0.037 -3"><span class='ocrx_word' id='word_1_1' title='bbox 569 364 676 424; x_wconf 81' lang='grc'><strong>559</strong></span> 
     </span>
    </p>
   </div>
   <div class='ocr_carea' id='block_1_2' title="bbox 1580 358 2813 422">
    <p class='ocr_par' dir='ltr' id='par_1_2' title="bbox 1580 358 2813 422">
     <span class='ocr_line' id='line_1_2' title="bbox 1580 358 2813 422; baseline 0.002 -5"><span class='ocrx_word' id='word_1_2' title='bbox 1580 360 1675 417; x_wconf 89' lang='lat' dir='ltr'><strong>DE</strong></span> <span class='ocrx_word' id='word_1_3' title='bbox 1710 359 1901 418; x_wconf 80' lang='lat' dir='ltr'><strong>VITIS</strong></span> <span class='ocrx_word' id='word_1_4' title='bbox 1938 358 2236 418; x_wconf 80' lang='lat' dir='ltr'><strong>PATRUM</strong></span> <span class='ocrx_word' id='word_1_5' title='bbox 2272 362 2488 421; x_wconf 84' lang='lat' dir='ltr'><strong>LIBER</strong></span> <span class='ocrx_word' id='word_1_6' title='bbox 2522 364 2813 422; x_wconf 80' lang='lat' dir='ltr'><strong>PRIMUS.</strong></span> 
     </span>
    </p>
   </div>
   <div class='ocr_carea' id='block_1_3' title="bbox 3682 377 3754 435">
    <p class='ocr_par' dir='ltr' id='par_1_3' title="bbox 3682 377 3754 435">
     <span class='ocr_line' id='line_1_3' title="bbox 3682 377 3754 435; baseline 0.014 -1"><span class='ocrx_word' id='word_1_7' title='bbox 3682 377 3754 435; x_wconf 80' lang='lat'><strong>560</strong></span> 
     </span>
    </p>
   </div>
   <div class='ocr_carea' id='block_1_4' title="bbox 565 484 3751 575">
    <p class='ocr_par' dir='ltr' id='par_1_4' title="bbox 565 484 3751 575">
     <span class='ocr_line' id='line_1_4' title="bbox 565 484 3751 575; baseline 0.004 -27"><span class='ocrx_word' id='word_1_8' title='bbox 565 489 907 548; x_wconf 82' lang='lat' dir='ltr'><strong>salutaribus</strong></span> <span class='ocrx_word' id='word_1_9' title='bbox 925 484 1275 546; x_wconf 81' lang='lat' dir='ltr'><strong>sermonibus</strong></span> <span class='ocrx_word' id='word_1_10' title='bbox 1300 485 1651 546; x_wconf 82' lang='lat' dir='ltr'><strong>fruebantur.</strong></span> <span class='ocrx_word' id='word_1_11' title='bbox 1684 490 1762 546; x_wconf 88' lang='lat' dir='ltr'><strong>Ex</strong></span> <span class='ocrx_word' id='word_1_12' title='bbox 1792 490 1993 563; x_wconf 86' lang='lat' dir='ltr'><strong>quibus</strong></span> <span class='ocrx_word' id='word_1_13' title='bbox 2046 492 2385 559; x_wconf 83' lang='lat' dir='ltr'><strong>nonAveni,</strong></span> <span class='ocrx_word' id='word_1_14' title='bbox 2414 499 2496 561; x_wconf 92' lang='lat' dir='ltr'><strong>ut,</strong></span> <span class='ocrx_word' id='word_1_15' title='bbox 2532 492 2604 549; x_wconf 91' lang='lat' dir='ltr'><strong>ad</strong></span> <span class='ocrx_word' id='word_1_16' title='bbox 2643 493 2917 550; x_wconf 83' lang='lat' dir='ltr'><strong>edendam</strong></span> <span class='ocrx_word' id='word_1_17' title='bbox 2945 495 3093 567; x_wconf 87' lang='lat' dir='ltr'><strong>grati</strong></span> <span class='ocrx_word' id='word_1_18' title='bbox 3121 496 3297 553; x_wconf 90' lang='lat' dir='ltr'><strong>animi</strong></span> <span class='ocrx_word' id='word_1_19' title='bbox 3336 498 3751 575; x_wconf 81' lang='lat' dir='ltr'><strong>signiﬁcationem,</strong></span> 
     </span>
    </p>
   </div>
   <div class='ocr_carea' id='block_1_5' title="bbox 565 578 2155 654">
    <p class='ocr_par' dir='ltr' id='par_1_5' title="bbox 565 578 2155 654">
     <span class='ocr_line' id='line_1_5' title="bbox 565 578 2155 654; baseline -0.001 -17"><span class='ocrx_word' id='word_1_20' title='bbox 565 581 750 654; x_wconf 86' lang='lat' dir='ltr'><strong>pauci,</strong></span> <span class='ocrx_word' id='word_1_21' title='bbox 774 580 907 652; x_wconf 84' lang='lat' dir='ltr'><strong>fuga</strong></span> <span class='ocrx_word' id='word_1_22' title='bbox 935 578 1128 634; x_wconf 89' lang='lat' dir='ltr'><strong>relicto</strong></span> <span class='ocrx_word' id='word_1_23' title='bbox 1157 594 1348 634; x_wconf 89' lang='lat' dir='ltr'><strong>errore</strong></span> <span class='ocrx_word' id='word_1_24' title='bbox 1390 579 1462 633; x_wconf 89' lang='lat' dir='ltr'><strong>ad</strong></span> <span class='ocrx_word' id='word_1_25' title='bbox 1491 580 1797 635; x_wconf 81' lang='lat' dir='ltr'><strong>salutarem</strong></span> <span class='ocrx_word' id='word_1_26' title='bbox 1842 580 2155 635; x_wconf 84' lang='lat' dir='ltr'><strong>doctrinam</strong></span> 
     </span>
    </p>
   </div>
   <div class='ocr_carea' id='block_1_6' title="bbox 563 668 2155 741">
    <p class='ocr_par' dir='ltr' id='par_1_6' title="bbox 563 668 2155 741">
     <span class='ocr_line' id='line_1_6' title="bbox 563 668 2155 741; baseline -0.002 -15"><span class='ocrx_word' id='word_1_27' title='bbox 563 668 947 727; x_wconf 87' lang='lat' dir='ltr'><strong>accurrebant.</strong></span> <span class='ocrx_word' id='word_1_28' title='bbox 971 668 1085 724; x_wconf 86' lang='lat' dir='ltr'><strong>Alii</strong></span> <span class='ocrx_word' id='word_1_29' title='bbox 1111 673 1323 735; x_wconf 90' lang='lat' dir='ltr'><strong>autem,</strong></span> <span class='ocrx_word' id='word_1_30' title='bbox 1357 668 1524 724; x_wconf 89' lang='lat' dir='ltr'><strong>rebus</strong></span> <span class='ocrx_word' id='word_1_31' title='bbox 1555 670 1723 740; x_wconf 87' lang='lat' dir='ltr'><strong>hujus</strong></span> <span class='ocrx_word' id='word_1_32' title='bbox 1761 669 1886 725; x_wconf 66' lang='lat' dir='ltr'><strong>vita</strong></span> <span class='ocrx_word' id='word_1_33' title='bbox 1922 670 2155 741; x_wconf 89' lang='lat' dir='ltr'><strong>longum</strong></span> 
     </span>
    </p>
   </div>
   <div class='ocr_carea' id='block_1_7' title="bbox 560 757 2151 831">
    <p class='ocr_par' dir='ltr' id='par_1_7' title="bbox 560 757 2151 831">
     <span class='ocr_line' id='line_1_7' title="bbox 560 757 2151 831; baseline -0.001 -18"><span class='ocrx_word' id='word_1_34' title='bbox 560 760 747 815; x_wconf 89' lang='lat' dir='ltr'><strong>valere</strong></span> <span class='ocrx_word' id='word_1_35' title='bbox 768 757 962 831; x_wconf 88' lang='lat' dir='ltr'><strong>jussis,</strong></span> <span class='ocrx_word' id='word_1_36' title='bbox 1013 759 1382 815; x_wconf 85' lang='lat' dir='ltr'><strong>monasticam</strong></span> <span class='ocrx_word' id='word_1_37' title='bbox 1411 759 1727 831; x_wconf 74' lang='lat' dir='ltr'><strong>palaestram</strong></span> <span class='ocrx_word' id='word_1_38' title='bbox 1766 758 2151 831; x_wconf 84' lang='lat' dir='ltr'><strong>capessebant.</strong></span> 
     </span>
    </p>
   </div>
   <div class='ocr_carea' id='block_1_8' title="bbox 557 848 2150 921">
    <p class='ocr_par' dir='ltr' id='par_1_8' title="bbox 557 848 2150 921">
     <span class='ocr_line' id='line_1_8' title="bbox 557 848 2150 921; baseline -0.002 -16"><span class='ocrx_word' id='word_1_39' title='bbox 557 849 684 921; x_wconf 85' lang='lat' dir='ltr'><strong>Ipse</strong></span> <span class='ocrx_word' id='word_1_40' title='bbox 713 856 903 904; x_wconf 89' lang='lat' dir='ltr'><strong>autem</strong></span> <span class='ocrx_word' id='word_1_41' title='bbox 932 848 1281 904; x_wconf 81' lang='lat' dir='ltr'><strong>orationibus</strong></span> <span class='ocrx_word' id='word_1_42' title='bbox 1330 854 1388 903; x_wconf 90' lang='lat' dir='ltr'><strong>et</strong></span> <span class='ocrx_word' id='word_1_43' title='bbox 1410 848 1643 919; x_wconf 90' lang='lat' dir='ltr'><strong>jejuniis</strong></span> <span class='ocrx_word' id='word_1_44' title='bbox 1686 864 1915 920; x_wconf 86' lang='lat' dir='ltr'><strong>operam</strong></span> <span class='ocrx_word' id='word_1_45' title='bbox 1962 848 2150 915; x_wconf 89' lang='lat' dir='ltr'><strong>dabat,</strong></span> 
     </span>
    </p>
   </div>
   <div class='ocr_carea' id='block_1_9' title="bbox 555 937 2154 1009">
    <p class='ocr_par' dir='ltr' id='par_1_9' title="bbox 555 937 2154 1009">
     <span class='ocr_line' id='line_1_9' title="bbox 555 937 2154 1009; baseline -0.001 -15"><span class='ocrx_word' id='word_1_46' title='bbox 555 938 978 1009; x_wconf 81' lang='lat' dir='ltr'><strong>identidemque</strong></span> <span class='ocrx_word' id='word_1_47' title='bbox 1007 938 1151 993; x_wconf 87' lang='lat' dir='ltr'><strong>hanc</strong></span> <span class='ocrx_word' id='word_1_48' title='bbox 1178 954 1367 993; x_wconf 91' lang='lat' dir='ltr'><strong>vocem</strong></span> <span class='ocrx_word' id='word_1_49' title='bbox 1385 937 1456 993; x_wconf 88' lang='lat' dir='ltr'><strong>ad</strong></span> <span class='ocrx_word' id='word_1_50' title='bbox 1478 938 1657 993; x_wconf 90' lang='lat' dir='ltr'><strong>Deum</strong></span> <span class='ocrx_word' id='word_1_51' title='bbox 1686 937 1965 993; x_wconf 86' lang='lat' dir='ltr'><strong>mittebat:</strong></span> <span class='ocrx_word' id='word_1_52' title='bbox 1981 938 2027 993; x_wconf 92' lang='grc' dir='ltr'>Ο</span> <span class='ocrx_word' id='word_1_53' title='bbox 2047 939 2154 993; x_wconf 84' lang='lat' dir='ltr'><strong>Do-</strong></span> 
     </span>
    </p>
   </div>
   <div class='ocr_carea' id='block_1_10' title="bbox 553 1027 2152 1097">
    <p class='ocr_par' dir='ltr' id='par_1_10' title="bbox 553 1027 2152 1097">
     <span class='ocr_line' id='line_1_10' title="bbox 553 1027 2152 1097; baseline -0.001 -14"><span class='ocrx_word' id='word_1_54' title='bbox 553 1027 707 1083; x_wconf 87' lang='lat' dir='ltr'><strong>mine</strong></span> <span class='ocrx_word' id='word_1_55' title='bbox 734 1028 834 1096; x_wconf 90' lang='lat' dir='ltr'><strong>mi,</strong></span> <span class='ocrx_word' id='word_1_56' title='bbox 868 1044 900 1083; x_wconf 95' lang='lat' dir='ltr'><strong>o</strong></span> <span class='ocrx_word' id='word_1_57' title='bbox 929 1027 1168 1083; x_wconf 90' lang='lat' dir='ltr'><strong>Domine</strong></span> <span class='ocrx_word' id='word_1_58' title='bbox 1197 1027 1275 1083; x_wconf 92' lang='lat' dir='ltr'><strong>mi</strong></span> <span class='ocrx_word' id='word_1_59' title='bbox 1304 1044 1370 1083; x_wconf 91' lang='lat' dir='ltr'><strong>ac</strong></span> <span class='ocrx_word' id='word_1_60' title='bbox 1398 1027 1533 1093; x_wconf 91' lang='lat' dir='ltr'><strong>Rex,</strong></span> <span class='ocrx_word' id='word_1_61' title='bbox 1569 1027 1659 1083; x_wconf 91' lang='lat' dir='ltr'><strong>cui</strong></span> <span class='ocrx_word' id='word_1_62' title='bbox 1674 1044 1779 1097; x_wconf 85' lang='lat' dir='ltr'><strong>ego</strong></span> <span class='ocrx_word' id='word_1_63' title='bbox 1808 1027 2047 1094; x_wconf 88' lang='lat' dir='ltr'><strong>credidi,</strong></span> <span class='ocrx_word' id='word_1_64' title='bbox 2079 1028 2152 1082; x_wconf 90' lang='lat' dir='ltr'><strong>ad</strong></span> 
     </span>
    </p>
   </div>
   <div class='ocr_carea' id='block_1_11' title="bbox 554 1116 2149 1190">
    <p class='ocr_par' dir='ltr' id='par_1_11' title="bbox 554 1116 2149 1190">
     <span class='ocr_line' id='line_1_11' title="bbox 554 1116 2149 1190; baseline -0.001 -17"><span class='ocrx_word' id='word_1_65' title='bbox 554 1134 723 1190; x_wconf 87' lang='lat' dir='ltr'><strong>quem</strong></span> <span class='ocrx_word' id='word_1_66' title='bbox 746 1134 850 1189; x_wconf 89' lang='lat' dir='ltr'><strong>ego</strong></span> <span class='ocrx_word' id='word_1_67' title='bbox 878 1116 1120 1188; x_wconf 80' lang='lat' dir='ltr'><strong>profugi,</strong></span> <span class='ocrx_word' id='word_1_68' title='bbox 1163 1121 1334 1188; x_wconf 88' lang='lat' dir='ltr'><strong>atque</strong></span> <span class='ocrx_word' id='word_1_69' title='bbox 1362 1133 1553 1173; x_wconf 88' lang='lat' dir='ltr'><strong>errore</strong></span> <span class='ocrx_word' id='word_1_70' title='bbox 1575 1116 1847 1172; x_wconf 90' lang='lat' dir='ltr'><strong>liberatus</strong></span> <span class='ocrx_word' id='word_1_71' title='bbox 1890 1134 2034 1183; x_wconf 89' lang='lat' dir='ltr'><strong>sum,</strong></span> <span class='ocrx_word' id='word_1_72' title='bbox 2060 1117 2149 1171; x_wconf 91' lang='lat' dir='ltr'><strong>di-</strong></span> 
     </span>
    </p>
   </div>
   <div class='ocr_carea' id='block_1_12' title="bbox 549 1206 2147 1279">
    <p class='ocr_par' dir='ltr' id='par_1_12' title="bbox 549 1206 2147 1279">
     <span class='ocr_line' id='line_1_12' title="bbox 549 1206 2147 1279; baseline 0 -17"><span class='ocrx_word' id='word_1_73' title='bbox 549 1224 721 1279; x_wconf 85' lang='lat' dir='ltr'><strong>gnam</strong></span> <span class='ocrx_word' id='word_1_74' title='bbox 748 1206 961 1261; x_wconf 88' lang='lat' dir='ltr'><strong>famulo</strong></span> <span class='ocrx_word' id='word_1_75' title='bbox 978 1211 1079 1261; x_wconf 92' lang='lat' dir='ltr'><strong>tuo</strong></span> <span class='ocrx_word' id='word_1_76' title='bbox 1104 1206 1400 1261; x_wconf 90' lang='lat' dir='ltr'><strong>Barlaamo</strong></span> <span class='ocrx_word' id='word_1_77' title='bbox 1417 1206 1732 1262; x_wconf 82' lang='lat' dir='ltr'><strong>mercedem</strong></span> <span class='ocrx_word' id='word_1_78' title='bbox 1758 1207 2021 1278; x_wconf 86' lang='lat' dir='ltr'><strong>repende,</strong></span> <span class='ocrx_word' id='word_1_79' title='bbox 2046 1222 2147 1278; x_wconf 92' lang='lat' dir='ltr'><strong>pro</strong></span> 
     </span>
    </p>
   </div>
   <div class='ocr_carea' id='block_1_13' title="bbox 549 1295 2143 1369">
    <p class='ocr_par' dir='ltr' id='par_1_13' title="bbox 549 1295 2143 1369">
     <span class='ocr_line' id='line_1_13' title="bbox 549 1295 2143 1369; baseline 0 -17"><span class='ocrx_word' id='word_1_80' title='bbox 549 1314 616 1352; x_wconf 83' lang='lat' dir='ltr'><strong>eo</strong></span> <span class='ocrx_word' id='word_1_81' title='bbox 639 1297 788 1369; x_wconf 90' lang='lat' dir='ltr'><strong>quod</strong></span> <span class='ocrx_word' id='word_1_82' title='bbox 813 1299 952 1353; x_wconf 87' lang='lat' dir='ltr'><strong>mihi</strong></span> <span class='ocrx_word' id='word_1_83' title='bbox 1001 1295 1287 1351; x_wconf 90' lang='lat' dir='ltr'><strong>oberranti</strong></span> <span class='ocrx_word' id='word_1_84' title='bbox 1323 1302 1400 1365; x_wconf 91' lang='lat' dir='ltr'><strong>te,</strong></span> <span class='ocrx_word' id='word_1_85' title='bbox 1433 1297 1530 1369; x_wconf 88' lang='lat' dir='ltr'><strong>qui</strong></span> <span class='ocrx_word' id='word_1_86' title='bbox 1557 1298 1665 1363; x_wconf 88' lang='lat' dir='ltr'><strong>via,</strong></span> <span class='ocrx_word' id='word_1_87' title='bbox 1707 1297 1823 1351; x_wconf 88' lang='lat' dir='ltr'><strong>vita</strong></span> <span class='ocrx_word' id='word_1_88' title='bbox 1855 1302 1912 1352; x_wconf 91' lang='lat' dir='ltr'><strong>et</strong></span> <span class='ocrx_word' id='word_1_89' title='bbox 1936 1302 2143 1352; x_wconf 80' lang='lat' dir='ltr'><strong>veritas</strong></span> 
     </span>
    </p>
   </div>
   <div class='ocr_carea' id='block_1_14' title="bbox 548 1385 2138 1455">
    <p class='ocr_par' dir='ltr' id='par_1_14' title="bbox 548 1385 2138 1455">
     <span class='ocr_line' id='line_1_14' title="bbox 548 1385 2138 1455; baseline -0.001 -13"><span class='ocrx_word' id='word_1_90' title='bbox 548 1402 610 1442; x_wconf 86' lang='lat' dir='ltr'><strong>es</strong></span> <span class='ocrx_word' id='word_1_91' title='bbox 635 1388 812 1455; x_wconf 87' lang='lat' dir='ltr'><strong>(Joan.</strong></span> <span class='ocrx_word' id='word_1_92' title='bbox 859 1390 984 1455; x_wconf 76' lang='lat' dir='ltr'><strong>xxv),</strong></span> <span class='ocrx_word' id='word_1_93' title='bbox 1014 1385 1440 1443; x_wconf 87' lang='lat' dir='ltr'><strong>demonstravit.</strong></span> <span class='ocrx_word' id='word_1_94' title='bbox 1470 1388 1553 1441; x_wconf 85' lang='lat' dir='ltr'><strong>Ac</strong></span> <span class='ocrx_word' id='word_1_95' title='bbox 1581 1385 1721 1440; x_wconf 91' lang='lat' dir='ltr'><strong>mihi</strong></span> <span class='ocrx_word' id='word_1_96' title='bbox 1750 1386 1855 1441; x_wconf 93' lang='lat' dir='ltr'><strong>hoc</strong></span> <span class='ocrx_word' id='word_1_97' title='bbox 1883 1386 2138 1452; x_wconf 87' lang='lat' dir='ltr'><strong>concede,</strong></span> 
     </span>
    </p>
   </div>
   <div class='ocr_carea' id='block_1_15' title="bbox 548 1476 2146 1548">
    <p class='ocr_par' dir='ltr' id='par_1_15' title="bbox 548 1476 2146 1548">
     <span class='ocr_line' id='line_1_15' title="bbox 548 1476 2146 1548; baseline -0.001 -16"><span class='ocrx_word' id='word_1_98' title='bbox 548 1482 617 1532; x_wconf 87' lang='lat' dir='ltr'><strong>ut</strong></span> <span class='ocrx_word' id='word_1_99' title='bbox 642 1492 870 1532; x_wconf 87' lang='lat' dir='ltr'><strong>rursum</strong></span> <span class='ocrx_word' id='word_1_100' title='bbox 899 1476 1058 1533; x_wconf 90' lang='lat' dir='ltr'><strong>illum</strong></span> <span class='ocrx_word' id='word_1_101' title='bbox 1088 1476 1149 1531; x_wconf 87' lang='lat' dir='ltr'><strong>in</strong></span> <span class='ocrx_word' id='word_1_102' title='bbox 1177 1492 1410 1548; x_wconf 90' lang='lat' dir='ltr'><strong>corpore</strong></span> <span class='ocrx_word' id='word_1_103' title='bbox 1448 1476 1731 1547; x_wconf 85' lang='lat' dir='ltr'><strong>angelum,</strong></span> <span class='ocrx_word' id='word_1_104' title='bbox 1764 1493 1874 1548; x_wconf 90' lang='lat' dir='ltr'><strong>quo</strong></span> <span class='ocrx_word' id='word_1_105' title='bbox 1902 1476 2146 1531; x_wconf 90' lang='lat' dir='ltr'><strong>mundus</strong></span> 
     </span>
    </p>
   </div>
   <div class='ocr_carea' id='block_1_16' title="bbox 551 1565 2145 1637">
    <p class='ocr_par' dir='ltr' id='par_1_16' title="bbox 551 1565 2145 1637">
     <span class='ocr_line' id='line_1_16' title="bbox 551 1565 2145 1637; baseline -0.001 -16"><span class='ocrx_word' id='word_1_106' title='bbox 551 1565 759 1637; x_wconf 86' lang='lat' dir='ltr'><strong>dignus</strong></span> <span class='ocrx_word' id='word_1_107' title='bbox 778 1583 891 1622; x_wconf 91' lang='lat' dir='ltr'><strong>non</strong></span> <span class='ocrx_word' id='word_1_108' title='bbox 920 1571 1007 1622; x_wconf 89' lang='lat' dir='ltr'><strong>est</strong></span> <span class='ocrx_word' id='word_1_109' title='bbox 1038 1567 1187 1635; x_wconf 82' lang='lat' dir='ltr'><strong>(Heb.</strong></span> <span class='ocrx_word' id='word_1_110' title='bbox 1217 1581 1320 1633; x_wconf 80' lang='lat' dir='ltr'><strong>x1),</strong></span> <span class='ocrx_word' id='word_1_111' title='bbox 1351 1566 1708 1637; x_wconf 89' lang='lat' dir='ltr'><strong>conspiciam,</strong></span> <span class='ocrx_word' id='word_1_112' title='bbox 1742 1572 1911 1637; x_wconf 86' lang='lat' dir='ltr'><strong>atque</strong></span> <span class='ocrx_word' id='word_1_113' title='bbox 1932 1583 2058 1621; x_wconf 91' lang='lat' dir='ltr'><strong>cum</strong></span> <span class='ocrx_word' id='word_1_114' title='bbox 2080 1582 2145 1621; x_wconf 92' lang='lat' dir='ltr'><strong>eo</strong></span> 
     </span>
    </p>
   </div>
   <div class='ocr_carea' id='block_1_17' title="bbox 552 1655 2148 1727">
    <p class='ocr_par' dir='ltr' id='par_1_17' title="bbox 552 1655 2148 1727">
     <span class='ocr_line' id='line_1_17' title="bbox 552 1655 2148 1727; baseline 0.001 -18"><span class='ocrx_word' id='word_1_115' title='bbox 552 1656 717 1726; x_wconf 75' lang='lat' dir='ltr'><strong>quod‘</strong></span> <span class='ocrx_word' id='word_1_116' title='bbox 741 1655 880 1711; x_wconf 90' lang='lat' dir='ltr'><strong>mihi</strong></span> <span class='ocrx_word' id='word_1_117' title='bbox 907 1655 1032 1711; x_wconf 69' lang='lat' dir='ltr'><strong>vitae</strong></span> <span class='ocrx_word' id='word_1_118' title='bbox 1077 1660 1335 1727; x_wconf 87' lang='lat' dir='ltr'><strong>superest</strong></span> <span class='ocrx_word' id='word_1_119' title='bbox 1360 1655 1667 1721; x_wconf 78' lang='lat' dir='ltr'><strong>conficiam,</strong></span> <span class='ocrx_word' id='word_1_120' title='bbox 1709 1660 1775 1710; x_wconf 87' lang='lat' dir='ltr'><strong>ut</strong></span> <span class='ocrx_word' id='word_1_121' title='bbox 1819 1655 1944 1711; x_wconf 68' lang='lat' dir='ltr'><strong>vitae</strong></span> <span class='ocrx_word' id='word_1_122' title='bbox 1972 1655 2148 1727; x_wconf 90' lang='lat' dir='ltr'><strong>ipsius</strong></span> 
     </span>
    </p>
   </div>
   <div class='ocr_carea' id='block_1_18' title="bbox 546 1744 2037 1817">
    <p class='ocr_par' dir='ltr' id='par_1_18' title="bbox 546 1744 2037 1817">
     <span class='ocr_line' id='line_1_18' title="bbox 546 1744 2037 1817; baseline 0.001 -20"><span class='ocrx_word' id='word_1_123' title='bbox 546 1744 799 1817; x_wconf 81' lang='lat' dir='ltr'><strong>vestigiis</strong></span> <span class='ocrx_word' id='word_1_124' title='bbox 828 1745 1112 1811; x_wconf 89' lang='lat' dir='ltr'><strong>insistens,</strong></span> <span class='ocrx_word' id='word_1_125' title='bbox 1145 1744 1248 1799; x_wconf 88' lang='lat' dir='ltr'><strong>tibi</strong></span> <span class='ocrx_word' id='word_1_126' title='bbox 1278 1745 1395 1800; x_wconf 87' lang='lat' dir='ltr'><strong>Deo</strong></span> <span class='ocrx_word' id='word_1_127' title='bbox 1426 1762 1491 1799; x_wconf 91' lang='lat' dir='ltr'><strong>ac</strong></span> <span class='ocrx_word' id='word_1_128' title='bbox 1508 1744 1746 1800; x_wconf 91' lang='lat' dir='ltr'><strong>Domino</strong></span> <span class='ocrx_word' id='word_1_129' title='bbox 1765 1745 2037 1817; x_wconf 90' lang='lat' dir='ltr'><strong>placeam.</strong></span> 
     </span>
    </p>
   </div>
   <div class='ocr_carea' id='block_1_19' title="bbox 2236 582 3753 667">
    <p class='ocr_par' dir='ltr' id='par_1_19' title="bbox 2236 582 3753 667">
     <span class='ocr_line' id='line_1_19' title="bbox 2236 582 3753 667; baseline 0.01 -31"><span class='ocrx_word' id='word_1_130' title='bbox 2236 582 2441 638; x_wconf 88' lang='lat' dir='ltr'><strong>festum</strong></span> <span class='ocrx_word' id='word_1_131' title='bbox 2468 600 2583 639; x_wconf 90' lang='lat' dir='ltr'><strong>una</strong></span> <span class='ocrx_word' id='word_1_132' title='bbox 2608 584 2971 648; x_wconf 88' lang='lat' dir='ltr'><strong>celebremus,</strong></span> <span class='ocrx_word' id='word_1_133' title='bbox 3006 591 3174 659; x_wconf 87' lang='lat' dir='ltr'><strong>atque</strong></span> <span class='ocrx_word' id='word_1_134' title='bbox 3203 588 3445 658; x_wconf 85' lang='lat' dir='ltr'><strong>eleganti</strong></span> <span class='ocrx_word' id='word_1_135' title='bbox 3473 591 3631 649; x_wconf 84' lang='lat' dir='ltr'><strong>forma</strong></span> <span class='ocrx_word' id='word_1_136' title='bbox 3651 613 3753 667; x_wconf 69' lang='lat' dir='ltr'><strong>pra:-</strong></span> 
     </span>
    </p>
   </div>
   <div class='ocr_carea' id='block_1_20' title="bbox 2237 672 3755 748">
    <p class='ocr_par' dir='ltr' id='par_1_20' title="bbox 2237 672 3755 748">
     <span class='ocr_line' id='line_1_20' title="bbox 2237 672 3755 748; baseline 0.009 -22"><span class='ocrx_word' id='word_1_137' title='bbox 2237 672 2385 728; x_wconf 91' lang='lat' dir='ltr'><strong>ditos</strong></span> <span class='ocrx_word' id='word_1_138' title='bbox 2407 674 2789 729; x_wconf 87' lang='lat' dir='ltr'><strong>adolescentes</strong></span> <span class='ocrx_word' id='word_1_139' title='bbox 2813 691 2879 729; x_wconf 92' lang='lat' dir='ltr'><strong>ac</strong></span> <span class='ocrx_word' id='word_1_140' title='bbox 2898 675 3168 730; x_wconf 87' lang='lat' dir='ltr'><strong>formosas</strong></span> <span class='ocrx_word' id='word_1_141' title='bbox 3188 679 3404 748; x_wconf 90' lang='lat' dir='ltr'><strong>puellas</strong></span> <span class='ocrx_word' id='word_1_142' title='bbox 3423 680 3523 734; x_wconf 87' lang='lat' dir='ltr'><strong>diis</strong></span> <span class='ocrx_word' id='word_1_143' title='bbox 3533 682 3755 741; x_wconf 80' lang='lat' dir='ltr'><strong>immorta-</strong></span> 
     </span>
    </p>
   </div>
   <div class='ocr_carea' id='block_1_21' title="bbox 2237 761 3756 840">
    <p class='ocr_par' dir='ltr' id='par_1_21' title="bbox 2237 761 3756 840">
     <span class='ocr_line' id='line_1_21' title="bbox 2237 761 3756 840; baseline 0.009 -24"><span class='ocrx_word' id='word_1_144' title='bbox 2237 761 2383 818; x_wconf 88' lang='lat' dir='ltr'><strong>libus</strong></span> <span class='ocrx_word' id='word_1_145' title='bbox 2401 763 2776 828; x_wconf 89' lang='lat' dir='ltr'><strong>immolemus,</strong></span> <span class='ocrx_word' id='word_1_146' title='bbox 2795 770 3099 837; x_wconf 87' lang='lat' dir='ltr'><strong>taurosque</strong></span> <span class='ocrx_word' id='word_1_147' title='bbox 3117 772 3362 832; x_wconf 86' lang='lat' dir='ltr'><strong>centum,</strong></span> <span class='ocrx_word' id='word_1_148' title='bbox 3376 785 3440 822; x_wconf 87' lang='lat' dir='ltr'><strong>ac</strong></span> <span class='ocrx_word' id='word_1_149' title='bbox 3459 770 3669 840; x_wconf 86' lang='lat' dir='ltr'><strong>plurima</strong></span> <span class='ocrx_word' id='word_1_150' title='bbox 3679 776 3756 830; x_wconf 81' lang='lat' dir='ltr'><strong>alia</strong></span> 
     </span>
    </p>
   </div>
   <div class='ocr_carea' id='block_1_22' title="bbox 2236 851 3753 933">
    <p class='ocr_par' dir='ltr' id='par_1_22' title="bbox 2236 851 3753 933">
     <span class='ocr_line' id='line_1_22' title="bbox 2236 851 3753 933; baseline 0.009 -28"><span class='ocrx_word' id='word_1_151' title='bbox 2236 851 2503 906; x_wconf 90' lang='lat' dir='ltr'><strong>animalia</strong></span> <span class='ocrx_word' id='word_1_152' title='bbox 2525 853 2661 924; x_wconf 89' lang='lat' dir='ltr'><strong>ipsis</strong></span> <span class='ocrx_word' id='word_1_153' title='bbox 2688 854 3004 918; x_wconf 65' lang='lat' dir='ltr'><strong>offeramus,</strong></span> <span class='ocrx_word' id='word_1_154' title='bbox 3035 871 3146 926; x_wconf 90' lang='lat' dir='ltr'><strong>quo</strong></span> <span class='ocrx_word' id='word_1_155' title='bbox 3179 872 3273 910; x_wconf 88' lang='lat' dir='ltr'><strong>eos</strong></span> <span class='ocrx_word' id='word_1_156' title='bbox 3302 874 3517 930; x_wconf 90' lang='lat' dir='ltr'><strong>quoque</strong></span> <span class='ocrx_word' id='word_1_157' title='bbox 3542 860 3591 915; x_wconf 84' lang='lat' dir='ltr'><strong>in</strong></span> <span class='ocrx_word' id='word_1_158' title='bbox 3617 870 3753 933; x_wconf 84' lang='lat' dir='ltr'><strong>poste-</strong></span> 
     </span>
    </p>
   </div>
   <div class='ocr_carea' id='block_1_23' title="bbox 2235 942 3754 1018">
    <p class='ocr_par' dir='ltr' id='par_1_23' title="bbox 2235 942 3754 1018">
     <span class='ocr_line' id='line_1_23' title="bbox 2235 942 3754 1018; baseline 0.008 -23"><span class='ocrx_word' id='word_1_159' title='bbox 2235 958 2361 995; x_wconf 88' lang='lat' dir='ltr'><strong>rum</strong></span> <span class='ocrx_word' id='word_1_160' title='bbox 2400 942 2633 996; x_wconf 88' lang='lat' dir='ltr'><strong>invictos</strong></span> <span class='ocrx_word' id='word_1_161' title='bbox 2643 943 2930 1013; x_wconf 89' lang='lat' dir='ltr'><strong>adjutores</strong></span> <span class='ocrx_word' id='word_1_162' title='bbox 2951 943 3277 1011; x_wconf 90' lang='lat' dir='ltr'><strong>habeamus,</strong></span> <span class='ocrx_word' id='word_1_163' title='bbox 3304 948 3400 1018; x_wconf 93' lang='lat' dir='ltr'><strong>qui</strong></span> <span class='ocrx_word' id='word_1_164' title='bbox 3417 948 3567 1003; x_wconf 90' lang='lat' dir='ltr'><strong>nobis</strong></span> <span class='ocrx_word' id='word_1_165' title='bbox 3586 952 3754 1006; x_wconf 84' lang='lat' dir='ltr'><strong>univer-</strong></span> 
     </span>
    </p>
   </div>
   <div class='ocr_carea' id='block_1_24' title="bbox 2234 1030 3747 1107">
    <p class='ocr_par' dir='ltr' id='par_1_24' title="bbox 2234 1030 3747 1107">
     <span class='ocr_line' id='line_1_24' title="bbox 2234 1030 3747 1107; baseline 0.009 -24"><span class='ocrx_word' id='word_1_166' title='bbox 2234 1046 2359 1085; x_wconf 91' lang='lat' dir='ltr'><strong>sum</strong></span> <span class='ocrx_word' id='word_1_167' title='bbox 2389 1030 2516 1085; x_wconf 61' lang='lat' dir='ltr'><strong>vita</strong></span> <span class='ocrx_word' id='word_1_168' title='bbox 2545 1032 2887 1087; x_wconf 90' lang='lat' dir='ltr'><strong>curriculum</strong></span> <span class='ocrx_word' id='word_1_169' title='bbox 2916 1034 3147 1105; x_wconf 89' lang='lat' dir='ltr'><strong>planum</strong></span> <span class='ocrx_word' id='word_1_170' title='bbox 3176 1040 3234 1089; x_wconf 91' lang='lat' dir='ltr'><strong>et</strong></span> <span class='ocrx_word' id='word_1_171' title='bbox 3255 1036 3521 1107; x_wconf 67' lang='lat' dir='ltr'><strong>aequabile</strong></span> <span class='ocrx_word' id='word_1_172' title='bbox 3547 1040 3747 1096; x_wconf 84' lang='lat' dir='ltr'><strong>reddant.</strong></span> 
     </span>
    </p>
   </div>
   <div class='ocr_carea' id='block_1_25' title="bbox 2302 1120 3753 1196">
    <p class='ocr_par' dir='ltr' id='par_1_25' title="bbox 2302 1120 3753 1196">
     <span class='ocr_line' id='line_1_25' title="bbox 2302 1120 3753 1196; baseline 0.008 -23"><span class='ocrx_word' id='word_1_173' title='bbox 2302 1120 2386 1174; x_wconf 86' lang='lat' dir='ltr'><strong>Ad</strong></span> <span class='ocrx_word' id='word_1_174' title='bbox 2411 1120 2528 1175; x_wconf 67' lang='lat' dir='ltr'><strong>haec</strong></span> <span class='ocrx_word' id='word_1_175' title='bbox 2556 1137 2651 1176; x_wconf 84' lang='lat' dir='ltr'><strong>rex</strong></span> <span class='ocrx_word' id='word_1_176' title='bbox 2677 1137 2691 1175; x_wconf 90' lang='lat'><strong>:</strong></span> <span class='ocrx_word' id='word_1_177' title='bbox 2723 1121 2953 1177; x_wconf 88' lang='lat' dir='ltr'><strong>Minime</strong></span> <span class='ocrx_word' id='word_1_178' title='bbox 2983 1140 3133 1189; x_wconf 92' lang='lat' dir='ltr'><strong>vero,</strong></span> <span class='ocrx_word' id='word_1_179' title='bbox 3169 1124 3372 1196; x_wconf 88' lang='lat' dir='ltr'><strong>inquit,</strong></span> <span class='ocrx_word' id='word_1_180' title='bbox 3405 1143 3438 1179; x_wconf 92' lang='grc' dir='ltr'>ο</span> <span class='ocrx_word' id='word_1_181' title='bbox 3466 1144 3633 1193; x_wconf 83' lang='lat' dir='ltr'><strong>senex,</strong></span> <span class='ocrx_word' id='word_1_182' title='bbox 3659 1131 3753 1184; x_wconf 86' lang='lat' dir='ltr'><strong>vici-</strong></span> 
     </span>
    </p>
   </div>
   <div class='ocr_carea' id='block_1_26' title="bbox 2229 1208 3753 1288">
    <p class='ocr_par' dir='ltr' id='par_1_26' title="bbox 2229 1208 3753 1288">
     <span class='ocr_line' id='line_1_26' title="bbox 2229 1208 3753 1288; baseline 0.007 -27"><span class='ocrx_word' id='word_1_183' title='bbox 2229 1224 2374 1273; x_wconf 90' lang='lat' dir='ltr'><strong>mus,</strong></span> <span class='ocrx_word' id='word_1_184' title='bbox 2409 1208 2660 1276; x_wconf 87' lang='lat' dir='ltr'><strong>minime,</strong></span> <span class='ocrx_word' id='word_1_185' title='bbox 2684 1210 2934 1281; x_wconf 89' lang='lat' dir='ltr'><strong>inquam,</strong></span> <span class='ocrx_word' id='word_1_186' title='bbox 2956 1211 3210 1281; x_wconf 85' lang='lat' dir='ltr'><strong>vicimus;</strong></span> <span class='ocrx_word' id='word_1_187' title='bbox 3242 1231 3435 1268; x_wconf 90' lang='lat' dir='ltr'><strong>verum</strong></span> <span class='ocrx_word' id='word_1_188' title='bbox 3464 1216 3603 1270; x_wconf 91' lang='lat' dir='ltr'><strong>nullo</strong></span> <span class='ocrx_word' id='word_1_189' title='bbox 3620 1218 3753 1288; x_wconf 84' lang='lat' dir='ltr'><strong>potius</strong></span> 
     </span>
    </p>
   </div>
   <div class='ocr_carea' id='block_1_27' title="bbox 2225 1297 3754 1372">
    <p class='ocr_par' dir='ltr' id='par_1_27' title="bbox 2225 1297 3754 1372">
     <span class='ocr_line' id='line_1_27' title="bbox 2225 1297 3754 1372; baseline 0.007 -22"><span class='ocrx_word' id='word_1_190' title='bbox 2225 1297 2462 1367; x_wconf 79' lang='lat' dir='ltr'><strong>negotio</strong></span> <span class='ocrx_word' id='word_1_191' title='bbox 2481 1298 2612 1353; x_wconf 87' lang='lat' dir='ltr'><strong>victi</strong></span> <span class='ocrx_word' id='word_1_192' title='bbox 2639 1316 2856 1354; x_wconf 90' lang='lat' dir='ltr'><strong>sumus.</strong></span> <span class='ocrx_word' id='word_1_193' title='bbox 2890 1301 3034 1354; x_wconf 85' lang='lat' dir='ltr'><strong>Nam</strong></span> <span class='ocrx_word' id='word_1_194' title='bbox 3059 1302 3156 1372; x_wconf 91' lang='lat' dir='ltr'><strong>qui</strong></span> <span class='ocrx_word' id='word_1_195' title='bbox 3197 1319 3233 1356; x_wconf 88' lang='lat' dir='ltr'><strong>a</strong></span> <span class='ocrx_word' id='word_1_196' title='bbox 3261 1301 3421 1357; x_wconf 89' lang='lat' dir='ltr'><strong>nobis</strong></span> <span class='ocrx_word' id='word_1_197' title='bbox 3459 1304 3672 1371; x_wconf 81' lang='lat' dir='ltr'><strong>stabant,</strong></span> <span class='ocrx_word' id='word_1_198' title='bbox 3693 1324 3754 1362; x_wconf 85' lang='lat' dir='ltr'><strong>re-</strong></span> 
     </span>
    </p>
   </div>
   <div class='ocr_carea' id='block_1_28' title="bbox 2226 1387 3753 1458">
    <p class='ocr_par' dir='ltr' id='par_1_28' title="bbox 2226 1387 3753 1458">
     <span class='ocr_line' id='line_1_28' title="bbox 2226 1387 3753 1458; baseline 0.006 -18"><span class='ocrx_word' id='word_1_199' title='bbox 2226 1393 2395 1458; x_wconf 89' lang='lat' dir='ltr'><strong>pente</strong></span> <span class='ocrx_word' id='word_1_200' title='bbox 2423 1387 2719 1443; x_wconf 88' lang='lat' dir='ltr'><strong>adversum</strong></span> <span class='ocrx_word' id='word_1_201' title='bbox 2753 1406 2855 1444; x_wconf 91' lang='lat' dir='ltr'><strong>nos</strong></span> <span class='ocrx_word' id='word_1_202' title='bbox 2881 1391 3235 1450; x_wconf 85' lang='lat' dir='ltr'><strong>exstiterunt.</strong></span> <span class='ocrx_word' id='word_1_203' title='bbox 3269 1408 3332 1445; x_wconf 91' lang='lat' dir='ltr'><strong>ac</strong></span> <span class='ocrx_word' id='word_1_204' title='bbox 3372 1392 3524 1447; x_wconf 85' lang='lat' dir='ltr'><strong>velut</strong></span> <span class='ocrx_word' id='word_1_205' title='bbox 3543 1393 3697 1448; x_wconf 80' lang='lat' dir='ltr'><strong>furore</strong></span> <span class='ocrx_word' id='word_1_206' title='bbox 3718 1402 3753 1450; x_wconf 86' lang='lat' dir='ltr'><strong>et</strong></span> 
     </span>
    </p>
   </div>
   <div class='ocr_carea' id='block_1_29' title="bbox 2227 1476 3753 1550">
    <p class='ocr_par' dir='ltr' id='par_1_29' title="bbox 2227 1476 3753 1550">
     <span class='ocr_line' id='line_1_29' title="bbox 2227 1476 3753 1550; baseline 0.006 -21"><span class='ocrx_word' id='word_1_207' title='bbox 2227 1476 2448 1531; x_wconf 90' lang='lat' dir='ltr'><strong>insania</strong></span> <span class='ocrx_word' id='word_1_208' title='bbox 2466 1476 2813 1534; x_wconf 87' lang='lat' dir='ltr'><strong>laborantem</strong></span> <span class='ocrx_word' id='word_1_209' title='bbox 2830 1484 2997 1550; x_wconf 91' lang='lat' dir='ltr'><strong>atque</strong></span> <span class='ocrx_word' id='word_1_210' title='bbox 3018 1479 3352 1535; x_wconf 87' lang='lat' dir='ltr'><strong>imbecillam</strong></span> <span class='ocrx_word' id='word_1_211' title='bbox 3377 1488 3614 1537; x_wconf 88' lang='lat' dir='ltr'><strong>nostram</strong></span> <span class='ocrx_word' id='word_1_212' title='bbox 3623 1484 3753 1538; x_wconf 86' lang='lat' dir='ltr'><strong>aciem</strong></span> 
     </span>
    </p>
   </div>
   <div class='ocr_carea' id='block_1_30' title="bbox 2228 1566 3756 1642">
    <p class='ocr_par' dir='ltr' id='par_1_30' title="bbox 2228 1566 3756 1642">
     <span class='ocr_line' id='line_1_30' title="bbox 2228 1566 3756 1642; baseline 0.005 -23"><span class='ocrx_word' id='word_1_213' title='bbox 2228 1566 2395 1630; x_wconf 86' lang='lat' dir='ltr'><strong>nacti,</strong></span> <span class='ocrx_word' id='word_1_214' title='bbox 2419 1583 2647 1638; x_wconf 86' lang='lat' dir='ltr'><strong>prorsus</strong></span> <span class='ocrx_word' id='word_1_215' title='bbox 2658 1585 2783 1623; x_wconf 89' lang='lat' dir='ltr'><strong>eam</strong></span> <span class='ocrx_word' id='word_1_216' title='bbox 2809 1568 3099 1639; x_wconf 83' lang='lat' dir='ltr'><strong>fregerunt</strong></span> <span class='ocrx_word' id='word_1_217' title='bbox 3116 1586 3183 1624; x_wconf 88' lang='lat' dir='ltr'><strong>ac</strong></span> <span class='ocrx_word' id='word_1_218' title='bbox 3201 1575 3627 1642; x_wconf 86' lang='lat' dir='ltr'><strong>prostraverunt.</strong></span> <span class='ocrx_word' id='word_1_219' title='bbox 3642 1574 3756 1627; x_wconf 79' lang='lat' dir='ltr'><strong>Nunc</strong></span> 
     </span>
    </p>
   </div>
   <div class='ocr_carea' id='block_1_31' title="bbox 2228 1656 3757 1732">
    <p class='ocr_par' dir='ltr' id='par_1_31' title="bbox 2228 1656 3757 1732">
     <span class='ocr_line' id='line_1_31' title="bbox 2228 1656 3757 1732; baseline 0.005 -23"><span class='ocrx_word' id='word_1_220' title='bbox 2228 1660 2441 1715; x_wconf 89' lang='lat' dir='ltr'><strong>autem,</strong></span> <span class='ocrx_word' id='word_1_221' title='bbox 2473 1656 2520 1710; x_wconf 90' lang='lat' dir='ltr'><strong>si</strong></span> <span class='ocrx_word' id='word_1_222' title='bbox 2551 1673 2663 1727; x_wconf 85' lang='lat' dir='ltr'><strong>qua</strong></span> <span class='ocrx_word' id='word_1_223' title='bbox 2691 1657 2792 1711; x_wconf 88' lang='lat' dir='ltr'><strong>tibi</strong></span> <span class='ocrx_word' id='word_1_224' title='bbox 2823 1656 3056 1713; x_wconf 83' lang='lat' dir='ltr'><strong>facultas</strong></span> <span class='ocrx_word' id='word_1_225' title='bbox 3099 1664 3156 1713; x_wconf 91' lang='lat' dir='ltr'><strong>et</strong></span> <span class='ocrx_word' id='word_1_226' title='bbox 3183 1659 3263 1713; x_wconf 89' lang='lat' dir='ltr'><strong>vis</strong></span> <span class='ocrx_word' id='word_1_227' title='bbox 3293 1660 3557 1732; x_wconf 77' lang='lat' dir='ltr'><strong>suppetit,</strong></span> <span class='ocrx_word' id='word_1_228' title='bbox 3596 1678 3688 1731; x_wconf 86' lang='lat' dir='ltr'><strong>qua</strong></span> <span class='ocrx_word' id='word_1_229' title='bbox 3717 1670 3757 1715; x_wconf 87' lang='lat' dir='ltr'><strong>tu</strong></span> 
     </span>
    </p>
   </div>
   <div class='ocr_carea' id='block_1_32' title="bbox 2231 1744 3758 1821">
    <p class='ocr_par' dir='ltr' id='par_1_32' title="bbox 2231 1744 3758 1821">
     <span class='ocr_line' id='line_1_32' title="bbox 2231 1744 3758 1821; baseline 0.005 -24"><span class='ocrx_word' id='word_1_230' title='bbox 2231 1744 2389 1798; x_wconf 89' lang='lat' dir='ltr'><strong>humi</strong></span> <span class='ocrx_word' id='word_1_231' title='bbox 2427 1746 2637 1815; x_wconf 89' lang='lat' dir='ltr'><strong>jacenti</strong></span> <span class='ocrx_word' id='word_1_232' title='bbox 2687 1746 2944 1817; x_wconf 89' lang='lat' dir='ltr'><strong>religioni</strong></span> <span class='ocrx_word' id='word_1_233' title='bbox 2993 1753 3197 1803; x_wconf 71' lang='lat' dir='ltr'><strong>nostrae</strong></span> <span class='ocrx_word' id='word_1_234' title='bbox 3247 1749 3528 1819; x_wconf 83' lang='lat' dir='ltr'><strong>opitulari,</strong></span> <span class='ocrx_word' id='word_1_235' title='bbox 3578 1766 3758 1821; x_wconf 84' lang='lat' dir='ltr'><strong>eamque</strong></span> 
     </span>
    </p>
   </div>
   <div class='ocr_carea' id='block_1_33' title="bbox 619 1815 3760 1909">
    <p class='ocr_par' dir='ltr' id='par_1_33' title="bbox 619 1815 3760 1909">
     <span class='ocr_line' id='line_1_33' title="bbox 619 1815 3760 1909; baseline 0.001 -18"><span class='ocrx_word' id='word_1_236' title='bbox 619 1815 750 1891; x_wconf 62' lang='lat' dir='ltr'><strong>Car.</strong></span> <span class='ocrx_word' id='word_1_237' title='bbox 783 1836 1041 1891; x_wconf 83' lang='grc' dir='ltr'>ΧΧΙΧ.-</span> <span class='ocrx_word' id='word_1_238' title='bbox 1070 1835 1148 1890; x_wconf 94' lang='lat' dir='ltr'><strong>Eo</strong></span> <span class='ocrx_word' id='word_1_239' title='bbox 1177 1841 1368 1890; x_wconf 88' lang='lat' dir='ltr'><strong>autem</strong></span> <span class='ocrx_word' id='word_1_240' title='bbox 1388 1840 1642 1907; x_wconf 89' lang='lat' dir='ltr'><strong>tempore</strong></span> <span class='ocrx_word' id='word_1_241' title='bbox 1667 1815 1950 1907; x_wconf 84' lang='lat' dir='ltr'><strong>publicum</strong></span> <span class='ocrx_word' id='word_1_242' title='bbox 1972 1833 2143 1888; x_wconf 84' lang='lat' dir='ltr'><strong>falso-</strong></span> <span class='ocrx_word' id='word_1_243' title='bbox 2164 1815 2212 1876; x_wconf 75' lang='grc' dir='ltr'>Β</span> <span class='ocrx_word' id='word_1_244' title='bbox 2230 1850 2456 1888; x_wconf 87' lang='lat' dir='ltr'><strong>rursum</strong></span> <span class='ocrx_word' id='word_1_245' title='bbox 2483 1835 2726 1890; x_wconf 84' lang='lat' dir='ltr'><strong>excitare</strong></span> <span class='ocrx_word' id='word_1_246' title='bbox 2757 1815 2949 1907; x_wconf 84' lang='lat' dir='ltr'><strong>queas,</strong></span> <span class='ocrx_word' id='word_1_247' title='bbox 2974 1837 3139 1891; x_wconf 84' lang='lat' dir='ltr'><strong>velim</strong></span> <span class='ocrx_word' id='word_1_248' title='bbox 3161 1815 3426 1909; x_wconf 76' lang='lat' dir='ltr'><strong>exponas.</strong></span> <span class='ocrx_word' id='word_1_249' title='bbox 3451 1839 3681 1894; x_wconf 83' lang='lat' dir='ltr'><strong>Theudas</strong></span> <span class='ocrx_word' id='word_1_250' title='bbox 3696 1815 3760 1893; x_wconf 71' lang='lat' dir='ltr'><strong>au-</strong></span> 
     </span>
    </p>
   </div>
   <div class='ocr_carea' id='block_1_34' title="bbox 544 1924 2142 1995">
    <p class='ocr_par' dir='ltr' id='par_1_34' title="bbox 544 1924 2142 1995">
     <span class='ocr_line' id='line_1_34' title="bbox 544 1924 2142 1995; baseline -0.002 -14"><span class='ocrx_word' id='word_1_251' title='bbox 544 1940 673 1981; x_wconf 86' lang='lat' dir='ltr'><strong>rum</strong></span> <span class='ocrx_word' id='word_1_252' title='bbox 700 1924 935 1981; x_wconf 89' lang='lat' dir='ltr'><strong>deorum</strong></span> <span class='ocrx_word' id='word_1_253' title='bbox 954 1924 1158 1981; x_wconf 90' lang='lat' dir='ltr'><strong>festum</strong></span> <span class='ocrx_word' id='word_1_254' title='bbox 1191 1924 1251 1980; x_wconf 89' lang='lat' dir='ltr'><strong>in</strong></span> <span class='ocrx_word' id='word_1_255' title='bbox 1280 1924 1419 1981; x_wconf 88' lang='lat' dir='ltr'><strong>urbe</strong></span> <span class='ocrx_word' id='word_1_256' title='bbox 1446 1925 1546 1980; x_wconf 92' lang='lat' dir='ltr'><strong>illa</strong></span> <span class='ocrx_word' id='word_1_257' title='bbox 1576 1928 1715 1979; x_wconf 90' lang='lat' dir='ltr'><strong>erat.</strong></span> <span class='ocrx_word' id='word_1_258' title='bbox 1741 1925 1951 1995; x_wconf 90' lang='lat' dir='ltr'><strong>Regem</strong></span> <span class='ocrx_word' id='word_1_259' title='bbox 1974 1940 2142 1995; x_wconf 91' lang='lat' dir='ltr'><strong>porro</strong></span> 
     </span>
    </p>
   </div>
   <div class='ocr_carea' id='block_1_35' title="bbox 542 2013 2144 2087">
    <p class='ocr_par' dir='ltr' id='par_1_35' title="bbox 542 2013 2144 2087">
     <span class='ocr_line' id='line_1_35' title="bbox 542 2013 2144 2087; baseline -0.001 -18"><span class='ocrx_word' id='word_1_260' title='bbox 542 2013 674 2071; x_wconf 88' lang='lat' dir='ltr'><strong>huic</strong></span> <span class='ocrx_word' id='word_1_261' title='bbox 702 2013 843 2070; x_wconf 84' lang='lat' dir='ltr'><strong>festo</strong></span> <span class='ocrx_word' id='word_1_262' title='bbox 886 2014 1160 2071; x_wconf 90' lang='lat' dir='ltr'><strong>interesse</strong></span> <span class='ocrx_word' id='word_1_263' title='bbox 1188 2031 1255 2070; x_wconf 91' lang='lat' dir='ltr'><strong>ac</strong></span> <span class='ocrx_word' id='word_1_264' title='bbox 1295 2014 1693 2087; x_wconf 88' lang='lat' dir='ltr'><strong>copiosissimis</strong></span> <span class='ocrx_word' id='word_1_265' title='bbox 1719 2013 1959 2068; x_wconf 88' lang='lat' dir='ltr'><strong>victimis</strong></span> <span class='ocrx_word' id='word_1_266' title='bbox 2004 2013 2144 2067; x_wconf 91' lang='lat' dir='ltr'><strong>illud</strong></span> 
     </span>
    </p>
   </div>
   <div class='ocr_carea' id='block_1_36' title="bbox 545 2102 2142 2178">
    <p class='ocr_par' dir='ltr' id='par_1_36' title="bbox 545 2102 2142 2178">
     <span class='ocr_line' id='line_1_36' title="bbox 545 2102 2142 2178; baseline -0.003 -18"><span class='ocrx_word' id='word_1_267' title='bbox 545 2121 818 2161; x_wconf 84' lang='lat' dir='ltr'><strong>exornare</strong></span> <span class='ocrx_word' id='word_1_268' title='bbox 846 2105 1160 2178; x_wconf 87' lang='lat' dir='ltr'><strong>oportebat.</strong></span> <span class='ocrx_word' id='word_1_269' title='bbox 1191 2104 1400 2160; x_wconf 78' lang='lat' dir='ltr'><strong>Verum</strong></span> <span class='ocrx_word' id='word_1_270' title='bbox 1439 2120 1569 2160; x_wconf 91' lang='lat' dir='ltr'><strong>cum</strong></span> <span class='ocrx_word' id='word_1_271' title='bbox 1610 2103 1930 2159; x_wconf 90' lang='lat' dir='ltr'><strong>sacerdotes</strong></span> <span class='ocrx_word' id='word_1_272' title='bbox 1957 2102 2142 2174; x_wconf 91' lang='lat' dir='ltr'><strong>ipsum</strong></span> 
     </span>
    </p>
   </div>
   <div class='ocr_carea' id='block_1_37' title="bbox 540 2192 2140 2267">
    <p class='ocr_par' dir='ltr' id='par_1_37' title="bbox 540 2192 2140 2267">
     <span class='ocr_line' id='line_1_37' title="bbox 540 2192 2140 2267; baseline -0.001 -19"><span class='ocrx_word' id='word_1_273' title='bbox 540 2194 601 2249; x_wconf 90' lang='lat' dir='ltr'><strong>in</strong></span> <span class='ocrx_word' id='word_1_274' title='bbox 631 2194 866 2251; x_wconf 85' lang='lat' dir='ltr'><strong>deorum</strong></span> <span class='ocrx_word' id='word_1_275' title='bbox 897 2196 1051 2250; x_wconf 91' lang='lat' dir='ltr'><strong>cultu</strong></span> <span class='ocrx_word' id='word_1_276' title='bbox 1077 2211 1307 2267; x_wconf 87' lang='lat' dir='ltr'><strong>segnem</strong></span> <span class='ocrx_word' id='word_1_277' title='bbox 1337 2211 1401 2250; x_wconf 89' lang='lat' dir='ltr'><strong>ac</strong></span> <span class='ocrx_word' id='word_1_278' title='bbox 1429 2193 1681 2266; x_wconf 87' lang='lat' dir='ltr'><strong>tepidum</strong></span> <span class='ocrx_word' id='word_1_279' title='bbox 1709 2210 1830 2248; x_wconf 90' lang='lat' dir='ltr'><strong>esse</strong></span> <span class='ocrx_word' id='word_1_280' title='bbox 1855 2192 2140 2264; x_wconf 91' lang='lat' dir='ltr'><strong>conspice-</strong></span> 
     </span>
    </p>
   </div>
   <div class='ocr_carea' id='block_1_38' title="bbox 537 2282 2142 2355">
    <p class='ocr_par' dir='ltr' id='par_1_38' title="bbox 537 2282 2142 2355">
     <span class='ocr_line' id='line_1_38' title="bbox 537 2282 2142 2355; baseline -0.001 -17"><span class='ocrx_word' id='word_1_281' title='bbox 537 2289 686 2350; x_wconf 88' lang='lat' dir='ltr'><strong>rent,</strong></span> <span class='ocrx_word' id='word_1_282' title='bbox 716 2284 774 2340; x_wconf 88' lang='lat' dir='ltr'><strong>id</strong></span> <span class='ocrx_word' id='word_1_283' title='bbox 801 2284 1161 2352; x_wconf 88' lang='lat' dir='ltr'><strong>verebantur,</strong></span> <span class='ocrx_word' id='word_1_284' title='bbox 1189 2301 1261 2340; x_wconf 91' lang='lat' dir='ltr'><strong>ne</strong></span> <span class='ocrx_word' id='word_1_285' title='bbox 1290 2284 1361 2339; x_wconf 89' lang='lat' dir='ltr'><strong>ad</strong></span> <span class='ocrx_word' id='word_1_286' title='bbox 1391 2283 1666 2355; x_wconf 89' lang='lat' dir='ltr'><strong>templum</strong></span> <span class='ocrx_word' id='word_1_287' title='bbox 1686 2282 1874 2338; x_wconf 88' lang='lat' dir='ltr'><strong>venire</strong></span> <span class='ocrx_word' id='word_1_288' title='bbox 1894 2282 2142 2353; x_wconf 83' lang='lat' dir='ltr'><strong>neglige-</strong></span> 
     </span>
    </p>
   </div>
   <div class='ocr_carea' id='block_1_39' title="bbox 2227 1924 3757 1998">
    <p class='ocr_par' dir='ltr' id='par_1_39' title="bbox 2227 1924 3757 1998">
     <span class='ocr_line' id='line_1_39' title="bbox 2227 1924 3757 1998; baseline 0.003 -22"><span class='ocrx_word' id='word_1_289' title='bbox 2227 1928 2339 1977; x_wconf 90' lang='lat' dir='ltr'><strong>tem</strong></span> <span class='ocrx_word' id='word_1_290' title='bbox 2371 1924 2489 1994; x_wconf 88' lang='lat' dir='ltr'><strong>regi</strong></span> <span class='ocrx_word' id='word_1_291' title='bbox 2523 1924 2594 1978; x_wconf 90' lang='lat' dir='ltr'><strong>ad</strong></span> <span class='ocrx_word' id='word_1_292' title='bbox 2623 1925 2773 1980; x_wconf 91' lang='lat' dir='ltr'><strong>hunc</strong></span> <span class='ocrx_word' id='word_1_293' title='bbox 2813 1926 3043 1981; x_wconf 90' lang='lat' dir='ltr'><strong>modum</strong></span> <span class='ocrx_word' id='word_1_294' title='bbox 3086 1928 3377 1998; x_wconf 90' lang='lat' dir='ltr'><strong>respondit</strong></span> <span class='ocrx_word' id='word_1_295' title='bbox 3408 1946 3421 1981; x_wconf 89' lang='lat'><strong>:</strong></span> <span class='ocrx_word' id='word_1_296' title='bbox 3455 1928 3757 1983; x_wconf 62' lang='lat' dir='ltr'><strong>Galilaeorum</strong></span> 
     </span>
    </p>
   </div>
   <div class='ocr_carea' id='block_1_40' title="bbox 2225 2013 3755 2085">
    <p class='ocr_par' dir='ltr' id='par_1_40' title="bbox 2225 2013 3755 2085">
     <span class='ocr_line' id='line_1_40' title="bbox 2225 2013 3755 2085; baseline 0.002 -19"><span class='ocrx_word' id='word_1_297' title='bbox 2225 2013 2611 2068; x_wconf 89' lang='lat' dir='ltr'><strong>contentiones</strong></span> <span class='ocrx_word' id='word_1_298' title='bbox 2642 2019 2811 2085; x_wconf 89' lang='lat' dir='ltr'><strong>atque</strong></span> <span class='ocrx_word' id='word_1_299' title='bbox 2837 2015 3034 2070; x_wconf 90' lang='lat' dir='ltr'><strong>inanes</strong></span> <span class='ocrx_word' id='word_1_300' title='bbox 3051 2032 3357 2083; x_wconf 87' lang='lat' dir='ltr'><strong>sermones,</strong></span> <span class='ocrx_word' id='word_1_301' title='bbox 3386 2033 3419 2071; x_wconf 91' lang='grc' dir='ltr'>ο</span> <span class='ocrx_word' id='word_1_302' title='bbox 3441 2034 3550 2083; x_wconf 86' lang='lat' dir='ltr'><strong>rex,</strong></span> <span class='ocrx_word' id='word_1_303' title='bbox 3573 2017 3755 2071; x_wconf 78' lang='lat' dir='ltr'><strong>minime</strong></span> 
     </span>
    </p>
   </div>
   <div class='ocr_carea' id='block_1_41' title="bbox 2224 2101 3762 2178">
    <p class='ocr_par' dir='ltr' id='par_1_41' title="bbox 2224 2101 3762 2178">
     <span class='ocr_line' id='line_1_41' title="bbox 2224 2101 3762 2178; baseline 0.002 -23"><span class='ocrx_word' id='word_1_304' title='bbox 2224 2101 2572 2172; x_wconf 89' lang='lat' dir='ltr'><strong>pertimesce.</strong></span> <span class='ocrx_word' id='word_1_305' title='bbox 2607 2103 2742 2168; x_wconf 67' lang='lat' dir='ltr'><strong>Quae</strong></span> <span class='ocrx_word' id='word_1_306' title='bbox 2769 2104 2917 2159; x_wconf 91' lang='lat' dir='ltr'><strong>enim</strong></span> <span class='ocrx_word' id='word_1_307' title='bbox 2939 2110 3074 2160; x_wconf 91' lang='lat' dir='ltr'><strong>sunt</strong></span> <span class='ocrx_word' id='word_1_308' title='bbox 3094 2122 3163 2160; x_wconf 88' lang='lat' dir='ltr'><strong>ea</strong></span> <span class='ocrx_word' id='word_1_309' title='bbox 3190 2122 3312 2177; x_wconf 65' lang='lat' dir='ltr'><strong>quae</strong></span> <span class='ocrx_word' id='word_1_310' title='bbox 3327 2105 3400 2160; x_wconf 90' lang='lat' dir='ltr'><strong>ab</strong></span> <span class='ocrx_word' id='word_1_311' title='bbox 3420 2106 3553 2178; x_wconf 88' lang='lat' dir='ltr'><strong>ipsis</strong></span> <span class='ocrx_word' id='word_1_312' title='bbox 3578 2106 3762 2160; x_wconf 75' lang='lat' dir='ltr'><strong>afferun-</strong></span> 
     </span>
    </p>
   </div>
   <div class='ocr_carea' id='block_1_42' title="bbox 2223 2194 3760 2267">
    <p class='ocr_par' dir='ltr' id='par_1_42' title="bbox 2223 2194 3760 2267">
     <span class='ocr_line' id='line_1_42' title="bbox 2223 2194 3760 2267; baseline 0.001 -23"><span class='ocrx_word' id='word_1_313' title='bbox 2223 2195 2336 2257; x_wconf 91' lang='lat' dir='ltr'><strong>tur,</strong></span> <span class='ocrx_word' id='word_1_314' title='bbox 2371 2198 2645 2263; x_wconf 89' lang='lat' dir='ltr'><strong>quantum</strong></span> <span class='ocrx_word' id='word_1_315' title='bbox 2675 2194 2901 2265; x_wconf 89' lang='lat' dir='ltr'><strong>quidem</strong></span> <span class='ocrx_word' id='word_1_316' title='bbox 2926 2194 2999 2249; x_wconf 92' lang='lat' dir='ltr'><strong>ad</strong></span> <span class='ocrx_word' id='word_1_317' title='bbox 3020 2194 3169 2250; x_wconf 91' lang='lat' dir='ltr'><strong>viros</strong></span> <span class='ocrx_word' id='word_1_318' title='bbox 3189 2196 3410 2251; x_wconf 81' lang='lat' dir='ltr'><strong>ratione</strong></span> <span class='ocrx_word' id='word_1_319' title='bbox 3431 2212 3495 2250; x_wconf 88' lang='lat' dir='ltr'><strong>ac</strong></span> <span class='ocrx_word' id='word_1_320' title='bbox 3522 2194 3760 2267; x_wconf 84' lang='lat' dir='ltr'><strong>prudentia</strong></span> 
     </span>
    </p>
   </div>
   <div class='ocr_carea' id='block_1_43' title="bbox 2222 2282 3759 2356">
    <p class='ocr_par' dir='ltr' id='par_1_43' title="bbox 2222 2282 3759 2356">
     <span class='ocr_line' id='line_1_43' title="bbox 2222 2282 3759 2356; baseline -0.001 -19"><span class='ocrx_word' id='word_1_321' title='bbox 2222 2282 2488 2352; x_wconf 70' lang='lat' dir='ltr'><strong>praeditos</strong></span> <span class='ocrx_word' id='word_1_322' title='bbox 2518 2283 2756 2337; x_wconf 89' lang='lat' dir='ltr'><strong>attinet?</strong></span> <span class='ocrx_word' id='word_1_323' title='bbox 2783 2284 2907 2338; x_wconf 85' lang='lat' dir='ltr'><strong>Meo</strong></span> <span class='ocrx_word' id='word_1_324' title='bbox 2934 2284 3161 2356; x_wconf 89' lang='lat' dir='ltr'><strong>quidem</strong></span> <span class='ocrx_word' id='word_1_325' title='bbox 3186 2285 3401 2355; x_wconf 89' lang='lat' dir='ltr'><strong>judicio</strong></span> <span class='ocrx_word' id='word_1_326' title='bbox 3431 2285 3636 2340; x_wconf 86' lang='lat' dir='ltr'><strong>facilius</strong></span> <span class='ocrx_word' id='word_1_327' title='bbox 3658 2284 3759 2352; x_wconf 86' lang='lat' dir='ltr'><strong>deji-</strong></span> 
     </span>
    </p>
   </div>
   <div class='ocr_carea' id='block_1_44' title="bbox 537 2370 3759 2447">
    <p class='ocr_par' dir='ltr' id='par_1_44' title="bbox 537 2370 3759 2447">
     <span class='ocr_line' id='line_1_44' title="bbox 537 2370 3759 2447; baseline -0.001 -19"><span class='ocrx_word' id='word_1_328' title='bbox 537 2378 644 2438; x_wconf 91' lang='lat' dir='ltr'><strong>ret,</strong></span> <span class='ocrx_word' id='word_1_329' title='bbox 669 2374 860 2447; x_wconf 90' lang='lat' dir='ltr'><strong>sicque</strong></span> <span class='ocrx_word' id='word_1_330' title='bbox 884 2374 991 2446; x_wconf 91' lang='lat' dir='ltr'><strong>ipsi</strong></span> <span class='ocrx_word' id='word_1_331' title='bbox 1020 2373 1349 2430; x_wconf 90' lang='lat' dir='ltr'><strong>muneribus</strong></span> <span class='ocrx_word' id='word_1_332' title='bbox 1390 2374 1459 2429; x_wconf 91' lang='lat' dir='ltr'><strong>iis</strong></span> <span class='ocrx_word' id='word_1_333' title='bbox 1506 2390 1629 2445; x_wconf 81' lang='lat' dir='ltr'><strong>quae</strong></span> <span class='ocrx_word' id='word_1_334' title='bbox 1662 2390 1697 2428; x_wconf 94' lang='lat' dir='ltr'><strong>a</strong></span> <span class='ocrx_word' id='word_1_335' title='bbox 1724 2390 1857 2444; x_wconf 90' lang='lat' dir='ltr'><strong>rege</strong></span> <span class='ocrx_word' id='word_1_336' title='bbox 1887 2371 2139 2443; x_wconf 89' lang='lat' dir='ltr'><strong>accipere</strong></span> <span class='ocrx_word' id='word_1_337' title='bbox 2223 2370 2459 2437; x_wconf 88' lang='lat' dir='ltr'><strong>cientur,</strong></span> <span class='ocrx_word' id='word_1_338' title='bbox 2513 2388 2682 2444; x_wconf 91' lang='lat' dir='ltr'><strong>quam</strong></span> <span class='ocrx_word' id='word_1_339' title='bbox 2739 2372 2936 2428; x_wconf 89' lang='lat' dir='ltr'><strong>folium</strong></span> <span class='ocrx_word' id='word_1_340' title='bbox 2980 2390 3016 2428; x_wconf 91' lang='lat' dir='ltr'><strong>a</strong></span> <span class='ocrx_word' id='word_1_341' title='bbox 3056 2379 3219 2429; x_wconf 90' lang='lat' dir='ltr'><strong>vento</strong></span> <span class='ocrx_word' id='word_1_342' title='bbox 3262 2391 3573 2430; x_wconf 86' lang='lat' dir='ltr'><strong>excussum.</strong></span> <span class='ocrx_word' id='word_1_343' title='bbox 3614 2374 3759 2442; x_wconf 82' lang='lat' dir='ltr'><strong>Neque</strong></span> 
     </span>
    </p>
   </div>
   <div class='ocr_carea' id='block_1_45' title="bbox 537 2460 3760 2536">
    <p class='ocr_par' dir='ltr' id='par_1_45' title="bbox 537 2460 3760 2536">
     <span class='ocr_line' id='line_1_45' title="bbox 537 2460 3760 2536; baseline -0.002 -17"><span class='ocrx_word' id='word_1_344' title='bbox 537 2469 962 2532; x_wconf 88' lang='lat' dir='ltr'><strong>consueverant,</strong></span> <span class='ocrx_word' id='word_1_345' title='bbox 1003 2464 1331 2536; x_wconf 63' lang='lat' dir='ltr'><strong>ceterisque</strong></span> <span class='ocrx_word' id='word_1_346' title='bbox 1372 2462 1733 2535; x_wconf 82' lang='lat' dir='ltr'><strong>proventibus</strong></span> <span class='ocrx_word' id='word_1_347' title='bbox 1780 2461 2134 2517; x_wconf 91' lang='lat' dir='ltr'><strong>orbarentur.</strong></span> <span class='ocrx_word' id='word_1_348' title='bbox 2221 2460 2371 2515; x_wconf 90' lang='lat' dir='ltr'><strong>enim</strong></span> <span class='ocrx_word' id='word_1_349' title='bbox 2415 2462 2501 2516; x_wconf 87' lang='lat' dir='ltr'><strong>vel</strong></span> <span class='ocrx_word' id='word_1_350' title='bbox 2547 2469 2908 2534; x_wconf 88' lang='lat' dir='ltr'><strong>conspectum</strong></span> <span class='ocrx_word' id='word_1_351' title='bbox 2950 2480 3136 2517; x_wconf 90' lang='lat' dir='ltr'><strong>meum</strong></span> <span class='ocrx_word' id='word_1_352' title='bbox 3184 2463 3560 2530; x_wconf 89' lang='lat' dir='ltr'><strong>sustinebunt,</strong></span> <span class='ocrx_word' id='word_1_353' title='bbox 3591 2469 3760 2517; x_wconf 84' lang='lat' dir='ltr'><strong>tantum</strong></span> 
     </span>
    </p>
   </div>
   <div class='ocr_carea' id='block_1_46' title="bbox 537 2549 3757 2626">
    <p class='ocr_par' dir='ltr' id='par_1_46' title="bbox 537 2549 3757 2626">
     <span class='ocr_line' id='line_1_46' title="bbox 537 2549 3757 2626; baseline -0.002 -17"><span class='ocrx_word' id='word_1_354' title='bbox 537 2553 846 2625; x_wconf 86' lang='lat' dir='ltr'><strong>Surgentes</strong></span> <span class='ocrx_word' id='word_1_355' title='bbox 874 2554 1084 2625; x_wconf 88' lang='lat' dir='ltr'><strong>itaque,</strong></span> <span class='ocrx_word' id='word_1_356' title='bbox 1118 2554 1189 2609; x_wconf 89' lang='lat' dir='ltr'><strong>ad</strong></span> <span class='ocrx_word' id='word_1_357' title='bbox 1217 2553 1539 2625; x_wconf 90' lang='lat' dir='ltr'><strong>speluncam</strong></span> <span class='ocrx_word' id='word_1_358' title='bbox 1567 2553 1849 2626; x_wconf 90' lang='lat' dir='ltr'><strong>quandam</strong></span> <span class='ocrx_word' id='word_1_359' title='bbox 1871 2552 1929 2606; x_wconf 88' lang='lat' dir='ltr'><strong>in</strong></span> <span class='ocrx_word' id='word_1_360' title='bbox 1944 2552 2138 2606; x_wconf 90' lang='lat' dir='ltr'><strong>vastis-</strong></span> <span class='ocrx_word' id='word_1_361' title='bbox 2219 2549 2377 2605; x_wconf 90' lang='lat' dir='ltr'><strong>abest</strong></span> <span class='ocrx_word' id='word_1_362' title='bbox 2404 2555 2467 2607; x_wconf 88' lang='lat' dir='ltr'><strong>ut</strong></span> <span class='ocrx_word' id='word_1_363' title='bbox 2498 2569 2785 2607; x_wconf 82' lang='lat' dir='ltr'><strong>sermones</strong></span> <span class='ocrx_word' id='word_1_364' title='bbox 2804 2558 3117 2619; x_wconf 89' lang='lat' dir='ltr'><strong>conserant,</strong></span> <span class='ocrx_word' id='word_1_365' title='bbox 3154 2558 3323 2624; x_wconf 88' lang='lat' dir='ltr'><strong>atque</strong></span> <span class='ocrx_word' id='word_1_366' title='bbox 3352 2554 3426 2609; x_wconf 89' lang='lat' dir='ltr'><strong>ad</strong></span> <span class='ocrx_word' id='word_1_367' title='bbox 3448 2569 3651 2608; x_wconf 89' lang='lat' dir='ltr'><strong>mecum</strong></span> <span class='ocrx_word' id='word_1_368' title='bbox 3675 2552 3757 2605; x_wconf 89' lang='lat' dir='ltr'><strong>dis-</strong></span> 
     </span>
    </p>
   </div>
   <div class='ocr_carea' id='block_1_47' title="bbox 534 2639 3760 2715">
    <p class='ocr_par' dir='ltr' id='par_1_47' title="bbox 534 2639 3760 2715">
     <span class='ocr_line' id='line_1_47' title="bbox 534 2639 3760 2715; baseline -0.001 -19"><span class='ocrx_word' id='word_1_369' title='bbox 534 2641 684 2697; x_wconf 90' lang='lat' dir='ltr'><strong>sima</strong></span> <span class='ocrx_word' id='word_1_370' title='bbox 710 2642 1011 2698; x_wconf 89' lang='lat' dir='ltr'><strong>solitudine</strong></span> <span class='ocrx_word' id='word_1_371' title='bbox 1036 2643 1201 2697; x_wconf 91' lang='lat' dir='ltr'><strong>sitam</strong></span> <span class='ocrx_word' id='word_1_372' title='bbox 1214 2642 1664 2715; x_wconf 82' lang='lat' dir='ltr'><strong>proﬁciscuntur,</strong></span> <span class='ocrx_word' id='word_1_373' title='bbox 1686 2641 1746 2696; x_wconf 89' lang='lat' dir='ltr'><strong>in</strong></span> <span class='ocrx_word' id='word_1_374' title='bbox 1766 2658 1876 2713; x_wconf 90' lang='lat' dir='ltr'><strong>qua</strong></span> <span class='ocrx_word' id='word_1_375' title='bbox 1894 2641 1980 2696; x_wconf 88' lang='lat' dir='ltr'><strong>vir</strong></span> <span class='ocrx_word' id='word_1_376' title='bbox 2009 2640 2135 2711; x_wconf 90' lang='lat' dir='ltr'><strong>qui-</strong></span> <span class='ocrx_word' id='word_1_377' title='bbox 2216 2639 2529 2711; x_wconf 86' lang='lat' dir='ltr'><strong>putandum</strong></span> <span class='ocrx_word' id='word_1_378' title='bbox 2562 2642 2760 2712; x_wconf 90' lang='lat' dir='ltr'><strong>pedem</strong></span> <span class='ocrx_word' id='word_1_379' title='bbox 2788 2647 3102 2697; x_wconf 87' lang='lat' dir='ltr'><strong>conserant.</strong></span> <span class='ocrx_word' id='word_1_380' title='bbox 3126 2642 3429 2710; x_wconf 68' lang='lat' dir='ltr'><strong>Caeterum,</strong></span> <span class='ocrx_word' id='word_1_381' title='bbox 3451 2650 3515 2698; x_wconf 89' lang='lat' dir='ltr'><strong>ut</strong></span> <span class='ocrx_word' id='word_1_382' title='bbox 3529 2649 3582 2697; x_wconf 91' lang='lat' dir='ltr'><strong>et</strong></span> <span class='ocrx_word' id='word_1_383' title='bbox 3608 2656 3760 2714; x_wconf 59' lang='lat' dir='ltr'><strong>prope</strong></span> 
     </span>
    </p>
   </div>
   <div class='ocr_carea' id='block_1_48' title="bbox 538 2722 3819 2804">
    <p class='ocr_par' dir='ltr' id='par_1_48' title="bbox 538 2722 3819 2804">
     <span class='ocr_line' id='line_1_48' title="bbox 538 2722 3819 2804; baseline -0.002 -18"><span class='ocrx_word' id='word_1_384' title='bbox 538 2730 670 2787; x_wconf 90' lang='lat' dir='ltr'><strong>dam</strong></span> <span class='ocrx_word' id='word_1_385' title='bbox 698 2732 931 2804; x_wconf 84' lang='lat' dir='ltr'><strong>magicis</strong></span> <span class='ocrx_word' id='word_1_386' title='bbox 970 2732 1186 2787; x_wconf 88' lang='lat' dir='ltr'><strong>artibus</strong></span> <span class='ocrx_word' id='word_1_387' title='bbox 1212 2731 1454 2799; x_wconf 90' lang='lat' dir='ltr'><strong>deditus,</strong></span> <span class='ocrx_word' id='word_1_388' title='bbox 1487 2737 1656 2803; x_wconf 90' lang='lat' dir='ltr'><strong>atque</strong></span> <span class='ocrx_word' id='word_1_389' title='bbox 1694 2731 1820 2785; x_wconf 71' lang='lat' dir='ltr'><strong>falsn</strong></span> <span class='ocrx_word' id='word_1_390' title='bbox 1853 2730 2132 2785; x_wconf 91' lang='lat' dir='ltr'><strong>idolorum</strong></span> <span class='ocrx_word' id='word_1_391' title='bbox 2216 2729 2543 2785; x_wconf 90' lang='lat' dir='ltr'><strong>situmistud</strong></span> <span class='ocrx_word' id='word_1_392' title='bbox 2561 2736 2866 2799; x_wconf 88' lang='lat' dir='ltr'><strong>certamen,</strong></span> <span class='ocrx_word' id='word_1_393' title='bbox 2887 2738 2945 2786; x_wconf 89' lang='lat' dir='ltr'><strong>et</strong></span> <span class='ocrx_word' id='word_1_394' title='bbox 2963 2732 3232 2803; x_wconf 88' lang='lat' dir='ltr'><strong>quidquid</strong></span> <span class='ocrx_word' id='word_1_395' title='bbox 3252 2732 3405 2786; x_wconf 90' lang='lat' dir='ltr'><strong>aliud</strong></span> <span class='ocrx_word' id='word_1_396' title='bbox 3429 2733 3485 2787; x_wconf 90' lang='lat' dir='ltr'><strong>in</strong></span> <span class='ocrx_word' id='word_1_397' title='bbox 3506 2732 3673 2786; x_wconf 89' lang='lat' dir='ltr'><strong>animo</strong></span> <span class='ocrx_word' id='word_1_398' title='bbox 3691 2730 3759 2782; x_wconf 88' lang='lat' dir='ltr'><strong>ha-</strong></span> <span class='ocrx_word' id='word_1_399' title='bbox 3818 2722 3819 2729; x_wconf 54' lang='grc'><em>“</em></span> 
     </span>
    </p>
   </div>
   <div class='ocr_carea' id='block_1_49' title="bbox 536 2816 3758 2895">
    <p class='ocr_par' dir='ltr' id='par_1_49' title="bbox 536 2816 3758 2895">
     <span class='ocr_line' id='line_1_49' title="bbox 536 2816 3758 2895; baseline -0.002 -18"><span class='ocrx_word' id='word_1_400' title='bbox 536 2822 723 2877; x_wconf 86' lang='lat' dir='ltr'><strong>cultus</strong></span> <span class='ocrx_word' id='word_1_401' title='bbox 751 2822 1058 2878; x_wconf 84' lang='lat' dir='ltr'><strong>acerrimus</strong></span> <span class='ocrx_word' id='word_1_402' title='bbox 1098 2826 1484 2895; x_wconf 90' lang='lat' dir='ltr'><strong>propugnator</strong></span> <span class='ocrx_word' id='word_1_403' title='bbox 1514 2820 1823 2887; x_wconf 90' lang='lat' dir='ltr'><strong>habitabat,</strong></span> <span class='ocrx_word' id='word_1_404' title='bbox 1871 2820 2132 2875; x_wconf 91' lang='lat' dir='ltr'><strong>Theudas</strong></span> <span class='ocrx_word' id='word_1_405' title='bbox 2215 2816 2523 2887; x_wconf 84' lang='lat' dir='ltr'><strong>buerimus,</strong></span> <span class='ocrx_word' id='word_1_406' title='bbox 2550 2827 2700 2875; x_wconf 90' lang='lat' dir='ltr'><strong>recto</strong></span> <span class='ocrx_word' id='word_1_407' title='bbox 2716 2838 2882 2877; x_wconf 90' lang='lat' dir='ltr'><strong>cursu</strong></span> <span class='ocrx_word' id='word_1_408' title='bbox 2901 2821 3134 2884; x_wconf 87' lang='lat' dir='ltr'><strong>feratur,</strong></span> <span class='ocrx_word' id='word_1_409' title='bbox 3149 2838 3349 2893; x_wconf 90' lang='lat' dir='ltr'><strong>resque</strong></span> <span class='ocrx_word' id='word_1_410' title='bbox 3366 2821 3531 2877; x_wconf 82' lang='lat' dir='ltr'><strong>nobis</strong></span> <span class='ocrx_word' id='word_1_411' title='bbox 3551 2839 3613 2875; x_wconf 85' lang='lat' dir='ltr'><strong>ex</strong></span> <span class='ocrx_word' id='word_1_412' title='bbox 3629 2818 3758 2874; x_wconf 87' lang='lat' dir='ltr'><strong>animi</strong></span> 
     </span>
    </p>
   </div>
   <div class='ocr_carea' id='block_1_50' title="bbox 533 2909 3757 2986">
    <p class='ocr_par' dir='ltr' id='par_1_50' title="bbox 533 2909 3757 2986">
     <span class='ocr_line' id='line_1_50' title="bbox 533 2909 3757 2986; baseline -0.003 -16"><span class='ocrx_word' id='word_1_413' title='bbox 533 2913 783 2977; x_wconf 85' lang='lat' dir='ltr'><strong>nomine,</strong></span> <span class='ocrx_word' id='word_1_414' title='bbox 827 2929 994 2986; x_wconf 88' lang='lat' dir='ltr'><strong>quem</strong></span> <span class='ocrx_word' id='word_1_415' title='bbox 1032 2912 1203 2968; x_wconf 89' lang='lat' dir='ltr'><strong>etiam</strong></span> <span class='ocrx_word' id='word_1_416' title='bbox 1231 2929 1325 2967; x_wconf 90' lang='lat' dir='ltr'><strong>rex</strong></span> <span class='ocrx_word' id='word_1_417' title='bbox 1348 2911 1624 2983; x_wconf 89' lang='lat' dir='ltr'><strong>singulari</strong></span> <span class='ocrx_word' id='word_1_418' title='bbox 1654 2910 1864 2965; x_wconf 88' lang='lat' dir='ltr'><strong>honore</strong></span> <span class='ocrx_word' id='word_1_419' title='bbox 1893 2910 2136 2980; x_wconf 90' lang='lat' dir='ltr'><strong>comple-</strong></span> <span class='ocrx_word' id='word_1_420' title='bbox 2214 2909 2495 2964; x_wconf 87' lang='lat' dir='ltr'><strong>sententia</strong></span> <span class='ocrx_word' id='word_1_421' title='bbox 2523 2910 2843 2971; x_wconf 81' lang='lat' dir='ltr'><strong>succedant,</strong></span> <span class='ocrx_word' id='word_1_422' title='bbox 2870 2910 2957 2965; x_wconf 84' lang='lat' dir='ltr'><strong>fac</strong></span> <span class='ocrx_word' id='word_1_423' title='bbox 2984 2910 3267 2983; x_wconf 90' lang='lat' dir='ltr'><strong>publicum</strong></span> <span class='ocrx_word' id='word_1_424' title='bbox 3293 2911 3403 2965; x_wconf 91' lang='lat' dir='ltr'><strong>hoc</strong></span> <span class='ocrx_word' id='word_1_425' title='bbox 3421 2911 3618 2966; x_wconf 90' lang='lat' dir='ltr'><strong>festum</strong></span> <span class='ocrx_word' id='word_1_426' title='bbox 3640 2923 3757 2963; x_wconf 84' lang='lat' dir='ltr'><strong>exor-</strong></span> 
     </span>
    </p>
   </div>
   <div class='ocr_carea' id='block_1_51' title="bbox 536 2997 3757 3076">
    <p class='ocr_par' dir='ltr' id='par_1_51' title="bbox 536 2997 3757 3076">
     <span class='ocr_line' id='line_1_51' title="bbox 536 2997 3757 3076; baseline -0.003 -17"><span class='ocrx_word' id='word_1_427' title='bbox 536 3002 1182 3076; x_wconf 89' lang='lat' dir='ltr'><strong>ctebatur.charumque</strong></span> <span class='ocrx_word' id='word_1_428' title='bbox 1198 3003 1533 3075; x_wconf 87' lang='lat' dir='ltr'><strong>magistrum</strong></span> <span class='ocrx_word' id='word_1_429' title='bbox 1555 2998 1928 3065; x_wconf 87' lang='lat' dir='ltr'><strong>existimabat,</strong></span> <span class='ocrx_word' id='word_1_430' title='bbox 1952 2999 2132 3071; x_wconf 84' lang='lat' dir='ltr'><strong>ipsius</strong></span> <span class='ocrx_word' id='word_1_431' title='bbox 2216 3012 2335 3064; x_wconf 89' lang='lat' dir='ltr'><strong>nes,</strong></span> <span class='ocrx_word' id='word_1_432' title='bbox 2384 2998 2732 3071; x_wconf 91' lang='lat' dir='ltr'><strong>deorumque</strong></span> <span class='ocrx_word' id='word_1_433' title='bbox 2771 3000 3241 3062; x_wconf 89' lang='lat' dir='ltr'><strong>benevolentiam,</strong></span> <span class='ocrx_word' id='word_1_434' title='bbox 3287 3006 3564 3073; x_wconf 86' lang='lat' dir='ltr'><strong>tanquam</strong></span> <span class='ocrx_word' id='word_1_435' title='bbox 3600 2997 3757 3053; x_wconf 86' lang='lat' dir='ltr'><strong>ﬁrmis-</strong></span> 
     </span>
    </p>
   </div>
   <div class='ocr_carea' id='block_1_52' title="bbox 533 3086 3759 3164">
    <p class='ocr_par' dir='ltr' id='par_1_52' title="bbox 533 3086 3759 3164">
     <span class='ocr_line' id='line_1_52' title="bbox 533 3086 3759 3164; baseline -0.003 -15"><span class='ocrx_word' id='word_1_436' title='bbox 533 3093 802 3149; x_wconf 90' lang='lat' dir='ltr'><strong>nimirum</strong></span> <span class='ocrx_word' id='word_1_437' title='bbox 849 3093 1129 3149; x_wconf 89' lang='lat' dir='ltr'><strong>vaticiniis</strong></span> <span class='ocrx_word' id='word_1_438' title='bbox 1169 3108 1406 3164; x_wconf 88' lang='lat' dir='ltr'><strong>regnum</strong></span> <span class='ocrx_word' id='word_1_439' title='bbox 1435 3108 1602 3147; x_wconf 90' lang='lat' dir='ltr'><strong>suum</strong></span> <span class='ocrx_word' id='word_1_440' title='bbox 1648 3090 1902 3145; x_wconf 90' lang='lat' dir='ltr'><strong>omnium</strong></span> <span class='ocrx_word' id='word_1_441' title='bbox 1934 3105 2129 3143; x_wconf 89' lang='lat' dir='ltr'><strong>rerum</strong></span> <span class='ocrx_word' id='word_1_442' title='bbox 2152 3140 2193 3164; x_wconf 59' lang='grc' dir='ltr'>η</span> <span class='ocrx_word' id='word_1_443' title='bbox 2215 3086 2359 3141; x_wconf 87' lang='lat' dir='ltr'><strong>sima</strong></span> <span class='ocrx_word' id='word_1_444' title='bbox 2380 3088 2637 3159; x_wconf 82' lang='lat' dir='ltr'><strong>quaedam</strong></span> <span class='ocrx_word' id='word_1_445' title='bbox 2665 3106 2826 3145; x_wconf 88' lang='lat' dir='ltr'><strong>arma</strong></span> <span class='ocrx_word' id='word_1_446' title='bbox 2864 3090 3085 3156; x_wconf 90' lang='lat' dir='ltr'><strong>induas,</strong></span> <span class='ocrx_word' id='word_1_447' title='bbox 3126 3107 3190 3145; x_wconf 91' lang='lat' dir='ltr'><strong>ac</strong></span> <span class='ocrx_word' id='word_1_448' title='bbox 3236 3096 3358 3145; x_wconf 87' lang='lat' dir='ltr'><strong>tum</strong></span> <span class='ocrx_word' id='word_1_449' title='bbox 3406 3090 3588 3145; x_wconf 83' lang='lat' dir='ltr'><strong>fausta</strong></span> <span class='ocrx_word' id='word_1_450' title='bbox 3613 3086 3759 3141; x_wconf 77' lang='lat' dir='ltr'><strong>omnia</strong></span> 
     </span>
    </p>
   </div>
   <div class='ocr_carea' id='block_1_53' title="bbox 532 3140 3761 3257">
    <p class='ocr_par' dir='ltr' id='par_1_53' title="bbox 532 3140 3761 3257">
     <span class='ocr_line' id='line_1_53' title="bbox 534 3140 3627 3164; baseline -0.002 -15"><span class='ocrx_word' id='word_1_451' title='bbox 534 3140 802 3149; x_wconf 83' lang='lat'><strong>..-....-_..-</strong></span> <span class='ocrx_word' id='word_1_452' title='bbox 864 3140 1129 3149; x_wconf 70' lang='lat'><strong>...-.-....--</strong></span> <span class='ocrx_word' id='word_1_453' title='bbox 1169 3140 1406 3164; x_wconf 52' lang='grc' dir='ltr'><strong>,νιν-η.</strong></span> <span class='ocrx_word' id='word_1_454' title='bbox 1436 3140 1602 3147; x_wconf 75' lang='lat'>___-__</span> <span class='ocrx_word' id='word_1_455' title='bbox 1654 3140 1902 3145; x_wconf 29' lang='grc' dir='ltr'><strong>,ἡκ---η</strong></span> <span class='ocrx_word' id='word_1_456' title='bbox 2039 3140 2129 3143; x_wconf 17' lang='grc' dir='ltr'><strong>μή--</strong></span> <span class='ocrx_word' id='word_1_457' title='bbox 2226 3140 2234 3141; x_wconf 34' lang='grc' dir='ltr'><em>κ</em></span> <span class='ocrx_word' id='word_1_458' title='bbox 2330 3140 2339 3141; x_wconf 34' lang='grc' dir='ltr'><em>κ</em></span> <span class='ocrx_word' id='word_1_459' title='bbox 2388 3140 2637 3159; x_wconf 52' lang='grc' dir='ltr'><strong><em>γηη-</em></strong></span> <span class='ocrx_word' id='word_1_460' title='bbox 2667 3140 2824 3145; x_wconf 64' lang='lat'>_--___</span> <span class='ocrx_word' id='word_1_461' title='bbox 2864 3140 3085 3156; x_wconf 49' lang='lat' dir='ltr'><strong>mn“,</strong></span> <span class='ocrx_word' id='word_1_462' title='bbox 3127 3140 3187 3145; x_wconf 36' lang='lat' dir='ltr'><strong>ﬁ-</strong></span> <span class='ocrx_word' id='word_1_463' title='bbox 3243 3140 3358 3145; x_wconf 39' lang='lat' dir='ltr'><strong>mw</strong></span> <span class='ocrx_word' id='word_1_464' title='bbox 3406 3140 3587 3145; x_wconf 39' lang='lat' dir='ltr'><strong>“ww</strong></span> <span class='ocrx_word' id='word_1_465' title='bbox 3622 3140 3627 3141; x_wconf 59' lang='lat'><strong>,</strong></span> 
     </span>
     <span class='ocr_line' id='line_1_54' title="bbox 532 3140 3761 3257; baseline -0.004 -17"><span class='ocrx_word' id='word_1_466' title='bbox 532 3185 693 3257; x_wconf 89' lang='lat' dir='ltr'><strong>copia</strong></span> <span class='ocrx_word' id='word_1_467' title='bbox 707 3185 927 3251; x_wconf 79' lang='lat' dir='ltr'><strong>florere,</strong></span> <span class='ocrx_word' id='word_1_468' title='bbox 953 3189 1123 3256; x_wconf 88' lang='lat' dir='ltr'><strong>atque</strong></span> <span class='ocrx_word' id='word_1_469' title='bbox 1141 3183 1200 3238; x_wconf 89' lang='lat' dir='ltr'><strong>in</strong></span> <span class='ocrx_word' id='word_1_470' title='bbox 1218 3183 1337 3238; x_wconf 90' lang='lat' dir='ltr'><strong>dies</strong></span> <span class='ocrx_word' id='word_1_471' title='bbox 1357 3181 1551 3254; x_wconf 88' lang='lat' dir='ltr'><strong>augeri</strong></span> <span class='ocrx_word' id='word_1_472' title='bbox 1564 3181 1775 3235; x_wconf 90' lang='lat' dir='ltr'><strong>dicens.</strong></span> <span class='ocrx_word' id='word_1_473' title='bbox 1795 3180 1936 3234; x_wconf 90' lang='lat' dir='ltr'><strong>Cum</strong></span> <span class='ocrx_word' id='word_1_474' title='bbox 1954 3178 2130 3248; x_wconf 82' lang='lat' dir='ltr'><strong>igitur</strong></span> <span class='ocrx_word' id='word_1_475' title='bbox 2151 3140 2195 3201; x_wconf 69' lang='grc' dir='ltr'><strong>Ο</strong></span> <span class='ocrx_word' id='word_1_476' title='bbox 2215 3176 2509 3232; x_wconf 91' lang='lat' dir='ltr'><strong>habiturus</strong></span> <span class='ocrx_word' id='word_1_477' title='bbox 2537 3195 2617 3233; x_wconf 85' lang='lat' dir='ltr'><strong>es.</strong></span> <span class='ocrx_word' id='word_1_478' title='bbox 2664 3179 2793 3234; x_wconf 70' lang='lat' dir='ltr'><strong>Haec</strong></span> <span class='ocrx_word' id='word_1_479' title='bbox 2822 3196 2951 3234; x_wconf 90' lang='lat' dir='ltr'><strong>cum</strong></span> <span class='ocrx_word' id='word_1_480' title='bbox 2979 3179 3073 3234; x_wconf 90' lang='lat' dir='ltr'><strong>ille</strong></span> <span class='ocrx_word' id='word_1_481' title='bbox 3096 3181 3387 3251; x_wconf 88' lang='lat' dir='ltr'><strong>jactasset,</strong></span> <span class='ocrx_word' id='word_1_482' title='bbox 3424 3179 3542 3251; x_wconf 90' lang='lat' dir='ltr'><strong>qui,</strong></span> <span class='ocrx_word' id='word_1_483' title='bbox 3587 3183 3648 3232; x_wconf 89' lang='lat' dir='ltr'><strong>ut</strong></span> <span class='ocrx_word' id='word_1_484' title='bbox 3669 3191 3761 3230; x_wconf 87' lang='lat' dir='ltr'><strong>cum</strong></span> 
     </span>
    </p>
   </div>
   <div class='ocr_carea' id='block_1_54' title="bbox 529 3263 3762 3345">
    <p class='ocr_par' dir='ltr' id='par_1_54' title="bbox 529 3263 3762 3345">
     <span class='ocr_line' id='line_1_55' title="bbox 529 3263 3762 3345; baseline -0.004 -14"><span class='ocrx_word' id='word_1_485' title='bbox 529 3275 884 3331; x_wconf 87' lang='lat' dir='ltr'><strong>sacerdotum</strong></span> <span class='ocrx_word' id='word_1_486' title='bbox 916 3275 1158 3329; x_wconf 88' lang='lat' dir='ltr'><strong>cultores</strong></span> <span class='ocrx_word' id='word_1_487' title='bbox 1190 3274 1261 3328; x_wconf 91' lang='lat' dir='ltr'><strong>ad</strong></span> <span class='ocrx_word' id='word_1_488' title='bbox 1290 3273 1474 3345; x_wconf 89' lang='lat' dir='ltr'><strong>ipsum</strong></span> <span class='ocrx_word' id='word_1_489' title='bbox 1493 3271 1790 3336; x_wconf 84' lang='lat' dir='ltr'><strong>venissent,</strong></span> <span class='ocrx_word' id='word_1_490' title='bbox 1816 3270 1939 3339; x_wconf 85' lang='lat' dir='ltr'><strong>ejus</strong></span> <span class='ocrx_word' id='word_1_491' title='bbox 1962 3284 2127 3339; x_wconf 91' lang='lat' dir='ltr'><strong>opem</strong></span> <span class='ocrx_word' id='word_1_492' title='bbox 2211 3265 2418 3320; x_wconf 88' lang='lat' dir='ltr'><strong>Davide</strong></span> <span class='ocrx_word' id='word_1_493' title='bbox 2447 3266 2665 3339; x_wconf 89' lang='lat' dir='ltr'><strong>loquar,</strong></span> <span class='ocrx_word' id='word_1_494' title='bbox 2696 3268 2755 3322; x_wconf 89' lang='lat' dir='ltr'><strong>in</strong></span> <span class='ocrx_word' id='word_1_495' title='bbox 2786 3268 3001 3323; x_wconf 89' lang='lat' dir='ltr'><strong>malitia</strong></span> <span class='ocrx_word' id='word_1_496' title='bbox 3016 3274 3213 3340; x_wconf 89' lang='lat' dir='ltr'><strong>potens</strong></span> <span class='ocrx_word' id='word_1_497' title='bbox 3241 3273 3384 3327; x_wconf 86' lang='lat' dir='ltr'><strong>erat,</strong></span> <span class='ocrx_word' id='word_1_498' title='bbox 3418 3274 3586 3339; x_wconf 88' lang='lat' dir='ltr'><strong>atque</strong></span> <span class='ocrx_word' id='word_1_499' title='bbox 3603 3263 3762 3334; x_wconf 86' lang='lat' dir='ltr'><strong>iniqui-</strong></span> 
     </span>
    </p>
   </div>
   <div class='ocr_carea' id='block_1_55' title="bbox 531 3355 3758 3437">
    <p class='ocr_par' dir='ltr' id='par_1_55' title="bbox 531 3355 3758 3437">
     <span class='ocr_line' id='line_1_56' title="bbox 531 3355 3758 3437; baseline -0.005 -16"><span class='ocrx_word' id='word_1_500' title='bbox 531 3370 700 3437; x_wconf 88' lang='lat' dir='ltr'><strong>atque</strong></span> <span class='ocrx_word' id='word_1_501' title='bbox 724 3365 993 3421; x_wconf 86' lang='lat' dir='ltr'><strong>auxilium</strong></span> <span class='ocrx_word' id='word_1_502' title='bbox 1025 3362 1590 3436; x_wconf 90' lang='lat' dir='ltr'><strong>implorabant,eique</strong></span> <span class='ocrx_word' id='word_1_503' title='bbox 1601 3361 1834 3415; x_wconf 90' lang='lat' dir='ltr'><strong>deorum</strong></span> <span class='ocrx_word' id='word_1_504' title='bbox 1852 3355 2132 3429; x_wconf 77' lang='lat' dir='ltr'><strong>improba-</strong></span> <span class='ocrx_word' id='word_1_505' title='bbox 2210 3360 2386 3409; x_wconf 90' lang='lat' dir='ltr'><strong>tatem</strong></span> <span class='ocrx_word' id='word_1_506' title='bbox 2415 3361 2532 3410; x_wconf 85' lang='lat' dir='ltr'><strong>tota</strong></span> <span class='ocrx_word' id='word_1_507' title='bbox 2562 3356 2653 3411; x_wconf 91' lang='lat' dir='ltr'><strong>die</strong></span> <span class='ocrx_word' id='word_1_508' title='bbox 2678 3356 3242 3418; x_wconf 82' lang='lat' dir='ltr'><strong>meditabatur(Psal.</strong></span> <span class='ocrx_word' id='word_1_509' title='bbox 3263 3360 3358 3428; x_wconf 64' lang='grc' dir='ltr'><strong>ιιι),</strong></span> <span class='ocrx_word' id='word_1_510' title='bbox 3384 3356 3758 3425; x_wconf 82' lang='lat' dir='ltr'><strong>turbidumque,</strong></span> 
     </span>
    </p>
   </div>
   <div class='ocr_carea' id='block_1_56' title="bbox 528 3445 3760 3527">
    <p class='ocr_par' dir='ltr' id='par_1_56' title="bbox 528 3445 3760 3527">
     <span class='ocr_line' id='line_1_57' title="bbox 528 3445 3760 3527; baseline -0.005 -16"><span class='ocrx_word' id='word_1_511' title='bbox 528 3454 744 3510; x_wconf 88' lang='lat' dir='ltr'><strong>tionem</strong></span> <span class='ocrx_word' id='word_1_512' title='bbox 774 3456 833 3510; x_wconf 91' lang='lat' dir='ltr'><strong>in</strong></span> <span class='ocrx_word' id='word_1_513' title='bbox 864 3468 1040 3527; x_wconf 83' lang='lat' dir='ltr'><strong>quam</strong></span> <span class='ocrx_word' id='word_1_514' title='bbox 1063 3471 1161 3509; x_wconf 88' lang='lat' dir='ltr'><strong>rex</strong></span> <span class='ocrx_word' id='word_1_515' title='bbox 1181 3452 1458 3508; x_wconf 88' lang='lat' dir='ltr'><strong>inciderat</strong></span> <span class='ocrx_word' id='word_1_516' title='bbox 1486 3448 1855 3523; x_wconf 85' lang='lat' dir='ltr'><strong>exponebant,</strong></span> <span class='ocrx_word' id='word_1_517' title='bbox 1889 3462 2126 3518; x_wconf 80' lang='lat' dir='ltr'><strong>quaeque</strong></span> <span class='ocrx_word' id='word_1_518' title='bbox 2211 3449 2277 3498; x_wconf 88' lang='lat' dir='ltr'><strong>ut</strong></span> <span class='ocrx_word' id='word_1_519' title='bbox 2299 3445 2458 3499; x_wconf 80' lang='lat' dir='ltr'><strong>Isaiae</strong></span> <span class='ocrx_word' id='word_1_520' title='bbox 2479 3447 2500 3469; x_wconf 72' lang='lat'><strong><em>‘</em></strong></span> <span class='ocrx_word' id='word_1_521' title='bbox 2520 3445 2703 3500; x_wconf 81' lang='lat' dir='ltr'><strong>verbis</strong></span> <span class='ocrx_word' id='word_1_522' title='bbox 2731 3453 2878 3509; x_wconf 89' lang='lat' dir='ltr'><strong>utar,</strong></span> <span class='ocrx_word' id='word_1_523' title='bbox 2907 3446 3322 3501; x_wconf 88' lang='lat' dir='ltr'><strong>subversionem</strong></span> <span class='ocrx_word' id='word_1_524' title='bbox 3344 3447 3530 3501; x_wconf 90' lang='lat' dir='ltr'><strong>amico</strong></span> <span class='ocrx_word' id='word_1_525' title='bbox 3558 3462 3651 3500; x_wconf 91' lang='lat' dir='ltr'><strong>suo</strong></span> <span class='ocrx_word' id='word_1_526' title='bbox 3670 3458 3760 3514; x_wconf 63' lang='lat' dir='ltr'><strong>pre</strong></span> 
     </span>
    </p>
   </div>
   <div class='ocr_carea' id='block_1_57' title="bbox 529 3534 3761 3617">
    <p class='ocr_par' dir='ltr' id='par_1_57' title="bbox 529 3534 3761 3617">
     <span class='ocr_line' id='line_1_58' title="bbox 529 3534 3761 3617; baseline -0.005 -17"><span class='ocrx_word' id='word_1_527' title='bbox 529 3545 681 3617; x_wconf 81' lang='lat' dir='ltr'><strong>regis</strong></span> <span class='ocrx_word' id='word_1_528' title='bbox 709 3544 858 3600; x_wconf 87' lang='lat' dir='ltr'><strong>filius</strong></span> <span class='ocrx_word' id='word_1_529' title='bbox 893 3544 1133 3609; x_wconf 87' lang='lat' dir='ltr'><strong>fecisset,</strong></span> <span class='ocrx_word' id='word_1_530' title='bbox 1177 3548 1235 3599; x_wconf 91' lang='lat' dir='ltr'><strong>et</strong></span> <span class='ocrx_word' id='word_1_531' title='bbox 1276 3539 1753 3613; x_wconf 90' lang='lat' dir='ltr'><strong>quemadmodum</strong></span> <span class='ocrx_word' id='word_1_532' title='bbox 1796 3536 2023 3592; x_wconf 88' lang='lat' dir='ltr'><strong>Nachor</strong></span> <span class='ocrx_word' id='word_1_533' title='bbox 2055 3535 2127 3589; x_wconf 92' lang='lat' dir='ltr'><strong>ad</strong></span> <span class='ocrx_word' id='word_1_534' title='bbox 2209 3534 2441 3605; x_wconf 89' lang='lat' dir='ltr'><strong>pinabat</strong></span> <span class='ocrx_word' id='word_1_535' title='bbox 2472 3537 2693 3602; x_wconf 84' lang='lat' dir='ltr'><strong>(Ilabac.</strong></span> <span class='ocrx_word' id='word_1_536' title='bbox 2728 3539 2804 3602; x_wconf 80' lang='grc' dir='ltr'><strong>ιι),</strong></span> <span class='ocrx_word' id='word_1_537' title='bbox 2848 3535 3234 3608; x_wconf 92' lang='lat' dir='ltr'><strong>improborum</strong></span> <span class='ocrx_word' id='word_1_538' title='bbox 3280 3535 3607 3607; x_wconf 90' lang='lat' dir='ltr'><strong>spirituum,</strong></span> <span class='ocrx_word' id='word_1_539' title='bbox 3659 3547 3761 3603; x_wconf 81' lang='lat' dir='ltr'><strong>quos</strong></span> 
     </span>
    </p>
   </div>
   <div class='ocr_carea' id='block_1_58' title="bbox 528 3621 3759 3705">
    <p class='ocr_par' dir='ltr' id='par_1_58' title="bbox 528 3621 3759 3705">
     <span class='ocr_line' id='line_1_59' title="bbox 528 3621 3759 3705; baseline -0.004 -18"><span class='ocrx_word' id='word_1_540' title='bbox 528 3633 706 3705; x_wconf 81' lang='lat' dir='ltr'><strong>ipsius</strong></span> <span class='ocrx_word' id='word_1_541' title='bbox 732 3634 1076 3689; x_wconf 85' lang='lat' dir='ltr'><strong>voluntatem</strong></span> <span class='ocrx_word' id='word_1_542' title='bbox 1101 3638 1270 3703; x_wconf 91' lang='lat' dir='ltr'><strong>atque</strong></span> <span class='ocrx_word' id='word_1_543' title='bbox 1300 3629 1640 3686; x_wconf 87' lang='lat' dir='ltr'><strong>sententiam</strong></span> <span class='ocrx_word' id='word_1_544' title='bbox 1669 3627 1993 3683; x_wconf 77' lang='lat' dir='ltr'><strong>concionem</strong></span> <span class='ocrx_word' id='word_1_545' title='bbox 2023 3624 2127 3679; x_wconf 87' lang='lat' dir='ltr'><strong>ha-</strong></span> <span class='ocrx_word' id='word_1_546' title='bbox 2209 3622 2328 3695; x_wconf 91' lang='lat' dir='ltr'><strong>ipse</strong></span> <span class='ocrx_word' id='word_1_547' title='bbox 2349 3624 2581 3679; x_wconf 87' lang='lat' dir='ltr'><strong>comites</strong></span> <span class='ocrx_word' id='word_1_548' title='bbox 2604 3624 2864 3692; x_wconf 88' lang='lat' dir='ltr'><strong>habebat,</strong></span> <span class='ocrx_word' id='word_1_549' title='bbox 2889 3641 2995 3697; x_wconf 90' lang='lat' dir='ltr'><strong>ope</strong></span> <span class='ocrx_word' id='word_1_550' title='bbox 3016 3631 3185 3697; x_wconf 88' lang='lat' dir='ltr'><strong>atque</strong></span> <span class='ocrx_word' id='word_1_551' title='bbox 3206 3625 3541 3696; x_wconf 88' lang='lat' dir='ltr'><strong>adjumento</strong></span> <span class='ocrx_word' id='word_1_552' title='bbox 3558 3621 3759 3695; x_wconf 84' lang='lat' dir='ltr'><strong>perfecit,</strong></span> 
     </span>
    </p>
   </div>
   <div class='ocr_carea' id='block_1_59' title="bbox 527 3710 3760 3794">
    <p class='ocr_par' dir='ltr' id='par_1_59' title="bbox 527 3710 3760 3794">
     <span class='ocr_line' id='line_1_60' title="bbox 527 3710 3760 3794; baseline -0.006 -14"><span class='ocrx_word' id='word_1_553' title='bbox 527 3721 758 3779; x_wconf 88' lang='lat' dir='ltr'><strong>buisset.</strong></span> <span class='ocrx_word' id='word_1_554' title='bbox 785 3725 865 3778; x_wconf 88' lang='lat' dir='ltr'><strong>Ac</strong></span> <span class='ocrx_word' id='word_1_555' title='bbox 896 3723 1006 3779; x_wconf 92' lang='lat' dir='ltr'><strong>nisi</strong></span> <span class='ocrx_word' id='word_1_556' title='bbox 1034 3727 1097 3778; x_wconf 92' lang='lat' dir='ltr'><strong>tu</strong></span> <span class='ocrx_word' id='word_1_557' title='bbox 1116 3722 1236 3794; x_wconf 91' lang='lat' dir='ltr'><strong>ipse</strong></span> <span class='ocrx_word' id='word_1_558' title='bbox 1249 3720 1459 3787; x_wconf 85' lang='lat' dir='ltr'><strong>venias,</strong></span> <span class='ocrx_word' id='word_1_559' title='bbox 1478 3716 1825 3790; x_wconf 91' lang='lat' dir='ltr'><strong>inquiebant,</strong></span> <span class='ocrx_word' id='word_1_560' title='bbox 1848 3714 2125 3787; x_wconf 90' lang='lat' dir='ltr'><strong>nobisque</strong></span> <span class='ocrx_word' id='word_1_561' title='bbox 2208 3718 2273 3766; x_wconf 89' lang='lat' dir='ltr'><strong>ut</strong></span> <span class='ocrx_word' id='word_1_562' title='bbox 2306 3729 2403 3767; x_wconf 84' lang='lat' dir='ltr'><strong>rex</strong></span> <span class='ocrx_word' id='word_1_563' title='bbox 2437 3714 2803 3784; x_wconf 78' lang='lat' dir='ltr'><strong>cogitaticnes</strong></span> <span class='ocrx_word' id='word_1_564' title='bbox 2837 3731 2930 3768; x_wconf 91' lang='lat' dir='ltr'><strong>eas</strong></span> <span class='ocrx_word' id='word_1_565' title='bbox 2960 3731 3082 3786; x_wconf 60' lang='lat' dir='ltr'><strong>qua</strong></span> <span class='ocrx_word' id='word_1_566' title='bbox 3112 3714 3298 3785; x_wconf 88' lang='lat' dir='ltr'><strong>ipsum</strong></span> <span class='ocrx_word' id='word_1_567' title='bbox 3347 3714 3553 3768; x_wconf 86' lang='lat' dir='ltr'><strong>salutis</strong></span> <span class='ocrx_word' id='word_1_568' title='bbox 3576 3710 3760 3768; x_wconf 79' lang='lat' dir='ltr'><strong>submo-</strong></span> 
     </span>
    </p>
   </div>
   <div class='ocr_carea' id='block_1_60' title="bbox 529 3797 3764 3886">
    <p class='ocr_par' dir='ltr' id='par_1_60' title="bbox 529 3797 3764 3886">
     <span class='ocr_line' id='line_1_61' title="bbox 529 3797 3764 3886; baseline -0.005 -16"><span class='ocrx_word' id='word_1_569' title='bbox 529 3830 692 3886; x_wconf 89' lang='lat' dir='ltr'><strong>opem</strong></span> <span class='ocrx_word' id='word_1_570' title='bbox 736 3814 957 3876; x_wconf 73' lang='lat' dir='ltr'><strong>offeras.</strong></span> <span class='ocrx_word' id='word_1_571' title='bbox 1005 3829 1132 3885; x_wconf 90' lang='lat' dir='ltr'><strong>spes</strong></span> <span class='ocrx_word' id='word_1_572' title='bbox 1175 3810 1357 3866; x_wconf 85' lang='lat' dir='ltr'><strong>omnis</strong></span> <span class='ocrx_word' id='word_1_573' title='bbox 1385 3809 1629 3865; x_wconf 87' lang='lat' dir='ltr'><strong>extincta</strong></span> <span class='ocrx_word' id='word_1_574' title='bbox 1680 3812 1783 3870; x_wconf 90' lang='lat' dir='ltr'><strong>est,</strong></span> <span class='ocrx_word' id='word_1_575' title='bbox 1831 3804 2124 3875; x_wconf 90' lang='lat' dir='ltr'><strong>omnisque</strong></span> <span class='ocrx_word' id='word_1_576' title='bbox 2208 3800 2420 3857; x_wconf 82' lang='lat' dir='ltr'><strong>nebant</strong></span> <span class='ocrx_word' id='word_1_577' title='bbox 2447 3820 2674 3874; x_wconf 88' lang='lat' dir='ltr'><strong>prorsus</strong></span> <span class='ocrx_word' id='word_1_578' title='bbox 2703 3821 2733 3858; x_wconf 89' lang='lat' dir='ltr'><strong>e</strong></span> <span class='ocrx_word' id='word_1_579' title='bbox 2764 3803 3035 3858; x_wconf 89' lang='lat' dir='ltr'><strong>memoria</strong></span> <span class='ocrx_word' id='word_1_580' title='bbox 3055 3804 3299 3875; x_wconf 76' lang='lat' dir='ltr'><strong>ejiceret,</strong></span> <span class='ocrx_word' id='word_1_581' title='bbox 3317 3803 3659 3874; x_wconf 90' lang='lat' dir='ltr'><strong>eisdemque,</strong></span> <span class='ocrx_word' id='word_1_582' title='bbox 3675 3797 3764 3870; x_wconf 87' lang='lat' dir='ltr'><strong>qui-</strong></span> 
     </span>
    </p>
   </div>
   <div class='ocr_carea' id='block_1_61' title="bbox 527 3889 3761 3972">
    <p class='ocr_par' dir='ltr' id='par_1_61' title="bbox 527 3889 3761 3972">
     <span class='ocr_line' id='line_1_62' title="bbox 527 3889 3761 3972; baseline -0.006 -12"><span class='ocrx_word' id='word_1_583' title='bbox 527 3904 763 3960; x_wconf 90' lang='lat' dir='ltr'><strong>deorum</strong></span> <span class='ocrx_word' id='word_1_584' title='bbox 796 3904 980 3961; x_wconf 82' lang='lat' dir='ltr'><strong>cultus</strong></span> <span class='ocrx_word' id='word_1_585' title='bbox 1007 3919 1073 3959; x_wconf 90' lang='lat' dir='ltr'><strong>ac</strong></span> <span class='ocrx_word' id='word_1_586' title='bbox 1098 3901 1382 3957; x_wconf 87' lang='lat' dir='ltr'><strong>veneratio</strong></span> <span class='ocrx_word' id='word_1_587' title='bbox 1402 3898 1593 3972; x_wconf 90' lang='lat' dir='ltr'><strong>periit.</strong></span> <span class='ocrx_word' id='word_1_588' title='bbox 1625 3898 1775 3952; x_wconf 90' lang='lat' dir='ltr'><strong>Nam</strong></span> <span class='ocrx_word' id='word_1_589' title='bbox 1801 3899 1863 3950; x_wconf 91' lang='lat' dir='ltr'><strong>tu</strong></span> <span class='ocrx_word' id='word_1_590' title='bbox 1894 3893 2125 3948; x_wconf 90' lang='lat' dir='ltr'><strong>unicum</strong></span> <span class='ocrx_word' id='word_1_591' title='bbox 2185 3889 2311 3946; x_wconf 76' lang='lat' dir='ltr'><strong>“bus</strong></span> <span class='ocrx_word' id='word_1_592' title='bbox 2338 3891 2553 3947; x_wconf 90' lang='lat' dir='ltr'><strong>solebat</strong></span> <span class='ocrx_word' id='word_1_593' title='bbox 2580 3893 2781 3948; x_wconf 90' lang='lat' dir='ltr'><strong>studiis</strong></span> <span class='ocrx_word' id='word_1_594' title='bbox 2810 3893 3004 3948; x_wconf 90' lang='lat' dir='ltr'><strong>sedulo</strong></span> <span class='ocrx_word' id='word_1_595' title='bbox 3032 3893 3289 3947; x_wconf 69' lang='lat' dir='ltr'><strong>haereret.</strong></span> <span class='ocrx_word' id='word_1_596' title='bbox 3308 3893 3390 3947; x_wconf 84' lang='lat' dir='ltr'><strong>Ac</strong></span> <span class='ocrx_word' id='word_1_597' title='bbox 3411 3890 3641 3964; x_wconf 89' lang='lat' dir='ltr'><strong>proinde</strong></span> <span class='ocrx_word' id='word_1_598' title='bbox 3666 3902 3761 3942; x_wconf 89' lang='lat' dir='ltr'><strong>cum</strong></span> 
     </span>
    </p>
   </div>
   <div class='ocr_carea' id='block_1_62' title="bbox 527 3978 3763 4056">
    <p class='ocr_par' dir='ltr' id='par_1_62' title="bbox 527 3978 3763 4056">
     <span class='ocr_line' id='line_1_63' title="bbox 527 3978 3763 4056; baseline -0.006 -8"><span class='ocrx_word' id='word_1_599' title='bbox 527 3992 689 4049; x_wconf 90' lang='lat' dir='ltr'><strong>nobis</strong></span> <span class='ocrx_word' id='word_1_600' title='bbox 713 3994 1051 4049; x_wconf 89' lang='lat' dir='ltr'><strong>calamitatis</strong></span> <span class='ocrx_word' id='word_1_601' title='bbox 1091 3992 1354 4047; x_wconf 82' lang='lat' dir='ltr'><strong>solatium</strong></span> <span class='ocrx_word' id='word_1_602' title='bbox 1397 3988 1628 4044; x_wconf 90' lang='lat' dir='ltr'><strong>relictus</strong></span> <span class='ocrx_word' id='word_1_603' title='bbox 1664 4003 1742 4049; x_wconf 88' lang='lat' dir='ltr'><strong>es,</strong></span> <span class='ocrx_word' id='word_1_604' title='bbox 1779 3989 1948 4056; x_wconf 89' lang='lat' dir='ltr'><strong>atque</strong></span> <span class='ocrx_word' id='word_1_605' title='bbox 1976 3982 2035 4037; x_wconf 88' lang='lat' dir='ltr'><strong>in</strong></span> <span class='ocrx_word' id='word_1_606' title='bbox 2066 3988 2123 4037; x_wconf 91' lang='lat' dir='ltr'><strong>te</strong></span> <span class='ocrx_word' id='word_1_607' title='bbox 2207 3980 2376 4052; x_wconf 68' lang='lat' dir='ltr'><strong>regiae</strong></span> <span class='ocrx_word' id='word_1_608' title='bbox 2407 3982 2610 4037; x_wconf 69' lang='lat' dir='ltr'><strong>litterae</strong></span> <span class='ocrx_word' id='word_1_609' title='bbox 2638 3998 3086 4054; x_wconf 89' lang='lat' dir='ltr'><strong>quaquaversum</strong></span> <span class='ocrx_word' id='word_1_610' title='bbox 3133 3987 3570 4049; x_wconf 89' lang='lat' dir='ltr'><strong>commeassent,</strong></span> <span class='ocrx_word' id='word_1_611' title='bbox 3602 3978 3763 4051; x_wconf 86' lang='lat' dir='ltr'><strong>quibus</strong></span> 
     </span>
    </p>
   </div>
   <div class='ocr_carea' id='block_1_63' title="bbox 526 4066 3762 4153">
    <p class='ocr_par' dir='ltr' id='par_1_63' title="bbox 526 4066 3762 4153">
     <span class='ocr_line' id='line_1_64' title="bbox 526 4066 3762 4153; baseline -0.006 -16"><span class='ocrx_word' id='word_1_612' title='bbox 526 4096 641 4137; x_wconf 90' lang='lat' dir='ltr'><strong>uno</strong></span> <span class='ocrx_word' id='word_1_613' title='bbox 672 4095 800 4153; x_wconf 91' lang='lat' dir='ltr'><strong>spes</strong></span> <span class='ocrx_word' id='word_1_614' title='bbox 827 4097 1022 4135; x_wconf 89' lang='lat' dir='ltr'><strong>omnes</strong></span> <span class='ocrx_word' id='word_1_615' title='bbox 1051 4085 1272 4135; x_wconf 90' lang='lat' dir='ltr'><strong>nostras</strong></span> <span class='ocrx_word' id='word_1_616' title='bbox 1300 4078 1513 4150; x_wconf 89' lang='lat' dir='ltr'><strong>positas</strong></span> <span class='ocrx_word' id='word_1_617' title='bbox 1544 4074 1838 4130; x_wconf 90' lang='lat' dir='ltr'><strong>habemus.</strong></span> <span class='ocrx_word' id='word_1_618' title='bbox 2207 4086 2403 4125; x_wconf 90' lang='lat' dir='ltr'><strong>omnes</strong></span> <span class='ocrx_word' id='word_1_619' title='bbox 2452 4072 2523 4126; x_wconf 88' lang='lat' dir='ltr'><strong>ad</strong></span> <span class='ocrx_word' id='word_1_620' title='bbox 2551 4072 2954 4127; x_wconf 89' lang='lat' dir='ltr'><strong>exsecrandum</strong></span> <span class='ocrx_word' id='word_1_621' title='bbox 3000 4072 3235 4127; x_wconf 89' lang='lat' dir='ltr'><strong>deorum</strong></span> <span class='ocrx_word' id='word_1_622' title='bbox 3266 4070 3478 4126; x_wconf 82' lang='lat' dir='ltr'><strong>festum</strong></span> <span class='ocrx_word' id='word_1_623' title='bbox 3514 4066 3762 4125; x_wconf 78' lang='lat' dir='ltr'><strong>convenire</strong></span> 
     </span>
    </p>
   </div>
   <div class='ocr_carea' id='block_1_64' title="bbox 595 4152 3764 4241">
    <p class='ocr_par' dir='ltr' id='par_1_64' title="bbox 595 4152 3764 4241">
     <span class='ocr_line' id='line_1_65' title="bbox 595 4152 3764 4241; baseline -0.006 -15"><span class='ocrx_word' id='word_1_624' title='bbox 595 4152 857 4226; x_wconf 80' lang='lat' dir='ltr'><strong>Theudas</strong></span> <span class='ocrx_word' id='word_1_625' title='bbox 900 4170 1091 4241; x_wconf 85' lang='lat' dir='ltr'><strong>itaque</strong></span> <span class='ocrx_word' id='word_1_626' title='bbox 1119 4185 1245 4223; x_wconf 89' lang='lat' dir='ltr'><strong>cum</strong></span> <span class='ocrx_word' id='word_1_627' title='bbox 1283 4167 1532 4222; x_wconf 88' lang='lat' dir='ltr'><strong>satanico</strong></span> <span class='ocrx_word' id='word_1_628' title='bbox 1578 4181 1644 4220; x_wconf 89' lang='lat' dir='ltr'><strong>eo</strong></span> <span class='ocrx_word' id='word_1_629' title='bbox 1675 4161 1927 4219; x_wconf 88' lang='lat' dir='ltr'><strong>exercitu</strong></span> <span class='ocrx_word' id='word_1_630' title='bbox 1954 4176 2121 4233; x_wconf 90' lang='lat' dir='ltr'><strong>quem</strong></span> <span class='ocrx_word' id='word_1_631' title='bbox 2199 4157 2562 4230; x_wconf 88' lang='lat' dir='ltr'><strong>jubebantur,</strong></span> <span class='ocrx_word' id='word_1_632' title='bbox 2595 4178 2824 4216; x_wconf 89' lang='lat' dir='ltr'><strong>cernere</strong></span> <span class='ocrx_word' id='word_1_633' title='bbox 2843 4167 2968 4216; x_wconf 90' lang='lat' dir='ltr'><strong>erat</strong></span> <span class='ocrx_word' id='word_1_634' title='bbox 2992 4160 3281 4233; x_wconf 81' lang='lat' dir='ltr'><strong>ingentem</strong></span> <span class='ocrx_word' id='word_1_635' title='bbox 3300 4159 3600 4215; x_wconf 88' lang='lat' dir='ltr'><strong>hominum</strong></span> <span class='ocrx_word' id='word_1_636' title='bbox 3619 4152 3764 4211; x_wconf 83' lang='lat' dir='ltr'><strong>multi-</strong></span> 
     </span>
    </p>
   </div>
   <div class='ocr_carea' id='block_1_65' title="bbox 526 4246 3762 4328">
    <p class='ocr_par' dir='ltr' id='par_1_65' title="bbox 526 4246 3762 4328">
     <span class='ocr_line' id='line_1_66' title="bbox 526 4246 3762 4328; baseline -0.006 -12"><span class='ocrx_word' id='word_1_637' title='bbox 526 4275 718 4317; x_wconf 91' lang='lat' dir='ltr'><strong>secum</strong></span> <span class='ocrx_word' id='word_1_638' title='bbox 743 4256 986 4313; x_wconf 89' lang='lat' dir='ltr'><strong>habebat</strong></span> <span class='ocrx_word' id='word_1_639' title='bbox 1011 4257 1067 4312; x_wconf 91' lang='lat' dir='ltr'><strong>in</strong></span> <span class='ocrx_word' id='word_1_640' title='bbox 1083 4255 1491 4328; x_wconf 88' lang='lat' dir='ltr'><strong>expeditionem</strong></span> <span class='ocrx_word' id='word_1_641' title='bbox 1509 4252 1709 4325; x_wconf 90' lang='lat' dir='ltr'><strong>pergit,</strong></span> <span class='ocrx_word' id='word_1_642' title='bbox 1731 4257 1902 4323; x_wconf 89' lang='lat' dir='ltr'><strong>atque</strong></span> <span class='ocrx_word' id='word_1_643' title='bbox 1930 4250 2122 4305; x_wconf 90' lang='lat' dir='ltr'><strong>adver-</strong></span> <span class='ocrx_word' id='word_1_644' title='bbox 2200 4247 2457 4304; x_wconf 88' lang='lat' dir='ltr'><strong>tudinem</strong></span> <span class='ocrx_word' id='word_1_645' title='bbox 2484 4253 2880 4317; x_wconf 72' lang='lat' dir='ltr'><strong>confluentem,</strong></span> <span class='ocrx_word' id='word_1_646' title='bbox 2899 4257 3068 4323; x_wconf 89' lang='lat' dir='ltr'><strong>atque</strong></span> <span class='ocrx_word' id='word_1_647' title='bbox 3088 4266 3217 4306; x_wconf 89' lang='lat' dir='ltr'><strong>oves</strong></span> <span class='ocrx_word' id='word_1_648' title='bbox 3237 4256 3293 4305; x_wconf 91' lang='lat' dir='ltr'><strong>et</strong></span> <span class='ocrx_word' id='word_1_649' title='bbox 3313 4249 3506 4316; x_wconf 89' lang='lat' dir='ltr'><strong>boves,</strong></span> <span class='ocrx_word' id='word_1_650' title='bbox 3542 4246 3762 4314; x_wconf 88' lang='lat' dir='ltr'><strong>variaque</strong></span> 
     </span>
    </p>
   </div>
   <div class='ocr_carea' id='block_1_66' title="bbox 524 4338 3097 4418">
    <p class='ocr_par' dir='ltr' id='par_1_66' title="bbox 524 4338 3097 4418">
     <span class='ocr_line' id='line_1_67' title="bbox 524 4338 3097 4418; baseline -0.005 -12"><span class='ocrx_word' id='word_1_651' title='bbox 524 4367 622 4407; x_wconf 86' lang='lat' dir='ltr'><strong>sus</strong></span> <span class='ocrx_word' id='word_1_652' title='bbox 639 4350 933 4405; x_wconf 85' lang='lat' dir='ltr'><strong>veritatem</strong></span> <span class='ocrx_word' id='word_1_653' title='bbox 956 4362 1116 4402; x_wconf 91' lang='lat' dir='ltr'><strong>arma</strong></span> <span class='ocrx_word' id='word_1_654' title='bbox 1129 4349 1445 4418; x_wconf 89' lang='lat' dir='ltr'><strong>comparat:</strong></span> <span class='ocrx_word' id='word_1_655' title='bbox 1468 4342 1661 4398; x_wconf 87' lang='lat' dir='ltr'><strong>accitis</strong></span> <span class='ocrx_word' id='word_1_656' title='bbox 1682 4340 1949 4396; x_wconf 89' lang='lat' dir='ltr'><strong>nimirum</strong></span> <span class='ocrx_word' id='word_1_657' title='bbox 1972 4338 2119 4393; x_wconf 87' lang='lat' dir='ltr'><strong>mul-</strong></span> <span class='ocrx_word' id='word_1_658' title='bbox 2207 4338 2476 4393; x_wconf 89' lang='lat' dir='ltr'><strong>animalia</strong></span> <span class='ocrx_word' id='word_1_659' title='bbox 2502 4357 2689 4395; x_wconf 89' lang='lat' dir='ltr'><strong>secum</strong></span> <span class='ocrx_word' id='word_1_660' title='bbox 2704 4341 3097 4395; x_wconf 89' lang='lat' dir='ltr'><strong>adducentem.</strong></span> 
     </span>
    </p>
   </div>
   <div class='ocr_carea' id='block_1_67' title="bbox 526 4427 3761 4514">
    <p class='ocr_par' dir='ltr' id='par_1_67' title="bbox 526 4427 3761 4514">
     <span class='ocr_line' id='line_1_68' title="bbox 526 4427 3761 4514; baseline -0.006 -17"><span class='ocrx_word' id='word_1_661' title='bbox 526 4442 598 4498; x_wconf 87' lang='lat' dir='ltr'><strong>tis</strong></span> <span class='ocrx_word' id='word_1_662' title='bbox 628 4440 813 4514; x_wconf 84' lang='lat' dir='ltr'><strong>pravis</strong></span> <span class='ocrx_word' id='word_1_663' title='bbox 840 4437 1150 4512; x_wconf 88' lang='lat' dir='ltr'><strong>spiritibus,</strong></span> <span class='ocrx_word' id='word_1_664' title='bbox 1180 4452 1320 4508; x_wconf 91' lang='lat' dir='ltr'><strong>quos</strong></span> <span class='ocrx_word' id='word_1_665' title='bbox 1337 4435 1408 4489; x_wconf 91' lang='lat' dir='ltr'><strong>ad</strong></span> <span class='ocrx_word' id='word_1_666' title='bbox 1437 4450 1530 4488; x_wconf 84' lang='lat' dir='ltr'><strong>res</strong></span> <span class='ocrx_word' id='word_1_667' title='bbox 1555 4429 1839 4504; x_wconf 91' lang='lat' dir='ltr'><strong>improbas</strong></span> <span class='ocrx_word' id='word_1_668' title='bbox 1860 4434 2118 4502; x_wconf 89' lang='lat' dir='ltr'><strong>prompte</strong></span> <span class='ocrx_word' id='word_1_669' title='bbox 2139 4508 2179 4514; x_wconf 84' lang='lat'>_</span> <span class='ocrx_word' id='word_1_670' title='bbox 2274 4427 2415 4483; x_wconf 88' lang='lat' dir='ltr'><strong>Cum</strong></span> <span class='ocrx_word' id='word_1_671' title='bbox 2433 4428 2817 4500; x_wconf 87' lang='lat' dir='ltr'><strong>igituromnes</strong></span> <span class='ocrx_word' id='word_1_672' title='bbox 2830 4430 3110 4496; x_wconf 90' lang='lat' dir='ltr'><strong>coiissent,</strong></span> <span class='ocrx_word' id='word_1_673' title='bbox 3132 4444 3368 4499; x_wconf 87' lang='lat' dir='ltr'><strong>surgens</strong></span> <span class='ocrx_word' id='word_1_674' title='bbox 3398 4444 3525 4493; x_wconf 86' lang='lat' dir='ltr'><strong>rex,</strong></span> <span class='ocrx_word' id='word_1_675' title='bbox 3545 4442 3651 4482; x_wconf 88' lang='lat' dir='ltr'><strong>una</strong></span> <span class='ocrx_word' id='word_1_676' title='bbox 3665 4436 3761 4478; x_wconf 85' lang='lat' dir='ltr'><strong>cum</strong></span> 
     </span>
    </p>
   </div>
   <div class='ocr_carea' id='block_1_68' title="bbox 522 4508 3763 4599">
    <p class='ocr_par' dir='ltr' id='par_1_68' title="bbox 522 4508 3763 4599">
     <span class='ocr_line' id='line_1_69' title="bbox 522 4508 3763 4599; baseline -0.007 -11"><span class='ocrx_word' id='word_1_677' title='bbox 522 4547 588 4587; x_wconf 90' lang='lat' dir='ltr'><strong>ac</strong></span> <span class='ocrx_word' id='word_1_678' title='bbox 678 4536 715 4598; x_wconf 80' lang='grc' dir='ltr'><strong>Ι</strong></span> <span class='ocrx_word' id='word_1_679' title='bbox 733 4538 793 4599; x_wconf 61' lang='grc' dir='ltr'>π</span> <span class='ocrx_word' id='word_1_680' title='bbox 810 4508 1053 4585; x_wconf 77' lang='lat' dir='ltr'><strong>libenter</strong></span> <span class='ocrx_word' id='word_1_681' title='bbox 1072 4526 1407 4583; x_wconf 88' lang='lat' dir='ltr'><strong>auxiliarem</strong></span> <span class='ocrx_word' id='word_1_682' title='bbox 1434 4538 1671 4579; x_wconf 86' lang='lat' dir='ltr'><strong>manum</strong></span> <span class='ocrx_word' id='word_1_683' title='bbox 1696 4520 1897 4575; x_wconf 80' lang='lat' dir='ltr'><strong>aﬂ‘erre</strong></span> <span class='ocrx_word' id='word_1_684' title='bbox 1931 4524 2115 4585; x_wconf 89' lang='lat' dir='ltr'><strong>norat,</strong></span> <span class='ocrx_word' id='word_1_685' title='bbox 2139 4508 2277 4571; x_wconf 86' lang='lat' dir='ltr'><strong>Dim</strong></span> <span class='ocrx_word' id='word_1_686' title='bbox 2284 4523 2507 4588; x_wconf 80' lang='lat' dir='ltr'><strong>postore</strong></span> <span class='ocrx_word' id='word_1_687' title='bbox 2528 4519 2761 4575; x_wconf 89' lang='lat' dir='ltr'><strong>Theuda</strong></span> <span class='ocrx_word' id='word_1_688' title='bbox 2789 4519 2860 4575; x_wconf 90' lang='lat' dir='ltr'><strong>ad</strong></span> <span class='ocrx_word' id='word_1_689' title='bbox 2889 4520 3161 4591; x_wconf 89' lang='lat' dir='ltr'><strong>templum</strong></span> <span class='ocrx_word' id='word_1_690' title='bbox 3176 4517 3465 4590; x_wconf 89' lang='lat' dir='ltr'><strong>profectus</strong></span> <span class='ocrx_word' id='word_1_691' title='bbox 3480 4524 3583 4583; x_wconf 89' lang='lat' dir='ltr'><strong>est,</strong></span> <span class='ocrx_word' id='word_1_692' title='bbox 3604 4520 3763 4570; x_wconf 82' lang='lat' dir='ltr'><strong>uttau-</strong></span> 
     </span>
    </p>
   </div>
   <div class='ocr_carea' id='block_1_69' title="bbox 520 4599 3761 4695">
    <p class='ocr_par' dir='ltr' id='par_1_69' title="bbox 520 4599 3761 4695">
     <span class='ocr_line' id='line_1_70' title="bbox 520 4599 3761 4695; baseline -0.006 -19"><span class='ocrx_word' id='word_1_693' title='bbox 520 4628 580 4677; x_wconf 89' lang='lat' dir='ltr'><strong>et</strong></span> <span class='ocrx_word' id='word_1_694' title='bbox 606 4637 746 4695; x_wconf 91' lang='lat' dir='ltr'><strong>quos</strong></span> <span class='ocrx_word' id='word_1_695' title='bbox 767 4620 886 4693; x_wconf 91' lang='lat' dir='ltr'><strong>ipse</strong></span> <span class='ocrx_word' id='word_1_696' title='bbox 903 4634 1128 4692; x_wconf 88' lang='lat' dir='ltr'><strong>semper</strong></span> <span class='ocrx_word' id='word_1_697' title='bbox 1146 4615 1436 4672; x_wconf 88' lang='lat' dir='ltr'><strong>ministros</strong></span> <span class='ocrx_word' id='word_1_698' title='bbox 1455 4609 1901 4679; x_wconf 87' lang='lat' dir='ltr'><strong>adhibuerat,his</strong></span> <span class='ocrx_word' id='word_1_699' title='bbox 1940 4608 2117 4665; x_wconf 89' lang='lat' dir='ltr'><strong>comi-</strong></span> <span class='ocrx_word' id='word_1_700' title='bbox 2203 4623 2296 4661; x_wconf 89' lang='lat' dir='ltr'><strong>ros</strong></span> <span class='ocrx_word' id='word_1_701' title='bbox 2310 4624 2374 4663; x_wconf 89' lang='lat' dir='ltr'><strong>ac</strong></span> <span class='ocrx_word' id='word_1_702' title='bbox 2394 4610 2676 4680; x_wconf 88' lang='lat' dir='ltr'><strong>permulta</strong></span> <span class='ocrx_word' id='word_1_703' title='bbox 2693 4607 3007 4664; x_wconf 85' lang='lat' dir='ltr'><strong>animantia</strong></span> <span class='ocrx_word' id='word_1_704' title='bbox 3022 4607 3632 4678; x_wconf 88' lang='lat' dir='ltr'><strong>immolarent.Sicque,</strong></span> <span class='ocrx_word' id='word_1_705' title='bbox 3647 4599 3761 4658; x_wconf 75' lang='lat' dir='ltr'><strong>nefa-</strong></span> 
     </span>
    </p>
   </div>
   <div class='ocr_carea' id='block_1_70' title="bbox 519 4693 3759 4783">
    <p class='ocr_par' dir='ltr' id='par_1_70' title="bbox 519 4693 3759 4783">
     <span class='ocr_line' id='line_1_71' title="bbox 519 4693 3759 4783; baseline -0.006 -15"><span class='ocrx_word' id='word_1_706' title='bbox 519 4693 672 4767; x_wconf 81' lang='lat' dir='ltr'><strong>tatus</strong></span> <span class='ocrx_word' id='word_1_707' title='bbox 695 4711 767 4766; x_wconf 89' lang='lat' dir='ltr'><strong>ad</strong></span> <span class='ocrx_word' id='word_1_708' title='bbox 795 4727 986 4783; x_wconf 87' lang='lat' dir='ltr'><strong>regem</strong></span> <span class='ocrx_word' id='word_1_709' title='bbox 1015 4707 1248 4765; x_wconf 88' lang='lat' dir='ltr'><strong>accedit.</strong></span> <span class='ocrx_word' id='word_1_710' title='bbox 2197 4695 2344 4752; x_wconf 84' lang='lat' dir='ltr'><strong>rium</strong></span> <span class='ocrx_word' id='word_1_711' title='bbox 2377 4704 2433 4753; x_wconf 90' lang='lat' dir='ltr'><strong>et</strong></span> <span class='ocrx_word' id='word_1_712' title='bbox 2463 4705 2841 4754; x_wconf 79' lang='lat' dir='ltr'><strong>exsecratione</strong></span> <span class='ocrx_word' id='word_1_713' title='bbox 2868 4698 3105 4768; x_wconf 78' lang='lat' dir='ltr'><strong>dignum</strong></span> <span class='ocrx_word' id='word_1_714' title='bbox 3142 4696 3351 4753; x_wconf 83' lang='lat' dir='ltr'><strong>festum</strong></span> <span class='ocrx_word' id='word_1_715' title='bbox 3392 4693 3759 4783; x_wconf 71' lang='lat' dir='ltr'><strong>celebrabant:</strong></span> 
     </span>
    </p>
   </div>
   <div class='ocr_carea' id='block_1_71' title="bbox 588 4778 3762 4872">
    <p class='ocr_par' dir='ltr' id='par_1_71' title="bbox 588 4778 3762 4872">
     <span class='ocr_line' id='line_1_72' title="bbox 588 4778 3762 4872; baseline -0.008 -15"><span class='ocrx_word' id='word_1_716' title='bbox 588 4802 666 4857; x_wconf 91' lang='lat' dir='ltr'><strong>Ut</strong></span> <span class='ocrx_word' id='word_1_717' title='bbox 683 4778 886 4856; x_wconf 35' lang='lat' dir='ltr'><strong>autem.</strong></span> <span class='ocrx_word' id='word_1_718' title='bbox 896 4799 1072 4872; x_wconf 91' lang='lat' dir='ltr'><strong>ipsius</strong></span> <span class='ocrx_word' id='word_1_719' title='bbox 1092 4798 1365 4853; x_wconf 89' lang='lat' dir='ltr'><strong>adventus</strong></span> <span class='ocrx_word' id='word_1_720' title='bbox 1379 4793 1499 4865; x_wconf 87' lang='lat' dir='ltr'><strong>regi</strong></span> <span class='ocrx_word' id='word_1_721' title='bbox 1519 4791 1813 4848; x_wconf 89' lang='lat' dir='ltr'><strong>nuntiatus</strong></span> <span class='ocrx_word' id='word_1_722' title='bbox 1833 4793 2113 4862; x_wconf 90' lang='lat' dir='ltr'><strong>est,atque</strong></span> <span class='ocrx_word' id='word_1_723' title='bbox 2197 4786 2267 4841; x_wconf 90' lang='lat' dir='ltr'><strong>ad</strong></span> <span class='ocrx_word' id='word_1_724' title='bbox 2276 4804 2340 4842; x_wconf 93' lang='lat' dir='ltr'><strong>eo</strong></span> <span class='ocrx_word' id='word_1_725' title='bbox 2351 4793 2415 4842; x_wconf 92' lang='lat' dir='ltr'><strong>ut</strong></span> <span class='ocrx_word' id='word_1_726' title='bbox 2427 4793 2484 4842; x_wconf 89' lang='lat' dir='ltr'><strong>et</strong></span> <span class='ocrx_word' id='word_1_727' title='bbox 2498 4786 2791 4844; x_wconf 90' lang='lat' dir='ltr'><strong>brutorum</strong></span> <span class='ocrx_word' id='word_1_728' title='bbox 2807 4787 3175 4843; x_wconf 87' lang='lat' dir='ltr'><strong>animantium</strong></span> <span class='ocrx_word' id='word_1_729' title='bbox 3198 4785 3518 4857; x_wconf 89' lang='lat' dir='ltr'><strong>mugitibus</strong></span> <span class='ocrx_word' id='word_1_730' title='bbox 3530 4790 3643 4840; x_wconf 89' lang='lat' dir='ltr'><strong>tota</strong></span> <span class='ocrx_word' id='word_1_731' title='bbox 3659 4778 3762 4835; x_wconf 85' lang='lat' dir='ltr'><strong>urbs</strong></span> 
     </span>
    </p>
   </div>
   <div class='ocr_carea' id='block_1_72' title="bbox 516 4878 3763 4963">
    <p class='ocr_par' dir='ltr' id='par_1_72' title="bbox 516 4878 3763 4963">
     <span class='ocr_line' id='line_1_73' title="bbox 516 4878 3763 4963; baseline -0.005 -17"><span class='ocrx_word' id='word_1_732' title='bbox 516 4892 638 4963; x_wconf 88' lang='lat' dir='ltr'><strong>ipse</strong></span> <span class='ocrx_word' id='word_1_733' title='bbox 658 4889 974 4961; x_wconf 89' lang='lat' dir='ltr'><strong>palmarum</strong></span> <span class='ocrx_word' id='word_1_734' title='bbox 1000 4889 1219 4959; x_wconf 88' lang='lat' dir='ltr'><strong>virgam</strong></span> <span class='ocrx_word' id='word_1_735' title='bbox 1238 4901 1413 4941; x_wconf 90' lang='lat' dir='ltr'><strong>manu</strong></span> <span class='ocrx_word' id='word_1_736' title='bbox 1431 4890 1649 4948; x_wconf 89' lang='lat' dir='ltr'><strong>tenens,</strong></span> <span class='ocrx_word' id='word_1_737' title='bbox 1674 4879 1949 4952; x_wconf 85' lang='lat' dir='ltr'><strong>ovinaque</strong></span> <span class='ocrx_word' id='word_1_738' title='bbox 1968 4878 2114 4951; x_wconf 91' lang='lat' dir='ltr'><strong>pelle</strong></span> <span class='ocrx_word' id='word_1_739' title='bbox 2197 4884 2546 4950; x_wconf 89' lang='lat' dir='ltr'><strong>personaret,</strong></span> <span class='ocrx_word' id='word_1_740' title='bbox 2580 4885 2638 4934; x_wconf 91' lang='lat' dir='ltr'><strong>et</strong></span> <span class='ocrx_word' id='word_1_741' title='bbox 2672 4880 3028 4934; x_wconf 89' lang='lat' dir='ltr'><strong>victimarum</strong></span> <span class='ocrx_word' id='word_1_742' title='bbox 3066 4879 3265 4934; x_wconf 90' lang='lat' dir='ltr'><strong>nidore</strong></span> <span class='ocrx_word' id='word_1_743' title='bbox 3294 4878 3416 4949; x_wconf 91' lang='lat' dir='ltr'><strong>ipse</strong></span> <span class='ocrx_word' id='word_1_744' title='bbox 3449 4891 3666 4950; x_wconf 89' lang='lat' dir='ltr'><strong>quoque</strong></span> <span class='ocrx_word' id='word_1_745' title='bbox 3690 4884 3763 4963; x_wconf 76' lang='lat' dir='ltr'><strong>aer</strong></span> 
     </span>
    </p>
   </div>
   <div class='ocr_carea' id='block_1_73' title="bbox 514 4962 3764 5050">
    <p class='ocr_par' dir='ltr' id='par_1_73' title="bbox 514 4962 3764 5050">
     <span class='ocr_line' id='line_1_74' title="bbox 514 4962 3764 5050; baseline -0.006 -15"><span class='ocrx_word' id='word_1_746' title='bbox 514 4979 749 5036; x_wconf 90' lang='lat' dir='ltr'><strong>indutus</strong></span> <span class='ocrx_word' id='word_1_747' title='bbox 776 4978 1062 5050; x_wconf 87' lang='lat' dir='ltr'><strong>ingressus</strong></span> <span class='ocrx_word' id='word_1_748' title='bbox 1090 4981 1197 5045; x_wconf 90' lang='lat' dir='ltr'><strong>est,</strong></span> <span class='ocrx_word' id='word_1_749' title='bbox 1224 4992 1325 5030; x_wconf 89' lang='lat' dir='ltr'><strong>rex</strong></span> <span class='ocrx_word' id='word_1_750' title='bbox 1352 4991 1384 5030; x_wconf 91' lang='lat' dir='ltr'><strong>e</strong></span> <span class='ocrx_word' id='word_1_751' title='bbox 1409 4973 1614 5028; x_wconf 87' lang='lat' dir='ltr'><strong>throno</strong></span> <span class='ocrx_word' id='word_1_752' title='bbox 1637 4986 1739 5026; x_wconf 92' lang='lat' dir='ltr'><strong>suo</strong></span> <span class='ocrx_word' id='word_1_753' title='bbox 1768 4967 1994 5035; x_wconf 88' lang='lat' dir='ltr'><strong>exsiliit,</strong></span> <span class='ocrx_word' id='word_1_754' title='bbox 2025 4966 2113 5040; x_wconf 88' lang='lat' dir='ltr'><strong>ip-</strong></span> <span class='ocrx_word' id='word_1_755' title='bbox 2194 4967 2537 5024; x_wconf 85' lang='lat' dir='ltr'><strong>inﬁceretur.</strong></span> <span class='ocrx_word' id='word_1_756' title='bbox 2571 4969 2671 5023; x_wconf 85' lang='lat' dir='ltr'><strong>His</strong></span> <span class='ocrx_word' id='word_1_757' title='bbox 2700 4970 2770 5023; x_wconf 93' lang='lat' dir='ltr'><strong>ad</strong></span> <span class='ocrx_word' id='word_1_758' title='bbox 2799 4969 2948 5024; x_wconf 91' lang='lat' dir='ltr'><strong>hunc</strong></span> <span class='ocrx_word' id='word_1_759' title='bbox 2976 4968 3205 5024; x_wconf 90' lang='lat' dir='ltr'><strong>modum</strong></span> <span class='ocrx_word' id='word_1_760' title='bbox 3226 4966 3518 5031; x_wconf 85' lang='lat' dir='ltr'><strong>confectis,</strong></span> <span class='ocrx_word' id='word_1_761' title='bbox 3543 4980 3661 5020; x_wconf 92' lang='lat' dir='ltr'><strong>cum</strong></span> <span class='ocrx_word' id='word_1_762' title='bbox 3685 4962 3764 5014; x_wconf 50' lang='lat' dir='ltr'><strong>im:</strong></span> 
     </span>
    </p>
   </div>
   <div class='ocr_carea' id='block_1_74' title="bbox 512 5054 3763 5142">
    <p class='ocr_par' dir='ltr' id='par_1_74' title="bbox 512 5054 3763 5142">
     <span class='ocr_line' id='line_1_75' title="bbox 512 5054 3763 5142; baseline -0.007 -16"><span class='ocrx_word' id='word_1_763' title='bbox 512 5070 674 5142; x_wconf 88' lang='lat' dir='ltr'><strong>sique</strong></span> <span class='ocrx_word' id='word_1_764' title='bbox 694 5068 912 5123; x_wconf 87' lang='lat' dir='ltr'><strong>obviam</strong></span> <span class='ocrx_word' id='word_1_765' title='bbox 937 5066 1163 5139; x_wconf 90' lang='lat' dir='ltr'><strong>prodiit,</strong></span> <span class='ocrx_word' id='word_1_766' title='bbox 1178 5079 1419 5136; x_wconf 90' lang='lat' dir='ltr'><strong>eumque</strong></span> <span class='ocrx_word' id='word_1_767' title='bbox 1441 5061 1728 5118; x_wconf 89' lang='lat' dir='ltr'><strong>osculatus</strong></span> <span class='ocrx_word' id='word_1_768' title='bbox 1744 5058 2112 5129; x_wconf 89' lang='lat' dir='ltr'><strong>est.Cumque</strong></span> <span class='ocrx_word' id='word_1_769' title='bbox 2195 5057 2354 5130; x_wconf 90' lang='lat' dir='ltr'><strong>probi</strong></span> <span class='ocrx_word' id='word_1_770' title='bbox 2384 5057 2616 5130; x_wconf 88' lang='lat' dir='ltr'><strong>spiritus</strong></span> <span class='ocrx_word' id='word_1_771' title='bbox 2642 5058 2711 5113; x_wconf 91' lang='lat' dir='ltr'><strong>de</strong></span> <span class='ocrx_word' id='word_1_772' title='bbox 2738 5058 2981 5114; x_wconf 83' lang='lat' dir='ltr'><strong>Theudae</strong></span> <span class='ocrx_word' id='word_1_773' title='bbox 3007 5057 3241 5112; x_wconf 87' lang='lat' dir='ltr'><strong>victoria</strong></span> <span class='ocrx_word' id='word_1_774' title='bbox 3266 5058 3550 5127; x_wconf 88' lang='lat' dir='ltr'><strong>majorem</strong></span> <span class='ocrx_word' id='word_1_775' title='bbox 3583 5054 3643 5142; x_wconf 89' lang='lat' dir='ltr'><strong>in</strong></span> <span class='ocrx_word' id='word_1_776' title='bbox 3668 5066 3763 5142; x_wconf 4' lang='lat' dir='ltr'><strong>mpo—</strong></span> 
     </span>
    </p>
   </div>
   <div class='ocr_carea' id='block_1_75' title="bbox 511 5139 3763 5226">
    <p class='ocr_par' dir='ltr' id='par_1_75' title="bbox 511 5139 3763 5226">
     <span class='ocr_line' id='line_1_76' title="bbox 511 5139 3763 5226; baseline -0.006 -12"><span class='ocrx_word' id='word_1_777' title='bbox 511 5139 836 5215; x_wconf 78' lang='lat' dir='ltr'><strong>cathedram</strong></span> <span class='ocrx_word' id='word_1_778' title='bbox 859 5156 1046 5212; x_wconf 70' lang='lat' dir='ltr'><strong>afferri</strong></span> <span class='ocrx_word' id='word_1_779' title='bbox 1069 5155 1349 5226; x_wconf 88' lang='lat' dir='ltr'><strong>jussisset,</strong></span> <span class='ocrx_word' id='word_1_780' title='bbox 1382 5153 1569 5224; x_wconf 89' lang='lat' dir='ltr'><strong>ipsum</strong></span> <span class='ocrx_word' id='word_1_781' title='bbox 1589 5165 1763 5222; x_wconf 90' lang='lat' dir='ltr'><strong>prope</strong></span> <span class='ocrx_word' id='word_1_782' title='bbox 1791 5163 1851 5203; x_wconf 91' lang='lat' dir='ltr'><strong>se</strong></span> <span class='ocrx_word' id='word_1_783' title='bbox 1880 5146 2112 5202; x_wconf 89' lang='lat' dir='ltr'><strong>colloca—</strong></span> <span class='ocrx_word' id='word_1_784' title='bbox 2193 5147 2327 5202; x_wconf 92' lang='lat' dir='ltr'><strong>dum</strong></span> <span class='ocrx_word' id='word_1_785' title='bbox 2344 5148 3177 5219; x_wconf 87' lang='lat' dir='ltr'><strong>gloriarentur,sacerdotesque</strong></span> <span class='ocrx_word' id='word_1_786' title='bbox 3202 5145 3416 5219; x_wconf 88' lang='lat' dir='ltr'><strong>gratias</strong></span> <span class='ocrx_word' id='word_1_787' title='bbox 3439 5146 3551 5217; x_wconf 88' lang='lat' dir='ltr'><strong>ipsi</strong></span> <span class='ocrx_word' id='word_1_788' title='bbox 3565 5139 3763 5226; x_wconf 55' lang='lat' dir='ltr'><strong>habuiSf</strong></span> 
     </span>
    </p>
   </div>
   <div class='ocr_carea' id='block_1_76' title="bbox 507 5224 3761 5319">
    <p class='ocr_par' dir='ltr' id='par_1_76' title="bbox 507 5224 3761 5319">
     <span class='ocr_line' id='line_1_77' title="bbox 507 5224 3761 5319; baseline -0.006 -16"><span class='ocrx_word' id='word_1_789' title='bbox 507 5250 608 5306; x_wconf 85' lang='lat' dir='ltr'><strong>vit.</strong></span> <span class='ocrx_word' id='word_1_790' title='bbox 630 5248 944 5319; x_wconf 86' lang='lat' dir='ltr'><strong>Posteaque</strong></span> <span class='ocrx_word' id='word_1_791' title='bbox 970 5224 1231 5301; x_wconf 85' lang='lat' dir='ltr'><strong>Theudas</strong></span> <span class='ocrx_word' id='word_1_792' title='bbox 1254 5243 1342 5298; x_wconf 89' lang='lat' dir='ltr'><strong>his</strong></span> <span class='ocrx_word' id='word_1_793' title='bbox 1365 5242 1437 5297; x_wconf 89' lang='lat' dir='ltr'><strong>ad</strong></span> <span class='ocrx_word' id='word_1_794' title='bbox 1466 5256 1658 5313; x_wconf 88' lang='lat' dir='ltr'><strong>regem</strong></span> <span class='ocrx_word' id='word_1_795' title='bbox 1696 5236 1880 5293; x_wconf 91' lang='lat' dir='ltr'><strong>verbis</strong></span> <span class='ocrx_word' id='word_1_796' title='bbox 1907 5237 2104 5292; x_wconf 88' lang='lat' dir='ltr'><strong>utitur:</strong></span> <span class='ocrx_word' id='word_1_797' title='bbox 2192 5243 2336 5297; x_wconf 87' lang='lat' dir='ltr'><strong>sent,</strong></span> <span class='ocrx_word' id='word_1_798' title='bbox 2369 5254 2467 5293; x_wconf 82' lang='lat' dir='ltr'><strong>rex</strong></span> <span class='ocrx_word' id='word_1_799' title='bbox 2494 5254 2718 5293; x_wconf 91' lang='lat' dir='ltr'><strong>rursum</strong></span> <span class='ocrx_word' id='word_1_800' title='bbox 2744 5237 2814 5293; x_wconf 90' lang='lat' dir='ltr'><strong>ad</strong></span> <span class='ocrx_word' id='word_1_801' title='bbox 2846 5237 3121 5309; x_wconf 89' lang='lat' dir='ltr'><strong>palatium</strong></span> <span class='ocrx_word' id='word_1_802' title='bbox 3149 5252 3209 5291; x_wconf 90' lang='lat' dir='ltr'><strong>se</strong></span> <span class='ocrx_word' id='word_1_803' title='bbox 3235 5234 3471 5305; x_wconf 87' lang='lat' dir='ltr'><strong>recepit,</strong></span> <span class='ocrx_word' id='word_1_804' title='bbox 3505 5234 3687 5305; x_wconf 87' lang='lat' dir='ltr'><strong>aitque</strong></span> <span class='ocrx_word' id='word_1_805' title='bbox 3711 5224 3761 5281; x_wconf 82' lang='lat' dir='ltr'><strong>ad</strong></span> 
     </span>
    </p>
   </div>
   <div class='ocr_carea' id='block_1_77' title="bbox 505 5319 3763 5404">
    <p class='ocr_par' dir='ltr' id='par_1_77' title="bbox 505 5319 3763 5404">
     <span class='ocr_line' id='line_1_78' title="bbox 505 5319 3763 5404; baseline -0.006 -11"><span class='ocrx_word' id='word_1_806' title='bbox 505 5337 643 5404; x_wconf 86' lang='lat' dir='ltr'><strong>Rex,</strong></span> <span class='ocrx_word' id='word_1_807' title='bbox 675 5338 735 5392; x_wconf 91' lang='lat' dir='ltr'><strong>in</strong></span> <span class='ocrx_word' id='word_1_808' title='bbox 773 5343 1045 5392; x_wconf 79' lang='lat' dir='ltr'><strong>aeternum</strong></span> <span class='ocrx_word' id='word_1_809' title='bbox 1081 5334 1221 5401; x_wconf 87' lang='lat' dir='ltr'><strong>vive,</strong></span> <span class='ocrx_word' id='word_1_810' title='bbox 1254 5332 1629 5389; x_wconf 89' lang='lat' dir='ltr'><strong>maximorum</strong></span> <span class='ocrx_word' id='word_1_811' title='bbox 1656 5329 1893 5384; x_wconf 89' lang='lat' dir='ltr'><strong>deorum</strong></span> <span class='ocrx_word' id='word_1_812' title='bbox 1924 5326 2110 5383; x_wconf 83' lang='lat' dir='ltr'><strong>favore</strong></span> <span class='ocrx_word' id='word_1_813' title='bbox 2189 5327 2479 5383; x_wconf 90' lang='lat' dir='ltr'><strong>Theudam</strong></span> <span class='ocrx_word' id='word_1_814' title='bbox 2509 5328 2626 5382; x_wconf 89' lang='lat' dir='ltr'><strong>:En</strong></span> <span class='ocrx_word' id='word_1_815' title='bbox 2651 5326 3122 5400; x_wconf 89' lang='lat' dir='ltr'><strong>quemadmodum</strong></span> <span class='ocrx_word' id='word_1_816' title='bbox 3143 5325 3381 5397; x_wconf 88' lang='lat' dir='ltr'><strong>jussisti,</strong></span> <span class='ocrx_word' id='word_1_817' title='bbox 3409 5319 3763 5404; x_wconf 62' lang='lat' dir='ltr'><strong>nihilomuinu</strong></span> 
     </span>
    </p>
   </div>
   <div class='ocr_carea' id='block_1_78' title="bbox 507 5402 3761 5504">
    <p class='ocr_par' dir='ltr' id='par_1_78' title="bbox 507 5402 3761 5504">
     <span class='ocr_line' id='line_1_79' title="bbox 507 5402 3761 5504; baseline -0.006 -22"><span class='ocrx_word' id='word_1_818' title='bbox 507 5444 573 5482; x_wconf 89' lang='lat' dir='ltr'><strong>ac</strong></span> <span class='ocrx_word' id='word_1_819' title='bbox 598 5402 990 5483; x_wconf 84' lang='lat' dir='ltr'><strong>benevolentia</strong></span> <span class='ocrx_word' id='word_1_820' title='bbox 1017 5430 1230 5498; x_wconf 88' lang='lat' dir='ltr'><strong>septus.</strong></span> <span class='ocrx_word' id='word_1_821' title='bbox 1252 5422 1340 5479; x_wconf 82' lang='lat' dir='ltr'><strong>Ad</strong></span> <span class='ocrx_word' id='word_1_822' title='bbox 1369 5438 1459 5477; x_wconf 82' lang='lat' dir='ltr'><strong>me</strong></span> <span class='ocrx_word' id='word_1_823' title='bbox 1486 5421 1637 5476; x_wconf 89' lang='lat' dir='ltr'><strong>enim</strong></span> <span class='ocrx_word' id='word_1_824' title='bbox 1667 5418 1902 5475; x_wconf 83' lang='lat' dir='ltr'><strong>allatum</strong></span> <span class='ocrx_word' id='word_1_825' title='bbox 1932 5423 2018 5472; x_wconf 89' lang='lat' dir='ltr'><strong>est</strong></span> <span class='ocrx_word' id='word_1_826' title='bbox 2052 5422 2110 5471; x_wconf 88' lang='lat' dir='ltr'><strong>te</strong></span> <span class='ocrx_word' id='word_1_827' title='bbox 2192 5417 2365 5473; x_wconf 86' lang='lat' dir='ltr'><strong>studii</strong></span> <span class='ocrx_word' id='word_1_828' title='bbox 2393 5434 2429 5471; x_wconf 91' lang='lat' dir='ltr'><strong>a</strong></span> <span class='ocrx_word' id='word_1_829' title='bbox 2456 5434 2545 5472; x_wconf 90' lang='lat' dir='ltr'><strong>me</strong></span> <span class='ocrx_word' id='word_1_830' title='bbox 2564 5417 3003 5489; x_wconf 59' lang='lat' dir='ltr'><strong>praetermissum</strong></span> <span class='ocrx_word' id='word_1_831' title='bbox 3020 5422 3124 5483; x_wconf 87' lang='lat' dir='ltr'><strong>est,</strong></span> <span class='ocrx_word' id='word_1_832' title='bbox 3148 5414 3294 5487; x_wconf 90' lang='lat' dir='ltr'><strong>quod</strong></span> <span class='ocrx_word' id='word_1_833' title='bbox 3308 5412 3545 5504; x_wconf 86' lang='lat' dir='ltr'><strong>quidem</strong></span> <span class='ocrx_word' id='word_1_834' title='bbox 3569 5410 3637 5466; x_wconf 89' lang='lat' dir='ltr'><strong>ad</strong></span> <span class='ocrx_word' id='word_1_835' title='bbox 3661 5402 3761 5504; x_wconf 56' lang='lat' dir='ltr'><strong>festi</strong></span> 
     </span>
    </p>
   </div>
   <div class='ocr_carea' id='block_1_79' title="bbox 506 5501 3762 5592">
    <p class='ocr_par' dir='ltr' id='par_1_79' title="bbox 506 5501 3762 5592">
     <span class='ocr_line' id='line_1_80' title="bbox 506 5501 3762 5592; baseline -0.003 -23"><span class='ocrx_word' id='word_1_836' title='bbox 506 5515 706 5587; x_wconf 87' lang='lat' dir='ltr'><strong>ingens</strong></span> <span class='ocrx_word' id='word_1_837' title='bbox 726 5522 1013 5572; x_wconf 90' lang='lat' dir='ltr'><strong>certamen</strong></span> <span class='ocrx_word' id='word_1_838' title='bbox 1042 5514 1310 5570; x_wconf 89' lang='lat' dir='ltr'><strong>adversus</strong></span> <span class='ocrx_word' id='word_1_839' title='bbox 1338 5511 1598 5568; x_wconf 68' lang='lat' dir='ltr'><strong>Galilaeos</strong></span> <span class='ocrx_word' id='word_1_840' title='bbox 1621 5508 1833 5575; x_wconf 88' lang='lat' dir='ltr'><strong>iniisse,</strong></span> <span class='ocrx_word' id='word_1_841' title='bbox 1860 5523 1925 5562; x_wconf 89' lang='lat' dir='ltr'><strong>ac</strong></span> <span class='ocrx_word' id='word_1_842' title='bbox 1950 5507 2109 5563; x_wconf 87' lang='lat' dir='ltr'><strong>lucu-</strong></span> <span class='ocrx_word' id='word_1_843' title='bbox 2191 5506 2567 5579; x_wconf 91' lang='lat' dir='ltr'><strong>splendorem,</strong></span> <span class='ocrx_word' id='word_1_844' title='bbox 2601 5512 2659 5563; x_wconf 90' lang='lat' dir='ltr'><strong>et</strong></span> <span class='ocrx_word' id='word_1_845' title='bbox 2687 5507 3089 5563; x_wconf 83' lang='lat' dir='ltr'><strong>sacriﬁciorum</strong></span> <span class='ocrx_word' id='word_1_846' title='bbox 3108 5503 3598 5576; x_wconf 85' lang='lat' dir='ltr'><strong>magniﬁcentiam</strong></span> 
     </span>
    </p>
   </div>
   <div class='ocr_carea' id='block_1_80' title="bbox 505 5585 3762 5683">
    <p class='ocr_par' dir='ltr' id='par_1_80' title="bbox 505 5585 3762 5683">
     <span class='ocr_line' id='line_1_81' title="bbox 505 5585 3762 5683; baseline -0.004 -26"><span class='ocrx_word' id='word_1_847' title='bbox 505 5585 877 5661; x_wconf 75' lang='lat' dir='ltr'><strong>lentissimam</strong></span> <span class='ocrx_word' id='word_1_848' title='bbox 904 5605 1154 5679; x_wconf 89' lang='lat' dir='ltr'><strong>palmam</strong></span> <span class='ocrx_word' id='word_1_849' title='bbox 1197 5602 1480 5662; x_wconf 87' lang='lat' dir='ltr'><strong>retulisse.</strong></span> <span class='ocrx_word' id='word_1_850' title='bbox 1512 5600 1703 5675; x_wconf 90' lang='lat' dir='ltr'><strong>quue</strong></span> <span class='ocrx_word' id='word_1_851' title='bbox 1739 5596 1969 5655; x_wconf 88' lang='lat' dir='ltr'><strong>nomine</strong></span> <span class='ocrx_word' id='word_1_852' title='bbox 1999 5597 2110 5683; x_wconf 81' lang='lat' dir='ltr'><strong>huc</strong></span> <span class='ocrx_word' id='word_1_853' title='bbox 2190 5596 2706 5671; x_wconf 76' lang='lat' dir='ltr'><strong>neretJamitaque</strong></span> <span class='ocrx_word' id='word_1_854' title='bbox 2717 5600 2944 5671; x_wconf 83' lang='lat' dir='ltr'><strong>tempus</strong></span> <span class='ocrx_word' id='word_1_855' title='bbox 2970 5600 3059 5653; x_wconf 86' lang='lat' dir='ltr'><strong>est</strong></span> <span class='ocrx_word' id='word_1_856' title='bbox 3082 5599 3149 5651; x_wconf 89' lang='lat' dir='ltr'><strong>ut</strong></span> <span class='ocrx_word' id='word_1_857' title='bbox 3176 5609 3299 5667; x_wconf 85' lang='lat' dir='ltr'><strong>quae</strong></span> <span class='ocrx_word' id='word_1_858' title='bbox 3326 5591 3476 5648; x_wconf 89' lang='lat' dir='ltr'><strong>mihi</strong></span> <span class='ocrx_word' id='word_1_859' title='bbox 3487 5585 3762 5666; x_wconf 80' lang='lat' dir='ltr'><strong>promisisti</strong></span> 
     </span>
    </p>
   </div>
   <div class='ocr_carea' id='block_1_81' title="bbox 578 5692 1251 5769">
    <p class='ocr_par' dir='ltr' id='par_1_81' title="bbox 578 5692 1251 5769">
     <span class='ocr_line' id='line_1_82' title="bbox 578 5692 1251 5769; baseline 0.001 -19"><span class='ocrx_word' id='word_1_860' title='bbox 578 5694 599 5716; x_wconf 82' lang='lat'><strong>‘</strong></span> <span class='ocrx_word' id='word_1_861' title='bbox 626 5692 913 5751; x_wconf 75' lang='lat' dir='ltr'><strong>Memoriae</strong></span> <span class='ocrx_word' id='word_1_862' title='bbox 930 5693 1121 5769; x_wconf 82' lang='lat' dir='ltr'><strong>lapsus</strong></span> <span class='ocrx_word' id='word_1_863' title='bbox 1149 5699 1251 5751; x_wconf 85' lang='lat' dir='ltr'><strong>est.</strong></span> 
     </span>
    </p>
   </div>
  </div>
