3868 6382
89 388 175 447 561
456 387 628 445 VITA
667 388 1109 448 SANCTORUM
1145 389 1493 449 BARLAAM
1530 383 1872 447 EREMITIE
1910 384 2000 444 EI‘
2036 384 2403 444 JOSAPHAT
2440 387 2665 445 INDL‘E
2701 389 2934 447 REGIS.
3226 389 3334 449 562

85 517 598 590 expleas.ﬁliumque
614 519 927 591 meum,qui
948 520 1467 591 areligionenostra
1480 520 1652 575 desci-
1668 519 1716 579 A
1742 516 1873 571 dam
1903 515 2200 571 obscurum
2225 532 2292 570 ex
2319 532 2459 587 rupe
2489 516 2732 587 quadam
2765 507 3101 585 condidisse,
3120 516 3333 575 ﬁlium-

86 608 170 671 vit,
187 624 219 661 a
239 607 676 663 Christianorum
689 625 879 663 errore
898 610 1234 671 vindices,ac
1252 628 1377 666 cum
1398 611 1655 681 benignis
1740 626 1850 683 que
1880 608 1996 664 illic
2035 624 2153 664 una
2181 622 2307 662 cum
2344 605 2660 661 nutricibus
2688 606 2980 662 inclusisse
3001 607 3196 675 fertur,
3227 625 3332 664 nec

85 697 180 751 diis
198 697 251 751 in
273 697 510 767 gratiam
527 699 777 753 reducas.
796 700 939 753 Nam
958 717 1060 771 ego
1080 717 1205 755 cum
1227 708 1406 755 artem
1427 718 1654 756 omnem

85 786 431 853 adhibuerim,
463 793 630 859 atque
660 805 889 843 omnem
930 790 1173 860 lapidem
1205 792 1494 858 moverim,
1526 792 1655 847 nul-

87 878 184 931 lam
212 882 394 931 tamen
416 877 595 931 morbi
608 878 943 934 medicinam
960 881 1162 951 reperi,
1177 881 1271 934 sed
1300 882 1475 952 ipsius
1496 898 1656 936 men-

88 972 185 1021 tem
210 966 461 1021 omnibus
492 966 657 1021 rebus
683 970 1029 1040 superiorem
1060 986 1181 1024 esse
1212 971 1482 1041 perspexi.
1511 972 1654 1026 Nam

88 1057 129 1110 si
164 1055 355 1110 blande
401 1073 465 1111 ac
509 1056 713 1111 leniter
748 1074 874 1113 cum
906 1076 971 1113 eo
998 1076 1165 1131 agere
1207 1060 1445 1126 institui,
1479 1078 1550 1115 ne
1579 1061 1658 1116 sic

88 1145 292 1216 quidem
321 1161 446 1200 eum
469 1147 607 1201 mihi
636 1148 750 1202 ullo
780 1148 944 1201 modo
966 1148 1217 1203 animum
1238 1150 1481 1220 adjicere
1503 1167 1656 1205 com-

88 1234 210 1307 peri.
234 1234 472 1290 Rursum
503 1235 548 1290 si
577 1253 765 1291 severe
794 1243 963 1308 atque
984 1237 1181 1293 acerbe
1201 1256 1330 1293 eum
1360 1240 1565 1312 accepi,
1598 1240 1656 1294 in

89 1323 426 1396 pervicaciam
448 1324 633 1396 potius
650 1326 779 1380 inde
807 1326 993 1398 ipsum
1018 1327 1197 1381 attolli
1219 1330 1655 1399 conspexiQua-

89 1412 316 1467 mobrem
344 1413 718 1469 calamitatem
740 1432 865 1470 eam
885 1432 1007 1487 quae
1036 1416 1173 1470 mihi
1201 1418 1419 1483 accidit,
1442 1419 1659 1489 sapien-

89 1502 166 1556 tiae
184 1508 286 1557 tuae
304 1504 613 1558 committo.
634 1505 713 1558 Ac
731 1504 1008 1576 siquidem
1029 1522 1097 1560 ea
1129 1523 1233 1577 ope
1249 1512 1349 1561 tua
1370 1512 1427 1561 et
1451 1508 1656 1563 auxilio

91 1591 350 1655 liberatus,
374 1593 552 1647 ﬁlium
578 1610 766 1648 meum
798 1611 1016 1649 mecum
1037 1612 1231 1649 rursus
1244 1596 1377 1650 deos
1400 1613 1552 1651 meos
1570 1614 1657 1652 co-

84 1681 289 1749 lentem,
319 1687 489 1753 atque
515 1684 880 1755 voluptuaria:
908 1686 1076 1755 hujus
1104 1686 1230 1740 vitae
1258 1686 1656 1757 cupiditatibus

1737 706 1868 756 ante
1891 698 2185 754 duodecim
2213 713 2393 751 annos
2418 701 2639 751 exactos
2662 697 2837 752 ullum
2859 698 3086 752 omnino
3114 698 3222 769 ipsi
3251 698 3336 754 lu-

1736 791 1814 846 cis
1854 789 2210 862 splendorem
2240 786 2571 842 ostendisse.
2622 786 2883 842 Confecto
2912 794 3103 843 autem
3132 788 3334 859 hujus-

1737 880 1888 935 modi
1911 879 2179 949 temporis
2190 878 2488 941 curriculo,
2509 877 2709 942 ﬁlium,
2725 876 2821 948 qui
2840 876 2978 932 nihil
2993 876 3221 933 omnino
3242 894 3335 934 re-

1737 987 1863 1025 rum
1892 969 2305 1023 mundanarum
2331 967 2401 1021 ad
2422 968 2572 1022 hunc
2590 983 2769 1039 usque
2787 967 2936 1022 diem
2955 974 3333 1040 perspexerat,

1740 1077 1805 1114 ex
1837 1060 1942 1113 hoc
1969 1057 2223 1113 cubiculo
2255 1057 2478 1124 educit;
2528 1073 2594 1112 ac
2620 1061 2743 1111 tum
2790 1056 2898 1128 ipsi
2933 1057 3140 1124 omnia,
3172 1060 3337 1129 juxta

1739 1166 1902 1205 suum
1924 1148 2185 1220 quodque
2208 1163 2387 1217 genus
2400 1145 2654 1202 exhiberi
2674 1161 2738 1200 ac
2762 1146 3134 1202 demonstrari
3150 1147 3332 1218 jubet,

1739 1239 1886 1292 viros
1908 1237 2176 1291 nimirum
2208 1236 2265 1290 in
2296 1252 2410 1289 uno
2436 1236 2574 1300 loco,
2607 1235 2667 1289 in
2695 1234 2806 1289 alio
2834 1235 3089 1302 feminas,
3110 1236 3338 1291 aliunde

1739 1344 1963 1393 aurum,
1997 1327 2108 1381 alia
2140 1342 2205 1380 ex
2236 1329 2395 1397 parte
2423 1330 2741 1394 argentum,
2773 1325 3010 1380 uniones
3039 1329 3097 1380 et
3120 1325 3337 1397 lapides

1742 1417 2013 1489 exquisiti
2037 1415 2223 1488 pretii,
2255 1420 2438 1469 vestes
2461 1414 2773 1469 luculentas
2793 1419 2851 1469 et
2878 1414 3182 1485 elegantes,
3209 1431 3340 1470 cur-

1740 1524 1838 1562 rus
1866 1505 2071 1576 insigni
2098 1504 2517 1576 pulchritudine
2532 1503 2701 1558 simul
2720 1520 2849 1559 cum
2874 1504 3045 1575 regiis
3064 1505 3224 1576 equis
3243 1520 3340 1560 au-

1738 1612 1835 1650 reo
1862 1595 2022 1649 freno
2045 1594 2353 1660 instructis,
2376 1610 2503 1648 cum
2533 1594 2725 1649 aulaeis
2753 1594 3144 1666 purpureis,ac
3161 1610 3341 1649 sesso-

1739 1685 1893 1739 ribus
1923 1684 2176 1749 armatis,
2201 1682 2372 1738 boum
2388 1683 2523 1738 item
2537 1688 2812 1749 armenta,
2832 1689 2891 1738 et
2908 1683 3187 1754 pecudum
3213 1700 3339 1755 gre-

83 1787 136 1823 ac
171 1770 318 1841 regni
364 1772 743 1843 voluptatibus
771 1773 1047 1827 fruentem
1078 1774 1257 1840 video,
1292 1792 1524 1831 auream
1552 1776 1656 1831 tibi
1672 1803 1720 1864 B
1737 1792 1869 1845 ges;
1904 1779 2091 1845 atque,
2115 1778 2178 1828 ut
2197 1773 2524 1827 summatim
2545 1772 2952 1839 dicam,omnia
2969 1778 3122 1827 certo
3140 1773 3338 1828 ordine

83 1865 299 1913 statuam
335 1860 569 1931 erigam,
608 1862 958 1933 efﬁciamque
987 1869 1051 1918 ut
1080 1865 1311 1935 posthac
1356 1865 1414 1919 in
1446 1866 1653 1937 sempi-
1672 1860 1713 1864 ”
1735 1881 1909 1936 puero
1940 1862 2381 1918 demonstrabat.
2400 1864 2773 1917 Percontante
2792 1868 2983 1917 autem
3003 1879 3069 1917 eo
3087 1860 3335 1935 quonam

79 1954 278 2003 ternum
305 1949 451 2004 idem
484 1950 586 2004 tibi
617 1951 724 2006 diis
754 1952 934 2007 honor
970 1970 1005 2006 a
1032 1954 1247 2008 cunctis
1277 1954 1578 2009 tribuatur.

139 2039 378 2093 Theudas
392 2040 567 2110 igitur
583 2046 857 2095 attentam
869 2058 1065 2096 aurem
1084 2042 1226 2097 diab.
1250 2043 1305 2098 1)
1328 2043 1650 2114 subjiciens,

81 2132 227 2198 atque
274 2128 341 2183 ab
390 2130 489 2184 illo
530 2130 848 2202 improbum
898 2148 963 2185 ac
992 2132 1322 2203 pestiferum
1355 2134 1653 2188 consilium

83 2218 284 2273 edoctus
311 2218 531 2291 ipsique
562 2219 767 2289 lingua:
800 2228 968 2292 atque
1011 2221 1124 2275 oris
1154 2239 1382 2292 operam
1417 2239 1646 2289 navans,

82 2306 139 2359 ad
168 2323 341 2378 regem
371 2308 453 2362 ait
487 2326 499 2361 ε
534 2308 593 2363 Si
629 2308 808 2363 ﬁlium
835 2314 995 2363 tuum
1027 2310 1083 2363 in
1118 2316 1451 2380 potestatem
1493 2316 1649 2366 tuam

81 2396 324 2466 redigere,
340 2397 628 2468 ipsiusque
642 2398 699 2452 in
719 2399 1020 2469 pugnando
1040 2399 1403 2470 pervicaciam
1424 2400 1651 2456 inanem

82 2486 286 2541 reddere
313 2487 487 2558 cupis,
512 2503 604 2541 ars
629 2503 663 2541 a
682 2504 771 2541 me
802 2489 1116 2559 excogitata
1143 2495 1246 2553 est,
1266 2490 1354 2543 cui
1377 2490 1650 2545 obluctari

83 2572 215 2628 nullo
246 2576 400 2630 modo
431 2575 659 2647 poterit.
697 2593 885 2631 verum
919 2578 1093 2631 durus
1124 2579 1300 2649 ipsius
1320 2579 1543 2634 animus
1572 2579 1650 2633 fa-

84 2662 223 2717 cilius
251 2665 582 2731 emollietur,
634 2682 804 2737 quam
836 2683 965 2720 cera
994 2667 1208 2737 ingenti
1235 2685 1368 2738 rogo
1398 2669 1645 2724 admota.

82 2751 179 2805 Rex
202 2752 379 2823 itaque
402 2769 610 2808 vanum
639 2755 925 2809 hominem
956 2755 1110 2810 inani
1142 2762 1363 2811 tumore
1389 2758 1648 2812 inﬂatum

82 2841 250 2907 ﬁdens,
274 2843 340 2897 ad
365 2844 709 2915 voluptatem
734 2846 925 2899 statim
952 2845 1237 2917 animique
1256 2847 1505 2901 laetitiam
1527 2864 1649 2901 sese

82 2934 174 2995 8|
189 2937 243 2996 8
268 2933 555 2998 convertit,
573 2950 805 3005 sperans
825 2934 1095 3002 videlicet,
1133 2937 1479 3006 petulantem
1495 2937 1650 2992 illam

82 3024 127 3071 et
149 3020 395 3076 audacem
422 3022 678 3094 linguam
699 3023 951 3078 animum
988 3024 1254 3080 divinitus
1287 3027 1546 3082 edoctum
1584 3045 1649 3082 ac

78 3107 406 3183 philosophiae
423 3100 652 3183 plenum
673 3118 1068 3184 superaturam
1086 3116 1313 3170 esse.Cu
1322 3132 1485 3187 mque
1501 3134 1647 3188 quae-

81 3214 190 3252 nam
214 3199 303 3254 illa
329 3218 419 3256 ars
441 3207 592 3256 esset
612 3218 675 3257 ex
712 3218 777 3256 eo
796 3202 1193 3267 sciscitaretur,
1216 3210 1339 3259 tum
1357 3206 1638 3274 Theudas,

80 3292 331 3360 tamquam
345 3292 616 3346 novacula
634 3297 801 3347 acuta
816 3292 1007 3347 dolum
1023 3294 1441 3363 contexit(Psal.
1452 3299 1637 3364 LXXII),

78 3376 351 3451 callideque
403 3382 710 3453 pharmaca
744 3388 1051 3454 comparat.
1096 3385 1281 3455 Atque
1324 3384 1641 3456 improbam

77 3467 325 3536 technam,
370 3469 692 3543 diabolique
746 3472 1064 3537 consilium,
1115 3490 1323 3544 quaeso,
1358 3475 1632 3547 perspice.

79 3554 334 3626 Omnibus,
364 3560 568 3633 inquit,
592 3577 624 3615 ο
649 3578 763 3625 rex,
796 3562 893 3632 qui
911 3562 1027 3616 ﬁlio
1053 3568 1243 3617 astant
1273 3570 1442 3636 atque
1464 3565 1638 3619 inser-

77 3642 225 3712 viunt,
258 3647 322 3702 ab
367 3665 431 3704 eo
470 3649 667 3721 procul
690 3649 1007 3721 disjunctis,
1033 3652 1267 3722 pulchra
1286 3658 1344 3707 et
1365 3670 1638 3725 perquam

77 3733 288 3805 eleganti
325 3737 506 3793 forma
555 3739 821 3811 praeditas
847 3740 1129 3808 mulieres,
1165 3748 1333 3813 atque
1375 3743 1445 3796 ad
1475 3744 1638 3814 pelli-

76 3822 489 3883 ciendosanimos
509 3828 830 3895 adornatas,
850 3846 976 3883 cum
1008 3846 1073 3884 eo
1103 3838 1373 3903 perpetuo
1406 3833 1629 3901 versari,

75 3909 261 3985 ipsique
287 3917 625 3984 ministrare,
651 3919 889 3990 vitaeque
917 3922 1381 3977 consuetudinem
1420 3929 1478 3978 et
1504 3940 1635 3978 con-

74 3999 358 4061 tubernium
383 4024 512 4062 cum
531 4024 597 4062 eo
628 4007 834 4062 habere
849 4008 985 4079 jube
1032 4011 1145 4081 Ego
1187 4017 1376 4066 autem
1416 4029 1527 4068 uno
1565 4030 1630 4067 ex

74 4088 129 4142 iis
152 4092 437 4162 spiritibus,
460 4113 601 4169 quos
629 4097 701 4152 ad
734 4113 823 4151 res
850 4098 1172 4169 hujusmodi
1202 4102 1538 4172 comparavi,
1560 4103 1630 4157 ad

75 4194 178 4233 cum
196 4190 378 4253 postea
391 4186 693 4253 submisso,
714 4188 988 4243 acriorem
1009 4189 1309 4261 voluptatis
1330 4192 1516 4262 ignem
1535 4209 1629 4246 ex-

73 4267 322 4328 citabo.Ac
348 4276 515 4331 simul
550 4282 718 4348 atque
742 4278 827 4331 vel
864 4294 991 4332 cum
1022 4295 1134 4333 una
1158 4280 1277 4334 sola
1304 4281 1376 4335 hu
1379 4282 1629 4351 jusmodi

74 4359 363 4418 muliercula
388 4382 507 4420 rem
536 4366 816 4433 habuerit,
861 4367 968 4421 nisi
996 4367 1099 4422 tibi
1132 4369 1321 4423 omnia
1350 4388 1414 4424 ex
1453 4371 1627 4426 animi

75 4452 316 4508 sententia
343 4455 537 4519 fluant,
574 4456 682 4511 erit
704 4458 822 4527 jam
850 4474 951 4511 cur
969 4475 1058 4512 me
1090 4464 1437 4527 contemnas,
1457 4466 1626 4533 atque

1736 1954 1973 2024 singulae
2000 1970 2089 2007 res
2104 1953 2330 2007 nomine
2352 1952 2789 2024 appellarentur,
2816 1951 2965 2024 regis
2985 1953 3256 2008 satellites
3271 1970 3337 2009 ac

1737 2043 2037 2114 stipatores
2065 2042 2506 2113 uniuscujusque
2537 2058 2744 2096 nomen
2773 2042 3141 2114 exponebant.
3191 2043 3338 2098 Cum

1738 2138 1929 2186 autem
1960 2132 2258 2186 mulierum
2287 2147 2492 2186 nomen
2511 2131 2652 2186 scire
2672 2138 2920 2203 cuperet,
2937 2137 3059 2187 tum
3081 2132 3230 2203 regis
3249 2148 3337 2187 ar-

1732 2222 1913 2292 miger
1928 2222 2111 2293 lepide
2141 2238 2204 2275 ac
2219 2221 2429 2286 festive,
2455 2220 2736 2277 daemones
2761 2238 2856 2276 eas
2878 2221 3148 2294 appellari
3169 2221 3326 2288 dixit,

1732 2327 1767 2364 a
1795 2309 1996 2381 quibus
2027 2310 2323 2364 hominum
2344 2315 2561 2364 mentes
2590 2310 2651 2364 in
2681 2326 2931 2365 errorem
2946 2311 3327 2367 traherentur.

1732 2400 1900 2454 Pueri
1928 2405 2118 2453 autem
2148 2405 2343 2471 pectus
2368 2416 2563 2455 earum
2606 2415 2798 2455 amore
2826 2406 2996 2471 atque
3024 2400 3335 2473 cupiditate

1732 2490 2115 2543 vehementius
2137 2505 2306 2559 quam
2328 2489 2496 2543 ullius
2516 2488 2659 2543 alius
2681 2489 2764 2543 rei
2780 2489 3059 2544 desiderio
3079 2489 3331 2546 illectum

1731 2595 1796 2633 ac
1823 2579 2120 2633 delinitum
2134 2584 2235 2632 est.
2253 2581 2393 2633 Cum
2407 2578 2581 2649 igitur
2601 2577 2862 2633 omnibus
2883 2578 3049 2634 rebus
3067 2596 3331 2651 peragra-

1732 2667 1806 2721 tis
1833 2668 1903 2721 ad
1932 2685 2121 2739 regem
2151 2684 2277 2722 eum
2309 2668 2692 2733 adduxissent,
2717 2684 2782 2722 ac
2800 2684 2896 2722 rex
2922 2685 2988 2723 ex
3017 2667 3138 2740 ipso
3168 2669 3328 2741 quid-

1732 2774 1861 2811 nam
1895 2774 1961 2811 ex
1982 2758 2243 2812 omnibus
2262 2757 2428 2811 rebus
2445 2774 2585 2828 quas
2612 2757 2840 2812 vidisset
2860 2757 2968 2829 ipsi
2985 2758 3166 2830 magis
3183 2758 3330 2813 arri-

1732 2847 1908 2913 deret,
1929 2847 2273 2918 quaesivisset
2297 2864 2309 2901 :
2342 2846 2508 2913 Quid,
2531 2846 2736 2919 inquit,
2760 2847 2912 2902 aliud
2938 2863 3109 2918 quam
3127 2848 3331 2904 daemo-

1731 2952 1832 2990 nes
1858 2936 1942 2990 illi
1984 2936 2081 3008 qui
2122 2936 2381 2990 homines
2410 2935 2469 2990 in
2498 2935 2755 2991 fraudem
2783 2936 3096 2992 inducunt?
3133 2937 3329 3009 Neque

1730 3025 1881 3079 enim
1922 3026 2073 3080 illius
2109 3025 2192 3080 rei
2232 3043 2297 3080 ex
2345 3025 2435 3080 his
2476 3024 2737 3081 omnibus
2766 3042 2905 3097 quas
2937 3026 3210 3082 hodierno
3239 3026 3330 3083 die

1727 3114 1840 3169 vidi
1874 3115 2109 3187 perinde
2136 3120 2304 3187 atque
2333 3131 2529 3171 eorum
2558 3131 2751 3170 amore
2778 3115 3001 3171 animus
3032 3132 3196 3172 meus
3243 3116 3328 3172 in-

1727 3221 1928 3259 census
1957 3209 2060 3260 est.
2076 3206 2260 3276 Atque
2289 3205 2439 3260 hunc
2460 3204 2620 3276 pueri
2645 3221 2964 3260 sermonem
2986 3221 3084 3260 rex
3111 3204 3207 3261 ille
3232 3206 3327 3262 ad-

1725 3294 1964 3349 miratus
1988 3300 2091 3361 est,
2125 3310 2406 3366 quamque
2425 3294 2672 3349 violenta
2701 3310 2767 3349 ac
2793 3294 3092 3367 tyrannica
3122 3311 3214 3350 res
3239 3294 3324 3351 fe-

1723 3384 2006 3439 minarum
2051 3400 2213 3439 amor
2257 3389 2424 3450 esset,
2459 3383 2590 3438 hinc
2628 3383 2921 3455 judicavit.
2951 3384 3223 3449 Quocirca
3259 3389 3323 3441 tu

1723 3490 1949 3546 quoque
1975 3490 2088 3528 non
2116 3474 2234 3528 ulla
2261 3474 2374 3529 alia
2399 3473 2616 3528 ratione
2663 3490 2833 3545 quam
2881 3473 2992 3529 ista
3034 3479 3092 3529 te
3142 3474 3319 3531 ﬁlium

1718 3568 1879 3619 tuum
1906 3564 1966 3618 in
1986 3568 2322 3635 potestatem
2354 3562 2713 3620 redacturum
2742 3568 2925 3635 putes.

1792 3654 1908 3707 Rex
1934 3654 2039 3707 hoc
2051 3653 2347 3708 consilium
2367 3652 2767 3725 excipit,atque
2787 3653 3080 3710 confestim
3100 3654 3173 3710 ad
3188 3671 3318 3711 eum

1722 3742 1953 3797 delectae
1975 3743 2175 3814 puellm
2201 3742 2491 3814 praestanti
2510 3748 2680 3814 atque
2696 3742 2925 3815 egregia
2954 3742 3137 3799 forma
3157 3743 3321 3801 indu-

1719 3837 1942 3885 cuntur.
1977 3832 2128 3896 Quas
2158 3832 2330 3886 etiam
2357 3847 2488 3887 cum
2526 3832 2647 3904 ipse
2674 3833 2917 3903 eleganti
2953 3839 3156 3888 ornatu
3184 3833 3317 3889 illu-

1714 3927 1965 3985 strasset,
2000 3928 2171 3993 atque
2195 3920 2424 3976 omnino
2452 3921 2523 3976 ad
2545 3921 2939 3993 pelliciendum
2955 3922 3179 3993 juvenis
3198 3923 3316 3978 ani-

1713 4027 1868 4065 mum
1880 4011 2259 4077 instruxisset,
2283 4027 2477 4066 omnes
2496 4010 2675 4083 ipsius
2697 4011 2935 4068 fam’ulos
2953 4018 3011 4068 et
3029 4012 3315 4071 ministros

1714 4118 1744 4155 e
1773 4101 1982 4173 palatio
2011 4101 2182 4173 ejicit,
2212 4118 2418 4172 easque
2454 4100 2513 4155 in
2543 4117 2739 4157 eorum
2768 4101 2954 4157 locum
2999 4102 3310 4161 substituit.

1713 4192 1811 4246 Hae
1840 4191 2031 4263 itaque
2052 4189 2157 4264 ipsi
2183 4191 2429 4263 undique
2457 4191 2767 4256 haerebant,
2799 4208 3040 4265 eumque
3071 4195 3310 4267 comple-

1712 4280 2204 4352 ctebantur,atque
2221 4281 2292 4335 ad
2323 4280 2601 4336 nefarium
2621 4280 2978 4337 concubitum
2990 4283 3315 4340 exstimula-

1710 4369 1864 4430 bant.
1887 4387 1988 4443 per
2007 4387 2202 4426 omnes
2222 4370 2482 4425 videlicet
2504 4376 2700 4441 gestus
2726 4387 2793 4425 ac
2819 4387 3109 4427 sermones
3123 4372 3310 4444 ipsum

1710 4460 1782 4513 ad
1811 4462 2155 4532 voluptatem
2185 4465 2569 4531 provocantes.
2602 4460 2901 4515 Neminem
2932 4461 3108 4517 alium
3132 4461 3309 4518 habe-

74 4542 124 4589 ut
152 4541 341 4597 nullius
362 4561 494 4601 usus
523 4546 828 4612 hominem,
849 4564 959 4601 non
988 4548 1311 4608 honoribus.
1339 4550 1433 4604 sed
1458 4542 1691 4605 maxi-l)
1711 4548 1808 4603 bat
1837 4565 2005 4621 quem
2039 4549 2403 4621 conspiceret,
2447 4565 2575 4604 cum
2605 4565 2716 4621 quo
2742 4550 3176 4621 colloqueretur,
3210 4555 3309 4606 aut

74 4626 158 4680 mis
183 4633 453 4704 suppliciis
470 4635 826 4691 afﬁciendum
842 4636 1033 4691 ducas.
1051 4637 1204 4691 Nihil
1229 4638 1380 4692 enim
1411 4656 1629 4695 mascu-

74 4711 226 4773 lorum
267 4723 480 4779 animos
507 4725 738 4797 perinde
770 4726 995 4781 allicere
1026 4743 1091 4781 ac
1120 4727 1436 4782 demulcere
1466 4730 1627 4797 solet,

71 4808 120 4855 ut
141 4805 453 4868 feminarum
469 4820 815 4887 conspectus.
838 4816 1022 4886 Atque
1041 4821 1106 4870 ut
1118 4817 1468 4872 sermonibus
1494 4818 1633 4873 meis

72 4893 210 4952 ﬁdem
230 4900 507 4970 adhibeas,
540 4903 835 4959 historiam
867 4905 1012 4959 hanc
1041 4905 1205 4960 velim
1231 4906 1447 4961 audias.

125 4985 242 5041 CAP.
264 4991 426 5047 XXX.
449 5024 511 5035 —
531 4993 645 5049 Rex
674 4993 901 5066 quidam
929 5010 1059 5049 cum
1087 4996 1336 5050 mascula
1362 4996 1516 5068 prole
1541 5012 1627 5050 ca-

68 5083 190 5131 reret
220 5080 570 5137 vehementer
615 5082 803 5137 animo
833 5083 1168 5154 angebatur,
1201 5102 1438 5156 eamque
1481 5086 1626 5140 cala-

69 5162 287 5223 mitatem
313 5171 461 5227 haud
486 5189 716 5244 parvam
746 5172 1124 5229 existimabat.
1164 5175 1281 5229 Hoc
1301 5175 1474 5245 igitur
1496 5192 1623 5229 cum

68 5257 189 5311 statu
230 5265 386 5329 esset,
420 5261 596 5317 ﬁlium
636 5261 695 5317 in
740 5262 923 5317 lucem
965 5263 1157 5330 edidit,
1192 5280 1369 5337 eoque
1396 5265 1625 5319 nomine

69 5355 251 5402 summa
277 5351 558 5424 voluptate
581 5350 840 5424 perfusus
870 5357 974 5408 est.
1022 5353 1296 5409 Dixerunt
1332 5360 1524 5409 autem
1552 5355 1624 5410 ad

68 5445 170 5486 eum
196 5439 388 5496 eruditi
419 5442 646 5513 quidam
676 5442 897 5507 medici,
937 5446 1055 5497 tore
1096 5448 1161 5497 ut
1202 5444 1248 5498 si
1297 5461 1439 5515 puer
1474 5444 1625 5499 intra

70 5518 320 5584 duodecim
369 5547 545 5587 annos
577 5532 754 5587 solem
799 5538 901 5588 aut
927 5532 1114 5603 ignem
1153 5532 1384 5601 videret,
1412 5534 1622 5591 lumine

69 5622 259 5676 Prorsus
288 5619 593 5691 orbaretur,
618 5621 676 5679 id
709 5622 860 5678 enim
891 5639 954 5678 ex
980 5624 1268 5679 oculorum
1297 5624 1474 5697 ipsius
1511 5627 1623 5682 situ

70 5698 469 5776 designariﬂuae
491 5728 616 5769 cum
637 5717 801 5786 pater
820 5711 1085 5781 audisset,
1106 5713 1424 5770 cubiculum
1444 5717 1622 5788 quod-

1712 4644 1977 4704 ccenaret,
2010 4638 2145 4711 ipsae
2174 4639 2325 4693 enim
2354 4638 2546 4693 omnia
2591 4638 2700 4709 ipsi
2747 4644 2929 4693 erant.
2974 4640 3159 4711 Atque
3187 4639 3309 4697 haec

1714 4727 1937 4797 quidem
1966 4744 2061 4781 rex
2089 4726 2612 4782 f'aciebaLTheudas
2640 4732 2831 4782 autem
2859 4743 3087 4783 rursum
3115 4728 3187 4784 ad
3217 4745 3309 4802 pe-

1715 4816 1966 4871 stiferam
1994 4833 2156 4871 suam
2185 4817 2509 4888 speluncam
2554 4816 2853 4889 profectus,
2886 4816 3060 4873 libros
3090 4818 3188 4891 qui
3216 4835 3308 4875 res

1712 4905 1787 4960 hu
1787 4905 2082 4978 jusmundi
2110 4906 2330 4961 efﬁcere
2349 4911 2628 4977 poterant,
2643 4906 2703 4961 in
2722 4922 2926 4963 manus
2953 4908 3158 4965 sumit:
3183 4925 3308 4966 evo~

1708 5002 2007 5068 catumque
2017 5012 2193 5051 unum
2208 5012 2274 5050 ex
2293 4994 2563 5068 improbis
2585 4996 2876 5069 spiritibus
2891 4997 2962 5054 ad
2974 4998 3182 5055 Christi
3194 5000 3304 5056 mi-

1706 5085 1863 5140 litem
1886 5085 2028 5140 bello
2048 5084 2435 5141 lacessendum
2450 5087 2677 5153 emittit,
2693 5087 2947 5145 nesciens
2966 5088 3179 5144 scilicet
3195 5089 3304 5145 mi-

1706 5192 1797 5230 ser
1825 5176 1918 5231 ille
1939 5181 2212 5248 quantum
2244 5175 2332 5229 sui
2362 5175 2539 5231 risum
2556 5176 3304 5250 excitaturus,quantamquc

1706 5265 1873 5320 simul
1901 5282 2029 5321 cum
2078 5264 2339 5321 universa
2364 5281 2468 5320 sua
2490 5264 2766 5322 diabolica
2807 5266 3035 5322 cohorte
3058 5265 3303 5323 infamiae

1706 5360 1900 5410 notam
1915 5355 2208 5411 subiturus
2220 5354 2688 5427 esset.lmprobus
2706 5360 2896 5411 autem
2918 5356 3303 5428 spiritus,aliis

1704 5445 1935 5519 insuper
1962 5445 2326 5517 nequioribus
2355 5444 2645 5518 spiritibus
2673 5446 2995 5518 assumptis,
3029 5446 3100 5500 ad
3125 5462 3300 5517 gene-

1705 5537 1819 5592 rosi
1853 5536 2223 5593 adolescentis
2252 5536 2570 5593 cubiculum
2600 5553 2660 5591 se
2687 5535 2919 5604 confert,
2959 5534 3019 5591 in
3057 5552 3299 5610 eumque

1705 5625 1982 5698 impetum
2035 5627 2185 5693 facit,
2219 5626 2768 5683 vehementissimam
2807 5625 2992 5682 carnis
3018 5626 3302 5683 fornacem

1706 5717 2074 5775 succendens.
2112 5717 2191 5772 Ac
2209 5716 2464 5774 diabolus
2484 5716 2713 5790 quidem
2740 5716 2993 5774 internas
3013 5716 3119 5791 ipsi
3150 5717 3308 5800 flam_
