3868 6378
521 373 626 433 563

1547 372 1642 426 DE
1674 371 1864 428 VITIS
1903 369 2198 428 PATRUM
2231 369 2447 428 LIBER
2481 367 2770 424 PRIMUS.

3675 365 3750 422 564

525 513 649 554 mas
669 495 1020 563 admovebat,
1053 495 1252 568 puellae
1282 501 1492 564 autem,
1515 501 1582 552 ut
1607 497 1856 570 corporis
1882 495 2124 570 pulchri-
2143 497 2188 558 Α
2271 497 2358 552 Ad
2380 496 2644 567 juvenem
2669 474 2820 548 enim
2843 507 2910 547 ex
2937 492 3136 565 puellis
3151 491 3262 546 illis
3278 506 3391 546 una
3420 489 3658 546 omnium
3673 492 3754 547 for-

524 587 720 643 tudine
748 587 1018 656 insignes,
1049 586 1128 640 sic
1158 586 1348 640 animo
1374 586 1652 641 deformes
1671 587 1984 660 improbam
2005 603 2120 642 ma-

523 675 723 729 teriam
755 679 980 728 externe
1005 674 1455 745 suppeditabant.

593 766 670 818 At
689 781 820 818 vero
846 781 989 834 pura
1012 765 1110 818 illa
1129 766 1320 819 anima
1339 765 1831 836 pestiferispiritus
1845 765 2120 838 impetum

521 870 846 925 agnoscens,
903 870 966 907 ac
993 861 1396 925 praeposterum
1445 855 1850 925 cogitationum
1887 855 2117 921 bellum,

523 944 672 1014 quod
689 960 894 1013 magno
913 959 977 996 ac
999 944 1311 997 vehementi
1330 950 1389 1008 :3
1405 951 1438 1009 ῃ
1455 950 1513 1010 4
1530 946 1823 999 adversum
1837 945 2122 1015 seimpetu

525 1031 805 1098 veniebat,
822 1033 1188 1103 conspiciens,
1213 1032 1666 1104 perturbabatur,
1690 1040 1960 1104 tantoque
1976 1033 2122 1086 malo

522 1121 770 1188 liberari,
803 1139 1120 1193 purumque
1139 1139 1261 1176 sese
1297 1123 1519 1176 Christo
1548 1123 1813 1178 exhibere
1842 1122 2120 1194 cupiebat,

521 1226 626 1265 nec
656 1216 908 1265 sanctam
927 1211 1083 1264 illam
1119 1211 1470 1281 stolam,qua
1497 1228 1625 1266 eum
1653 1211 1916 1282 baptismi
1942 1210 2126 1281 gratia

523 1301 807 1366 induerat,
822 1301 1071 1356 libidinis
1091 1318 1248 1356 coeno
1269 1303 1674 1357 contaminare.
1695 1303 1998 1357 Confestim
2013 1303 2120 1356 ita-

525 1407 634 1462 que
662 1390 844 1445 amori
874 1407 1145 1456 amorem,
1179 1392 1282 1445 hoc
1312 1396 1398 1445 est
1428 1391 1712 1462 impudico
1741 1392 1992 1445 divinum
2023 1408 2124 1462 op-

524 1480 701 1551 ponit,
723 1479 938 1551 sibique
966 1480 1439 1550 pulchritudinem
1457 1481 1610 1535 illam
1631 1498 1695 1535 ac
1710 1481 1948 1551 gloriam
1973 1481 2127 1534 omni

525 1583 786 1622 sermone
798 1568 1266 1638 praestantiorem,
1276 1585 1445 1638 quam
1462 1585 1614 1640 purae
1628 1569 1828 1623 animae
1847 1569 1905 1622 in
1918 1568 2127 1623 Christi

523 1656 719 1728 sponsi
748 1657 979 1728 nuptiis,
999 1675 1063 1711 ex
1085 1657 1288 1729 quibus
1317 1657 1396 1711 illi
1413 1658 1510 1729 qui
1541 1658 1855 1728 nuptialem
1878 1658 2125 1712 tunicam

527 1746 952 1817 conspurcarint
981 1747 1296 1816 ejicientur,
1329 1747 1642 1818 vinetisque
1665 1747 1925 1802 manibus
1947 1753 2004 1801 et
2028 1765 2127 1818 pe-

2201 586 2520 641 mosissima
2539 583 3002 654 ingrediturque
3021 582 3189 637 etiam
3205 582 3354 652 regis
3365 581 3653 651 cujusdam
3666 582 3753 635 ﬁlia

2202 681 2342 742 erat,
2369 675 2742 747 captivaquea
2760 673 2943 745 patria
2965 689 3068 727 sua
3089 671 3346 737 abducta,
3374 669 3499 741 regi
3510 670 3752 736 Abenner,

2201 764 2651 838 pmstantissimi
2674 763 2966 834 cujusdam
2995 762 3246 817 muneris
3258 761 3460 824 instar,
3477 759 3654 814 oblata
3669 760 3756 814 fue-

2203 861 2317 910 rat:
2335 871 2503 926 quam
2518 859 2696 926 pater,
2727 858 2788 906 ut
2808 852 3013 906 eximia
3032 850 3448 922 pulchritudine
3482 849 3752 920 praeditam,

2205 946 2274 999 ad
2298 943 2743 998 labefactandum
2759 958 2822 996 ac
2842 941 3218 1011 dejiciendum
3241 939 3606 994 filiianimum
3620 938 3754 990 mise-

2205 1040 2314 1089 rat.
2345 1035 2502 1088 Hanc
2531 1033 2805 1103 impostor
2825 1031 2918 1084 ille
2944 1029 3112 1094 subit,
3139 1029 3356 1100 ipsique
3377 1027 3650 1098 ejusmodi
3666 1045 3756 1081 ser-

2207 1140 2403 1178 mones
2434 1122 2686 1191 suggerit
2715 1120 2809 1191 qui
2833 1119 3008 1174 animi
3033 1119 3210 1190 ipsius
3231 1117 3592 1190 prudentiam
3619 1133 3676 1170 ac

2207 1211 2478 1285 pientiam
2508 1209 2799 1282 perspicue
2838 1209 3204 1272 declararent,
3235 1207 3521 1278 siquidem
3551 1205 3758 1259 diabolus

2206 1318 2402 1356 omnes
2423 1300 2493 1353 ad
2515 1299 2710 1353 vitium
2734 1298 3180 1352 accommodatas
3195 1303 3345 1350 artes
3359 1296 3524 1350 facile
3539 1311 3601 1348 ac
3619 1311 3759 1365 proui-

2207 1397 2301 1462 pte
2325 1394 2562 1445 exercet.
2587 1389 2900 1458 Posteaque
2917 1387 3064 1456 regis
3079 1385 3252 1440 filium
3267 1402 3300 1438 a
3314 1384 3532 1438 dextris
3552 1384 3755 1442 adortus,

2212 1481 2410 1552 puellae
2439 1494 2688 1532 amorem
2722 1477 2830 1548 ipsi
2860 1476 3076 1539 inserit,
3097 1474 3166 1530 ob
3185 1475 3360 1546 ipsius
3385 1472 3634 1527 videlicet
3661 1490 3759 1542 rru-

2211 1569 2458 1623 dentiam
2489 1573 2546 1622 et
2573 1566 2926 1637 gravitatem.
2969 1573 3138 1638 atque
3185 1567 3357 1620 etiam
3391 1563 3465 1618 ob
3509 1579 3626 1616 eam
3669 1579 3760 1615 cau-

2211 1675 2351 1723 sam,
2397 1657 2546 1728 quod
2583 1673 2708 1710 cum
2741 1673 2806 1710 ea
2835 1655 3124 1710 nobilitate
3152 1660 3320 1716 esset,
3371 1659 3548 1724 atque
3578 1669 3606 1707 e
3645 1652 3761 1722 regis

2211 1748 2387 1818 stirpe
2418 1746 2736 1818 prodiisset,
2768 1745 2952 1816 patria
2981 1751 3172 1799 tamen
3202 1744 3372 1798 simul
3405 1760 3473 1796 ac
3506 1741 3672 1812 gloria
3697 1758 3761 1794 or-

527 1833 689 1889 dibus
726 1834 786 1888 in
825 1835 1128 1890 exteriores
1159 1835 1422 1890 tenebras
1448 1836 1872 1907 protrudentur,
1907 1835 2345 1916 habita-Bbata
2369 1842 2532 1890 esset.
2578 1835 2663 1889 Ad
2695 1836 2812 1888 haec
2840 1833 3164 1904 hujusmodi
3185 1849 3414 1904 quoque
3445 1832 3763 1902 cogitationes

524 1927 666 1979 tura:
697 1929 830 1978 sunt
854 1923 1244 1996 (illati/LXXII),
1269 1925 1326 1978 in
1359 1925 1691 1979 memoriam
1722 1930 1964 1979 revocat.
2000 1927 2130 1979 Haec

524 2029 654 2069 cum
673 2013 862 2067 animo
873 2030 974 2067 suo
995 2013 1376 2078 considerans,
1393 2021 1450 2068 et
1469 2014 1747 2086 lacrymas
1764 2014 1921 2085 profu
1931 2015 2126 2078 ndens,

523 2107 724 2174 pectus
759 2101 1108 2168 verberabat,
1145 2101 1430 2173 improbas
1460 2103 1585 2156 illas
1607 2103 1993 2173 cogitationes,
2019 2121 2130 2157 non

528 2208 688 2246 secus
715 2207 782 2245 ac
815 2191 970 2245 fucos
1000 2191 1272 2261 quosdam
1317 2191 1372 2244 in
1421 2191 1612 2262 fugam
1640 2197 1882 2246 vertens.
1917 2193 2130 2246 Deinde

528 2297 786 2350 surgens,
819 2297 884 2334 ac
909 2297 1108 2334 manus
1138 2281 1418 2346 attollens,
1451 2280 1763 2335 calentibus
1788 2282 2050 2354 lacrymis
2069 2299 2132 2336 ac

527 2369 831 2441 gemitibus
849 2369 952 2424 Dei
982 2386 1144 2440 opem
1175 2376 1344 2440 atque
1366 2369 1636 2424 auxilium
1660 2371 2015 2442 implorabat,
2033 2373 2130 2426 iis-

530 2475 642 2530 que
664 2457 846 2513 verbis
875 2457 1171 2512 utebatur:
1206 2459 1574 2529 Omnipotens
1590 2459 1844 2524 Domine,
1861 2461 1958 2530 qui
1982 2462 2132 2516 solus

530 2546 743 2601 viribus
768 2547 962 2618 polles,
995 2553 1164 2618 atque
1193 2547 1263 2601 ad
1286 2548 1728 2602 misericordiam
1760 2549 2018 2621 proclivis
2049 2569 2128 2613 es.

536 2635 796 2702 Domine,
827 2635 1078 2706 inquam,
1111 2653 1238 2708 spes
1268 2637 1693 2708 desperatorum
1725 2643 1781 2693 et
1811 2655 2004 2694 eorum
2037 2640 2132 2710 qui

535 2723 745 2779 auxilio
787 2729 998 2792 carent,
1029 2725 1158 2792 mei,
1202 2742 1408 2797 quaeso,
1441 2725 1658 2781 inutilis
1686 2727 1770 2782 tui
1799 2728 1942 2782 servi
1981 2745 2129 2784 nunc

535 2813 850 2880 recordare,
901 2813 1160 2886 facilique
1207 2833 1273 2870 ac
1301 2816 1542 2887 propitio
1569 2817 1728 2872 oculo
1767 2834 1858 2872 me
1887 2819 2127 2886 intuere,

535 2903 896 2976 animamque
923 2921 1108 2960 meam
1137 2922 1172 2960 a
1212 2905 1487 2960 diabolica
1515 2906 1730 2962 framea
1757 2908 1928 2980 eripe,
1970 2925 2034 2963 ac
2063 2910 2132 2964 de

534 3009 708 3048 manu
728 2993 880 3048 canis
901 2994 1124 3049 unicam
1143 3011 1347 3062 meam,
1373 3011 1476 3049 nec
1503 3012 1594 3050 me
1621 2996 1681 3051 in
1707 2997 1954 3052 hostium
1991 3016 2138 3053 meo-

537 3099 666 3138 rum
692 3100 894 3139 manus
923 3084 1167 3140 incidere
1199 3085 1491 3156 permittas
1516 3087 1686 3156 (Psal.
1717 3091 1852 3156 XXI).
1900 3088 2025 3142 Non
2051 3106 2140 3144 su-

2212 1926 2317 1997 ipsi
2365 1923 2627 1988 subserit,
2660 1929 2726 1978 ut
2753 1941 2876 1977 eam
2909 1923 2977 1976 ab
3006 1923 3202 1977 insano
3243 1922 3529 1976 idolorum
3559 1921 3693 1974 cultu
3719 1919 3764 1970 li-

2214 2015 2456 2080 beraret,
2489 2013 2980 2083 Christianamque
3001 2012 3266 2066 efficeret.

2285 2105 2414 2158 Haec
2444 2109 2633 2157 autem
2660 2102 2847 2155 omnia
2876 2101 3084 2156 versuti
3106 2101 3364 2155 draconis
3397 2101 3610 2154 technaa
3625 2103 3763 2152 erant.

2213 2194 2360 2248 Nam
2391 2209 2517 2247 cum
2550 2192 2698 2260 regis
2733 2191 2878 2244 filius
2907 2191 3096 2244 animo
3117 2190 3198 2244 ita
3217 2195 3582 2260 comparatus
3601 2193 3650 2241 et
3673 2203 3767 2240 cou-

2214 2284 2444 2338 stitutus
2475 2287 2641 2345 esset,
2659 2288 2722 2334 ut
2735 2281 2948 2334 nullam
2980 2279 3274 2333 obscenam
3291 2277 3677 2348 cogitationem
3690 2286 3759 2326 aut

2213 2372 2570 2426 libidinosum
2585 2386 2830 2423 amorem
2849 2369 2918 2423 ad
2939 2369 3179 2440 puellam
3196 2367 3552 2421 vacillantem
3565 2365 3765 2434 inseipso

2214 2461 2574 2534 perspiceret,
2610 2475 2802 2512 verum
2844 2458 3021 2528 ipsius
3049 2459 3324 2512 duntaxat
3346 2457 3656 2510 calamitate
3681 2453 3766 2505 aui-

2216 2568 2434 2622 mzeque
2458 2548 2624 2604 exitio
2657 2566 2715 2602 se
2737 2547 3073 2602 commoveri
3093 2547 3348 2610 sentiret,
3372 2564 3496 2601 rem
3518 2547 3650 2600 hanc
3675 2544 3763 2596 dia-

2213 2639 2456 2694 bolicum
2487 2643 2866 2692 commentum
2897 2653 3016 2691 esse
3047 2636 3276 2690 minime
3306 2632 3761 2691 animadvertebat.

2215 2730 2502 2801 Siquidem
2524 2744 2718 2782 revera
2745 2726 2924 2796 caligo
2953 2726 3046 2779 ille
3067 2731 3170 2790 est,
3196 2742 3260 2779 ac
3295 2725 3486 2780 lucem
3507 2723 3758 2778 assimilat.

2212 2820 2287 2874 Ut
2302 2819 2452 2872 enim
2473 2817 2626 2886 regis
2639 2817 2784 2870 ﬁlius
2802 2815 3044 2886 puellam
3067 2814 3274 2884 alloqui
3289 2814 3602 2884 divinaeque
3617 2809 3762 2879 cogni-

2216 2908 2388 2963 tionis
2421 2907 2644 2961 oracula
2693 2905 2800 2976 ipsi
2847 2920 3123 2976 exponere
3151 2904 3354 2975 ccepit:
3409 2904 3668 2973 Agnosco,
3702 2899 3762 2951 in-

2220 2997 2438 3068 quiens,
2469 3013 2501 3050 o
2532 2993 2752 3060 mulier,
2781 2995 2960 3048 Deum
2998 2993 3056 3047 in
3085 3009 3248 3047 omne
3295 3009 3480 3046 aevum
3517 2991 3760 3044 viventem.

2221 3104 2324 3142 nec
2352 3093 2408 3140 te
2438 3085 2716 3140 idolorum
2745 3099 2934 3138 errore
2963 3082 3204 3137 detineri
3235 3082 3376 3148 sine,
3413 3096 3606 3135 verum
3628 3074 3767 3132 Domi-

536 3173 2196 3251 pergaudeantmihiquioderuntmeinique(Psal.xxxrv);C
2219 3192 2352 3230 num
2387 3191 2576 3229 rerum
2604 3173 2854 3228 omnium
2884 3173 3201 3226 effectorem
3247 3171 3526 3242 intellige,
3559 3185 3619 3222 ac
3644 3167 3765 3218 beata

541 3279 646 3318 nec
673 3279 764 3316 me
795 3262 851 3317 in
881 3262 1273 3335 iniquitatibus
1312 3265 1594 3336 corrumpi
1619 3265 1791 3332 sinas,
1822 3283 2136 3340 corpusque

533 3367 748 3418 meum,
773 3353 920 3424 quod
933 3352 1036 3406 tibi
1057 3358 1274 3407 castum
1289 3353 1550 3408 exhibere
1578 3355 1832 3425 promisi,
1855 3357 2060 3428 probro
2081 3363 2138 3413 et

539 3441 1212 3498 contumeliaafﬁcere.Te
1232 3443 1382 3497 enim
1401 3443 1923 3516 concupisco,teque
1943 3447 2132 3513 adoro,

541 3529 790 3595 Patrem,
817 3536 875 3586 et
897 3531 1124 3593 Filium,
1152 3537 1210 3586 et
1239 3531 1508 3604 Spiritum
1532 3535 1880 3602 sanctum,in
1913 3538 2135 3593 saecula.

615 3620 870 3692 Cumque
888 3621 1069 3676 Amen
1101 3620 1499 3692 subjunxisset,
1530 3622 1780 3678 divinam
1813 3627 2142 3681 consolatio—

543 3726 674 3766 nem
695 3710 913 3766 cmlitus
933 3711 1053 3782 ipse
1071 3710 1177 3765 sibi
1193 3711 1455 3766 advenire
1481 3711 1854 3786 sensit,atque
1874 3715 2142 3786 improba:

541 3799 910 3871 cogitationes
925 3817 1046 3854 sese
1066 3799 1471 3854 subduxerunt.
1497 3801 1622 3872 Ipse
1645 3809 1835 3857 autem
1863 3804 1934 3858 ad
1963 3810 2144 3860 matu-

541 3889 727 3944 tinum
755 3906 934 3960 usque
957 3894 1182 3961 tempus
1209 3890 1268 3943 in
1295 3889 1555 3961 precibus
1598 3892 1870 3962 perstitit;
1922 3893 2144 3949 intelle-

545 3978 762 4049 ctisque
781 3978 1090 4050 versipellis
1127 3978 1304 4033 hostis
1333 3979 1552 4034 technis
1576 3985 1747 4052 atque
1771 3981 2008 4050 artibus,
2024 4000 2142 4038 cor-

545 4083 652 4140 pus
681 4083 847 4122 suum
876 4072 997 4121 tum
1035 4065 1144 4121 cibi
1174 4068 1430 4138 penuria,
1461 4073 1586 4124 tum
1622 4069 1716 4124 siti
1744 4070 1978 4142 aliisque
2007 4073 2146 4128 affli-

549 4155 799 4210 ctionum
839 4154 1141 4226 generibus
1183 4172 1439 4226 premere
1477 4158 1665 4229 cmpit,
1697 4158 1755 4213 in
1796 4161 2144 4218 orationibus

553 4249 738 4300 erecto
753 4260 987 4316 corpore
1008 4251 1362 4315 pernoctans,
1384 4245 1604 4317 sibique
1623 4247 1730 4318 ipsi
1753 4254 1916 4320 pacta
1935 4267 2001 4305 ea
2022 4269 2144 4324 quae

550 4350 678 4389 cum
703 4334 819 4389 Deo
847 4333 1052 4388 inierat
1075 4333 1135 4388 in
1161 4334 1492 4388 memoriam
1513 4336 1803 4404 reducens,
1829 4345 2002 4410 atque
2023 4347 2143 4396 tum

550 4440 746 4480 eorum
785 4423 883 4497 qui
905 4423 1186 4496 justitiam
1215 4423 1494 4479 coluerint
1516 4425 1767 4482 futurum
1789 4429 2145 4500 splendorem

2218 3266 2348 3331 eris,
2382 3263 2690 3319 immortali
2718 3279 2922 3334 sponso
2962 3263 3260 3332 adjuncta;
3321 3260 3527 3324 multa,
3557 3257 3762 3328 inquam,

2219 3353 2496 3426 ejusmodi
2513 3369 2640 3406 cum
2663 3351 2780 3424 ipse
2794 3351 3043 3417 dixisset,
3062 3349 3252 3405 statim
3274 3349 3567 3420 improbus
3583 3345 3765 3417 spiritus

2220 3443 2443 3500 mulieri
2472 3443 2529 3496 in
2551 3447 2797 3496 mentem
2827 3441 3102 3502 immittit.
3133 3445 3200 3494 ut
3220 3438 3437 3493 fraudis
3461 3439 3676 3508 laqueos
3697 3449 3764 3485 ex-

2221 3534 2471 3606 plicaret,
2499 3549 2562 3587 ac
2593 3533 2708 3586 Deo
2738 3531 2967 3585 charam
2991 3530 3147 3584 illam
3180 3528 3434 3583 animam
3474 3527 3544 3582 ad
3568 3521 3765 3580 libidinis

2221 3625 2437 3678 foveam
2467 3620 2806 3694 prazcipitem
2832 3620 3100 3675 traheret.
3130 3617 3607 3690 quemadmodum
3622 3609 3766 3666 videli-

2222 3718 2312 3768 cet
2330 3713 2464 3767 olim
2495 3710 2720 3782 generis
2740 3709 2972 3764 humani
2998 3714 3285 3763 auctorem
3314 3709 3442 3762 Evae
3468 3721 3631 3778 opera
3655 3719 3680 3755 e
3695 3717 3766 3771 pa-

2225 3801 2410 3856 radiso
2439 3818 2504 3854 ac
2531 3801 2646 3854 Deo
2677 3800 2878 3853 misere
2907 3797 3314 3863 exterminavit,
3365 3810 3608 3868 eumque
3633 3791 3767 3845 beata

2226 3897 2395 3963 atque
2421 3889 2759 3945 immortalis
2781 3889 2904 3943 vitae
2927 3888 3050 3942 loco
3078 3886 3245 3942 morti
3264 3885 3504 3941 addixit.

2296 3983 2668 4050 Posteaquam
2689 3979 2862 4050 igitur
2878 3977 3064 4049 puella
3074 3976 3242 4031 verba
3261 3975 3527 4030 illaomni
3542 3967 3768 4043 sapientia

2227 4070 2437 4125 referta
2467 4069 2698 4136 audivit,
2744 4085 2844 4140 pro
2875 4084 2977 4123 sua
3003 4066 3242 4121 stultitia
3269 4083 3338 4120 ea
3377 4082 3494 4120 non
3523 4057 3764 4118 intellexit.

2231 4177 2421 4215 verum
2441 4157 2766 4230 hujusmodi
2793 4173 3124 4228 responsum
3136 4155 3330 4220 edidit,
3363 4155 3534 4224 quale
3551 4151 3616 4208 ab
3629 4167 3684 4204 ea
3703 4145 3766 4200 edi

2225 4254 2664 4306 consentaneum
2695 4252 2754 4313 8
2770 4253 2805 4312 ι
2821 4253 2884 4312 5
2911 4252 3048 4307 erat,
3067 4263 3189 4316 quae
3205 4243 3412 4299 diaboli
3426 4244 3616 4314 lingua
3641 4244 3768 4307 atque

2227 4357 2290 4395 os
2318 4345 2478 4407 erat;
2529 4337 2720 4409 aitque
2749 4355 2760 4390 :
2800 4335 2859 4391 Si
2888 4335 3086 4390 salutis
3113 4351 3269 4390 meae.
3323 4350 3356 4388 ο
3407 4333 3646 4396 domine,
3671 4339 3770 4380 cura

2226 4428 2496 4500 tangeris,
2527 4444 2592 4482 ac
2625 4443 2715 4481 me
2738 4427 2851 4481 Deo
2872 4431 2971 4480 tuo
2989 4424 3305 4489 conciliare,
3330 4422 3661 4494 abjectzeque
3685 4411 3769 4468 ani-

550 4514 741 4570 animo
771 4518 827 4570 et
855 4513 1192 4585 cogitatione
1235 4512 1564 4582 informans,
1595 4521 1718 4571 tum
1756 4517 2143 4576 denuntiatam
2164 4543 2208 4602 D
2229 4535 2334 4573 mae
2363 4535 2502 4573 meae
2530 4517 2769 4572 salutem
2791 4516 2992 4570 afferre
3019 4514 3228 4579 studes,
3262 4513 3348 4568 fac
3375 4518 3439 4568 tu
3469 4524 3674 4602 quoque
3699 4500 3768 4602 uilli

546 4603 818 4676 improbis
839 4604 1159 4675 gehennam
1175 4609 1369 4676 aperte
1391 4603 1497 4660 sibi
1518 4603 1588 4660 ob
1609 4607 1796 4662 oculos
1810 4625 2144 4682 proponens.
2164 4592 2203 4602 ν
2229 4626 2369 4664 meae
2393 4606 2649 4680 petitioni
2679 4622 2914 4671 annuas,
2935 4622 2999 4660 ac
3018 4605 3209 4659 statim
3222 4603 3420 4676 patriis
3441 4600 3682 4658 omnibus
3692 4592 3768 4682 diia:

551 4693 712 4760 Quod
741 4693 952 4750 scilicet
979 4709 1046 4748 ea
1063 4693 1134 4748 de
1162 4709 1334 4749 causa
1357 4693 1595 4751 faciebat
1609 4712 1681 4752 ne
1703 4697 1879 4753 hostis
1907 4699 2148 4756 inertem

549 4799 617 4838 ac
644 4783 887 4838 solutam
915 4782 1091 4854 ipsius
1121 4783 1368 4838 animam
1395 4790 1612 4852 nactus,
1632 4803 1833 4858 pravas
1853 4789 2149 4860 cogitatio—

551 4887 653 4928 nes
695 4871 805 4942 ipsi
838 4871 992 4927 nullo
1029 4873 1256 4944 negotio
1310 4873 1604 4942 insereret,
1642 4876 1930 4949 animique
1971 4879 2147 4950 ipsius

548 4960 858 5035 puritatem
885 4959 1139 5016 turbaret
1163 4967 1221 5018 et
1258 4961 1530 5019 inficeret.
1585 4965 1728 5020 Cum
1759 4967 1935 5038 igitur
1973 4968 2150 5024 hostis

551 5051 782 5108 omnino
803 5055 993 5106 mente
1012 5051 1351 5119 concideret,
1375 5070 1546 5126 seque
1567 5059 1862 5111 strenuum
1883 5057 2152 5128 juvenem

548 5142 899 5214 dejecturum
929 5156 1159 5212 prorsus
1187 5141 1488 5210 difﬁderet,
1513 5142 1584 5198 ad
1605 5143 1777 5199 aliam
1805 5146 2150 5202 callidiorem

547 5231 804 5290 fraudem
833 5247 956 5286 sese
974 5229 1190 5285 confert
1217 5231 1300 5299 {ut
1335 5231 1432 5302 qui
1458 5248 1682 5305 semper
1705 5235 1888 5290 malus
1921 5235 2010 5302 sit,
2047 5253 2152 5293 nec

547 5338 798 5395 unquam
829 5320 1040 5392 aliquid
1062 5320 1265 5389 moliri,
1281 5326 1452 5394 atque
1473 5319 1891 5380 incommodum
1918 5325 2147 5398 aliquod

549 5417 607 5467 et
633 5411 1038 5467 detrimentum
1064 5411 1264 5466 afferre
1297 5411 1682 5484 intermittat),
1703 5413 1834 5469 inid
1855 5415 2008 5471 omni
2033 5423 2148 5472 stu-

549 5499 640 5555 dio
670 5500 1020 5569 incumbens,
1048 5506 1110 5557 ut
1141 5517 1264 5573 quae
1294 5500 1400 5556 sibi
1433 5501 1720 5558 aTheuda
1744 5505 2013 5560 mandata
2033 5506 2150 5563 fue-

548 5594 679 5643 rant
703 5595 1058 5662 exsequatur.
1080 5591 1279 5664 Itaque
1307 5607 1506 5648 rursus
1536 5591 1860 5664 hujusmodi
1889 5595 2152 5668 pharma-

547 5691 612 5734 ca
635 5683 943 5750 comparat.

2223 4698 2372 4765 meis
2382 4679 2714 4770 repudiatis,
2737 4697 2852 4750 Deo
2873 4700 2970 4750 tuo
2991 4711 3082 4749 me
3101 4694 3427 4764 adjungam,
3443 4679 3768 4764 ipsumquead

2232 4792 2543 4842 extremum
2560 4802 2738 4856 usque
2759 4784 3019 4856 spiritum
3037 4783 3238 4836 colam.
3257 4783 3344 4838 Ita
3364 4770 3424 4837 tu
3441 4779 3630 4836 salutis
3647 4788 3766 4828 meas.

2231 4882 2399 4948 atque
2423 4876 2494 4930 ad
2517 4876 2695 4931 Deum
2717 4872 3114 4938 conversionis,
3145 4871 3460 4926 mercedem
3487 4869 3690 4924 referes.

2304 4967 2445 5021 Cum
2470 4971 2658 5020 autem
2693 4964 2788 5018 ille
2818 4977 3074 5034 quaenam
3101 4961 3220 5016 haec
3245 4961 3440 5032 petitio
3460 4965 3602 5014 esset
3614 4949 3770 5027 quaesi-

2235 5055 2421 5120 visset,
2453 5061 2575 5110 tum
2607 5053 2704 5108 illa
2732 5059 2789 5108 et
2817 5051 3033 5118 habitu,
3068 5055 3126 5106 et
3155 5055 3402 5122 aspectu,
3439 5055 3498 5104 et
3540 5054 3768 5103 sermone.

2232 5161 2298 5199 ac
2326 5144 2568 5215 denique
2595 5142 2748 5198 omni
2778 5159 2844 5196 ex
2890 5146 3052 5212 parte
3099 5156 3221 5194 sese
3248 5139 3319 5194 ad
3347 5137 3684 5193 alliciendum
3715 5129 3772 5197 ip'

2232 5233 2350 5289 sius
2377 5233 2630 5288 animum
2653 5246 2984 5302 comparans
3009 5248 3020 5284 :
3065 5227 3442 5290 Matrimonio,
3475 5223 3662 5296 inquit,
3689 5232 3770 5272 me-

2230 5339 2359 5378 cum
2413 5323 2775 5392 conjungere,
2811 5324 2979 5390 atque
3027 5334 3131 5389 ego
3181 5315 3432 5389 imperiis
3463 5314 3572 5371 tuis
3616 5307 3768 5365 lubens

2230 5411 2527 5484 obsequar.

2303 5503 2378 5557 At
2405 5500 2500 5556 ille
2527 5520 2539 5556 :
2561 5501 2872 5566 Incassum,
2892 5497 3098 5572 inquit,
3120 5514 3153 5554 o
3173 5497 3394 5563 mulier,
3411 5495 3604 5552 duram
3621 5488 3768 5557 hujus-

2232 5591 2386 5647 modi
2397 5590 2726 5664 petitionem
2737 5588 2875 5646 mihi
2889 5587 3305 5664 proposuisti.N
3307 5605 3398 5643 am
3411 5593 3701 5660 quanquam
3710 5575 3767 5628 in-

2229 5680 2388 5755 genti
2415 5680 2613 5739 salutis
2641 5684 2753 5738 tuae
2787 5695 2926 5740 cura
2963 5683 3180 5749 teneor,
3234 5683 3402 5750 teque
3427 5691 3492 5734 ex
3518 5667 3692 5730 morus
3727 5664 3768 5715 et
