3868 6380
124 308 222 364 565

508 308 679 367 VITA
719 309 1162 369 SANCTORUM
1195 310 1544 370 BARLAAM
1576 311 1917 373 EREMII'E
1954 313 2045 373 ET
2080 311 2447 373 JOSAPHAT
2485 312 2717 371 INDIZE
2757 312 2991 371 REGIS.

3279 310 3387 368 566

122 433 269 490 exitii
285 435 550 508 voragine
577 438 869 495 extrahere
900 441 1083 513 cupio,
1116 442 1253 497 mihi
1282 446 1477 499 tamen
1507 445 1778 517 corpusA
1796 444 2141 499 matrimonii
2159 460 2305 500 nexu
2321 448 2505 500 tecum
2523 442 2771 515 copulari
2784 441 3032 514 cupiens.
3050 446 3241 498 tamen
3253 455 3389 513 quo-

121 541 305 581 meum
325 527 645 598 perfoedum
663 529 1022 586 concubitum
1040 531 1335 605 inquinare
1353 533 1522 590 nimis
1540 552 1710 607 grave

124 620 221 679 est,
254 614 369 671 imo
399 634 625 690 prorsus
654 618 1021 692 impossibile.

188 706 290 761 Illa
318 724 449 763 vero
475 709 701 780 planam
742 709 848 781 ipsi
896 711 1042 767 viam
1090 712 1161 766 ad
1200 713 1380 768 scelus
1413 718 1705 769 sternens:

121 797 346 868 Ecquid,
374 797 577 870 inquit,
592 800 915 871 hujusmodi
945 818 1201 857 sermone
1229 802 1420 865 uteris,
1440 803 1535 874 qui
1556 804 1710 858 omni

121 888 403 959 sapientiae
419 905 627 959 genere
652 890 865 961 polles?
894 890 1123 961 Ecquid,
1156 890 1406 963 inquam,
1432 892 1573 947 hanc
1590 910 1709 946 rem

122 977 440 1050 spurcitiem
470 994 534 1032 ac
562 978 772 1033 foedum
786 978 1143 1034 concubitum
1166 981 1495 1052 appellasti?
1516 982 1711 1053 Neque

122 1068 262 1123 enim
281 1067 402 1140 ipsa
417 1084 637 1139 quoque
651 1068 1101 1124 Christianorum
1122 1069 1391 1125 librorum
1415 1070 1612 1141 ignara
1632 1077 1713 1126 at-

123 1174 222 1230 que
242 1174 439 1229 expers
457 1173 802 1223 sum,verum
815 1163 871 1212 et
887 1160 1093 1213 multos
1112 1158 1167 1213 in
1190 1160 1369 1230 patria
1392 1176 1517 1215 mea
1542 1160 1713 1215 libros

121 1246 343 1319 perlegi,
377 1252 436 1302 et
463 1264 609 1318 saepe
633 1264 760 1303 cum
791 1248 1124 1304 Christianis
1151 1266 1438 1304 sermones
1477 1250 1706 1305 contuli.

123 1338 260 1403 Quid
287 1337 506 1408 igitur?
531 1339 728 1393 Nonne
759 1338 815 1393 in
838 1338 1078 1410 quodam
1099 1337 1367 1394 librorum
1396 1346 1709 1394 vestrorum

123 1428 382 1499 scriptum
402 1434 487 1482 est
512 1428 880 1482 :Honorabile
897 1428 1236 1483 connubium
1258 1434 1314 1483 et
1333 1429 1709 1483 torusimma-

123 1518 332 1573 culatus
358 1520 537 1583 (llebr.
556 1518 735 1587 ‘xm)?
762 1519 842 1572 Ac
873 1535 1128 1573 rursum:
1156 1519 1355 1573 Melius
1385 1524 1471 1573 est
1499 1519 1711 1574 nubere

125 1624 284 1680 quam
315 1607 404 1662 uri
433 1608 484 1673 (Ι
512 1608 632 1663 Cor.
651 1607 888 1675 vn)?Ac
910 1624 1134 1662 rursum
1164 1627 1175 1661 :
1210 1608 1368 1672 Quod
1394 1609 1544 1664 Deus
1576 1626 1710 1664 con-

120 1697 313 1768 junxit,
341 1698 512 1751 homo
533 1714 644 1752 non
666 1702 887 1768 separet
905 1698 1118 1764 (.llatth.
1138 1704 1241 1766 xvi)
1260 1699 1281 1750 ’ἶ
1302 1698 1500 1752 Nonne
1518 1716 1711 1753 omnes

1792 535 1945 590 niam
1986 534 2041 590 id
2071 534 2169 590 tibi
2199 534 2429 593 minime
2457 538 2680 606 gratum
2728 538 2830 598 est,
2865 548 2977 587 non
2999 532 3118 604 jam
3151 530 3251 587 tibi
3274 530 3389 585 vim

1794 626 2044 694 aﬁ‘eram,
2070 642 2262 681 verum
2291 624 2560 698 quidquid
2581 623 2769 678 animo
2799 630 2897 678 tuo
2924 621 3214 689 insederit,
3238 623 3391 693 post-

1794 717 1897 771 hac
1921 717 2141 771 faciam.
2158 717 2242 772 Tu
2262 716 2436 788 igitur
2463 731 2534 770 ne
2553 731 2643 768 me
2659 730 2881 786 quoque
2907 728 3138 785 prorsus
3158 710 3388 784 abjicias

1794 813 1851 860 et
1879 806 2200 872 exsecreris,
2234 822 2429 860 verum
2457 804 2516 859 in
2538 805 2643 859 hac
2674 820 2786 859 una
2815 820 2875 857 re
2904 802 3042 857 mihi
3073 801 3388 873 obsequens

1792 897 2029 951 salutem
2050 894 2188 949 mihi
2217 896 2373 962 affer,
2406 900 2575 966 atque
2601 912 2637 949 a
2664 893 3051 967 superstitioso
3081 906 3269 947 errore
3299 905 3389 944 me

1793 986 1987 1052 libera,
2022 991 2082 1040 tu
2112 990 2303 1039 autem
2332 985 2595 1057 deinceps
2626 1001 2726 1057 per
2754 1000 2979 1039 omnem
3006 981 3132 1038 vita:
3162 996 3389 1036 cursum

1796 1094 1919 1147 quae
1949 1074 2052 1129 tibi
2081 1075 2195 1129 visa
2225 1073 2436 1129 fuerint
2464 1074 2635 1130 facias
2664 1073 2873 1128 licebit.

1867 1162 1968 1216 His
1995 1161 2176 1215 verbis
2193 1167 2357 1216 utens
2380 1164 2531 1229 (nam
2555 1166 2611 1216 et
2632 1160 2879 1215 habebat
2897 1160 3107 1232 quiipsi
3127 1176 3391 1232 suggere-

1795 1256 1898 1316 ret,
1930 1251 2019 1306 cui
2048 1252 2216 1305 etiam
2234 1268 2399 1305 aures
2415 1252 2555 1305 clam
2586 1249 2936 1315 admovebat,
2961 1256 3129 1322 atque
3145 1250 3393 1322 Scriptu-

1793 1358 1986 1395 rarum
2007 1341 2222 1412 peritus
2252 1345 2338 1395 est
2364 1340 2458 1395 ille
2478 1340 2595 1394 vitii
2624 1339 2822 1394 artifex
2851 1338 3146 1409 diabolus),
3175 1339 3282 1401 his,
3312 1339 3396 1395 in-

1794 1448 1983 1503 quam,
2018 1430 2198 1485 verbis
2227 1437 2411 1491 utens.
2444 1447 2685 1501 eumque
2709 1430 3052 1494 demulcens,
3085 1446 3150 1484 ac
3174 1429 3317 1484 retia
3339 1433 3394 1484 et

1794 1520 2025 1591 laqueos
2055 1519 2161 1591 ipsi
2191 1525 2310 1575 tum
2344 1536 2377 1574 a
2406 1519 2633 1584 dextris,
2665 1524 2787 1574 tum
2817 1535 2851 1573 a
2878 1518 3120 1573 sinistris
3146 1519 3394 1591 undique

1793 1609 2222 1671 nectens,animi
2238 1609 2413 1681 ipsius
2429 1609 2633 1664 turrim
2651 1608 3006 1674 labefactare,
3038 1608 3395 1681 institutique

1794 1698 1968 1770 ipsius
1987 1716 2183 1754 nervos
2205 1698 2517 1764 debilitare,
2536 1715 2601 1753 ac
2612 1698 2961 1753 voluntatem
2982 1702 3040 1753 et
3055 1697 3396 1754 sententiam

126 1794 327 1841 veteres
341 1786 625 1857 justi,tam
640 1786 970 1858 patriarchm
984 1804 1150 1857 quam
1165 1788 1711 1859 prophctzelegitimo
1738 1774 1779 1835 Β
1796 1788 2048 1842 emollire
2074 1787 2395 1859 incipiebat.
2429 1788 2564 1842 Vitii
2594 1793 2783 1842 autem
2810 1792 3061 1854 sator,ac
3090 1786 3395 1858 proborum

125 1876 475 1930 matrimonio
510 1876 801 1947 copulatos
838 1875 1008 1930 fuisse
1037 1876 1338 1947 Scriptura:
1387 1871 1585 1932 vestrae
1618 1878 1712 1931 do-

126 1966 284 2019 cent?
312 1966 512 2019 Nonne
542 1966 744 2019 Petrus
762 1965 875 2031 ille,
909 1982 1077 2035 quem
1098 1967 1480 2036 apostolorum
1510 1966 1712 2038 princi-

124 2072 241 2125 pem
272 2054 442 2109 fuisse
474 2054 807 2126 praedicatis,
861 2071 1090 2109 uxorem
1137 2055 1398 2109 habuisse
1449 2055 1713 2111 scribitur

128 2146 262 2209 (Luc.
286 2148 359 2212 IV)
382 2145 406 2197 ?
437 2144 584 2209 Quid
606 2144 777 2214 igitur
804 2150 861 2198 te
886 2145 1133 2210 adduxit,
1156 2152 1219 2198 ut
1244 2162 1362 2199 rem
1387 2146 1711 2216 hujusmodi

126 2234 434 2305 spurcitiem
467 2234 780 2305 appellares
803 2235 826 2286 ?
850 2235 1187 2305 Magnoperc
1206 2251 1341 2288 sane
1368 2234 1506 2288 mihi
1528 2252 1561 2287 a
1579 2235 1711 2305 dog-

126 2330 328 2378 matum
356 2329 670 2378 vestrorum
705 2323 935 2378 veritate
965 2324 1228 2377 aberrare
1259 2324 1481 2379 videris.

190 2415 286 2470 Cui
313 2415 406 2470 ille
435 2415 728 2485 respondit
759 2434 771 2468 :
817 2412 905 2469 Ita
940 2414 1206 2485 profecto,
1241 2414 1461 2481 mulier,
1496 2415 1613 2468 haec
1650 2431 1709 2469 se

126 2504 335 2568 habent,
359 2505 835 2576 quemadmodum
855 2504 952 2559 abs
973 2510 1027 2558 te
1043 2504 1189 2558 dictu
1200 2521 1252 2558 n1
1271 2510 1372 2557 est.
1392 2504 1543 2558 Licet
1560 2505 1708 2559 enim

126 2594 452 2665 quibuslibet
480 2594 838 2649 matrimonio
861 2594 1129 2665 copulari,
1155 2593 1398 2664 exceptis
1427 2600 1616 2648 tamen
1641 2594 1709 2648 iis

129 2683 213 2753 qui
228 2683 601 2756 virginitatem
614 2685 837 2739 Christo
850 2700 909 2739 se
919 2684 1023 2738 mel
1041 2683 1415 2755 promiserint.
1426 2684 1539 2753 Ego
1558 2684 1708 2737 enim

126 2772 188 2826 ab
216 2789 277 2826 eo
307 2774 395 2829 die
414 2790 529 2846 quo
552 2791 650 2846 per
670 2773 840 2829 divini
870 2772 1132 2844 baptismi
1164 2773 1441 2826 lavacrum
1466 2774 1706 2843 ajuvcn-

125 2862 250 2918 tutis
268 2869 322 2918 et
348 2863 681 2936 ignorantiae
710 2880 849 2919 mea:
876 2863 1116 2935 peccatis
1146 2867 1417 2934 purgatus
1446 2879 1589 2927 sum,
1609 2880 1710 2934 pu-

126 2967 237 3006 rum
259 2953 536 3025 meipsum
554 2953 777 3009 Christo
796 2953 1056 3008 exhibere
1086 2952 1366 3023 pollicitus
1396 2968 1541 3006 sum.
1563 2952 1709 3016 Quo-

1795 1876 2039 1932 virorum
2065 1877 2206 1931 hosti
2214 1876 2549 1941 s,labantem
2566 1876 2744 1949 ipsius
2756 1877 3010 1931 animum
3023 1877 3392 1949 conspiciens,

1804 1984 1869 2021 ac
1897 1983 2118 2021 summa
2163 1966 2293 2021 inde
2323 1966 2517 2021 laetitia
2546 1967 2823 2038 perfusus,
2867 1966 3060 2021 statim
3100 1966 3396 2039 pestiferos

1794 2056 2023 2128 spiritus
2047 2056 2143 2128 qui
2174 2073 2285 2110 una
2311 2073 2438 2111 cum
2467 2057 2563 2111 illo
2585 2056 2823 2111 aderant
2849 2056 3119 2128 appellat:
3145 2056 3390 2127 Cernite,

1796 2145 2076 2216 inquiens,
2104 2162 2349 2217 quonam
2380 2150 2539 2217 pacto
2569 2146 2756 2217 puella
2785 2145 2865 2199 ita
2886 2162 2952 2199 ea
2982 2145 3249 2217 perﬁcere
3266 2162 3395 2201 con-

1794 2234 1990 2289 tendat
2010 2252 2134 2307 qua:
2154 2251 2188 2288 a
2206 2233 2366 2289 nobis
2390 2234 2577 2306 perﬁci
2598 2234 2986 2307 nequiverunt.
3004 2234 3167 2306 Agite
3196 2235 3389 2306 igitur,

1795 2325 1999 2377 acriter
2018 2340 2167 2378 nunc
2186 2323 2245 2377 in
2263 2341 2392 2378 eum
2413 2323 2685 2395 impetum
2699 2328 2761 2390 3
2776 2332 2809 2389 ι
2825 2329 2892 2390 θ
2905 2323 3248 2379 faciamus.N
3251 2341 3394 2397 eque

1794 2413 1945 2466 enim
1978 2413 2048 2467 ad
2079 2413 2409 2485 explendam
2426 2415 2548 2485 ejus
2574 2430 2605 2468 a
2630 2430 2739 2485 quo
2754 2413 2911 2467 missi
2931 2430 3125 2469 sumus
3145 2414 3394 2469 volunta-

1793 2506 1907 2556 tem
1935 2501 2085 2557 aliud
2118 2519 2274 2574 aeque
2301 2509 2679 2575 opportunum
2710 2508 2934 2574 tempus
2981 2503 3388 2559 nanciscemur.

1795 2592 1923 2646 Haec
1942 2608 2069 2645 cum
2087 2591 2393 2664 versipellis
2423 2592 2517 2646 ille
2536 2591 2607 2645 ad
2638 2592 2815 2646 socios
2834 2592 3080 2655 dixisset,
3104 2592 3165 2647 in
3183 2592 3392 2648 Christi

1793 2681 2030 2735 militem
2054 2681 2330 2746 insiliunt,
2374 2697 2570 2736 omnes
2598 2681 2771 2735 animi
2796 2681 2971 2752 ipsius
2992 2681 3138 2736 vires
3165 2686 3391 2754 pertur-

1790 2770 2008 2839 bantes,
2027 2777 2195 2843 atque
2227 2771 2567 2825 acerrimum
2595 2771 2795 2842 puellae
2824 2787 3076 2826 amorem
3096 2770 3276 2843 ipsius
3300 2788 3395 2844 pe~

1790 2862 1929 2916 ctori
2004 2861 2350 2927 inserentes,
2421 2860 3089 2933 vehementissimumque
3142 2860 3392 2917 libidinis

1790 2951 1979 3021 ignem
2009 2950 2068 3005 in
2096 2950 2217 3022 ipso
2244 2950 2682 3005 inﬂammantes.

125 3057 242 3095 nam
269 3042 438 3113 igitur
468 3044 635 3099 modo
673 3049 837 3115 pacta
865 3061 931 3097 ea
960 3060 1081 3115 quae
1112 3060 1239 3098 cum
1272 3043 1386 3097 Deo
1415 3042 1573 3098 sanxi
1597 3043 1707 3097 dis-
1725 3058 1769 3118 ο
1860 3041 1959 3095 llle
1989 3046 2181 3095 autem
2209 3057 2338 3095 cum
2365 3039 2613 3112 seipsum
2658 3040 3020 3096 vehementer
3058 3041 3168 3109 uri,
3219 3042 3391 3116 capti-

125 3129 319 3186 solvere
347 3138 520 3204 atque
552 3131 852 3204 infringere
881 3132 1132 3187 audebo?

187 3218 418 3276 Rursum
446 3227 641 3276 autem
670 3222 739 3276 ad
761 3238 889 3277 eum
913 3222 1115 3276 mulier
1135 3221 1220 3276 his
1250 3220 1430 3276 verbis
1460 3238 1562 3276 usa
1580 3228 1700 3277 est:

127 3307 201 3363 Sit
224 3326 354 3365 sane
384 3311 454 3367 de
483 3312 586 3366 hac
606 3328 668 3365 re
691 3317 754 3366 ut
782 3311 903 3383 ipse
924 3311 1025 3365 vis.
1058 3313 1130 3366 At
1160 3311 1419 3383 exiguam
1441 3312 1701 3381 alteram,

125 3412 181 3451 ac
208 3400 406 3456 nullius
435 3401 712 3457 momenti
730 3401 1093 3473 cupiditatem
1114 3418 1301 3456 meam
1323 3401 1499 3472 exple,
1515 3402 1561 3457 si
1583 3402 1705 3472 qui-

125 3485 237 3541 dem
260 3490 456 3545 animae
490 3508 629 3545 mete
658 3491 897 3546 salutem
924 3491 1123 3545 afferre
1142 3489 1242 3544 tibi
1273 3491 1426 3545 cordi
1450 3497 1554 3546 est.
1593 3492 1703 3546 llac

125 3576 377 3635 duntaxat
403 3587 568 3636 nocte
596 3597 818 3637 mecum
857 3598 975 3635 rem
1004 3580 1166 3647 habe,
1192 3588 1359 3652 atque
1380 3581 1534 3635 efﬁce
1564 3587 1629 3636 ut
1648 3588 1704 3637 et

125 3683 217 3737 ego
243 3675 337 3725 tua
361 3671 779 3743 pulchritudine
824 3673 998 3736 fruar,
1033 3689 1099 3725 ac
1138 3677 1199 3725 tu
1245 3688 1466 3725 rursum
1509 3672 1702 3727 formm

125 3771 246 3813 meae
273 3760 554 3832 elegantia
581 3761 878 3835 eXplearis.
913 3761 1072 3825 Quod
1117 3761 1165 3815 si
1214 3761 1429 3826 feceris,
1464 3761 1571 3816 hoc
1598 3760 1700 3816 tibi

124 3845 386 3917 polliceor,
417 3868 510 3906 me
524 3850 693 3906 simul
717 3855 885 3922 atque
901 3850 1019 3905 dies
1031 3850 1294 3910 illuxerit.
1320 3850 1701 3906 Christianam

124 3934 431 4006 religionem
452 3946 1040 4012 suscepturam,atque
1056 3956 1279 3994 omnem
1298 3941 1531 3995 deorum
1552 3957 1701 3995 meo-

124 4038 232 4096 rum
245 4028 449 4084 cultum
465 4030 600 4102 fuga
616 4030 937 4085 relicturam
954 4032 1285 4101 esse.Atque
1297 4029 1366 4084 ob
1382 4030 1476 4100 huj
1484 4030 1700 4086 usmodi

125 4116 417 4181 consilium,
451 4136 568 4175 non
595 4120 762 4175 modo
790 4119 1032 4185 veniam,
1067 4121 1165 4175 sed
1193 4120 1363 4175 etiam
1408 4119 1694 4185 beneﬁcia,

124 4202 301 4261 salutis
320 4224 457 4266 meae
488 4226 677 4273 causa,
700 4226 735 4264 a
759 4208 875 4263 Deo
896 4215 992 4264 tuo
1012 4209 1389 4281 consequeris.
1417 4210 1698 4264 Gaudium

1792 3147 2033 3202 vumque
2062 3130 2133 3184 ad
2162 3135 2453 3202 peccatum
2471 3128 2619 3183 trahi
2645 3130 3005 3203 perspiceret,
3035 3135 3206 3203 atque
3235 3132 3390 3203 cogi-

1788 3219 2031 3274 tationes
2060 3236 2211 3287 suas,
2242 3218 2440 3291 puella:
2477 3220 2715 3274 salutem
2754 3220 3287 3293 conversionemque
3316 3222 3391 3278 ad

1787 3309 1967 3364 Deum
1999 3309 2106 3381 ipsi
2135 3313 2531 3381 proponentes,
2556 3309 2834 3379 ﬂagitium
2854 3315 3125 3381 tanquam
3152 3310 3388 3367 hamum

1787 3417 1857 3472 qu
1866 3399 2091 3454 cmdam
2121 3416 2248 3454 esca
2263 3399 2560 3465 occultare,
2579 3398 2866 3470 hostisque
2884 3398 3155 3454 instinctu
3177 3400 3281 3455 sibi
3293 3417 3388 3456 ne-

1783 3489 1998 3560 gotium
2027 3488 2320 3554 facessere,
2339 3488 2570 3562 perinde
2591 3488 2845 3543 videlicet
2873 3505 2937 3543 ac
2956 3488 3137 3544 scelus
3156 3489 3386 3546 minime

1790 3584 1955 3644 esset,
1980 3579 2267 3634 servanda:
2277 3578 2479 3633 animae
2498 3595 2668 3633 causa
2680 3594 2809 3633 cum
2825 3579 3061 3634 muliere
3072 3581 3247 3635 semel
3263 3598 3385 3637 rem

1786 3668 2010 3735 habere,
2044 3668 2103 3723 in
2148 3667 2472 3739 hujusmodi
2509 3667 2684 3722 animi
2724 3667 3006 3724 anxietate
3051 3669 3385 3744 consiliique

1785 3758 2019 3831 penuria
2039 3757 2152 3812 alto
2171 3764 2394 3830 pectore
2419 3757 2808 3828 ingemiscens,
2829 3757 3075 3831 seipsum
3105 3758 3297 3814 statim
3309 3759 3381 3816 ad

1783 3848 2095 3902 orationem
2126 3847 2361 3913 confert,
2402 3852 2574 3918 atque
2603 3845 2803 3903 uberes
2835 3848 3214 3920 lacrymarum
3233 3850 3381 3905 rivos

1783 3955 1849 3992 ex
1873 3937 2045 3992 oculis
2076 3936 2437 4010 profundens,
2461 3936 2532 3991 ad
2565 3952 2693 3991 eum
2717 3936 2813 4009 qui
2836 3937 3074 3993 salutem
3103 3936 3171 3992 iis
3202 3938 3297 4010 qui
3321 3938 3382 3994 in

1783 4027 1902 4098 ipso
1924 4027 2214 4083 conﬁdunt
2227 4028 2427 4082 afl‘erre
2438 4030 2623 4100 potest
2634 4025 2913 4081 clamabat
2929 4046 2940 4081 :
2958 4028 3025 4083 In
3036 4027 3375 4098 te,Domine,

1783 4117 2020 4189 speravi,
2048 4134 2161 4172 non
2180 4117 2491 4173 confundar
2511 4118 2570 4173 in
2590 4123 2863 4173 :eternum
2886 4120 3051 4187 (Psal.
3083 4120 3205 4186 xxx)
3228 4136 3242 4185 ;
3277 4135 3381 4174 ne-

1783 4224 1889 4279 que
1911 4206 2510 4263 irrideantmcinimici
2524 4207 2652 4275 mei,
2668 4207 2874 4263 dextra:
2895 4212 3007 4263 tuae
3029 4207 3336 4265 haerentem
3360 4227 3373 4277 ;

123 4292 274 4361 enim,
304 4296 489 4371 inquit
518 4299 807 4371 Scriptura
834 4305 951 4364 tua,
997 4305 1082 4354 est
1110 4300 1168 4354 in
1211 4300 1349 4354 coelo
1387 4316 1555 4371 super
1584 4316 1695 4354 uno
1780 4314 1970 4352 verum
1989 4297 2094 4352 hac
2108 4297 2247 4352 hom
2258 4315 2359 4371 pro
2374 4302 2468 4352 tua
2488 4297 2774 4353 voluntate
2795 4297 3378 4362 mihiasta,viasmeas

122 4390 385 4449 peccatore
405 4389 794 4461 penitentiam
813 4395 1015 4459 agente
1041 4393 1208 4458 (Luce
1226 4392 1364 4455 xIx).
1388 4389 1532 4443 Nam
1550 4389 1595 4443 si
1625 4387 1695 4443 ob
1778 4387 2050 4457 dirigens,
2068 4392 2133 4443 ut
2145 4393 2400 4443 sanctum
2415 4392 2578 4443 tuum
2599 4393 2656 4443 et
2672 4387 2979 4459 gloriosum
3002 4404 3065 4443 ac
3075 4387 3379 4444 formidan-

120 4471 355 4532 scelerati
383 4479 628 4534 hominis
655 4478 1305 4551 resipisccntiamlzetltia
1320 4478 1377 4532 in
1394 4479 1531 4533 cmlo
1553 4468 1755 4533 cxci-D
1777 4477 1913 4532 dum
1943 4494 2149 4535 nomen
2185 4477 2243 4531 in
2275 4494 2365 4533 me
2395 4476 2607 4532 famulo
2632 4481 2730 4532 tuo
2759 4476 3093 4546 illustretur,
3108 4477 3375 4551 quoniam

120 4561 273 4627 tatur,
306 4569 451 4637 quod
481 4568 669 4624 aﬁerri
700 4574 885 4641 potest
912 4567 1047 4641 quin
1078 4569 1245 4639 hujus
1294 4568 1693 4640 resipiscentia:

119 4654 314 4708 auctori
341 4673 609 4731 magnum
637 4659 930 4731 praemium
953 4658 1223 4714 debeatur
1244 4658 1267 4711 ἲ

181 4739 260 4796 Ita
284 4753 430 4803 certe
454 4766 545 4804 res
560 4766 620 4804 se
639 4747 825 4805 habet.
847 4765 948 4802 nec
968 4753 1053 4803 est
1067 4748 1210 4819 quod
1227 4747 1468 4803 dubites.
1504 4748 1649 4814 Quid
1674 4748 1694 4801 ἶ

119 4825 195 4882 An
220 4846 325 4887 non
368 4838 606 4909 apostoli
662 4855 885 4910 quoque
929 4837 1216 4908 religionis
1262 4842 1457 4892 vestrm
1502 4837 1690 4904 duces,

120 4920 388 4989 Complura
415 4933 567 4982 certo
610 4927 841 4982 consilio
883 4926 1179 4993 faciebant,
1212 4926 1463 4981 divinum
1495 4944 1694 4997 praece-

121 5008 264 5070 Ptum
285 5015 512 5085 majoris
525 5016 786 5089 praecepti
806 5033 974 5071 causa
997 5017 1281 5071 interdum
1298 5016 1693 5071 violanteslAn

120 5106 217 5149 non
229 5097 428 5159 Paulus
441 5106 816 5172 Timotheum,
841 5106 1247 5178 praestantioris
1268 5105 1484 5161 consilii
1503 5121 1690 5175 causa,

122 5179 512 5250 circumcidisse
551 5195 758 5252 dicitur
791 5198 923 5265 (Act.
948 5199 1090 5264 va);
1140 5196 1298 5267 atqui
1345 5194 1692 5251 circumcisio

123 5274 253 5359 apud
272 5278 615 5342 Christianos
634 5286 694 5342 in
716 5286 949 5343 crimine
964 5292 1247 5359 censetur;
1267 5302 1369 5342 nec
1390 5292 1580 5342 tamen
1600 5285 1693 5342 ille

122 5355 213 5453 lloc
233 5364 407 5426 facere
435 5374 725 5432 dubitavit.
746 5378 933 5449 Atque
949 5355 1391 5448 aliahujusmodi
1415 5375 1696 5449 permulta

123 5452 172 5502 ιη
198 5452 488 5529 Scripturis
517 5466 631 5521 tuis
649 5467 915 5540 reperies.
940 5466 1231 5532 Quocirca,
1255 5466 1302 5520 si
1324 5466 1469 5522 serio
1491 5465 1694 5537 animae

126 5548 247 5640 Πξεξξξῦ
266 5548 499 5611 salutem
525 5556 726 5614 afferre
744 5557 920 5631 cupis,
943 5556 1200 5627 exiguam
1222 5557 1365 5611 hanc
1387 5572 1569 5611 meam
1603 5572 1693 5611 cu-

125 5627 395 5703 Ρίάἱιεωω
415 5646 605 5719 exple;
645 5651 702 5709 et
730 5627 853 5720 ego,
877 5662 1200 5721 quanquam
1220 5645 1430 5719 alioqui
1451 5645 1694 5718 perfecto

1777 4565 2102 4622 benedictus
2133 4583 2191 4621 es
2218 4566 2277 4623 in
2307 4566 2530 4622 saecula.
2560 4567 2741 4622 Amen
2770 4568 2933 4634 (Psal.
2966 4568 3128 4630 xxiv).

1848 4657 1987 4711 Cum
2009 4661 2198 4713 autem
2220 4672 2321 4728 per
2337 4655 2553 4729 aliquot
2573 4656 2739 4712 horas
2760 4672 2888 4711 cum
2907 4655 3169 4729 lacrymis
3181 4673 3375 4729 preces

1776 4744 2030 4812 fudisset,
2059 4761 2356 4816 genuaque
2386 4762 2634 4818 persaepe
2681 4745 2944 4814 ﬂexisset,
2978 4746 3036 4802 in
3071 4752 3283 4805 terram
3315 4765 3377 4813 se

1776 4835 2098 4907 prostravit,
2114 4835 2456 4907 paulumque
2477 4834 2896 4892 obdormiscens
2912 4837 3159 4910 seipsum
3184 4854 3219 4894 a
3249 4838 3375 4913 qui-

1776 4923 2013 4979 busdam
2042 4924 2337 4981 horrendis
2366 4924 2499 4980 viris
2536 4925 2709 5000 arripi
2738 4926 2907 4995 videt,
2940 4928 3375 5003 regionibusque

1778 5013 2134 5086 quibusdam,
2166 5031 2304 5085 quas
2354 5031 2645 5087 nunquam
2682 5016 2917 5085 viderat,
2949 5019 3281 5091 peragratis,
3314 5019 3374 5076 in

1777 5103 2185 5175 amplissimum
2204 5120 2465 5178 campum
2481 5105 2729 5187 perduci,
2760 5107 3011 5179 pulchris
3041 5107 3271 5163 ﬂoribus
3291 5113 3374 5164 at-

1778 5212 1884 5267 que
1905 5194 2120 5266 ingenti
2141 5192 2415 5251 suavitate
2431 5195 2750 5267 praeditum,
2762 5196 2858 5251 ubi
2880 5202 2938 5251 et
2955 5197 3175 5269 plantas
3190 5196 3374 5254 omnis

1773 5284 1998 5356 generis
2010 5282 2579 5353 cernebat,inusitatis
2600 5285 2935 5358 quibusdam
2956 5291 3013 5342 et
3026 5286 3374 5344 admirandis

1775 5373 2069 5440 fructibus,
2100 5380 2221 5431 tum
2251 5374 2351 5429 visi
2366 5370 2811 5447 jucundissimis',
2829 5380 2954 5430 tum
2970 5382 3235 5449 perceptu
3250 5393 3377 5433 sua-

1775 5464 2017 5521 vissimis
2033 5465 2431 5521 redundantes.
2462 5464 2743 5521 Arborum
2760 5482 2927 5538 porro
2942 5465 3076 5522 folia
3090 5466 3376 5524 extenuis-

1777 5555 1921 5612 sima
1944 5556 2184 5629 quadam
2212 5573 2354 5613 aura
2382 5555 2605 5612 dulcem
2634 5572 2834 5612 sonum
2865 5554 3121 5623 edebant,
3143 5572 3211 5613 ac
3240 5555 3375 5614 dum

1776 5645 2617 5720 impellerentur,inexplebilem
2633 5645 2820 5703 odoris
2832 5646 3201 5721 fragrantiam
3217 5648 3376 5705 emitr
