3868 6378
432 349 535 406 567
1455 351 1548 406 DE
1571 351 1762 408 VITIS
1800 348 2095 409 PATRUM
2133 347 2346 404 LIBER
2381 345 2670 402 PRIMUS.
3605 343 3708 402 568

438 476 652 532 tebant.
687 477 831 544 Quin
862 477 1030 534 etiam
1057 477 1217 532 sedes
1245 478 1360 532 illic
1379 478 1500 532 sitae
1519 484 1696 545 erant,
1711 496 1847 534 auro
1863 478 2090 550 atqueA
2114 474 2289 530 Israel
2315 474 2464 528 Deus
2491 472 2580 528 his
2612 472 2708 544 qui
2731 475 2884 527 recte
2911 477 3045 526 sunt
3061 471 3245 538 corde,
3275 472 3375 543 qui
3405 471 3579 526 etiam
3605 471 3710 524 eri-

439 557 684 638 i-ngentis
724 568 884 640 pretii
915 567 1190 640 lapidibus
1227 573 1472 634 structae,
1522 569 1863 624 luculentum
1895 585 2029 624 sane
2114 563 2239 636 puit
2266 563 2644 618 humilitatem
2673 579 2854 616 meam
2883 562 2952 616 de
2981 566 3153 626 3!:
3173 560 3358 616 medio
3388 561 3706 615 catulorum

438 657 791 726 splendorem
823 658 1150 722 afferentes;
1176 658 1418 728 lectique
1439 657 1570 712 item
1592 658 2029 723 illustres,miris
2113 655 2358 714 leonum,
2389 651 2629 707 dormivi
2657 651 3021 707 conturbatus
3050 652 3158 718 (Ps.
3195 653 3340 718 LxxI)
3359 695 3372 708 .
3431 650 3546 704 Sed
3577 649 3709 702 visi-

437 744 769 817 quibusdam
787 747 1069 817 stragulis,
1093 755 1260 816 atque
1276 747 1552 817 elegantia
1572 764 1794 802 omnem
1825 748 2030 802 oratio-
2111 742 2254 798 tavit
2296 757 2386 796 me
2414 741 2562 796 Deus
2609 741 2852 795 salvator
2883 757 3060 805 meus,
3111 739 3365 811 mihique
3397 739 3632 811 quantis
3672 739 3710 791 ii

429 833 516 888 nis
546 833 866 889 facultatem
891 841 1192 906 superante
1213 835 1480 890 coornati.
1499 837 1582 890 Ad
1597 837 1710 890 haec
1726 853 1884 908 aqua;
1906 853 2030 909 pro—
2116 833 2212 904 qui
2243 848 2370 886 eum
2431 831 2499 885 ad
2534 831 2882 887 iracundiam
2914 837 3216 902 provocant
3243 829 3407 883 bonis
3438 845 3564 882 sese
3597 827 3713 899 pri-

435 921 686 976 fluebant
714 940 986 994 perquam
1039 923 1303 995 limpidw,
1348 925 1648 996 oculosque
1689 925 1839 997 ipsos
1882 925 2029 980 oble-
2111 927 2262 980 vent.
2289 920 2625 992 quantisque
2647 936 2869 974 rursum
2891 919 3186 973 tormentis
3208 918 3478 972 obnoxios
3509 935 3570 971 se
3590 917 3716 970 red-

431 1013 812 1068 ctantes.Tum
830 1020 1016 1068 autem
1033 1030 1131 1084 per
1145 1013 1429 1084 ingentem
1442 1019 1612 1084 atque
1631 1014 2027 1069 admirandum

430 1100 582 1176 hunc
633 1119 896 1174 campum
947 1103 1213 1157 horrendi
1263 1103 1344 1156 illi
1400 1102 1507 1156 viri
1558 1120 1686 1157 eum
1731 1103 1788 1158 in
1828 1104 2026 1158 urbem

433 1191 736 1266 quamdam
766 1191 1216 1257 introduxerunt,
1250 1189 1611 1246 inenarrabili
1631 1191 1927 1263 splendore
1939 1209 2028 1247 ru-

434 1279 712 1343 tilantem,
745 1297 810 1334 ex
839 1281 1114 1351 pellucido
1141 1281 1366 1351 quidem
1381 1297 1520 1334 auro
1549 1297 1757 1345 muros,
1783 1299 1852 1335 ex
1882 1282 2026 1354 lapi-

429 1365 593 1420 dibus
623 1373 812 1421 autem
842 1385 876 1422 a
904 1369 1129 1422 nemine
1155 1385 1403 1440 unquam
1430 1369 1561 1422 visis
1590 1369 1790 1440 pinnas
1814 1387 1877 1424 ac
1896 1387 2026 1442 pro-

431 1457 752 1527 pugnacula
780 1462 1060 1511 exstructa
1085 1457 1404 1511 habentem.
1430 1459 1499 1512 Et
1521 1459 1646 1529 quis
1675 1459 1902 1513 tandem
1943 1465 2028 1514 est

434 1544 530 1617 qui
560 1543 716 1599 urbis
745 1545 892 1599 illius
923 1546 1392 1618 pulchritudinem
1424 1563 1488 1601 ac
1528 1547 1877 1618 splendorem
1906 1565 2025 1602 ser-

435 1649 604 1688 mone
633 1634 894 1705 consequi
937 1635 1145 1706 possit?
1192 1637 1309 1690 Lux
1359 1653 1526 1708 porro
1571 1653 1813 1707 superne
1845 1637 2026 1713 radiis

2107 1012 2244 1064 dant
2271 1009 2691 1064 demonstravit.

2179 1103 2252 1155 At
2267 1117 2432 1164 nunc,
2456 1116 2488 1153 ο
2503 1104 2680 1170 pater,
2695 1098 2959 1170 quoniam
2979 1103 3040 1152 tu
3055 1115 3220 1153 aures
3238 1103 3366 1152 tuas
3401 1096 3707 1162 occlusisti,

2108 1206 2178 1244 ne
2201 1205 2391 1242 vocem
2428 1205 2612 1242 meam
2641 1188 2785 1242 bona
2814 1193 2983 1258 atque
3019 1187 3182 1242 utilia
3222 1186 3324 1241 tibi
3354 1185 3706 1241 occinentem

2110 1279 2353 1344 audires,
2387 1295 2457 1332 ne
2482 1294 2571 1332 me
2609 1279 2808 1332 saltem
2832 1294 2942 1349 quo
2973 1277 3158 1331 minus
3185 1282 3397 1331 rectam
3429 1275 3580 1328 viam
3613 1291 3707 1328 ca-

2110 1384 2330 1440 pessam
2367 1367 2640 1438 impedias
2703 1368 2818 1420 Hoc
2847 1366 2994 1420 enim
3023 1366 3206 1437 cupio,
3237 1365 3341 1419 hoc
3379 1370 3605 1435 expeto,
3639 1371 3704 1417 ut

2109 1457 2369 1511 omnibus
2398 1456 2564 1510 rebus
2586 1455 2873 1516 liberatus,
2917 1456 2985 1508 ad
3019 1473 3086 1510 ea
3104 1455 3223 1508 loca
3252 1453 3614 1509 contendam.
3650 1453 3705 1506 in

2110 1547 2313 1618 quibus
2339 1547 2596 1600 Barlaam
2630 1546 2836 1600 Christi
2861 1544 3102 1599 famulus
3119 1544 3354 1609 habitat,
3392 1560 3456 1597 ac
3473 1560 3606 1596 cum
3641 1559 3705 1596 eo

2111 1635 2258 1707 quod
2288 1635 2425 1689 mihi
2447 1635 2721 1706 reliquum
2749 1641 2833 1689 est
2858 1635 2984 1688 vitae
3011 1634 3321 1688 conficiam.
3347 1633 3510 1696 Quod
3535 1632 3582 1685 si
3621 1647 3710 1684 me

433 1721 739 1777 identidem
761 1724 1377 1796 micans,omnesipsius
1400 1725 1544 1779 vicos
1564 1725 2027 1796 implebat,atque
2049 1785 2093 1796 __
2116 1742 2218 1795 per
2247 1725 2355 1778 vim
2387 1725 2630 1778 retinere
2658 1723 2714 1777 in
2749 1723 3000 1778 animum
3045 1721 3351 1784 induxeris,
3385 1737 3556 1792 quam
3590 1719 3714 1790 pri-

433 1811 568 1866 alati
599 1812 824 1883 quidam
846 1813 1118 1867 exercitus
1142 1813 1308 1867 lucidi
1339 1831 1532 1868 omnes
1563 1814 1621 1868 in
1642 1831 1708 1868 ea
1738 1785 2096 1869 moraban-B
2115 1830 2268 1868 mum
2296 1830 2386 1867 me
2419 1829 2658 1866 mmrore
2703 1829 2767 1866 ac
2793 1812 2961 1866 taedio
2998 1811 3329 1865 exstinctum
3361 1808 3599 1862 videbis.
3635 1809 3712 1860 Ita

429 1902 599 1971 tur,ej
611 1902 1062 1956 usmodicantum
1076 1903 1496 1974 cdentes,quem
1516 1921 1803 1976 nunquam
1818 1910 2024 1958 morta-

430 1989 500 2044 lis
513 1990 665 2044 auris
687 1991 917 2045 audivit.
933 1992 1538 2062 Vocemquedicentem
1555 1994 1735 2048 audiit
1752 2012 1762 2046 :
1779 1994 1909 2047 Haec
1936 2010 2025 2048 eo-

427 2094 555 2134 rum
587 2079 681 2150 qui
705 2080 985 2150 justitiam
1017 2081 1294 2135 coluerint
1321 2087 1409 2136 est
1432 2082 1673 2152 requies,
1707 2082 1812 2136 hoc
1837 2099 2028 2137 eorum

430 2169 525 2240 qui
573 2169 809 2223 Domino
857 2187 969 2224 suae
1012 2171 1138 2224 vitae
1179 2171 1426 2224 ratio"es
1462 2169 1754 2242 probarint
1795 2171 2034 2225 oblecta-

429 2263 705 2312 mentum.
727 2259 884 2312 Hunc
905 2266 1092 2314 autem
1120 2277 1184 2313 ex
1207 2261 1300 2313 illo
1321 2261 1440 2313 loco
1464 2260 1728 2314 eductum
1751 2260 2032 2314 terribiles

428 2345 511 2401 illi
542 2347 644 2402 viri
666 2353 973 2402 retrorsum
1001 2349 1204 2403 ducere
1231 2349 1370 2402 velle
1400 2348 1677 2403 dicebant.
1705 2353 1777 2402 At
1801 2349 1920 2420 ipse
1942 2350 2033 2420 ju-

431 2436 718 2491 cunditate
733 2437 828 2492 illa
840 2438 1145 2509 laetitiaque
1157 2437 1332 2491 animi
1351 2437 1579 2492 omnino
1593 2444 1804 2510 raptus:
1824 2439 1905 2493 Ne
1919 2455 2028 2505 me,

433 2541 641 2596 quarso,
684 2526 992 2598 inquiebat,
1035 2544 1104 2581 ne
1146 2544 1234 2581 me
1267 2527 1497 2598 inquam
1527 2528 1633 2582 hac
1662 2527 1873 2585 laetitia,
1909 2544 2030 2598 qua:

433 2614 604 2668 nullis
638 2614 820 2668 verbis
865 2615 1098 2686 exprimi
1133 2622 1334 2688 potest,
1387 2616 1628 2687 private;
1689 2632 1882 2670 verum
1927 2616 2031 2669 hoc

433 2702 578 2757 mihi
605 2703 908 2768 concedite,
944 2709 1009 2758 ut
1032 2704 1089 2758 in
1121 2721 1234 2758 uno
1255 2705 1614 2776 amplissimae
1635 2705 1868 2776 hujusce
1898 2703 2030 2758 civi-

431 2792 570 2848 tatis
593 2793 800 2862 angulo
831 2793 1052 2863 degam.
1086 2793 1174 2848 Illi
1207 2799 1395 2848 autem
1418 2793 1488 2847 ad
1510 2794 1660 2848 hunc
1689 2795 1917 2848 modum
1939 2809 2028 2848 re-

439 2880 793 2953 spondebant
824 2900 835 2934 :
871 2882 1015 2936 Fieri
1040 2899 1188 2936 nunc
1230 2882 1462 2936 minime
1489 2889 1676 2954 potest
1703 2887 1767 2938 ut
1786 2883 1874 2938 hic
1904 2883 1978 2937 sis
2012 2900 2023 2935 :

435 2969 544 3025 hoc
591 2976 781 3025 autem
811 2971 1005 3026 multis
1051 2971 1332 3026 laboribus
1381 2988 1445 3027 ac
1483 2972 1778 3027 sudoribus
1803 2973 2030 3028 tandem

435 3059 814 3130 consequeris,
849 3060 895 3114 si
927 3061 1154 3132 quidem
1179 3060 1280 3115 tibi
1312 3061 1416 3133 ipsi
1447 3061 1556 3115 vim
1585 3061 1860 3116 intuleris.

2107 1903 2204 1957 ﬁet
2233 1907 2296 1957 ut
2323 1918 2423 1956 nec
2454 1907 2516 1956 tu
2557 1906 2720 1972 pater
2747 1903 2866 1972 jam
2905 1899 3223 1972 appelleris,
3256 1916 3358 1952 nec
3405 1914 3496 1952 me
3527 1896 3710 1950 tilium

2107 1991 2402 2046 habiturus
2433 1991 2527 2044 sis.

2186 2082 2316 2136 Car.
2339 2080 2536 2134 XXXI.
2569 2109 2634 2120 —
2657 2079 2900 2134 Rursum
2929 2078 3102 2149 igitur
3129 2078 3327 2148 ingens
3343 2093 3537 2148 regem
3575 2092 3714 2130 mce-

2114 2171 2748 2237 stitiainvasit,rursum
2775 2186 2995 2223 omnem
3018 2169 3140 2223 vita:
3155 2186 3268 2222 suae
3293 2185 3450 2239 spem
3471 2169 3714 2237 despon-

2114 2260 2247 2313 dere
2271 2259 2437 2332 cmpit
2462 2278 2474 2326 ;
2501 2265 2668 2329 atque
2697 2258 2894 2312 acerba
2926 2275 3112 2312 secum
3143 2259 3332 2312 animo
3377 2257 3624 2326 agitans,
3655 2256 3713 2309 in

2114 2350 2385 2422 palatium
2416 2366 2580 2404 suum
2617 2348 2771 2402 abiit.
2805 2350 2878 2402 At
2910 2365 3040 2402 vero
3069 2347 3310 2419 improbi
3339 2347 3420 2400 illi
3447 2346 3709 2416 spiritus,

2114 2439 2210 2509 qui
2239 2439 2504 2492 adversus
2530 2438 2777 2492 divinum
2807 2439 3072 2508 juvenem
3104 2454 3139 2491 a
3159 2436 3390 2492 Theuda
3412 2435 3568 2489 missi
3595 2436 3714 2488 fue-

2113 2533 2260 2593 rant,
2293 2527 2362 2580 ad
2383 2544 2510 2581 eum
2535 2527 2746 2597 pudore
2767 2526 2964 2580 suﬂusi
2978 2527 3232 2590 redeunt,
3253 2531 3423 2596 atque
3453 2525 3712 2596 quamvis

2113 2616 2320 2687 alioqui
2340 2616 2629 2669 mendacio
2655 2616 2958 2686 gaudeant.
2976 2622 3258 2686 acceptam
3277 2620 3469 2668 tamen
3491 2613 3712 2667 cladem

2112 2709 2467 2760 confitentur.
2494 2704 2710 2776 Quippe
2736 2705 3030 2776 perspicua
3050 2704 3224 2758 cladis
3253 2703 3415 2774 signa
3437 2703 3498 2757 in
3528 2703 3678 2756 scele
3701 2737 3707 2741 -

2113 2801 2234 2849 rato
2261 2811 2362 2849 suo
2391 2795 2548 2850 vultu
2574 2793 2863 2864 gerebant.
2881 2794 2980 2848 Ille
3009 2799 3197 2848 autem
3223 2811 3234 2846 :
3262 2794 3450 2864 Usque
3470 2793 3707 2854 adeone,

2110 2884 2314 2956 inquit,
2344 2883 2648 2938 imbecilles
2677 2899 2742 2938 ac
2771 2883 2958 2937 miseri
2996 2883 3149 2948 estis,
3199 2888 3262 2937 ut
3297 2883 3710 2936 adolescentem

2114 2990 2289 3028 unum
2303 2974 2521 3028 vincere
2543 2972 2772 3026 minime
2794 2973 3088 3044 potueritis
3107 2971 3300 3026 ?Tunc
3315 2971 3557 3042 improbi
3589 2972 3708 3042 spi—

2115 3063 2258 3118 ritus
2285 3063 2492 3118 virtute
2513 3062 2700 3117 divina
2718 3062 3037 3129 excruciati,
3067 3062 3359 3116 veritatem
3383 3061 3544 3115 inviti
3559 3061 3618 3116 in
3635 3062 3714 3116 lu-

508 3149 626 3204 Hoc
653 3167 911 3205 sermone
927 3149 1136 3214 habito,
1163 3167 1226 3204 ac
1247 3151 1488 3206 maximo
1511 3151 1606 3206 illo
1630 3168 1826 3223 campo
1841 3143 2094 3207 rursusC
2116 3169 2236 3208 cem
2261 3154 2633 3224 protulerunt,
2667 3154 2756 3208 his
2778 3153 2959 3207 verbis
2989 3157 3243 3207 utentes:
3277 3151 3488 3206 Christi
3512 3159 3712 3223 poten-

432 3245 890 3311 peragrato,eum
910 3239 967 3294 in
988 3239 1287 3294 tenebrosa
1307 3241 1448 3307 loca,
1467 3241 1760 3313 omnisque
1778 3242 2032 3297 mmroris

434 3329 618 3400 plena,
661 3333 831 3400 atque
875 3345 1002 3384 cum
1033 3347 1097 3383 eo
1126 3330 1441 3400 splendore,
1492 3347 1658 3402 quem
1704 3331 1862 3402 prius
1898 3348 2033 3386 con-

434 3423 710 3488 spexerat,
732 3435 794 3473 ac
807 3418 1004 3473 laetitia
1033 3418 1130 3473 illa
1159 3436 1189 3472 e
1219 3419 1494 3474 diametro
1520 3421 2034 3490 pugnantia,duxe-

433 3511 588 3561 runt.
619 3506 839 3561 Etenim
872 3507 1109 3562 obscura
1146 3525 1376 3580 prorsus
1423 3523 1487 3562 ac
1523 3508 1824 3564 tenebrosa
1851 3510 2032 3580 caligo

435 3601 578 3662 erat,
613 3600 783 3667 atque
811 3595 1114 3652 afﬂictione
1147 3613 1211 3652 ac
1240 3597 1489 3652 tumultu
1538 3601 1692 3652 totus
1740 3598 1833 3652 ille
1880 3599 2034 3653 locus

432 3685 805 3741 redundabat.
839 3685 958 3741 Illic
987 3686 1135 3757 ignis
1161 3686 1354 3742 fornax
1384 3686 1810 3754 accendebatur,
1843 3693 1900 3743 et
1918 3705 2036 3743 car-

434 3775 664 3831 niﬁcum
691 3776 966 3830 vermium
995 3792 1174 3847 genus
1195 3775 1474 3848 serpebat,
1500 3777 1843 3848 ultricesque
1863 3777 2036 3833 virtu-

436 3868 524 3919 tes
545 3865 756 3920 fornaci
777 3864 1164 3920 imminebant.
1182 3867 1262 3920 Ac
1277 3865 1530 3921 nonnulli
1544 3865 1809 3921 miserum
1831 3883 1890 3922 1n
1913 3883 2034 3922 mo-

439 3953 575 4009 dum
605 3953 721 4024 igni
749 3954 1193 4025 conﬂagrabant,
1207 3972 1420 4026 voxque
1431 3955 1755 4025 hujusmodi
1776 3956 2037 4010 audieba-

437 4047 538 4098 tur
560 4043 693 4097 :Hic
717 4043 1115 4098 sceleratorum
1136 4045 1290 4098 locus
1311 4049 1414 4105 est,
1429 4043 1519 4098 hic
1539 4059 1732 4099 eorum
1757 4045 2036 4100 cruciatus

440 4131 538 4202 qui
567 4129 729 4184 tardis
743 4131 970 4201 ﬂagitiis
985 4131 1196 4202 seipsos
1215 4132 1828 4188 eontaminarunt.Post
1847 4141 2036 4189 autem

443 4219 514 4275 ab
540 4220 628 4274 his
658 4219 754 4291 qui
785 4236 916 4274 eum
944 4219 1076 4274 illuc
1107 4220 1551 4287 introduxerant,
1580 4237 1647 4277 ex
1676 4239 1741 4276 eo
1768 4223 1888 4278 loco
1907 4225 2039 4279 edu-

443 4313 567 4365 ctus
597 4314 700 4364 est.
737 4308 1053 4380 Statimque
1083 4309 1153 4364 ad
1201 4325 1323 4364 sese
1364 4310 1606 4376 rediens,
1647 4316 1766 4366 toto
1807 4328 2038 4384 corpore

442 4399 928 4466 contremiscebat,
957 4399 1328 4472 lacrymaeque
1350 4400 1646 4455 ﬂuminum
1670 4401 1850 4456 instar
1863 4419 1928 4458 ex
1949 4403 2035 4476 ip-

2112 3243 2204 3297 tiaa
2226 3259 2290 3296 ac
2312 3243 2588 3313 passionis
2606 3243 2779 3314 ipsius
2794 3241 3129 3313 signo,quod
3144 3242 3378 3297 Crucem
3399 3242 3708 3312 appellant,

2114 3349 2185 3387 ne
2210 3332 2494 3387 tantillum
2525 3332 2748 3404 quidem
2781 3331 3052 3386 obluctari
3079 3331 3551 3404 possumus.Nam
3578 3349 3704 3386 cum

2115 3438 2183 3476 ea
2227 3421 2528 3492 eﬂingitur,
2578 3421 2768 3475 statim
2811 3425 3088 3492 quotquot
3157 3419 3302 3474 aeris
3339 3419 3623 3492 principes
3651 3438 3712 3474 ac

2115 3510 2309 3564 mundi
2327 3509 2938 3564 rectorestenebrarum
2956 3509 3372 3580 sumus(Ephes.
3407 3514 3500 3574 v1),
3529 3526 3702 3580 quam

2115 3599 2404 3654 celerrime
2424 3598 2688 3670 fugimus.
2711 3615 2775 3653 ac
2808 3597 2963 3670 prius
2986 3598 3154 3652 etiam
3175 3613 3342 3668 quam
3365 3614 3432 3651 ea
3451 3599 3622 3668 plane
3645 3615 3707 3652 ac

2116 3689 2358 3760 perfecte
2380 3705 2640 3760 expressa
2654 3688 2746 3754 sit,
2785 3685 3582 3759 propulsamur.Quamobrem
3611 3704 3711 3742 nos

2116 3777 2344 3847 quidem
2365 3777 2421 3830 in
2444 3777 2590 3831 hunc
2601 3775 2862 3846 juvenem
2887 3775 3100 3847 impetu
3121 3776 3286 3839 facto,
3313 3775 3561 3846 graviter
3580 3793 3710 3831 eum

2115 3865 2593 3938 perturbavimus;
2612 3882 2802 3920 verum
2826 3865 2918 3920 ille
2939 3881 3065 3919 cum
3087 3865 3294 3920 Christi
3327 3881 3490 3936 opem
3514 3865 3711 3938 implo-

2118 3961 2316 4021 rasset,
2333 3972 2396 4009 ac
2418 3955 2597 4009 crucis
2617 3955 2778 4026 signo
2798 3954 3042 4026 seipsum
3066 3954 3413 4020 munivisset,
3439 3971 3541 4008 nos
3566 3954 3710 4009 irato

2116 4044 2304 4100 animo
2324 4044 2589 4116 propulit,
2619 4050 2789 4116 atque
2836 4043 3222 4099 firmissimum
3253 4043 3358 4099 sibi
3390 4043 3710 4114 praesidium

2117 4134 2483 4206 comparavit.
2526 4137 2605 4188 Ac
2640 4133 2872 4205 proinde
2898 4134 3053 4188 nulla
3081 4133 3413 4205 interposita
3439 4150 3600 4188 mora
3624 4135 3709 4189 in-

2119 4228 2494 4279 strumentum
2547 4223 2687 4278 illud
2728 4223 3090 4294 arripuimus,
3138 4224 3298 4294 cujus
3333 4239 3508 4294 Opera
3539 4223 3709 4278 etiam

2119 4313 2378 4386 princeps
2407 4317 2600 4368 noster
2637 4312 2883 4384 primum
2933 4311 3217 4367 hominem
3257 4329 3561 4383 aggressus
3605 4320 3708 4374 est,

2119 4419 2360 4474 eumque
2386 4402 2650 4475 potestati
2681 4419 2794 4457 suae
2817 4400 3072 4472 subjecit.
3098 4401 3166 4456 Et
3194 4401 3419 4472 quidem
3461 4402 3710 4473 profecto

440 4492 560 4546 sius
597 4490 772 4545 oculis
798 4488 1081 4556 ﬂuebant;
1139 4495 1310 4560 atque
1354 4489 1535 4544 omnis
1562 4491 1857 4563 impudicae
1881 4493 2030 4548 illius
2051 4508 2101 4568 ι)
2122 4509 2223 4547 nos
2235 4509 2456 4564 quoque
2471 4508 2671 4546 vanam
2702 4490 3072 4545 adolescentis
3097 4507 3251 4562 spem
3279 4507 3379 4562 pro
3407 4491 3586 4546 nihilo
3615 4492 3714 4547 du-

437 4581 658 4656 puellae,
689 4579 1151 4651 reliquarumque
1173 4579 1434 4645 aliarum,
1458 4579 1813 4651 pulchritudo
1844 4583 2038 4653 quovis

441 4685 596 4728 cano
629 4675 686 4725 et
719 4669 877 4725 sanie
899 4669 1128 4724 fetidior
1146 4669 1253 4740 ipsi
1276 4668 1392 4724 visa
1419 4674 1530 4737 est;
1557 4671 1940 4743 memoriaque
1969 4689 2038 4728 ea

441 4776 566 4832 quas
593 4759 810 4814 viderat
829 4759 1098 4826 recolens,
1125 4763 1249 4814 tum
1276 4758 1553 4819 bonorum
1568 4758 1791 4815 illorum
1819 4761 2036 4834 cupidi-

423 4853 560 4908 tate
585 4853 710 4903 tum
739 4847 993 4902 dolorum
1017 4847 1240 4904 illorum
1272 4853 1426 4903 metu
1467 4854 1775 4920 correptus,
1809 4849 1868 4905 in
1894 4851 2036 4906 lecto

436 4935 680 5012 jacebat,
697 4936 777 4992 sic
795 4937 1042 5005 effectus,
1055 4943 1120 4992 ut
1135 4937 1292 4993 nulla
1310 4938 1419 5010 ipsi
1440 4939 1774 5010 exsurgendi
1789 4945 2038 5012 potestas

443 5041 591 5089 esset
601 5073 614 5086 .

513 5123 589 5178 Ut
617 5125 805 5176 autem
837 5119 906 5175 de
928 5119 1162 5175 adversa
1171 5118 1274 5176 ﬁlii
1282 5120 1602 5177 valetudine
1617 5121 1688 5176 ad
1700 5137 1890 5193 regem
1903 5121 2035 5176 alla-

440 5217 564 5268 tum
595 5216 701 5277 est,
733 5210 924 5266 statim
947 5209 1017 5264 ad
1035 5226 1160 5266 eum
1184 5209 1464 5282 profectus
1479 5211 1746 5283 quidnam
1765 5210 1873 5283 ipsi
1892 5211 2036 5266 acci-

441 5303 618 5358 disset
644 5299 1098 5373 percontabatur.
1133 5300 1233 5356 Ille
1261 5305 1448 5355 autem
1499 5301 1769 5372 quidnam
1807 5299 2038 5356 vidisset

442 5395 687 5464 exponit,
721 5391 912 5463 aitque
937 5409 949 5446 :
969 5391 1084 5446 Cur
1101 5390 1336 5464 pedibus
1355 5391 1494 5446 meis
1513 5391 1777 5463 laqueum
1797 5391 2032 5462 parasti,

444 5485 501 5534 et
540 5479 844 5536 incurvasti
891 5480 1140 5535 animam
1169 5495 1353 5535 meam
1377 5481 1538 5544 (Psal.
1565 5479 1715 5550 va)?
1743 5479 1864 5535 Nisi
1885 5479 2037 5536 enim

443 5569 714 5624 Dominus
738 5569 1044 5642 adjuvisset
1071 5587 1181 5636 me,
1212 5569 1380 5643 paulo
1421 5568 1608 5624 minus
1645 5567 1957 5624 habitasset
1976 5569 2036 5624 in

443 5654 663 5712 inferno
679 5659 871 5714 anima
889 5674 1016 5714 mea
1025 5659 1175 5731 (Psal
1184 5697 1196 5713 .
1214 5655 1643 5726 xxxxx).Verum
1664 5673 1834 5730 quam
1856 5657 2036 5714 bonus

2118 4581 2401 4649 cebamus;
2416 4597 2606 4636 verum
2621 4581 2690 4634 ad
2703 4579 2972 4634 auxilium
2987 4596 3181 4634 rursus
3202 4579 3412 4634 accitus
3432 4580 3709 4646 Christus,

2117 4671 2360 4726 caelestis
2381 4670 2477 4725 irae
2498 4670 2614 4742 igni
2635 4686 2738 4724 nos
2759 4673 2987 4724 exustos
3021 4669 3079 4723 in
3101 4668 3292 4740 fugam
3317 4669 3502 4724 vertit.
3527 4671 3713 4735 Quare

2118 4766 2232 4816 stat
2250 4759 2532 4814 sententia
2557 4775 2670 4814 non
2698 4759 2849 4814 ultra
2876 4759 2947 4813 ad
2975 4775 3105 4813 eum
3139 4758 3420 4813 accedere.
3453 4759 3541 4814 Ad
3565 4760 3714 4815 hunc

2118 4849 2329 4905 scilicet
2360 4849 2589 4904 modum
2641 4847 2879 4920 improbi
2909 4848 3139 4920 spiritus
3170 4847 3417 4902 Theudae
3467 4865 3537 4902 ea
3591 4867 3713 4921 quae

2119 4939 2469 5010 contigerant
2497 4938 2787 5010 perspicue
2814 4923 3189 4991 declararunt.

2189 5030 2306 5084 Rex
2319 5034 2509 5082 autem
2531 5027 2682 5082 omni
2700 5044 2766 5081 ex
2795 5031 2955 5098 parte
2979 5026 3168 5080 animo
3194 5027 3426 5090 hazrens,
3447 5028 3713 5083 consilio-

2119 5134 2228 5190 que
2245 5117 2565 5182 destitutus,
2587 5115 2876 5171 Theudam
2891 5132 3084 5170 rursus
3099 5115 3352 5181 accersit,
3376 5115 3447 5170 ad
3467 5133 3714 5190 eumque

2118 5207 2228 5263 ait:
2276 5205 2552 5262 Omnibus
2594 5205 2662 5260 iis
2690 5223 2812 5277 quae
2842 5204 3100 5271 docuisti,
3153 5204 3239 5258 vir
3268 5205 3708 5275 sapientissime,

2117 5296 2377 5370 perfectis
2407 5301 2464 5350 et
2492 5294 2780 5358 absolutis,
2815 5294 2956 5348 nihil
2991 5298 3182 5349 tamen
3230 5294 3492 5349 utilitatis
3521 5312 3715 5350 conse-

2117 5386 2231 5442 cuti
2261 5402 2476 5441 sumus.
2508 5386 2670 5440 Nunc
2697 5383 2895 5454 igitur,
2928 5383 2976 5438 si
3016 5384 3164 5455 quod
3193 5382 3296 5438 tibi
3341 5383 3494 5438 aliud
3528 5385 3712 5440 consi-

2117 5476 2257 5532 lium
2277 5480 2550 5547 superest,
2579 5473 2715 5530 illud
2738 5473 3113 5546 experiamur.
3137 5474 3398 5528 Fortasse
3428 5474 3581 5529 enim
3613 5475 3714 5530 ali-

2119 5581 2288 5638 quam
2316 5563 2631 5637 depellendi
2659 5563 2793 5619 mali
2819 5563 3096 5620 rationem
3120 5562 3531 5619 nanciscemur.

2189 5655 2332 5712 Cum
2351 5653 2831 5721 autemTheudas,
2849 5658 2915 5710 ut
2944 5669 3072 5709 cum
3099 5653 3276 5727 ipsius
3301 5652 3415 5708 ﬁlio
3445 5651 3504 5708 in
3536 5653 3707 5710 collo-
