3868 6382
90 356 207 411 569

495 354 666 410 VITA
703 354 1144 413 SANCTORUM
1182 356 1528 413 BARLAAM
1565 355 1904 414 EREMITlE
1957 356 2044 413 ET
2082 355 2447 413 JOSAPHAT
2485 354 2711 412 INDI/E
2750 355 2986 411 REGIS.

3281 353 3386 411 570

89 483 294 555 quium
310 481 529 537 veniret
551 483 822 555 petiisset,
855 499 1019 540 mane
1033 502 1147 552 rex,
1173 502 1239 542 eo
1258 503 1447 542 secum
1476 486 1753 549 assum-A
1770 486 2070 560 prudentia
2097 491 2155 542 et
2181 486 2484 557 sagacitate
2509 484 2809 539 antecellit.
2834 483 2978 540 Illud
3008 482 3156 539 enim
3186 499 3315 538 eum
3347 498 3381 538 a

88 580 213 646 pto,
232 574 305 628 ad
325 572 615 627 visendum
637 573 813 628 ﬁlium
837 576 1227 646 proﬁciscitur.
1254 578 1507 648 Cumque
1529 594 1700 649 prope

92 679 224 716 eum
253 662 614 729 consedisset,
648 680 778 718 eum
814 665 1042 736 alloqui,
1067 682 1130 719 ac
1165 666 1384 737 probris
1414 666 1695 732 insectari,

88 758 264 824 atque
290 752 467 823 ipsius
497 753 906 808 contumaciam
934 753 1219 826 animique
1240 755 1582 825 rigiditatem
1614 772 1701 810 ac-

91 858 294 896 cusare
318 842 503 913 ccepit.
529 843 630 896 lllo
651 860 782 898 vero
794 850 946 898 recta
959 844 1224 915 dogmata
1246 862 1468 899 rursum
1493 848 1698 901 conﬁr-

92 938 309 997 mante,
336 932 656 1003 Christique
681 949 873 988 amore
899 933 1039 988 nihil
1065 934 1351 1005 antiquius
1380 935 1699 990 habendum

89 1038 216 1075 esse
259 1022 559 1088 clamante,
603 1022 862 1077 Theudae
902 1023 963 1078 in
1010 1024 1259 1079 medium
1297 1025 1580 1095 prodiens,
1612 1025 1700 1080 his

89 1110 281 1165 verbis
309 1128 446 1165 usus
467 1116 550 1166 est
575 1129 586 1165 :
612 1111 913 1179 Quidnam,
948 1128 980 1167 ο
1009 1113 1297 1185 Josaphat,
1331 1114 1478 1185 quod
1509 1114 1566 1168 in
1592 1115 1699 1169 im-

90 1200 428 1255 mortalibus
445 1201 553 1254 diis
572 1201 779 1255 nostris
795 1203 1317 1274 reprehendendum
1331 1203 1694 1269 sitinvenisti,

89 1296 154 1343 ut
196 1294 262 1344 tu
296 1289 366 1344 ab
402 1306 596 1344 eorum
617 1291 771 1345 cultu
792 1291 1126 1356 discederes,
1147 1308 1212 1347 ac
1230 1292 1378 1363 regis
1407 1294 1584 1364 patris
1614 1295 1698 1349 tui

88 1379 353 1433 animum
401 1379 484 1433 ita
535 1379 865 1434 offendendo
907 1382 1082 1436 totius
1120 1382 1313 1453 populi
1360 1382 1550 1437 odium
1595 1384 1699 1439 tibi

91 1468 516 1523 commo.'eres?
538 1470 625 1522 An
652 1485 767 1523 non
790 1469 860 1523 ab
877 1469 947 1525 iis
962 1470 1133 1525 vitam
1158 1471 1455 1542 accepisti?
1475 1477 1562 1530 An
1587 1491 1700 1529 non

95 1558 206 1629 ipsi
239 1558 387 1629 patri
412 1564 467 1612 te
495 1558 640 1612 dono
665 1558 960 1626 dederunt,
1004 1562 1211 1616 auditis
1250 1563 1700 1637 videlicetipsius

89 1646 373 1718 precibus.
399 1663 575 1717 eoque
596 1646 909 1703 sterilitatis
938 1650 1171 1705 vinculis
1197 1653 1414 1707 soluto?
1432 1655 1571 1708 Cum
1604 1670 1700 1708 au-

90 1742 209 1789 tem
243 1735 453 1790 multos
467 1735 664 1790 inanes
682 1754 986 1802 sermones,
1003 1756 1068 1793 ac
1090 1742 1295 1795 multas
1313 1742 1540 1797 inutiles
1554 1759 1700 1814 quae-

1783 596 1892 651 quo
1925 579 2097 633 alitur
2129 578 2301 642 novit,
2352 582 2415 630 tu
2466 581 2660 630 contra
2702 576 2844 645 ejus,
2876 591 2912 629 a
2954 590 3063 645 quo
3093 590 3159 628 ex
3208 572 3383 627 nihilo

1781 670 2084 742 productus
2114 685 2193 730 es,
2217 667 2489 737 cujusque
2503 666 2772 720 beneﬁcio
2789 664 2922 718 vivis
2934 670 2991 719 et
3011 663 3377 729 conservaris,

1780 760 2133 832 ignoratione
2158 757 2399 812 laboras.
2430 758 2510 811 Ac
2538 755 2706 809 deum
2736 755 2984 826 appellas
3012 771 3177 826 quem
3207 754 3375 825 paulo

1781 856 1913 905 ante
1941 850 2090 904 ferro
2119 846 2418 911 verberari,
2445 852 2613 917 atque
2641 845 2771 916 igne
2800 845 3051 910 conflari,
3076 850 3133 898 et
3163 843 3381 898 malleis

1781 940 1945 995 tundi
1976 938 2220 1001 videbas,
2257 953 2421 1008 quem
2467 940 2701 1005 argento
2732 939 2901 1005 atque
2953 950 3090 988 auro
3129 933 3375 998 cinxisti,

1782 1036 1951 1101 atque
1966 1033 2160 1082 aterra
2175 1027 2233 1081 in
2254 1027 2427 1080 altum
2451 1025 2746 1091 sustulisti;
2767 1029 3071 1095 posteaque
3091 1022 3147 1077 in
3167 1027 3376 1077 terram

1782 1120 2033 1191 abjectus
2075 1116 2279 1187 abjecti
2326 1115 2527 1187 lapidis
2566 1114 2835 1184 abjectior
2863 1130 2922 1167 es
2951 1113 3232 1178 adorator,
3265 1128 3376 1166 non

1780 1210 1961 1266 Deum
1992 1208 2250 1272 adorans,
2284 1206 2381 1260 sed
2412 1210 2635 1259 mortua
2658 1208 2714 1257 et
2743 1203 2943 1256 animae
2975 1201 3223 1273 expertia
3258 1218 3379 1255 ma-

1780 1315 1959 1353 nuum
1983 1302 2211 1352 tuarum
2229 1311 2417 1366 opera.
2442 1295 2561 1348 Imo
2584 1310 2729 1357 vero,
2754 1308 2826 1346 ne
2848 1296 3128 1345 mortuum
3153 1291 3378 1361 quidem

1780 1404 2003 1460 aequum
2048 1391 2134 1441 est
2185 1385 2547 1439 simulacrum
2593 1382 2898 1453 appellare,
2928 1397 3119 1435 verum
3174 1396 3377 1433 novum

1782 1478 2062 1549 quoddam
2081 1493 2145 1530 ac
2155 1479 2316 1530 tanta
2331 1473 2580 1527 amentia
2598 1472 2829 1543 dignum
2847 1486 3051 1525 nomen
3067 1469 3378 1539 excogitare

1782 1585 1885 1641 par
1912 1576 2014 1622 est.
2035 1567 2180 1620 Nam
2203 1564 2457 1635 lapideus
2486 1560 2906 1623 comminuitur,
2936 1564 3218 1613 testaceus
3247 1574 3378 1611 con-

1779 1657 2064 1728 fringitur,
2088 1655 2307 1725 ligneus
2322 1651 2719 1723 corrumpitur.
2737 1665 2915 1704 aereus
2931 1647 3186 1718 rubigine
3208 1646 3382 1701 inﬁci-

1778 1755 1894 1814 tur,
1910 1763 2114 1802 aureus
2124 1750 2181 1798 et
2195 1748 2493 1813 argenteus
2508 1740 2622 1811 igni
2639 1736 3090 1802 conﬁatur.Quin
3106 1737 3275 1791 etiam
3298 1735 3377 1789 dii

90 1825 748 1882 stionesilleinveteratze
766 1826 1143 1899 improbitatis
1154 1830 1321 1884 homo
1336 1838 1689 1903 proponeret,
1718 1839 1865 1914 Btui
1887 1836 2091 1909 partim
2116 1833 2316 1904 exiguo
2335 1848 2401 1886 ac
2421 1831 2532 1896 vili,
2556 1831 2762 1901 partim
2786 1844 3007 1881 summo
3029 1825 3210 1898 pretio
3241 1842 3375 1879 ven-

90 1919 266 1985 atque
278 1915 348 1968 de
369 1916 650 1987 Evangelii
664 1917 1058 1988 praedicatione
1072 1926 1407 1990 argumenta
1427 1927 1691 1990 necteret,

91 2005 196 2057 hoc
234 2004 491 2059 videlicet
518 2006 725 2069 animo,
755 2012 817 2061 ut
846 2024 969 2062 eam
1001 2009 1349 2079 suggillaret,
1382 2016 1551 2082 atque
1572 2011 1695 2066 ido-

89 2092 281 2147 lorum
310 2095 524 2148 cultum
562 2096 940 2162 conﬁrmaret,
963 2097 1057 2151 ille
1077 2098 1307 2169 superni
1331 2100 1498 2171 Regis
1525 2101 1691 2169 ﬁlius,

92 2187 268 2252 atque
296 2183 448 2238 illius
490 2184 662 2241 urbis.
694 2202 863 2256 quam
903 2203 1014 2241 non
1045 2187 1232 2256 homo,
1264 2189 1359 2243 sed
1397 2190 1545 2244 Deus
1572 2207 1700 2245 con-

90 2273 306 2327 struxit
325 2274 508 2338 (Hebr.
539 2278 678 2343 VIII),
704 2275 857 2339 civis,
882 2282 1246 2347 posteaquam
1273 2295 1396 2333 sese
1417 2279 1701 2351 paulisper

90 2362 484 2428 continuisset,
516 2369 639 2418 tum
656 2364 881 2419 demum
913 2366 984 2420 ad
1012 2366 1301 2421 Theudam
1332 2368 1412 2422 ait
1448 2386 1459 2421 :

162 2454 335 2519 Audi,
370 2472 401 2509 ο
430 2455 751 2528 imposturze
776 2474 995 2528 vorago,
1030 2474 1095 2513 ac
1133 2459 1507 2530 palpabilibus
1545 2464 1698 2515 tene-

90 2542 206 2597 bris
231 2545 611 2615 caliginosior,
644 2563 837 2601 semen
867 2547 1286 2620 Babylonicum,
1318 2554 1487 2621 atque
1502 2551 1698 2605 Chala-

92 2633 231 2688 nica:
279 2634 453 2688 turris
497 2640 931 2702 exstructorum,
965 2654 1206 2709 quorum
1245 2655 1413 2693 causa
1453 2641 1696 2695 mundus

91 2723 358 2777 confusus
387 2728 489 2788 est,
525 2741 699 2797 nepos
723 2727 871 2791 (Gen.
905 2730 1015 2794 x1);
1046 2743 1205 2793 vane,
1237 2728 1492 2800 inquam.
1527 2734 1697 2800 atque

88 2812 283 2867 infelix
314 2830 501 2867 senex.
522 2814 618 2885 qui
635 2815 985 2885 gravioribus
1011 2833 1178 2888 quam
1200 2818 1447 2889 quinque
1477 2818 1585 2873 illae
1614 2820 1696 2873 di-

89 2902 216 2956 vino
247 2902 384 2972 igne
409 2910 773 2959 concrematas
803 2904 968 2959 urbes
1000 2906 1303 2961 sceleribus
1333 2914 1390 2961 te
1417 2909 1696 2963 constrin-

89 2990 239 3045 xisti.
288 2992 498 3063 Ecquid
539 2993 736 3048 salutis
771 2994 1243 3065 praedicationem,
1288 3013 1389 3068 per
1428 3013 1596 3068 quam
1627 3013 1695 3052 ea

91 3099 211 3152 quae
245 3080 494 3136 tenebris
531 3082 866 3138 circumfusa
896 3090 1076 3149 erant,
1116 3085 1297 3140 lucem
1336 3092 1690 3158 acceperunt,

1778 1931 2007 1985 duntur.
2032 1927 2227 1994 Neque
2246 1922 2395 1977 enim
2416 1919 2554 1992 ipsis
2574 1917 2853 1981 divinitas,
2879 1916 2974 1971 sed
2996 1914 3233 1970 materia
3255 1931 3379 1984 pre-

1776 2015 1922 2070 tium
1943 2013 2057 2066 dat.
2083 2008 2255 2081 Atqui
2286 2008 2464 2062 Deum
2497 2004 2757 2076 quisnam
2791 2018 2979 2056 emere
3007 2005 3106 2054 aut
3137 1999 3375 2054 vendere

1778 2102 1981 2177 queat?
1996 2102 2023 2156 J
2030 2116 2119 2154 am
2142 2113 2384 2170 quonam
2400 2102 2561 2167 pacto
2575 2095 2722 2148 Deus
2742 2092 3058 2164 appellatur
3072 2088 3169 2160 qui
3188 2094 3373 2177 motus

1781 2208 1978 2265 expers
2008 2188 2131 2244 est?
2155 2189 2242 2242 An
2271 2203 2382 2241 non
2424 2184 2560 2239 illud
2603 2182 2806 2245 cernis,
2839 2197 2940 2235 nec
2976 2196 3105 2233 eum
3139 2176 3234 2248 qui
3266 2180 3382 2230 stat

1780 2297 2034 2354 unquam
2060 2278 2254 2333 sedere
2274 2293 2377 2330 nec
2406 2291 2533 2329 eum
2557 2273 2651 2345 qui
2672 2272 2846 2337 sedet,
2878 2285 3128 2339 unquam
3159 2266 3343 2321 stare?

1850 2371 2069 2427 Pudeat
2093 2375 2166 2433 te,
2200 2384 2233 2421 ο
2261 2381 2475 2420 vecors;
2503 2378 2732 2417 manum
2761 2360 2844 2414 ori
2872 2375 3111 2430 appone,
3132 2373 3163 2410 ο
3185 2356 3374 2420 stulte,

1778 2461 1873 2534 qui
1894 2478 1983 2514 res
2003 2456 2327 2529 hujusmodi
2348 2454 2563 2508 laudas.
2589 2451 2806 2506 Etenim
2826 2466 2861 2504 a
2878 2448 3113 2502 veritate
3127 2462 3373 2511 aversus,

1776 2551 1929 2606 falsis
1954 2548 2188 2621 picturis
2218 2544 2490 2616 deciperis
2510 2548 2679 2613 atque
2698 2541 2755 2595 in
2778 2538 3034 2593 fraudem
3073 2535 3377 2601 induceris,

1778 2646 1994 2696 statuas
2024 2636 2280 2692 videlicet
2304 2634 2593 2704 effingens,
2624 2631 2901 2700 rebusque
2932 2643 3101 2681 manu
3130 2630 3229 2679 tua
3258 2624 3385 2678 eﬁe—

1779 2731 1882 2784 ctis
1914 2728 2013 2783 Dei
2048 2742 2250 2781 nomen
2282 2724 2613 2779 attribuens.
2655 2719 2957 2791 Resipisce,
2989 2716 3182 2780 miser,
3209 2719 3381 2784 atque

1780 2819 1912 2873 illud
1933 2817 2202 2887 intellige,
2232 2820 2289 2869 te
2322 2813 2428 2868 deo
2449 2812 2548 2865 abs
2572 2816 2627 2865 te
2657 2808 2802 2864 facto
2832 2806 3211 2877 antiquiorem
3236 2820 3376 2858 esse.

1778 2909 1953 2979 Cujus
1973 2906 2202 2962 tandem
2230 2902 2436 2958 furoris
2455 2902 2563 2955 ista
2584 2899 2751 2954 sunt?
2774 2897 3014 2952 Horcine
3033 2895 3135 2952 tibi
3158 2909 3383 2965 persua-

1776 2998 1918 3062 sisti,
1957 3003 2033 3062 te,
2068 3012 2195 3050 cum
2239 2994 2407 3048 homo
2438 2991 2535 3048 sis.
2568 2991 2749 3045 Deum
2779 2987 3000 3042 efﬁcere
3028 2983 3224 3057 posse?
3274 2981 3382 3046 Qui

1779 3087 2004 3141 tandem
2022 3084 2173 3140 istud
2195 3082 2317 3137 fieri
2342 3078 2545 3153 queat?
2569 3079 2840 3144 Quocirca
2868 3093 2980 3131 non
3001 3074 3285 3129 hominem
3301 3071 3383 3126 ef-

91 3187 188 3240 per
213 3187 387 3242 quam
405 3177 658 3227 errantes
685 3172 829 3227 viam
851 3174 1201 3240 invenerunt,
1222 3193 1504 3247 perquam
1533 3176 1573 3229 ii
1595 3177 1691 3248 qui
1709 3179 1753 3241 Ο
1777 3175 1914 3243 ﬁcis,
1948 3191 2143 3230 verum
2173 3171 2416 3227 hominis
2447 3174 2547 3224 aut
2583 3167 2895 3238 cujuspiam
2934 3162 3239 3219 animantis
3267 3161 3383 3215 for-

92 3260 397 3330 perierant,
421 3278 486 3315 ac
514 3261 719 3316 misera
746 3264 1015 3318 servitute
1042 3264 1458 3335 premebantur,
1489 3265 1548 3319 in
1579 3266 1690 3337 pri-

93 3350 313 3404 stinum
345 3356 556 3405 statum
578 3353 826 3407 restituti
846 3360 996 3419 sunt,
1011 3354 1218 3409 cavillis
1246 3355 1509 3411 insectari
1529 3372 1699 3409 cona-

93 3439 381 3494 ris?Cedo
408 3446 598 3495 utrum
623 3443 855 3497 tandem
885 3460 952 3497 ex
980 3444 1069 3497 liis
1100 3444 1318 3499 duobus
1347 3446 1706 3517 praestantius

96 3534 197 3595 est,
224 3546 433 3601 nempe
459 3531 899 3603 omnipotentem
921 3533 1098 3587 Deum
1111 3550 1238 3588 cum
1256 3534 1550 3605 unigenito
1566 3534 1705 3589 Filio

95 3624 149 3673 et
178 3620 398 3691 Spiritu
429 3626 621 3675 sancto
651 3622 850 3689 colere,
882 3623 1082 3689 Deum,
1107 3623 1362 3694 inquam,
1389 3623 1706 3677 increatum

95 3714 150 3763 et
167 3710 568 3776 immortalem,
591 3709 865 3765 bonorum
896 3712 1150 3766 omnium
1175 3713 1405 3779 fontem,
1421 3714 1581 3784 cujus
1601 3729 1703 3766 nec

94 3797 402 3870 imperium
437 3815 501 3853 ac
547 3798 720 3855 robur
748 3803 1070 3872 conjectura
1113 3802 1342 3873 percipi,
1393 3819 1495 3856 nec
1522 3802 1704 3872 gloria

100 3894 293 3943 mente
320 3889 718 3960 comprehendi
747 3896 949 3961 potest,
987 3893 1076 3945 cui
1102 3892 1477 3962 angelicorum
1508 3908 1573 3945 ac
1591 3907 1702 3945 coe-

97 3978 326 4032 lestium
352 3978 613 4033 ordinum
634 3979 810 4035 millia
823 3981 1082 4046 millium,
1100 3987 1157 4035 et
1175 3981 1360 4035 decies
1376 3985 1437 4047 3
1455 3987 1485 4045 |
1507 3985 1564 4046 8
1582 3981 1706 4034 mil-

95 4064 171 4120 lia
186 4065 432 4120 millium
454 4071 660 4130 astant,
682 4069 843 4139 cujus
852 4069 1043 4140 gloriae
1064 4070 1267 4124 ccelum
1293 4075 1350 4125 et
1364 4076 1518 4124 terra
1538 4069 1704 4141 plena

98 4162 247 4220 sunt,
285 4172 388 4226 per
416 4173 582 4226 quem
612 4157 802 4212 omnia
830 4174 895 4212 ex
920 4158 1096 4213 nihilo
1124 4159 1181 4213 in
1212 4164 1398 4214 ortum
1429 4158 1703 4231 producta

98 4252 247 4313 sunt,
287 4263 391 4319 per
418 4264 585 4318 quem
605 4248 849 4304 mundus
880 4250 1200 4304 continetur
1228 4266 1293 4304 ac
1320 4257 1698 4317 conservatur,

98 4334 387 4408 ipsiusque
402 4336 752 4408 providentia
763 4338 1131 4409 gubernatur,
1151 4340 1332 4394 colere
1347 4356 1412 4393 ac
1427 4341 1700 4409 venerari;

100 4441 171 4479 an
190 4442 325 4480 vero
336 4425 627 4497 pestiferos
640 4427 922 4482 daemones
936 4434 1105 4500 atque
1118 4428 1368 4483 inanima
1384 4429 1701 4496 simulacra,

1784 3282 1957 3331 mam,
1988 3280 2102 3318 non
2149 3261 2359 3332 lingua,
2392 3275 2504 3314 non
2540 3256 2811 3321 faucibus,
2853 3270 2966 3309 non
2991 3251 3238 3313 cerebro,
3269 3264 3383 3304 non

1780 3355 1897 3409 ulla
1926 3353 2116 3424 aliqua
2144 3351 2367 3405 interna
2403 3354 2563 3420 parte
2602 3345 2924 3419 praeditam:
2957 3357 3023 3396 ac
3050 3338 3286 3412 proinde
3311 3354 3382 3392 ne

1785 3443 2029 3498 hominis
2057 3441 2281 3513 quidem
2319 3443 2420 3493 aut
2456 3435 2761 3492 animantis
2798 3430 3106 3489 similitudo
3145 3434 3250 3493 est,
3284 3427 3384 3481 sed

1788 3532 2002 3587 inutilis
2031 3531 2261 3585 omnino
2291 3544 2380 3583 res
2408 3544 2474 3581 ac
2503 3525 2767 3580 vanitatis
2816 3523 3000 3595 plena.
3034 3518 3178 3585 Quid
3209 3517 3384 3588 igitur

1787 3620 1954 3675 rebus
1982 3636 2179 3675 sensus
2208 3616 2527 3689 expertibus
2555 3612 2862 3669 blandiris?
2891 3610 3037 3676 Quid
3068 3615 3257 3663 mente
3285 3622 3381 3661 ca-

1783 3708 2036 3765 rentibus
2058 3714 2115 3762 et
2132 3706 2422 3761 inutilibus
2440 3703 2688 3759 assides?
2716 3701 2836 3756 Nisi
2862 3698 3079 3763 latomi,
3095 3700 3196 3750 aut
3210 3694 3388 3749 archi—

1783 3799 1937 3863 tecti,
1961 3803 2061 3852 aut
2079 3795 2422 3850 malleatoris
2441 3811 2534 3848 ars
2554 3794 2796 3852 adesset,
2809 3790 2976 3844 deum
2994 3804 3107 3841 non
3124 3784 3378 3840 haberes.

1785 3887 1905 3942 Nisi
1935 3885 2193 3941 custodes
2224 3889 2424 3956 praesto
2455 3887 2660 3948 essent,
2681 3881 2849 3935 deum
2880 3884 3041 3932 tuum
3072 3874 3379 3929 amisisses.

1784 3978 1930 4032 Nam
1960 3992 2125 4047 quem
2155 3991 2301 4046 saepe
2329 3973 2659 4027 stolidarum
2688 3969 2977 4025 hominum
3002 3962 3385 4037 copiosissima

1786 4065 1919 4121 urbs
1942 4070 2214 4136 tanquam
2243 4064 2431 4131 deum,
2455 4067 2518 4116 ut
2537 4061 2606 4116 ab
2635 4078 2700 4115 eo
2712 4057 3078 4120 custodiatur,
3106 4053 3379 4116 obsecrat,

1785 4172 1912 4211 cum
1943 4171 2008 4209 eo
2040 4154 2162 4226 ipso
2199 4152 2362 4225 pauci
2392 4152 2671 4217 custodes,
2700 4166 2772 4204 ne
2804 4146 3161 4218 surripiatur,
3196 4158 3382 4197 rema-

1784 4246 2033 4301 nentaAc
2051 4244 2098 4298 si
2120 4243 2348 4314 quidem
2377 4259 2444 4297 ex
2473 4247 2707 4313 argento
2728 4240 2815 4293 vel
2835 4254 2974 4293 auro
2995 4238 3231 4297 constet,
3247 4230 3385 4285 dili-

1783 4339 1983 4408 genter
2022 4333 2362 4400 custoditur;
2396 4333 2444 4387 si
2482 4337 2675 4386 autem
2701 4346 2766 4385 ex
2796 4328 2999 4400 lapide,
3034 4330 3133 4380 aut
3160 4321 3380 4393 argilla,

1788 4430 1888 4479 aut
1913 4423 2025 4478 alia
2046 4423 2287 4495 quadam
2316 4422 2497 4477 viliori
2522 4421 2781 4487 materia,
2821 4418 3069 4488 seipsum
3107 4410 3377 4467 custodit.

105 4531 346 4585 quorum
374 4516 496 4571 laus
525 4521 582 4570 et
600 4516 782 4587 gloria
808 4498 1150 4573 adulterium
1182 4524 1286 4582 est,
1319 4535 1384 4573 ac
1404 4536 1705 4589 puerorum
1726 4514 1876 4605 DIta
1902 4514 1971 4568 de
1998 4518 2184 4567 vestra
2211 4512 2492 4567 sententia
2494 4510 2776 4605 valentior
2801 4512 2889 4562 est
2915 4507 2962 4561 is
2982 4504 3079 4576 qui
3098 4519 3163 4557 ex
3188 4498 3388 4570 argilla

102 4605 507 4676 constupratio,
543 4611 853 4678 caeteraque
877 4608 1093 4679 ﬂagitia
1122 4624 1243 4679 quae
1272 4608 1341 4662 de
1364 4608 1473 4663 diis
1510 4608 1708 4663 vestris
1732 4601 1765 4605 ⁷
1790 4618 1958 4674 quam
1991 4602 2088 4674 qui
2117 4619 2184 4656 ex
2211 4617 2350 4656 auro
2380 4601 2654 4654 conﬂatus
2684 4602 2786 4653 est-

100 4692 156 4748 in
176 4694 595 4765 superstitionis
604 4701 801 4752 vestrze
820 4695 1194 4751 voluminibus
1214 4697 1528 4768 conscripta
1550 4696 1708 4752 sunt?

171 4784 300 4838 Non
330 4800 427 4838 vos
450 4785 642 4856 pudet,
669 4785 880 4852 miseri,
904 4791 1075 4858 atque
1096 4786 1242 4858 ignis
1273 4786 1602 4859 sempiterni
1634 4786 1707 4840 ci-

102 4869 630 4945 bus,Chaldaicique
638 4875 860 4946 generis
869 4875 1295 4931 similitudinem
1307 4881 1707 4947 gerentes,non

101 4978 214 5023 vos,
240 4962 494 5034 inquam,
519 4969 771 5019 mortuas
792 4969 1009 5019 statuas
1038 4965 1289 5020 humana
1317 4981 1489 5019 manu
1519 4969 1702 5019 extru-

106 5056 221 5106 ctas
250 5052 489 5107 adorare
506 5052 712 5124 pudet?
727 5054 944 5109 Caesum
965 5054 1115 5109 enim
1130 5055 1373 5126 lapidem
1384 5054 1707 5124 autlignum

106 5157 169 5196 ac
185 5142 373 5197 fabrili
401 5148 523 5197 arte
544 5144 800 5215 politum,
820 5144 988 5199 deum
1008 5145 1350 5217 nuncupatis
1372 5163 1383 5197 :
1410 5161 1475 5199 ac
1504 5144 1707 5198 deinde

107 5233 375 5287 eximium
406 5237 654 5300 taurum,
689 5239 789 5289 aut
812 5234 965 5289 aliud
993 5233 1228 5290 fortasse
1244 5239 1301 5288 et
1317 5233 1708 5306 pulcherrimis

109 5323 382 5394 cujusque
419 5322 645 5394 generis
677 5322 1057 5379 animantibus
1085 5328 1455 5390 assumentes,
1484 5329 1707 5378 mortuo

110 5412 346 5477 numini,
379 5428 493 5483 qua
511 5413 783 5468 vaecordia
801 5412 954 5479 estis,
977 5413 1304 5468 immolatis.
1344 5414 1530 5485 Atque
1554 5413 1709 5467 victi-

112 5516 200 5555 ma
230 5500 335 5556 deo
363 5506 462 5557 tuo
487 5502 846 5574 praestantior
871 5508 975 5558 est.
996 5503 1139 5558 Nam
1167 5503 1323 5558 illum
1344 5502 1514 5558 homo
1528 5502 1710 5557 elabo-

110 5591 270 5658 ravit,
302 5592 452 5648 Deus
479 5596 672 5648 autem
697 5592 908 5648 animal
938 5592 1271 5666 procreavit.
1307 5593 1387 5648 Ac
1413 5597 1711 5666 propterea

112 5679 281 5736 etiam
323 5680 557 5739 brutum
593 5682 801 5739 animal
830 5687 907 5753 te,
941 5682 1037 5757 qui
1079 5682 1298 5739 ratione
1337 5682 1604 5757 pmditus
1627 5699 1706 5749 es,

1857 4692 1945 4745 An
1974 4707 2087 4745 non
2115 4690 2290 4761 igitur
2306 4690 2518 4762 optimo
2543 4690 2671 4759 jure
2695 4704 2790 4741 vos
2811 4685 3011 4739 stultos
3041 4686 3098 4737 et
3119 4695 3292 4735 caecos
3321 4693 3385 4732 ac

1787 4780 2019 4835 stolidos
2048 4779 2304 4835 homines
2322 4778 2575 4844 irridere,
2614 4777 2702 4832 vel
2730 4774 2915 4849 potius
2944 4774 3098 4828 luctu
3126 4776 3389 4843 prosequi

1790 4870 2113 4943 possumus?
2134 4869 2341 4941 quippe
2360 4883 2533 4939 opera
2546 4871 2731 4922 vestra
2743 4865 2987 4919 furorem
3013 4862 3201 4935 potius
3217 4877 3387 4933 quam

1793 4961 2061 5034 pietatem
2086 4958 2359 5014 redolent.
2374 4958 2518 5013 Nam
2542 4956 2637 5028 qui
2661 4956 2742 5011 rei
2770 4953 2999 5009 militari
3028 4953 3235 5016 studet,
3271 4956 3388 5005 sta-

1789 5057 1947 5106 tuam
1977 5049 2049 5104 ad
2077 5048 2334 5103 militaris
2362 5046 2569 5119 speciei
2596 5044 3024 5101 similitudinem
3046 5056 3384 5114 expressam,

1790 5158 1856 5196 ac
1884 5146 2036 5195 certo
2062 5139 2181 5194 loco
2207 5137 2470 5210 positam,
2490 5138 2728 5191 Martem
2749 5137 3053 5205 nuncupat.
3074 5131 3181 5197 Qui
3199 5134 3390 5184 autem

1789 5229 2092 5285 mulierum
2124 5244 2315 5283 amore
2346 5226 2418 5281 ad
2445 5225 2724 5280 insaniam
2752 5239 2929 5294 usque
2950 5222 3171 5291 ﬂagrat,
3187 5217 3388 5273 animae

1790 5336 1906 5375 suae
1952 5317 2316 5390 cupiditatem
2370 5316 2592 5388 pictura
2625 5314 2955 5378 informans,
2995 5310 3193 5365 vitium
3221 5323 3386 5362 suum

1791 5410 1961 5464 deum
1983 5408 2171 5474 efﬁcit,
2187 5406 2421 5462 Veneris
2441 5405 2653 5460 scilicet
2671 5402 2897 5457 nomine
2920 5416 3050 5456 eum
3076 5398 3383 5471 appellans.

1789 5498 1950 5554 Alius
1978 5515 2175 5553 rursus
2215 5494 2557 5553 temulentiaa
2592 5511 2705 5550 suae
2733 5508 2920 5555 causa,
2952 5489 3134 5544 efﬁcto
3164 5487 3392 5542 simula-

1791 5605 1904 5655 cro,
1937 5588 2218 5644 Bacchum
2233 5588 2419 5660 ipsum
2432 5584 2703 5642 nominat.
2728 5583 3048 5654 Eodemque
3064 5580 3230 5635 modo
3254 5578 3389 5634 alio-

1791 5694 1918 5734 rum
1930 5677 2193 5734 vitiorum
2205 5677 2411 5751 cupidi,
2428 5691 2623 5732 eorum
2639 5672 2941 5730 simulacra
2958 5670 3390 5736 constituerunt,
