3868 6384
475 301 574 358 571

1473 319 1568 377 DE
1605 323 1793 382 VITIS
1831 327 2126 388 ΡΑΤῆοΜ
2161 331 2376 388 LIBER
2410 329 2700 388 PRIMUS.

3643 327 3742 388 572

478 431 737 505 vitiisque
756 436 871 532 suis
907 437 1139 496 deorum
1177 457 1384 500 nomen
1413 446 1729 521 imponunt.
1775 455 1966 529 anue
1994 459 2064 513 de
2081 465 2132 524 Α,
2147 477 2381 532 corpora
2400 464 2580 516 morte
2597 458 2789 516 functa
2805 473 2835 514 e
2853 455 3128 530 sepulcris
3149 454 3359 514 excitat
3375 455 3738 525 (Luscum).

481 539 650 578 causa
696 527 841 596 apud
885 544 1076 584 eorum
1115 547 1244 589 aras
1271 535 1578 596 libidinosae
1603 527 1928 602 saltationes
1958 551 2068 604 exi-

478 617 722 678 stunt,ac
742 618 1042 674 meretricii
1064 629 1280 690 cantus,
1301 628 1604 702 furiosique
1624 633 1884 705 impetus.
1909 640 2068 702 Quis-

480 717 613 756 nam
643 710 830 758 autem
863 713 1264 768 exsecrandum
1295 734 1489 774 eorum
1509 723 1783 792 ﬂagitium
1806 728 2066 800 deinceps

479 807 921 891 cqr'n‘memorare
943 808 1114 869 queat
1129 804 1277 859 ’ἶΑυῖ
1288 809 1413 878 quis
1439 810 1798 870 foedissimam
1816 817 2066 888 ipsorum

479 877 766 937 libidinem
799 887 1050 944 oratione
1087 877 1480 965 complectens.
1511 918 1572 956 os
1603 920 1768 959 suum
1798 877 2068 980 conspur-

479 984 607 1069 care
637 973 938 1069 sustineat?
950 978 1154 1036 Verum
1176 984 1291 1040 haec
1315 989 1574 1046 omnibus
1597 997 1890 1066 perspicua
1913 973 2065 1068 sunt,

479 1062 715 1160 etiarnsi
735 1063 841 1134 ipsi
863 1071 1166 1125 taceamus.
1190 1073 1267 1129 Hi
1291 1077 1375 1131 tui
1403 1078 1480 1134 dii
1502 1062 1652 1149 sunt,
1676 1102 1709 1139 ο
1725 1062 1936 1142 statuis
1956 1062 2068 1144 tuis

478 1151 754 1238 stupidior
784 1155 1033 1212 Theuda.
1072 1161 1182 1216 Hos
1210 1169 1274 1218 ut
1299 1168 1550 1238 adorem,
1595 1173 1697 1228 hos
1741 1182 1804 1230 ut
1837 1195 2072 1233 venerer

480 1237 765 1338 admones.
783 1245 1170 1318 Tuaeprolecto
1182 1253 1526 1327 improbitati
1539 1237 1543 1238 ν
1558 1279 1621 1317 ac
1643 1266 1826 1320 stulta:
1839 1274 2067 1324 senten-

477 1332 585 1430 tiis”
595 1339 1032 1394 consentaneum
1051 1348 1136 1396 est
1149 1343 1298 1400 istud
1315 1351 1628 1419 consilium;
1644 1362 1704 1409 at
1718 1357 1916 1412 similis
1933 1359 2068 1430 ipsis

477 1422 540 1473 tu
551 1420 848 1517 ﬁngatque
865 1444 1058 1485 omnes
1077 1434 1170 1504 qui
1191 1439 1548 1496 conﬁduntin
1573 1443 1650 1497 eis
1669 1446 1776 1515 (Ps.
1803 1420 1981 1517 0x111):

549 1509 664 1580 Ego
683 1520 870 1610 autem
902 1519 1078 1575 Deum
1100 1539 1287 1580 meum
1319 1530 1518 1596 colam,
1541 1509 1743 1605 meque
1761 1509 1949 1591 totum,
1963 1539 2070 1610 ipsi

474 1603 1522 1701 consecrabo;_Deo,inquam,creatori,
1549 1628 1608 1688 3
1624 1603 1742 1690 9
1769 1643 1835 1679 ac
1879 1603 2068 1682 rerum

480 1705 729 1746 omnium
757 1695 1139 1770 gubernatori,
1165 1723 1264 1776 per
1282 1709 1582 1766 Dominum
1604 1721 1857 1770 nostrum
1875 1718 2066 1772 Jesum

2149 551 2413 617 Rursum,
2436 557 2500 606 ut
2517 551 2684 605 homo
2705 549 2978 612 moritur;
3002 553 3067 604 ut
3091 553 3280 602 autem
3308 546 3486 612 Deus,
3505 545 3740 616 spoliato

2147 641 2384 704 inferno,
2419 641 2491 696 ad
2518 642 2688 694 vitam
2729 639 2893 694 redit.
2927 637 3011 694 Ob
3053 637 3224 708 idque
3260 636 3436 692 etiam
3485 635 3742 688 clamavit

2149 732 2429 802 Propheta
2456 749 2467 784 :
2503 731 2760 786 Infernus
2789 730 2846 784 in
2871 727 3252 784 amaritudine
3284 725 3416 792 fuit,
3448 741 3742 780 occurrens

2149 821 2254 876 tibi
2281 822 2560 875 deorsum.
2595 819 2883 890 Siquidem
2913 818 2972 873 in
3019 816 3400 871 amaritudine
3438 815 3550 870 fuit
3580 821 3744 886 atque

2149 912 2346 966 illusus
2369 917 2472 975 est,
2491 927 2618 964 cum
2648 909 2860 964 nudum
2889 907 3172 962 hominem
3193 923 3315 960 sese
3346 905 3633 976 accepisse
3651 921 3744 975 pu-

2149 1007 2296 1066 tans,
2329 1001 2386 1055 in
2409 1001 2586 1055 Deum
2608 999 2825 1064 incidit,
2851 1002 2919 1052 ac‘
2945 1002 3174 1068 repente
3199 995 3388 1050 inanis
3406 1000 3468 1048 et
3493 994 3743 1065 captivus

2151 1090 2380 1144 exstitit.
2415 1089 2679 1158 Resurgit
2705 1089 2897 1159 itaque
2926 1092 2989 1143 ut
3013 1087 3192 1152 Deus;
3225 1092 3397 1155 atque
3427 1085 3488 1138 in
3518 1084 3739 1146 caelum,

2151 1179 2298 1233 unde
2330 1179 2480 1233 nullo
2511 1179 2676 1232 modo
2707 1178 2992 1248 digressus
3017 1177 3220 1241 fuerat,
3253 1174 3527 1240 ascendit,
3561 1190 3630 1228 ac
3657 1189 3746 1227 no-

2151 1277 2326 1322 stram
2347 1268 2741 1338 despicabilem
2764 1273 2933 1338 atque
2955 1265 3214 1321 omnibus
3233 1264 3566 1319 inferiorem
3585 1268 3745 1318 natu-

2149 1375 2269 1412 ram
2289 1358 2547 1412 omnibus
2559 1357 2904 1429 superiorem
2926 1353 3746 1424 reddidit.immortaliqueglo—

2150 1448 2234 1502 ria
2262 1447 2587 1502 rutilantem
2616 1447 2673 1500 in
2687 1446 2880 1515 gloria:
2899 1445 3102 1500 throno
3121 1443 3430 1506 collocavit.
3464 1443 3746 1507 Quidnam

2152 1537 2324 1608 igitur
2369 1536 2500 1590 hinc
2546 1536 2660 1590 Deo
2701 1535 2882 1589 Verbo
2921 1533 3246 1589 detrimenti
3283 1534 3599 1588 conﬂatum
3647 1539 3742 1589 est.

2152 1625 2298 1697 quod
2327 1630 2389 1679 tu
2427 1641 2555 1678 eum
2586 1623 2897 1677 maledictis
2935 1627 3103 1692 atque
3131 1621 3489 1676 contumeliis
3529 1619 3746 1690 insequi

2151 1732 2265 1768 non
2301 1713 2613 1768 erubescis?
2643 1713 2862 1778 Utrum,
2896 1728 3108 1783 quaeso,
3141 1727 3209 1766 ex
3236 1711 3328 1764 his
3354 1709 3576 1764 duobus
3607 1725 3744 1780 pra:-

480 1778 785 1874 Christum,
818 1803 974 1857 spem
1011 1800 1279 1862 nostram,
1304 1815 1405 1868 per
1419 1817 1588 1870 quem
1607 1804 1775 1858 etiam
1799 1807 1869 1860 ad
1899 1807 2068 1862 lumi-
2093 1796 2140 1856 Β
2154 1805 2395 1858 stantius
2416 1809 2520 1861 est.
2538 1819 2739 1874 nempe
2759 1803 2874 1856 haec
2893 1778 3355 1871 conﬁteri,atque
3369 1800 3521 1854 hunc
3541 1778 3748 1852 bonum

480 1883 614 1923 num
635 1871 859 1929 Patrem
888 1877 946 1933 in
977 1881 1186 1952 Spiritu
1218 1895 1412 1943 sancto
1431 1907 1716 1948 accessum
1749 1895 2067 1963 habuimus,

478 1975 580 2056 per
604 1978 772 2056 quem
806 1965 876 2020 ab
906 1971 1110 2026 acerba
1137 1977 1406 2032 servitute
1430 1979 1490 2033 in
1519 1981 1694 2051 ipsius
1715 1987 1989 2056 sanguine
2009 1987 2074 2040 li-

477 2047 656 2146 berati
683 2069 878 2146 sumus
901 2061 1104 2128 (Ep/ws.
1125 2067 1206 2131 II).
1231 2065 1354 2120 Nisi
1376 2069 1522 2123 enim
1542 2047 1664 2141 ipse
1694 2047 1863 2128 etiam
1893 2093 2070 2146 usque

478 2138 550 2232 ad
605 2144 864 2232 servilem
912 2149 1150 2206 formam
1199 2171 1320 2210 sese
1371 2138 1668 2229 abjecisset
1717 2163 1945 2232 (Philip.
1979 2138 2068 2230 ⁵ιι),

477 2227 915 2304 haudquaquam
937 2237 990 2292 id
1013 2245 1296 2298 consecuti
1323 2263 1590 2314 essemus,
1623 2255 1687 2304 ut
1714 2227 1772 2307 in
1802 2227 1948 2308 ﬁlios
1978 2227 2076 2308 ad;

481 2327 827 2420 aptaremur.
853 2326 1073 2399 Quippe
1093 2340 1287 2389 nostra
1308 2352 1475 2392 causa
1501 2357 1560 2394 se
1590 2341 1710 2412 ipse
1729 2342 1950 2413 abjecit,
1969 2360 2071 2398 nec

478 2407 760 2505 Deitatem
785 2416 1038 2486 rapinam
1063 2421 1366 2480 arbitratus
1387 2434 1490 2492 est,
1523 2407 1630 2485 sed
1647 2407 1935 2502 quod‘erat
1952 2451 2074 2505 per-

478 2501 704 2563 mansit,
729 2508 786 2556 et
805 2507 948 2574 quod
977 2525 1088 2562 non
1113 2519 1235 2567 erat
1250 2519 1570 2589 assumpsit.
1597 2501 2070 2578 Consuetudinem

479 2603 606 2642 cum
637 2589 955 2650 hominibus
991 2598 1188 2656 habuit
1215 2607 1471 2662 (Barac/1..
1496 2613 1602 2676 III),
1643 2627 1812 2665 carne
1862 2629 1964 2666 sua
2013 2613 2071 2667 in

480 2693 700 2776 crucem
731 2686 1001 2776 ascendit,
1019 2690 1206 2746 triduo
1221 2693 1280 2748 in
1307 2697 1561 2766 sepulcro
1591 2699 1978 2772 conditusfest.
2001 2701 2070 2755 ad

479 2767 688 2858 inferos
714 2771 1018 2844 descendit,
1042 2779 1173 2835 inde
1194 2799 1287 2837 eos
1299 2801 1438 2855 quos
1455 2787 1558 2840 sub
1576 2796 1801 2858 peccato
1820 2767 2074 2845 venditos

483 2855 795 2916 horrendus
830 2866 1025 2920 mundi
1052 2869 1310 2942 princeps
1337 2874 1550 2929 vinctos
1571 2855 1817 2942 tenebat,
1861 2880 2068 2934 eduxit.

483 2946 761 3037 Quidnam
795 2951 968 3023 igitur
994 2956 1125 3012 hinc
1161 2960 1484 3019 detrimenti
1513 2967 1662 3032 tulit,
1696 2968 1842 3037 quod
1873 2985 1938 3022 eo
1967 2986 2072 3024 no-

481 3036 634 3130 mine
651 3055 776 3094 eum
795 3043 1004 3099 cavillis
1029 3046 1290 3104 insectari
1311 3052 1540 3108 videris?
1564 3056 1651 3110 An
1673 3036 1783 3111 non
1804 3058 2074 3130 perspicis

2153 1895 2556 1964 hominumque
2577 1898 2861 1948 amantem
2875 1893 3054 1946 Deum
3071 1890 3322 1945 venerari
3340 1889 3456 1960 (qui
3464 1887 3746 1956 justitiam

2153 1987 2402 2051 mandat,
2435 1984 2835 2040 continentiam
2866 1980 3135 2054 prmcipit,
3167 1979 3472 2051 puritatem
3504 1977 3752 2048 praescri-

2152 2075 2248 2140 bit,
2276 2077 2345 2131 ad
2376 2073 2816 2130 misericordiam
2847 2086 3189 2143 propensum
3218 2085 3346 2123 esse
3372 2069 3554 2132 docet,
3579 2067 3746 2120 ﬁdem

2153 2165 2580 2238 prabet,pacem
2609 2162 2891 2235 praedicat,
2917 2161 3160 2233 ipsamet
3187 2159 3392 2213 veritas
3421 2161 3477 2210 et
3495 2154 3752 2208 nomina-

2152 2263 2248 2312 tur
2267 2262 2324 2310 et
2341 2261 2443 2319 est,
2470 2255 2711 2326 ipsemet
2729 2251 3014 2319 charitas),
3034 2251 3182 2306 hunc
3198 2251 3430 2319 inquam
3461 2242 3747 2306 venerari;

2153 2363 2225 2400 an
2256 2352 2452 2400 contra
2473 2341 2757 2414 improbos
2802 2349 2857 2397 et
2889 2339 3145 2414 plurimis
3174 2335 3404 2407 ﬂagitiis
3442 2333 3746 2397 devinctos,

2154 2454 2218 2491 ac
2245 2445 2363 2490 tam
2389 2435 2552 2490 rebus
2574 2435 2710 2506 ipsis
2736 2450 2904 2505 quam
2933 2427 3256 2485 nominibus
3276 2425 3450 2480 foedos
3480 2429 3539 2477 et
3559 2421 3749 2476 obsce-

2155 2543 2256 2581 nos
2283 2527 2418 2580 deos
2446 2525 2612 2580 tuos?
2636 2525 2727 2580 Vae
2748 2522 2920 2585 vobis,
2949 2537 2982 2574 o
3011 2518 3160 2573 saxis
3185 2515 3462 2579 duriores,
3495 2516 3555 2566 et
3570 2509 3750 2564 brutis

2151 2617 2509 2682 amentiores,
2527 2620 2695 2684 atque
2716 2611 2869 2666 exitii
2885 2610 3003 2676 ﬁlii,
3019 2625 3085 2663 ac
3095 2605 3456 2663 tenebrarum
3477 2600 3748 2656 hanredes.

2154 2709 2359 2762 Beatus
2384 2713 2573 2760 autem
2602 2720 2704 2773 ego
2743 2718 2808 2756 ac
2831 2697 3133 2755 Christiani
3163 2711 3375 2758 omnes,
3411 2692 3510 2763 qui
3539 2689 3746 2744 bonum

2154 2813 2219 2850 ac
2240 2795 2543 2864 benignum
2566 2794 2743 2848 Deum
2765 2789 3054 2844 habemus.
3070 2787 3215 2842 Nam
3231 2783 3328 2856 qui
3346 2782 3398 2836 ei
3419 2781 3638 2836 cultum
3659 2778 3748 2832 ad-

2155 2884 2368 2946 hibent,
2392 2883 2612 2938 etiamsi
2630 2881 2700 2935 ad
2727 2880 2892 2934 breve
2917 2876 3140 2948 aliquod
3167 2879 3393 2944 tempus
3412 2871 3473 2925 in
3503 2870 3614 2924 hac
3639 2867 3748 2921 vita

2153 2973 2322 3030 rebus
2343 2972 2590 3027 adversis
2619 2970 3030 3033 conﬂictentur,
3053 2970 3114 3020 at
3139 2961 3524 3019 immortalem
3555 2967 3744 3013 tamen

2153 3062 2428 3119 mercedis
2455 3061 2699 3116 fructum
2727 3059 2785 3114 in
2806 3056 3158 3128 sempiternae
3186 3070 3253 3109 ac
3281 3051 3486 3106 divina:
3512 3048 3746 3103 beatitu-

477 3123 705 3224 in-quot
729 3130 876 3186 Γαιάῆ
903 3140 958 3188 et
979 3135 1217 3193 obscena
1246 3140 1367 3196 loca
1393 3144 1577 3199 radios
1607 3163 1739 3200 suos
1763 3123 1844 3202 sol
1874 3123 2073 3203 de'mit-
2092 3153 2303 3224 Cdinis
2331 3168 2505 3222 regno
2536 3149 2864 3222 percipient.

479 3221 580 3305 tat,
637 3227 884 3292 quotque
923 3224 1096 3281 fetida
1139 3230 1412 3286 cadavera
1446 3234 1794 3305 conspiciat?
1821 3238 1908 3292 An
1941 3238 2072 3294 hinc

478 3304 660 3397 labem
684 3309 932 3382 aliquam
955 3319 1262 3373 contrahit?
1287 3321 1375 3375 An
1394 3339 1504 3376 non
1528 3304 1713 3394 potius
1737 3342 1936 3397 eaquae
1957 3345 2074 3382 sor-

479 3395 611 3487 dida
633 3415 698 3453 ac
715 3402 912 3470 putida
936 3412 1068 3461 sunt
1095 3409 1337 3464 exsiccet
1363 3416 1533 3482 atque
1561 3395 1912 3485 constringit,
1945 3433 2072 3487 quas

478 3486 782 3585 caliginosa
797 3498 930 3548 sunt
949 3494 1248 3564 illuminat,
1265 3506 1436 3571 atque
1453 3502 1680 3557 interim
1703 3504 1821 3574 ipse
1841 3486 2071 3576 prorsus

476 3577 772 3634 incolumis
791 3597 856 3634 ac
879 3582 1017 3638 labis
1037 3587 1220 3642 omnis
1233 3605 1430 3660 expers
1450 3598 1642 3646 manet
1660 3593 1784 3647 7An
1804 3611 1914 3648 non
1934 3595 2070 3648 item

477 3663 626 3736 ignis
655 3667 889 3736 ferrum,
923 3675 1071 3744 quod
1101 3691 1204 3730 sua
1230 3685 1434 3734 natura
1463 3681 1688 3751 nigrum
1718 3699 1783 3736 ac
1802 3683 2070 3753 frigidum

476 3760 578 3820 est,
612 3773 922 3828 assumens,
950 3779 1180 3833 prorsus
1197 3766 1514 3824 inﬂammat
1541 3778 1711 3842 atque
1738 3773 2066 3840 madefecit,

476 3861 578 3899 nec
607 3846 833 3904 interim
855 3851 988 3906 ferri
1015 3856 1387 3926 proprietates
1409 3860 1523 3915 ulla
1547 3878 1612 3915 ex
1638 3868 1796 3932 parte
1825 3864 2071 3934 recipit?

476 3934 603 3990 Non
629 3938 782 3992 enim
810 3955 875 3994 eo
895 3943 1112 3998 malleis
1143 3955 1374 4003 contuso
1402 3949 1614 4021 aliquid
1637 3953 1951 4023 perpetitur
1971 3959 2074 4010 aut

481 4023 802 4082 detrimenti
827 4031 1130 4102 quidquam
1161 4037 1380 4108 accipit.

551 4114 821 4178 Quocirca
856 4119 904 4174 si
931 4121 1049 4176 haec
1087 4141 1208 4194 quae
1237 4132 1428 4182 creata
1454 4132 1603 4194 sunt,
1636 4146 1873 4201 eamque
1901 4137 2070 4188 natu-

479 4215 601 4256 ram
633 4203 843 4262 habent
871 4214 936 4263 ut
956 4210 1258 4282 aliquando
1283 4215 1582 4282 intereant,
1618 4235 1685 4272 ex
1718 4219 1976 4276 viliorum
2006 4238 2071 4276 ac

481 4289 822 4350 deteriorum
841 4313 1033 4353 rerum
1052 4303 1381 4372 contagione
1403 4306 1556 4360 nullo
1587 4307 1936 4364 incommodo
1953 4311 2070 4366 afﬁ-

479 4380 720 4448 ciuntur,
748 4389 1098 4456 quatandem
1127 4392 1363 4459 ratione,
1388 4410 1421 4448 o
1445 4395 1646 4450 stolide
1667 4413 1730 4451 ac
1757 4415 1926 4453 saxeo
1945 4417 2069 4455 cor-

2225 3241 2373 3297 Dixit
2389 3247 2577 3296 autem
2599 3239 2669 3294 ad
2682 3255 2810 3292 eum
2823 3235 3084 3292 Theudae
3100 3252 3112 3287 :
3127 3233 3212 3290 En
3229 3231 3369 3288 illud
3388 3229 3744 3302 perspicuum

2153 3339 2256 3398 est,
2277 3332 2485 3386 multos
2504 3336 2562 3384 et
2580 3344 2813 3399 magnos
2834 3332 2891 3382 et
2913 3325 3195 3396 sapientes
3214 3321 3358 3376 viros
3377 3325 3554 3391 atque
3579 3319 3744 3373 inter-

2153 3429 2356 3494 pretes,
2381 3437 2446 3475 ac
2465 3425 2587 3474 tum
2614 3419 2821 3473 virtute
2840 3422 2962 3471 tum
2977 3413 3233 3470 doctrina
3260 3409 3644 3471 admirabiles,
3667 3424 3745 3461 re-

2151 3513 2421 3583 ligionem
2445 3518 2696 3564 nostram
2723 3506 3054 3570 instituisse,
3079 3518 3384 3573 omnesque
3406 3499 3560 3554 orbis
3585 3505 3744 3554 terra:

2151 3619 2313 3672 reges
2331 3618 2396 3656 ac
2416 3599 2694 3672 principes
2715 3613 2840 3652 eam
2860 3601 2923 3651 ut
2938 3594 3263 3667 praeclaram
3290 3597 3460 3662 atque
3479 3589 3638 3644 omni
3657 3605 3744 3660 pe-

2152 3692 2327 3746 riculo
2353 3705 2581 3744 vacuam
2610 3686 2916 3758 excepisse;
2939 3683 3297 3739 Galilaeorum
3320 3685 3520 3735 contra
3539 3677 3742 3733 doctri-

2152 3798 2284 3836 nam
2303 3779 2540 3834 rusticos
2568 3777 2841 3849 quosdam
2860 3791 2925 3829 ac
2948 3788 3222 3846 pauperes
3244 3776 3301 3825 et
3314 3769 3564 3840 abjectos
3578 3767 3740 3829 viros,

2153 3886 2359 3941 eosque
2388 3884 2711 3940 perpaucos,
2734 3882 2837 3920 nec
2851 3865 3038 3936 plures
3067 3877 3236 3938 quam
3263 3858 3580 3925 duodecim,
3612 3874 3743 3929 prae-

2152 3959 2385 4013 dicasse.
2409 3959 2555 4012 Num
2587 3956 2761 4027 igitur
2780 3953 3112 4025 ignobilium
3138 3968 3205 4008 ac
3230 3950 3572 4006 rusticorum
3601 3963 3738 4020 prai—

2152 4048 2358 4103 dicatio
2400 4047 2708 4102 multorum
2752 4061 2819 4099 ac
2858 4058 3191 4114 magnorum
3231 4041 3504 4100 virorum.
3539 4037 3740 4110 quique

2150 4143 2312 4194 tanta
2334 4136 2622 4210 sapientiae
2653 4135 2818 4192 laude
2847 4135 3180 4198 ﬂoruerunt,
3215 4130 3433 4202 legibus
3455 4135 3631 4200 atque
3658 4130 3739 4183 in-

2151 4227 2364 4283 stitutis
2393 4226 2578 4298 potior
2605 4225 2861 4280 habenda
2875 4223 2995 4277 est?
3020 4223 3167 4287 Quid
3186 4227 3376 4277 autem
3403 4219 3580 4274 habes
3599 4218 3742 4276 unde

2151 4317 2253 4372 hos
2280 4333 2409 4371 vera
2435 4315 2637 4380 dicere,
2666 4315 2791 4369 illos
2818 4311 3046 4368 mentiri
3073 4310 3462 4366 demonstres?

2221 4407 2464 4461 Rursum
2493 4405 2668 4475 igitur
2695 4403 2844 4474 regis
2870 4402 3018 4457 ﬁlius
3045 4399 3360 4472 respondit:
3383 4399 3596 4454 Asinus
3614 4416 3693 4465 es,
3710 4415 3740 4452 o

476 4471 546 4526 de
577 4475 826 4546 praedite,
851 4477 1086 4533 irridere
1116 4497 1204 4535 me
1232 4481 1437 4538 idcirco
1457 4485 1648 4549 audes,
1692 4487 1841 4558 quod
1869 4489 2071 4545 Filium
2089 4491 2404 4560 DTheuda,
2432 4503 2498 4550 ut
2517 4471 2632 4550 dici
2661 4471 2820 4558 solet,
2845 4493 3026 4564 lyram
3052 4471 3287 4546 audiens
3313 4489 3437 4556 115),
3463 4494 3639 4561 atque
3666 4489 3740 4544 in-

477 4578 541 4615 ac
562 4563 740 4619 Deum
759 4566 1004 4622 Verbum
1025 4586 1058 4623 a
1073 4576 1310 4640 paterna
1321 4573 1500 4643 gloria
1517 4575 1670 4630 nullo
1687 4577 1850 4632 modo
1870 4579 2073 4635 disces-

477 4652 637 4718 sisse,
667 4657 766 4711 sed
807 4673 935 4712 cum
973 4659 1123 4714 Deus
1169 4669 1332 4726 esset,
1388 4664 1648 4720 humana:
1675 4667 1874 4722 salutis
1901 4685 2071 4724 causa

476 4758 680 4813 corpus
712 4746 1024 4803 humanum
1069 4753 1435 4824 assumpsisse
1465 4754 1668 4822 dicam,
1703 4761 1768 4811 ut
1815 4757 2071 4814 homines

478 4831 678 4888 divinae
703 4850 769 4890 ac
797 4837 1109 4908 spiritualis
1140 4847 1356 4897 natura:
1370 4845 1668 4917 participes
1691 4847 1958 4913 eﬂiceret,
1974 4865 2072 4904 no-

479 4927 768 4994 stramque
795 4925 1164 4984 substantiam
1191 4947 1256 4985 ex
1273 4932 1654 4990 subterraneis
1671 4936 1874 4991 inferni
1894 4938 2070 5008 parti-

480 5011 584 5068 bus
615 5014 896 5082 eductam,
925 5017 1135 5073 coelesti
1176 5020 1358 5090 gloria
1387 5030 1700 5090 exomaret,
1735 5031 1906 5098 atque
1934 5027 2068 5082 item

478 5108 543 5158 ut
583 5103 946 5160 tenebrarum
993 5107 1162 5178 hujus
1199 5111 1386 5166 saeculi
1424 5113 1752 5186 principem,
1799 5123 2071 5188 susceptae

477 5193 665 5249 carnis
691 5199 964 5267 tanquam
989 5196 1267 5254 illecebris
1287 5200 1619 5272 quibusdam
1640 5204 1952 5261 inescatum
1981 5225 2072 5264 su-

477 5289 718 5352 peraret,
749 5301 1041 5358 genusque
1060 5294 1316 5344 nostrum
1336 5307 1400 5346 ex
1419 5291 1596 5363 ipsius
1615 5295 1883 5350 servitute
1903 5313 1969 5352 ac
1985 5303 2072 5370 ty-

479 5374 716 5430 rannide
728 5374 1020 5432 liberaret?
1033 5378 1190 5434 Unde
1204 5380 1376 5435 etiam
1391 5383 1572 5439 crucis
1591 5389 1934 5442 tormentum
1949 5388 2071 5444 sine

481 5464 842 5532 perpessione
869 5465 1058 5534 subiit,
1099 5468 1242 5525 duas
1276 5469 1537 5526 videlicet
1563 5490 1694 5529 suas
1723 5481 1955 5532 naturas
1979 5479 2072 5533 de-

481 5549 718 5608 clarans.
751 5555 828 5611 Ut
854 5556 1004 5612 enim
1033 5557 1203 5614 homo
1232 5560 1292 5615 in
1327 5577 1550 5618 crucem
1577 5566 1783 5636 agitur,
1829 5573 1895 5624 ut
1921 5568 2070 5624 Deus

483 5643 674 5696 autem
685 5642 792 5699 soli
810 5645 1078 5706 tenebras
1093 5649 1352 5720 offundit,
1379 5657 1591 5712 terram
1610 5657 1884 5729 quatit,»
1892 5660 2074 5717 multa

2151 4586 2408 4640 tellectus
2452 4600 2648 4655 expers
2686 4597 2920 4638 manens
2950 4599 2966 4649 ;
2995 4581 3102 4646 vel,
3147 4584 3213 4636 ut
3259 4579 3466 4636 rectius
3526 4579 3736 4652 loquar,

2152 4673 2320 4745 aspis,
2349 4689 2516 4728 aures
2540 4671 2828 4737 obturans,
2858 4686 2930 4725 ne
2949 4668 3642 4741 praeclareincantantium
3662 4686 3745 4723 vo-

2151 4780 2273 4818 cem
2301 4762 2564 4818 exaudias
2595 4764 2758 4828 (Psal.
2793 4764 2942 4826 LVII).
2973 4759 3142 4816 Recte
3173 4757 3346 4828 igitur
3372 4757 3443 4812 de
3469 4761 3528 4813 te
3559 4775 3596 4812 a
3620 4775 3742 4830 pro-

2153 4854 2323 4926 pheta
2341 4853 2553 4908 dictum
2577 4856 2694 4906 est:
2723 4850 2781 4905 Si
2811 4854 3034 4906 mutare
3061 4853 3232 4920 queat
3256 4846 3514 4918 Ethiops
3542 4849 3744 4918 pellem

2153 4959 2333 5009 suam,
2361 4958 2426 4997 ac
2455 4945 2652 5008 390
2673 4939 2884 5012 pardus
2911 4938 3211 4996 varietates
3245 4952 3400 5002 suas,
3430 4941 3496 4992 tu
3525 4954 3745 5010 quoque

2153 5033 2322 5087 stulte
2352 5038 2410 5086 et
2435 5048 2596 5096 caece,
2617 5029 2942 5085 benefacere
2966 5027 3196 5100 poteris,
3211 5043 3337 5084 cum
3357 5025 3509 5082 mala
3536 5027 3744 5083 didice-

2153 5123 2250 5178 ris.
2297 5122 2443 5187 Quin
2477 5127 2535 5177 te
2571 5120 2654 5176 vis
2697 5119 2952 5174 veritatis
2996 5133 3165 5174 sensu
3192 5116 3408 5173 afﬁcit?
3448 5116 3598 5172 Nam
3647 5119 3745 5174 hoc

2151 5211 2334 5282 ipsum
2347 5211 2494 5283 quod
2507 5211 2608 5276 ais,
2629 5226 2666 5266 a
2675 5208 2868 5265 multis
2879 5205 3194 5264 admirabili
3210 5205 3489 5278 sapientia
3497 5209 3743 5278 praeditis

2151 5301 2289 5356 viris
2325 5300 2568 5356 nefarios
2599 5306 2728 5355 tuos
2777 5299 2960 5354 cultus
3006 5295 3244 5362 laudari,
3275 5301 3444 5366 atque
3475 5313 3509 5350 a
3555 5297 3744 5352 multis
3777 5291 3781 5294 ’

2151 5390 2382 5460 regibus
2409 5388 2751 5456 conﬁrmari,
2783 5395 3090 5458 contraque
3126 5385 3513 5456 Evangelicam
3542 5387 3742 5458 praedi-

2151 5482 2429 5536 cationem
2471 5497 2505 5535 a
2529 5479 2741 5552 paucis,
2764 5478 2945 5550 iisque
2973 5475 3222 5532 obscuris
3259 5475 3395 5530 viris
3429 5476 3739 5546 priedicari,

2150 5569 2209 5626 id
2232 5585 2364 5626 vero
2381 5575 2508 5626 tum
2525 5569 2814 5642 religionis
2827 5573 3033 5624 nostris
3055 5566 3190 5634 vim,
3207 5569 3329 5624 tum
3357 5565 3741 5636 improborum

2153 5664 2468 5718 vestrumin
2501 5661 2832 5734 dogmatim
2867 5656 3310 5720 unhocﬂlitatom
3341 5671 3410 5713 ac
3435 5655 3742 5728 perniciem
