3868 6406
172 373 281 430 573

572 376 742 431 VITA
783 375 1223 433 SANCTORUM
1262 379 1608 436 BARLAAM
1650 379 1993 437 EREMITZE
2033 380 2120 436 ET
2157 379 2522 438 JOSAPHAT
2564 380 2793 437 lNDI/E
2830 377 3061 435 REGIS.

3354 373 3457 433 574

171 502 564 557 demonstrat:
596 502 804 576 quippe
834 519 962 558 cum
993 503 1249 559 doctrina
1277 511 1481 571 vestra,
1525 508 1780 579 quamvis
1792 509 1845 569 A
1862 523 2097 579 expone.
2132 507 2275 572 Quid
2306 507 2376 562 de
2420 507 2559 579 ipsis
2591 508 2739 579 quod
2775 506 3060 579 prmdices,
3108 502 3300 569 habes,
3349 502 3459 558 nisi

173 593 430 647 eruditos
457 598 721 664 patronos
751 611 817 648 ac
848 594 1039 648 ﬁrmos
1057 594 1343 665 adjutores
1374 596 1597 663 habeat,
1626 598 1778 651 debi-

174 682 376 735 litetur
406 689 595 737 tamen
619 689 676 738 et
694 683 1083 754 exstinguatur
1103 704 1116 752 ;
1134 690 1327 739 nostra
1347 691 1537 739 autem
1558 686 1773 757 religio,

172 770 311 825 licet
344 771 495 825 omni
519 772 765 826 humano
795 772 1044 827 subsidio
1075 779 1282 837 careat,
1315 775 1429 828 sole
1459 780 1651 829 tamen
1672 776 1778 830 cla-

172 860 297 914 rius
324 861 528 925 luceat,
559 862 864 932 orbemque
895 868 1075 916 totum
1105 864 1391 933 occuparit
1416 886 1426 918 :
1459 881 1587 918 nam
1632 865 1678 918 si
1709 864 1778 919 ab

174 950 499 1004 oratoribus
530 957 587 1005 et
611 951 955 1022 philosophis
983 952 1133 1005 edita
1160 952 1376 1015 fuisset,
1406 970 1679 1025 regesque
1716 970 1781 1008 ac

176 1040 462 1110 principes
486 1040 774 1111 adjutores
804 1040 1110 1108 habuisset,
1162 1042 1346 1096 dicere
1395 1043 1651 1109 fortasse,
1698 1043 1781 1096 vir

174 1127 453 1200 improbe,
488 1130 785 1201 potuisses,
816 1131 1125 1185 humanam
1151 1132 1460 1202 potentiam
1502 1133 1557 1187 id
1598 1139 1781 1187 totum

174 1219 529 1289 praestitisse.
552 1220 713 1274 Nunc
728 1237 856 1273 vero
878 1226 1131 1274 sanctum
1148 1221 1510 1292 Evangelinm
1532 1239 1565 1276 a
1583 1222 1783 1276 vilibus

176 1307 550 1378 piscatoribus
570 1309 965 1380 conscriptum,
992 1317 1161 1381 atque
1190 1309 1260 1364 ab
1289 1311 1548 1366 omnibus
1588 1317 1783 1383 tyran-

178 1397 274 1452 nis
302 1404 579 1464 vexatum,
606 1399 778 1453 nihilo
809 1404 998 1453 tamen
1022 1400 1203 1453 secius
1224 1405 1405 1454 totum
1431 1400 1622 1454 orbem
1645 1400 1785 1455 obti-

179 1503 319 1541 nere
350 1487 690 1559 perspiciens
722 1488 800 1555 (in
831 1505 1053 1543 omnem
1085 1490 1254 1555 enim,
1280 1490 1465 1561 inquit
1493 1490 1585 1544 ille
1614 1491 1779 1560 [PsaL

180 1590 322 1630 xvm
350 1595 362 1644 ;
397 1579 547 1631 Rom.
581 1577 656 1647 x],
686 1583 895 1631 terram
916 1578 1083 1632 exivit
1100 1595 1269 1633 sonus
1299 1595 1513 1643 eorum,
1543 1579 1676 1633 etin
1714 1580 1784 1632 ﬁ-

181 1681 285 1720 nes
312 1665 462 1720 orbis
482 1672 645 1722 terrae
664 1666 833 1720 verba
848 1672 1083 1733 eorum),
1109 1667 1240 1739 quid
1254 1669 1372 1739 jam
1402 1669 1555 1723 aliud
1600 1668 1784 1722 dicere

177 1755 382 1825 possis,
417 1772 585 1826 quam
607 1756 851 1810 divinam
882 1761 935 1811 et
967 1756 1231 1811 invictam
1282 1758 1593 1829 potentiam
1640 1774 1780 1822 esse,

1859 597 2202 651 dementiam
2256 614 2322 651 ac
2378 597 2807 669 turpitudinem,
2870 596 3212 666 inanemque
3251 599 3453 661 artem,

1857 686 2152 741 verborum
2184 687 2465 757 elegantia
2486 688 2690 741 foetida:
2738 703 2853 741 suae
2898 683 3185 756 religionis
3234 698 3452 739 ccenum

1858 782 2247 846 contegentem
2261 776 2285 830 ?

1932 867 2079 931 Quin
2108 867 2276 921 etiam
2310 883 2374 921 ex
2405 867 2583 938 poetis
2610 868 2741 932 tuis,
2782 867 3103 938 quicunque
3141 865 3211 919 ab
3243 864 3454 934 ingenti

1859 955 2049 1010 furore
2079 961 2247 1027 atque
2276 956 2496 1011 insania
2524 957 2611 1012 vel
2640 957 2921 1011 tantulum
2951 972 3235 1023 emergere
3257 962 3455 1024 potue-

1861 1051 2013 1111 runt,
2048 1045 2104 1100 id
2134 1047 2283 1117 quod
2310 1046 2500 1101 verius
2519 1051 2641 1100 erat
2673 1046 2958 1111 dixerunt,
2991 1062 3192 1116 nempe
3221 1062 3315 1099 eos
3361 1043 3455 1113 qui

1864 1135 1945 1189 dii
1995 1136 2351 1208 appellantur
2406 1136 2663 1191 homines
2706 1136 2999 1200 exstitisse,
3048 1152 3110 1189 ac
3163 1140 3459 1205 propterea

1866 1225 2014 1296 quod
2038 1225 2265 1296 quidam
2284 1241 2477 1278 eorum
2502 1224 2731 1278 urbibus
2754 1242 2820 1279 ac
2856 1224 3179 1291 regionibus
3216 1224 3460 1293 impera-

1865 1320 2016 1378 runt,
2037 1315 2264 1385 quidam
2284 1320 2471 1368 autem
2497 1314 2648 1368 aliud
2663 1314 2928 1385 quiddam
2942 1314 3147 1367 nullius
3162 1328 3324 1383 paene
3348 1328 3462 1364 mo-

1866 1402 2063 1469 menti,
2098 1403 2233 1457 dum
2261 1403 2524 1468 viverent,
2576 1404 2896 1468 effecerunt,
2950 1402 3205 1456 homines
3271 1416 3460 1454 errore

1864 1492 2070 1563 lapsos,
2112 1493 2346 1547 deorum
2388 1493 2614 1547 nomine
2656 1510 2750 1547 eos
2799 1492 3130 1564 appellasse.
3183 1488 3460 1559 Principio

1866 1582 2016 1637 enim
2039 1582 2377 1652 Seruch(16)
2423 1583 2514 1636 ille
2559 1588 2776 1637 statuas
2818 1582 3096 1636 invenisse
3142 1580 3459 1634 litterarum

1866 1670 2247 1725 monumentis
2266 1671 2522 1741 proditus
2542 1676 2644 1725 est.
2671 1670 2958 1740 Siquidem
2983 1687 3077 1723 eos
3099 1669 3191 1740 qui
3212 1665 3458 1737 antiqui-

1863 1765 1957 1815 tus
1978 1761 2061 1814 vel
2077 1761 2294 1814 strenui
2311 1760 2505 1826 animi,
2524 1761 2608 1814 vel
2629 1760 2907 1825 amicitiae,
2932 1760 3015 1813 vel
3037 1758 3350 1828 cujuspiam
3376 1755 3460 1809 a1-

176 1844 381 1897 salutis
409 1845 668 1899 humanm
693 1861 862 1899 causa
878 1845 1091 1900 cultum
1112 1862 1276 1900 suum
1308 1848 1736 1901 conﬁrmantem
1762 1835 2034 1904 therius
2063 1849 2286 1903 virtutis
2311 1866 2450 1921 opus
2464 1849 2739 1903 memoria
2756 1849 2988 1919 dignum
3011 1848 3335 1910 edidissent,
3351 1850 3461 1899 sta-

174 1932 406 2003 Eequod
431 1940 640 2001 autem,
670 1950 702 1988 o
730 1951 940 1999 vecors,
975 1942 1373 2006 argumentum
1402 1936 1470 1991 iis
1504 1953 1626 2008 quae
1658 1938 1781 2008 jam

172 2022 351 2075 allata
370 2029 503 2077 sunt
523 2023 881 2095 praestantius
902 2041 1124 2096 quiens,
1153 2042 1262 2096 quo
1279 2031 1405 2080 tuos
1424 2026 1671 2093 mentiri,
1686 2044 1782 2081 no-

171 2117 324 2166 stros
351 2129 479 2166 vera
510 2112 662 2183 loqui
689 2113 919 2184 probem
940 2114 1122 2168 7Nam
1154 2115 1261 2168 nisi
1290 2121 1389 2169 tua
1409 2115 1599 2169 omnia
1618 2132 1780 2187 nugm

172 2217 240 2254 ac
272 2202 541 2271 ﬁgmenta
571 2208 775 2267 essent,
810 2202 1056 2274 profeéto
1072 2221 1200 2258 cum
1229 2204 1404 2259 tantis
1424 2205 1686 2259 humanis
1706 2205 1782 2258 vi-

172 2290 334 2344 ribus
368 2291 640 2358 nitantur,
676 2292 1401 2348 minimeimminuerentur
1426 2311 1491 2348 ac
1521 2294 1781 2348 debilita-

174 2386 396 2433 rentur.
417 2381 543 2434 Vidi
562 2382 732 2449 enim,
765 2381 950 2452 inquit
969 2381 1081 2448 ille,
1107 2382 1339 2454 impium
1362 2384 1780 2454 supercxaltum

174 2475 235 2523 et
264 2470 542 2524 elevatum
560 2471 704 2525 sicut
719 2472 914 2525 cedros
934 2472 1162 2529 Libani:
1193 2478 1249 2526 et
1290 2473 1541 2538 transivi,
1570 2479 1628 2527 et
1656 2490 1779 2528 ecce

176 2576 294 2613 non
326 2565 483 2625 erat;
520 2559 745 2631 quaesivi
768 2578 917 2626 eum,
961 2567 1018 2615 et
1045 2578 1158 2615 non
1188 2568 1270 2616 est
1320 2562 1579 2616 inventus
1626 2563 1780 2617 locus

175 2650 306 2718 ejus
331 2651 491 2711 (Psal.
507 2651 715 2716 xxxvl).
739 2648 819 2703 De
842 2650 1013 2717 vobis,
1035 2650 1131 2722 qui
1159 2651 1343 2705 insani
1364 2651 1641 2706 idolorum
1663 2652 1782 2706 cul-

175 2744 272 2791 tus
300 2744 745 2809 propugnatores
790 2739 940 2796 estis.
974 2740 1091 2794 haec
1121 2740 1259 2795 dixit
1298 2741 1614 2812 Propheta:
1657 2742 1783 2796 Jam

169 2829 412 2898 jamque
442 2828 610 2894 enim,
653 2833 709 2882 et
736 2844 848 2882 non
876 2828 1195 2884 invenietur
1236 2830 1412 2901 ipsius
1448 2831 1639 2896 locus;
1686 2831 1780 2885 sed

176 2917 329 2971 sicut
346 2910 536 2971 deﬁcit
563 2917 768 2983 fumus,
802 2918 1040 2983 deﬁciet,
1071 2925 1127 2972 et
1147 2920 1622 2990 quemadmodum
1651 2921 1785 2975 deﬁ-

176 3007 257 3061 cit
287 3022 418 3060 cera
447 3023 481 3061 a
506 3007 643 3061 facie
670 3007 834 3078 ignis,
869 3008 946 3062 sic
970 3008 1223 3080 peribitis
1247 3013 1405 3078 (Psal.
1435 3014 1619 3078 vau).

254 3097 468 3150 Contra
497 3097 564 3150 de
606 3097 937 3167 Evangelica
977 3098 1079 3152 Dei
1122 3099 1438 3168 cognitione
1484 3099 1624 3153 dixit
1668 3100 1781 3154 Do-

1862 1939 1974 1994 tuis
2004 1956 2232 1993 ornasse
2252 1939 2480 1993 dicitur.
2505 1939 2720 1993 Posteri
2757 1944 2965 2003 autem,
2995 1938 3273 2008 majorum
3301 1950 3460 1988 mem-

1864 2034 1976 2083 tem
2007 2028 2352 2099 ignorantes,
2403 2044 2604 2099 nempe
2651 2028 2798 2099 quod
2849 2027 3132 2081 memoriae
3188 2026 3461 2079 duntaxat

1865 2134 2032 2173 causa
2062 2119 2131 2173 iis
2170 2119 2265 2191 qui
2295 2119 2460 2173 laude
2485 2118 2717 2189 dignum
2749 2117 2961 2188 aliquid
2992 2116 3304 2171 effecissent
3342 2121 3459 2167 sta-

1861 2213 1990 2262 tuas
2020 2214 2077 2262 et
2104 2208 2391 2262 columnas
2413 2208 2737 2273 erexissent,
2769 2206 3037 2261 daemonis
3065 2205 3181 2259 vitii
3215 2202 3459 2258 auctoris

1865 2313 2034 2367 opera
2054 2297 2326 2367 paulatim
2359 2297 2703 2361 aberrantes,
2737 2296 2992 2349 homines
3021 2295 3219 2349 iisdem
3248 2293 3460 2364 passio-

1862 2385 2027 2440 nibus
2058 2386 2323 2440 obnoxios
2352 2403 2416 2440 ac
2446 2386 2793 2457 corruptioni
2836 2385 3136 2455 subjectos,
3185 2389 3458 2453 tanquam

1860 2476 2208 2530 immortales
2246 2477 2379 2530 deos
2406 2477 2734 2539 adorarunt,
2782 2475 3166 2545 sacriﬁciaque
3216 2473 3354 2544 ipsis
3396 2488 3460 2525 ac

1862 2564 2131 2618 libamina
2189 2566 2621 2635 excogitarunt:
2683 2564 3030 2619 daemonibus
3086 2563 3343 2616 videlicet
3399 2562 3459 2616 in

1866 2654 2069 2709 statuis
2097 2654 2501 2717 habitantibus,
2536 2660 2705 2725 atque
2729 2653 3052 2724 hujusmodi
3096 2653 3367 2706 honorem
3404 2655 3461 2704 et

1865 2745 2140 2799 sacriﬁcia
2160 2745 2227 2798 ad
2252 2762 2371 2799 sese
2399 2744 2872 2816 pertrahentibus.
2900 2744 3191 2814 llliitaque
3229 2758 3324 2795 eos
3364 2741 3461 2812 qui

1864 2833 2044 2889 Deum
2075 2834 2133 2888 in
2164 2835 2367 2889 notitia
2395 2834 2600 2889 habere
2633 2834 2864 2888 minime
2902 2832 3144 2904 probant
3187 2834 3360 2899 (Rom.
3394 2834 3455 2896 Ι),

1866 2923 2073 2994 duplici
2104 2925 2173 2979 de
2221 2942 2393 2980 causa
2437 2930 2501 2978 ut
2545 2941 2605 2977 se
2646 2923 2782 2977 deos
2821 2940 2941 2977 esse
2997 2921 3318 2976 existiment
3359 2920 3461 2974 ad-

1865 3013 2114 3069 ducunt:
2155 3015 2353 3081 altera,
2397 3019 2461 3069 ut
2504 3011 2613 3085 ipsi
2663 3013 2767 3067 hoc
2814 3012 3041 3066 nomine
3087 3009 3457 3076 celebrentur,

1863 3103 2116 3174 gaudent
2136 3104 2284 3158 enim
2302 3104 2429 3176 ipsi,
2451 3107 2641 3175 utpote
2653 3102 2800 3156 fastu
2822 3107 2990 3173 atque
3006 3100 3328 3170 arrogantia
3342 3100 3461 3170 ple-

177 3186 399 3241 minus:
421 3186 639 3240 C(elum
653 3191 709 3241 et
721 3193 870 3241 terra
890 3186 1231 3254 transibunt,
1259 3188 1425 3242 verba
1444 3193 1632 3244 autem
1655 3206 1781 3243 mea
1801 3200 1845 3261 ο
1868 3193 1945 3259 ni,
1971 3209 2099 3246 cum
2130 3192 2266 3265 ipsis
2294 3198 2562 3265 tanquam
2596 3191 2702 3245 diis
2730 3192 2908 3245 honor
2936 3189 3205 3244 tribuitur
3229 3207 3240 3256 ;
3261 3188 3458 3253 altera,

177 3292 297 3329 non
322 3275 645 3330 transibunt
666 3278 837 3340 (Luca;-
864 3281 999 3345 XXI).
1024 3278 1102 3332 Ac
1130 3294 1356 3333 rursum
1388 3279 1670 3350 Propheta
1695 3278 1782 3332 his

180 3364 374 3419 verbis
401 3365 608 3419 utitur:
644 3366 708 3420 In
729 3366 1004 3438 principio
1026 3372 1109 3432 tu,
1136 3366 1393 3433 Domine,
1428 3373 1638 3422 terram
1656 3367 1783 3422 fun-

178 3454 354 3521 dasti,
388 3461 444 3508 et
463 3472 634 3526 opera
653 3472 921 3510 manuum
939 3462 1163 3511 tuarum
1190 3463 1321 3511 sunt
1342 3458 1483 3511 coeli.
1508 3458 1621 3528 Ipsi
1642 3457 1786 3529 peri-

180 3544 348 3609 bunt,
381 3549 443 3598 tu
473 3550 661 3598 autem
681 3562 996 3616 permanes,
1035 3552 1091 3600 et
1105 3563 1298 3601 omnes
1321 3547 1465 3601 sicut
1485 3547 1785 3601 vestimen-

178 3640 308 3689 tum
344 3639 705 3689 veterascent.
741 3636 811 3689 Et
836 3634 980 3689 sicut
1008 3636 1355 3707 Opertorium
1396 3636 1639 3691 mutabis
1669 3654 1782 3704 eos,

183 3730 243 3778 et
274 3722 685 3789 mutabuntur;
717 3729 780 3778 tu
806 3732 997 3779 autem
1026 3725 1176 3778 idem
1206 3725 1325 3796 ipse
1350 3743 1428 3790 es,
1453 3732 1511 3779 et
1542 3726 1674 3779 anni
1708 3726 1788 3779 tui

183 3831 303 3868 non
335 3812 597 3867 deﬁcient
625 3816 790 3881 (Psal.
826 3819 921 3882 CI).
947 3815 1027 3868 Ac
1062 3814 1234 3868 divini
1265 3814 1487 3885 quidem
1519 3816 1788 3869 adventus

185 3902 401 3959 Christi
428 3919 728 3973 praecones,
755 3908 812 3957 et
837 3903 1117 3974 sapientes
1138 3904 1287 3958 orbis
1308 3910 1588 3958 terrarum
1617 3904 1791 3975 pisca-

183 3998 362 4056 tores,
399 3992 494 4063 qui
519 4009 584 4045 ex
609 3993 813 4047 erroris
842 4009 905 4047 ac
926 3993 1139 4047 fraudis
1164 3994 1423 4064 voragine
1459 4011 1654 4047 omnes
1692 4011 1788 4048 ex-

185 4086 489 4137 traxerunt
513 4086 670 4151 (quos
698 4081 925 4153 quidem
948 4088 1030 4148 tu,
1066 4083 1161 4153 qui
1188 4084 1400 4154 peccati
1432 4100 1559 4137 vere
1598 4100 1790 4138 servus

185 4190 267 4235 es,
303 4170 625 4241 aspernaris
647 4187 712 4224 ac
739 4171 897 4225 nihili
917 4172 1156 4243 pendis),
1188 4190 1289 4243 per
1310 4173 1471 4243 signa
1500 4179 1557 4227 et
1601 4173 1792 4244 prodi-

184 4262 283 4333 gia
316 4260 451 4315 solis
479 4260 658 4314 instar
685 4260 743 4314 in
767 4261 979 4316 mundo
1008 4262 1304 4323 fulserunt,
1324 4263 1479 4317 cmcis
1508 4263 1794 4317 lucemdo-

186 4356 416 4416 nantes,
450 4350 635 4404 surdis
665 4350 943 4418 auditum,
978 4351 1191 4406 claudis
1218 4368 1496 4423 gressum,
1556 4352 1793 4407 mortuis

186 4441 436 4512 denique
464 4440 635 4493 vitam
667 4441 1073 4511 impertientes.
1107 4442 1251 4496 Nam
1275 4442 1358 4497 vel
1376 4459 1572 4497 eorum
1596 4443 1797 4496 dunta-

1865 3286 1990 3349 32
2009 3289 2040 3345 Ι
2083 3288 2148 3335 ut
2177 3300 2271 3336 eos
2302 3299 2440 3353 quos
2464 3282 2524 3336 in
2553 3280 2806 3334 fraudem
2830 3278 3235 3334 induxerintad
3254 3293 3463 3349 praepa-

1866 3376 2053 3425 ratum
2082 3371 2186 3426 sibi
2217 3372 2623 3442 sempiternum
2638 3370 2826 3440 ignem
2859 3369 3105 3423 trahant.
3140 3367 3328 3439 quue
3358 3384 3461 3423 no-

1867 3462 2018 3515 mine
2051 3461 2201 3515 omni
2224 3461 2420 3531 ﬂagitii
2445 3478 2508 3514 ac
2528 3459 2893 3530 turpitudinis
2913 3475 3121 3529 genere
3160 3458 3310 3529 ipsos
3333 3474 3463 3512 eru-

1868 3551 2112 3618 dicrunt,
2131 3551 2269 3604 adeo
2290 3556 2558 3604 uteorum
2578 3549 2943 3620 fraudiatque
2958 3548 3278 3618 imposturae
3291 3548 3464 3602 semel

1870 3640 2076 3695 addicti
2103 3640 2377 3706 homines,
2414 3639 2619 3693 mentis
2646 3638 2891 3692 tenebris
2921 3637 3262 3702 circumfusi,
3295 3643 3465 3708 atque

1870 3730 1940 3783 ad
1964 3730 2239 3783 malorum
2272 3729 2637 3799 colophonem
2665 3726 2971 3792 venientes,
2988 3726 3075 3780 sui
3092 3726 3328 3796 quisque
3348 3725 3466 3779 vitii

1871 3835 1935 3872 ac
1962 3835 2075 3872 sua:
2100 3818 2422 3889 cupiditatis
2444 3823 2688 3871 statuam
2712 3816 2951 3882 ﬁxerint,
2990 3815 3271 3885 deumque
3293 3813 3469 3869 nomi-

1872 3908 2079 3962 narint.
2110 3908 2231 3971 Qua
2263 3906 2489 3978 quidem
2519 3907 2578 3961 in
2609 3923 2689 3972 re,
2722 3922 2848 3959 cum
2889 3904 3096 3960 erroris
3124 3904 3212 3958 sui
3240 3904 3468 3958 nomine

1872 3995 2197 4051 exsecrandi
2226 3996 2356 4061 sint,
2389 4001 2509 4049 tum
2523 4012 2651 4049 vero
2680 3994 2750 4048 ob
2765 4010 2957 4047 earum
2977 4009 3168 4047 rerum
3183 4008 3322 4063 quas
3339 3992 3468 4045 ado-

1872 4091 2003 4140 rant
2047 4085 2450 4139 absurditatem
2493 4084 2695 4155 majori
2735 4083 3115 4137 exsecratione
3162 4083 3360 4153 dignos
3407 4099 3467 4135 se

1874 4174 2253 4247 praebuerunt.
2290 4174 2352 4230 Id
2384 4179 2572 4228 autem
2603 4174 2800 4228 tandiu
2834 4174 3017 4228 locum
3036 4171 3251 4238 habuit,
3285 4170 3469 4243 quoad

1874 4265 2147 4319 Dominus
2166 4281 2266 4336 per
2288 4264 2498 4318 viscera
2511 4263 2906 4318 misericordiae
2929 4279 3045 4318 sua
3058 4278 3159 4317 nos
3180 4262 3275 4333 qui
3294 4261 3470 4332 ipsius

1876 4355 1985 4409 ﬁde
2013 4354 2231 4426 praediti
2256 4371 2470 4420 sumus,
2494 4372 2559 4408 ex
2582 4352 2833 4425 improbo
2864 4369 2929 4406 ac
2962 4352 3227 4423 pestifero
3271 4351 3472 4422 hujus-

1877 4445 2029 4499 modi
2040 4461 2231 4499 errore
2245 4443 2520 4501 liberavit.
2538 4460 2779 4513 veraque
2791 4441 2890 4496 Dei
2909 4441 3231 4512 cognitione
3246 4438 3469 4494 imbuit.

188 4539 290 4587 xat
319 4529 533 4585 umbrae
573 4546 768 4585 omnes
806 4530 1097 4585 hominum
1141 4531 1365 4587 morbos
1420 4531 1796 4603 proﬁigabant
1814 4524 2072 4605 DNeque
2101 4533 2248 4589 enim
2270 4533 2330 4587 in
2348 4533 2458 4587 alio
2480 4532 2593 4586 ullo
2614 4532 2767 4585 salus
2805 4535 2907 4595 est,
2932 4546 3034 4583 nec
3065 4533 3271 4600 praeter
3288 4528 3474 4599 ipsum

193 4625 339 4689 (εισι.
377 4626 449 4689 v).
482 4621 773 4675 Daemones
804 4637 942 4692 quos
972 4637 1067 4675 vos
1096 4626 1160 4676 ut
1189 4622 1322 4676 deos
1365 4622 1634 4686 metuitis,
1681 4638 1795 4676 non

190 4711 366 4768 modo
386 4709 455 4765 ab
472 4710 730 4765 humanis
753 4709 1079 4782 corporibus
1107 4709 1479 4782 depellebant,
1505 4712 1600 4765 sed
1625 4711 1795 4765 etiam

193 4800 380 4856 crucis
409 4800 568 4871 signo
598 4817 663 4853 ex
680 4799 801 4871 ipso
820 4805 1101 4855 terrarum
1127 4800 1260 4855 orl-e
1280 4799 1584 4871 fugabant:
1634 4801 1795 4870 cujus

194 4908 304 4964 ope
335 4895 504 4962 atque
534 4888 860 4960 adjumento
891 4907 1115 4945 omnem
1138 4890 1364 4963 quidem
1389 4888 1634 4960 magiam
1650 4889 1797 4943 dele-

190 4986 421 5044 verunt,
440 4979 817 5050 veneﬁciaque
833 4980 1022 5034 omnia
1032 4980 1193 5034 irrita
1215 4979 1600 5034 reddiderunt.
1614 4979 1797 5050 Atque

190 5071 278 5125 illi
309 5069 537 5142 quidem
568 5069 815 5123 humana
832 5069 1162 5124 inﬁrmitate
1179 5086 1280 5142 per
1305 5069 1511 5124 Christi
1533 5068 1797 5122 virtutem

195 5161 267 5215 ad
300 5160 453 5214 hunc
488 5159 719 5214 modum
747 5159 948 5223 sanati,
974 5158 1251 5230 rebusque
1281 5158 1539 5214 omnibus
1559 5157 1796 5214 conditis

195 5248 503 5310 renovatis.
533 5254 805 5319 tanquam
825 5248 1075 5303 veritatis
1102 5265 1383 5321 przezones
1432 5247 1504 5304 ab
1539 5247 1797 5303 omnibus

194 5340 265 5395 iis
288 5339 386 5411 qui
408 5338 683 5410 sapientia
699 5339 920 5412 prmditi
934 5346 1067 5394 sunt
1082 5339 1404 5406 laudantur,
1423 5338 1805 5394 admirationi-

198 5448 309 5503 que
337 5430 635 5485 habentur.
654 5429 798 5495 Quid
818 5436 1008 5485 autem
1022 5429 1368 5502 babes,quod
1380 5431 1449 5485 de
1460 5429 1805 5501 sapientibus

200 5526 375 5591 atque
386 5519 699 5575 oratoribus
710 5519 843 5580 tuis.
861 5536 1100 5593 quorum
1121 5520 1271 5576 Deus
1295 5520 1630 5591 sapientiam
1662 5519 1805 5574 stul-

199 5615 320 5666 tam
331 5609 480 5676 fecit,
494 5610 563 5666 de
581 5610 715 5678 illis,
732 5610 987 5685 inquam,
1005 5609 1212 5667 diaboli
1221 5609 1474 5682 patronis
1485 5609 1801 5665 inmedium

202 5700 441 5758 afferas?
460 5699 607 5768 Quid
624 5700 903 5762 memoria
930 5699 1165 5776 dignum
1202 5700 1413 5761 munde
1449 5699 1799 5777 reliquerint,

1878 4623 2059 4677 solum
2085 4622 2181 4694 qui
2210 4622 2483 4675 mundum
2524 4620 2725 4685 effecit,
2774 4635 2838 4672 ac
2878 4617 3099 4672 virtutis
3141 4633 3255 4672 suae
3306 4615 3472 4671 verbo

1878 4710 2065 4765 omnia
2078 4715 2267 4782 portat
2285 4712 2462 4777 (Hebr.
2494 4710 2550 4775 ι),
2578 4708 2721 4762 alius
2738 4707 2874 4762 deus
2904 4711 3003 4761 aut
3030 4705 3089 4760 in
3106 4700 3261 4760 'coelo
3289 4710 3388 4760 aut
3414 4705 3473 4760 in

1877 4805 2031 4854 terra
2081 4804 2184 4853 est.
2232 4797 2415 4852 Verbo
2463 4797 2614 4851 enim
2658 4795 2901 4861 Domini,
2950 4795 3136 4867 inquit
3182 4782 3295 4863 ille;
3350 4795 3473 4850 cceli

1878 4890 2087 4944 ﬁrmati
2113 4893 2264 4953 sunt,
2289 4893 2343 4943 et
2378 4887 2580 4960 spiritu
2616 4886 2730 4941 oris
2777 4887 2899 4958 ejus
2949 4886 3131 4942 omnis
3177 4886 3359 4940 virtus
3387 4902 3476 4940 eo-

1880 4996 2004 5035 rum
2038 4982 2201 5047 (Psal.
2253 4986 2451 5045 xxxii);
2505 4982 2675 5048 atque
2721 4976 2913 5030 omnia
2957 4993 3058 5048 per
3095 4976 3279 5047 ipsum
3329 4974 3477 5030 facta

1880 5075 2029 5134 sunt,
2065 5073 2123 5124 ct
2150 5067 2270 5122 sine
2299 5067 2418 5139 ipso
2448 5067 2659 5121 factum
2692 5071 2778 5120 est
2807 5066 2946 5121 nihil
2977 5066 3127 5137 quod
3152 5065 3360 5119 factum
3388 5069 3478 5118 est

1878 5162 2061 5231 (Joan.
2088 5161 2149 5227 ι).

1949 5249 2207 5306 Theudas
2236 5252 2426 5302 autem
2455 5263 2583 5302 cum
2611 5247 2730 5302 haec
2759 5245 2928 5301 verba
2950 5244 3272 5308 audivisset,
3305 5249 3476 5315 atque

1878 5340 1974 5411 huj
1982 5338 2202 5394 usmodi
2229 5354 2376 5392 serm
2386 5353 2547 5392 onem
2579 5336 2845 5391 divinitus
2872 5335 3059 5390 infusa
3075 5332 3351 5405 sapientia
3363 5333 3477 5404 ple.

1877 5446 2015 5485 num
2036 5446 2155 5485 esse
2167 5434 2437 5495 cerneret,
2452 5433 2721 5497 tanquam
2744 5425 2983 5479 tonitrui
2999 5439 3136 5478 sono
3159 5422 3479 5493 perculsus,

1879 5520 2101 5575 silentio
2122 5518 2437 5574 tenebatur.
2474 5516 2723 5573 Tandem
2752 5520 2944 5569 autem
2977 5512 3279 5585 aliquando
3309 5512 3478 5567 mise-

1884 5610 2030 5665 riam
2074 5626 2236 5666 suam
2282 5623 2589 5682 agnoscens
2641 5604 3055 5674 (obtenebratos
3092 5603 3245 5660 enim
3298 5601 3483 5657 cordis

1886 5698 2063 5772 ipsius
2082 5700 2271 5757 oculos
2296 5696 2561 5759 salutaris
2573 5696 2832 5755 doctrina
2849 5695 3130 5802 tetigeiat)
3154 5692 3369 5767 ingenti
3382 5708 3483 5751 an-
