3868 6372
427 349 534 408 575

1445 364 1538 422 DE
1575 365 1763 425 VITIS
1800 370 2096 430 PATRUM
2130 375 2345 432 LIBER
2380 376 2672 436 PRIMUS.

3591 367 3696 428 576

431 485 631 539 teactae
649 485 776 542 vitae
795 487 1142 558 penitudine
1171 489 1402 547 affectus
1423 499 1546 563 est;
1570 501 1739 568 atque
1761 499 2090 562 condem-A
2177 502 2435 557 Theudas
2463 502 2635 575 igitur
2669 501 2757 556 his
2797 499 2980 556 verbis
3025 499 3334 559 institutus,
3381 496 3577 552 statim
3627 513 3695 551 ex

427 579 561 626 nato
591 575 866 631 idolorum
888 595 1096 642 errore,
1116 581 1184 634 ad
1201 582 1424 653 pietatis
1447 584 1626 639 lucem
1663 589 1924 655 accurrit,
1958 607 2022 644 ac

427 660 688 734 deinceps
708 682 742 720 a
762 669 1033 724 scelerata
1049 677 1105 724 et
1119 673 1592 730 exsecrandavitae
1610 677 1824 731 ratione
1845 695 2021 750 usque

427 751 564 805 adeo
595 770 716 809 sese
751 759 1005 823 removit,
1036 766 1370 832 tantumque
1401 780 1526 817 cum
1560 765 1817 836 turpibus
1845 769 2020 823 animi

426 839 810 900 affectionibus
831 849 1170 920 magicisque
1181 851 1394 908 artibus
1405 852 1610 908 bellum
1628 856 1822 924 gessit,
1849 875 2022 928 quan-

425 935 547 984 tum
567 939 696 988 ante
718 937 926 991 amoris
946 937 1122 994 fcedus
1143 957 1271 994 cum
1290 942 1425 1011 ipsis
1447 943 1693 998 ferierat.
1736 947 1878 1000 Nam
1898 953 2020 1003 tum

425 1017 484 1073 in
505 1021 688 1076 medio
703 1025 934 1080 concilio
952 1032 1126 1092 stans,
1143 1031 1474 1100 praesidente
1496 1051 1644 1104 rege,
1670 1053 1876 1108 magna
1890 1054 2020 1093 voce

427 1109 790 1166 exclamavit:
824 1115 986 1183 Vere,
1019 1135 1050 1171 ο
1073 1135 1186 1180 rex,
1212 1121 1441 1190 spiritus
1470 1123 1571 1177 Dei
1585 1124 1644 1178 in
1661 1126 1775 1180 filio
1795 1134 1892 1182 tuo
1917 1130 2018 1183 ha-

426 1196 588 1266 bitat,
621 1218 748 1256 vere
770 1201 927 1258 fracti
941 1210 1265 1279 acsuperati
1281 1227 1492 1278 sumus,
1519 1230 1621 1268 nec
1641 1215 2020 1274 defensionem

424 1286 600 1342 ullam
630 1290 921 1360 habemus,
953 1311 1054 1348 nec
1083 1297 1151 1351 ad
1172 1315 1239 1352 ea
1267 1317 1388 1371 qure
1421 1301 1490 1354 ab
1520 1302 1639 1375 ipso
1678 1322 2018 1363 commemo-

427 1381 552 1430 rata
577 1385 726 1443 sunt,
766 1383 848 1435 vel
869 1385 1056 1439 oculos
1071 1386 1221 1457 ipsos
1246 1388 1532 1446 obvertere
1558 1409 1872 1464 possumus.
1906 1399 2019 1452 Ma-

425 1481 570 1536 gnus
599 1467 775 1538 igitur
803 1487 996 1526 revera
1013 1475 1460 1534 Christianorum
1484 1481 1632 1536 Deus
1662 1489 1764 1551 est,
1815 1503 2020 1557 magna

425 1553 602 1626 ipsius
633 1558 790 1622 fides,
823 1577 1032 1631 magna
1061 1567 1344 1637 mysteria.

497 1645 808 1703 Conversus
827 1649 1016 1722 itaque
1037 1654 1106 1707 ad
1130 1657 1276 1726 regis
1297 1658 1494 1720 filium,
1517 1661 1630 1716 ait:
1662 1664 1780 1730 Dic,
1806 1683 2014 1737 quaeso,

423 1749 456 1786 o
485 1734 636 1789 claro
665 1753 728 1790 ac
758 1738 961 1793 illustri
985 1743 1174 1796 animo
1197 1747 1441 1815 praedite,
1481 1750 1703 1807 Deusne
1737 1734 2016 1812 me—exce-

2103 590 2233 644 aula
2262 593 2494 656 excedit,
2538 598 2707 663 atque
2733 591 2804 645 ad
2832 591 3160 645 sceleratam
3181 587 3502 659 speluncam
3536 602 3697 640 suam

2101 680 2402 750 profectus.
2426 681 2674 750 magicos
2701 680 2869 734 libros
2888 695 3020 734 suos
3047 684 3317 748 tanquam
3343 675 3571 730 sceleris
3585 691 3700 728 om-

2103 769 2190 822 nis
2213 770 2507 840 primitias,
2527 787 2591 824 ac
2611 766 3010 824 diabol'icorum
3029 783 3360 822 arcanorum
3380 766 3694 830 thesauros,

2103 859 2362 913 excussit.
2399 860 2522 930 Ipse
2553 866 2740 914 autem
2771 859 2838 912 ad
2879 857 3216 912 sacrosancti
3248 857 3398 910 illius
3446 855 3573 920 viri,
3628 853 3698 908 ad

2103 965 2270 1019 quem
2293 949 2465 1004 etiam
2487 950 2710 1006 Nachor
2727 953 3066 1020 perrexerat.
3083 954 3308 1001 antrum
3324 961 3446 1000 sese
3461 943 3694 1010 confert,

2101 1055 2403 1113 rerumque
2431 1057 2660 1096 suarum
2693 1039 2945 1094 omnium
2967 1043 3174 1093 statum
3200 1036 3305 1110 ipsi
3336 1034 3584 1107 exponit,
3609 1049 3700 1088 ca-

2101 1131 2205 1202 piti
2235 1148 2336 1186 suo
2355 1137 2563 1185 terram
2584 1146 2905 1201 aspergens,
2927 1143 3233 1200 gravesque
3241 1125 3486 1197 gemitus
3503 1123 3693 1190 edens,

2102 1237 2167 1274 ac
2191 1221 2434 1293 seipsum
2465 1221 2726 1292 lacrymis
2747 1218 3104 1292 perfundens,
3127 1215 3452 1286 nefariaque
3473 1229 3578 1268 sua
3592 1214 3694 1312 Ila:

2099 1310 2242 1380 gitia
2269 1311 2388 1364 seni
2419 1310 2615 1365 ordine
2645 1324 3108 1363 commemorans.
3141 1306 3240 1362 Ille
3268 1309 3479 1368 autem,
3505 1307 3572 1357 ut
3601 1306 3696 1374 qui

2101 1399 2299 1453 salutis
2329 1400 2529 1454 animae
2550 1398 2864 1462 aﬂ'erendee,
2897 1402 3063 1468 atque
3082 1412 3148 1449 ex
3167 1393 3476 1465 versipellis
3504 1392 3697 1446 draco-

2101 1489 2186 1542 nis
2199 1489 2449 1544 faucibus
2465 1488 2763 1560 eripiendae
2782 1487 3156 1559 peritissimus
3173 1491 3337 1548 esset,
3351 1479 3695 1536 salutaribus

2100 1577 2282 1632 verbis
2301 1595 2429 1632 eum
2445 1579 2938 1644 demulcet,32z
2949 1593 3014 1630 ac
3024 1575 3174 1629 velut
3185 1577 3461 1630 excantat.
3471 1571 3694 1626 veniam

2101 1668 2356 1739 spondet,
2389 1684 2454 1722 ac
2481 1667 2784 1738 propitium
2819 1671 2876 1720 et
2900 1665 3118 1719 facilem
3163 1663 3268 1734 ipsi
3299 1661 3548 1732 judicem
3580 1660 3698 1714 fore

2100 1757 2411 1828 pollicetur.
2444 1758 2523 1810 Ac
2556 1763 2750 1828 postea
2779 1772 2906 1810 cum
2937 1771 3064 1808 eum
3087 1752 3417 1807 Christianae
3445 1749 3578 1804 ﬁdei
3608 1765 3698 1803 ru-

419 1826 620 1892 pturus
647 1831 748 1888 est,
774 1828 820 1882 si
839 1827 910 1882 ab
944 1829 1212 1902 improbis
1231 1836 1543 1894 actionibus
1573 1840 1893 1911 abscedens,
1945 1849 2014 1902 ad
2039 1826 2363 1923 Bdimentis
2393 1845 2707 1909 imbuisset,
2738 1845 3157 1914 multorumque
3177 1841 3394 1896 dierum
3412 1839 3698 1910 jejunium

421 1925 550 1965 eum
581 1930 670 1968 me
689 1920 1056 1974 convertero?
1081 1921 1244 1989 Sane,
1285 1925 1470 1998 inquit
1517 1931 1768 1986 veritatis
1814 1953 2013 2006 praeco,

421 2015 571 2064 sane,
589 2001 900 2074 inquam,te
913 2010 1167 2082 excipiet,
1181 2030 1485 2087 omnesque
1496 2017 1629 2073 item
1646 2022 1739 2091 qui
1751 2023 1820 2076 ad
1834 2024 2016 2096 ipsum

418 2105 539 2144 sese
569 2096 962 2152 converterint.
987 2099 1101 2154 Nec
1121 2118 1250 2156 vero
1273 2105 1490 2176 vulgari
1534 2111 1702 2164 modo
1733 2113 1967 2184 excipiet
1998 2134 2012 2184 ;

413 2193 607 2234 verum
637 2187 700 2237 ut
725 2183 838 2239 filio
861 2202 892 2240 e
919 2187 1226 2261 longinqua
1263 2195 1490 2264 regione
1541 2198 1794 2255 redeunti
1843 2183 2015 2269 (Luca:

416 2269 660 2334 xv),‘hoc
687 2277 790 2338 est,
827 2290 861 2328 a
889 2277 1161 2332 scelerata
1191 2280 1313 2336 vitae
1347 2283 1564 2339 ratione
1602 2288 1670 2341 ad
1722 2289 2012 2347 meliorem

415 2359 633 2428 frugem
665 2378 786 2416 sese
816 2368 1179 2433 convertenti,
1225 2370 1440 2426 obviam
1474 2376 1734 2445 prodibit,
1771 2396 2011 2453 eumque

416 2448 788 2518 amplectetur
815 2459 872 2506 et
907 2457 1352 2528 exosculabitur;
1396 2479 1461 2516 ac
1508 2467 1718 2536 peccati
1761 2448 2011 2528 foeditate

415 2533 688 2602 detracta,
713 2540 903 2594 statim
918 2543 1024 2612 ipsi
1041 2547 1430 2604 vestimentum
1455 2533 1719 2610 salutaris
1740 2556 2008 2629 imponet,

415 2621 857 2698 charissimaque
883 2631 1076 2700 gloria:
1101 2637 1243 2689 stola
1268 2655 1396 2692 eum
1423 2639 1679 2710 induens,
1717 2649 2010 2718 mysticum

415 2714 674 2782 supernis
702 2715 998 2774 virtutibus
1017 2724 1242 2792 epulum
1267 2736 1514 2799 peraget,
1540 2731 1610 2785 ob
1635 2714 1916 2807 receptam
1938 2740 2014 2793 vi-

413 2799 615 2855 delicet
642 2819 799 2858 ovem
815 2808 1093 2878 perditam
1107 2812 1307 2868 festum
1326 2817 1475 2872 diem
1499 2799 1784 2879 celebrans
1802 2828 2007 2898 (Ibid).

413 2889 660 2960 Ipsemet
687 2893 838 2948 enim
857 2896 1128 2954 Dominus
1145 2901 1339 2974 ingens
1361 2906 1416 2960 in
1449 2910 1586 2964 ccelo
1603 2914 1872 2981 gaudium
1891 2934 2010 2972 esse

413 2977 554 3033 dixit
581 2996 752 3052 super
775 3000 886 3039 uno
909 2995 1199 3058 peccatore
1230 2977 1634 3063 paenitentiam'
1663 3010 1882 3073 agente.
1933 3009 2010 3062 Ac

412 3083 637 3123 rursum
663 3088 674 3123 :
700 3071 826 3127 Non
850 3076 974 3130 veni
999 3095 1192 3135 vocare
1211 3083 1412 3152 justos,
1445 3088 1540 3142 sed
1576 3098 1895 3161 peccatores
1939 3097 2010 3151 ad

2098 1935 2209 2006 ipsi
2239 1935 2554 2000 indixisset,
2588 1951 2715 1989 eum
2747 1933 2932 1988 divino
2974 1931 3252 2004 baptismo
3300 1927 3577 1984 lustravit.
3621 1928 3701 1981 Ac

2097 2023 2360 2095 deinceps
2393 2042 2491 2096 per
2512 2040 2733 2078 omnem
2765 2023 2891 2077 vitae
2911 2038 3133 2076 cursum
3156 2020 3250 2074 ille
3270 2019 3488 2073 sincero
3509 2017 3699 2070 animo

2097 2113 2166 2167 de
2197 2113 2458 2168 admissis
2491 2113 2792 2168 sceleribus
2822 2111 3209 2184 penitentiam
3240 2109 3372 2179 egit,
3401 2106 3698 2179 lacrymis-

2097 2220 2204 2274 que
2231 2220 2294 2256 ac
2321 2203 2626 2274 gemitibus
2656 2203 2833 2258 Deum
2866 2202 3088 2274 placare
3117 2200 3352 2296 studuit:
3630 2286 3640 2296 .

2168 2293 2297 2346 CAP.
2329 2307 2528 2347 xxxm.
2553 2325 2616 2336 —
2637 2292 2772 2356 Qua:
2800 2308 2926 2346 cum
2949 2291 3017 2345 ad
3048 2291 3196 2344 hunc
3225 2288 3454 2342 modum
3483 2288 3696 2341 evenis-

2095 2389 2238 2439 sent,
2272 2399 2366 2436 rex
2396 2381 2819 2453 consiliiinopia
2837 2381 3086 2451 undique
3100 2379 3423 2438 destitutus,
3455 2378 3514 2432 in
3535 2376 3690 2447 gravi

2093 2473 2260 2544 plane
2289 2488 2527 2525 maerore
2558 2470 2904 2534 versabatur,
2929 2470 3229 2540 animoque
3249 2483 3590 2538 magnopere
3609 2468 3694 2538 ja-

2094 2560 2370 2614 ctabatur.
2392 2561 2600 2615 Coacto
2623 2567 2810 2614 autem
2834 2575 3057 2613 rursum
3087 2565 3306 2620 senatu,
3339 2556 3609 2628 quidnam
3626 2556 3692 2610 de

2093 2651 2209 2704 ﬁlio
2240 2667 2340 2704 suo
2354 2648 2916 2720 faceretdispiciebat.
2932 2649 3072 2702 Cum
3095 2653 3284 2702 autem
3300 2646 3462 2700 multi
3483 2647 3690 2700 multas

2094 2739 2400 2793 sententias
2425 2739 2481 2792 in
2511 2739 2755 2792 medium
2787 2737 3170 2809 protulissent,
3203 2736 3450 2790 Araches
3478 2735 3594 2800 ille,
3623 2735 3688 2788 de

2095 2844 2204 2898 quo
2235 2827 2494 2898 superius
2525 2827 2868 2882 mentionem
2885 2825 3136 2888 fecimus,
3161 2825 3254 2897 qui
3272 2830 3328 2880 et
3347 2825 3554 2879 ducum
3569 2841 3687 2879 om-

2093 2917 2248 2971 nium
2280 2917 2778 2985 clarissimuserat,
2805 2921 2863 2970 et
2884 2915 3191 2988 principem
3208 2915 3267 2969 in
3291 2919 3489 2968 senatu
3505 2914 3687 2968 locum

2093 3005 2400 3065 obtinebat.
2434 3006 2522 3060 his
2551 3006 2620 3060 ad
2651 3022 2842 3076 regem
2873 3003 3056 3060 verbis
3077 3021 3209 3060 usus
3237 3010 3345 3058 est:
3381 3003 3680 3068 Quidnam,

2093 3113 2126 3149 o
2151 3113 2267 3161 rex,
2300 3095 2414 3150 tilio
2443 3102 2542 3150 tuo
2570 3095 2752 3149 facere
2777 3093 3027 3166 oportuit
3055 3094 3203 3166 quod
3227 3110 3338 3148 non
3367 3093 3681 3159 fecerimus,

409 3157 797 3226 paenitentiam
846 3164 1018 3230 (Lucae
1068 3171 1132 3234 v).
1178 3170 1248 3224 Et
1301 3190 1402 3243 per
1452 3157 1779 3248 prophetam
1809 3200 1819 3236 :
1871 3184 2006 3240 Vivo
2027 3182 2071 3242 C
2096 3191 2158 3239 ut
2185 3157 2562 3256 ad'sequenda
2582 3193 2777 3240 nostra
2793 3157 3336 3256 dogmata,.deosque
3357 3189 3580 3238 nostros
3601 3199 3685 3238 co-

409 3249 528 3316 ego,
565 3247 697 3303 dicit
728 3249 1001 3309 Dominus
1027 3275 1040 3322 ;
1080 3259 1224 3314 nolo'
1255 3268 1494 3319 mortem
1533 3247 1857 3338 peccatoris.
1907 3275 2005 3330 sed
2087 3275 2280 3329 lendos
2311 3291 2440 3329 eum
2466 3275 2897 3329 induceremus?
2918 3275 3230 3331 Verum.ut
3255 3273 3436 3339 video»
3466 3271 3681 3344 ἱιηροε·

407 3336 586 3406 magis
607 3343 670 3392 ut
691 3348 1048 3399 convertatur
1069 3363 1102 3400 a
1121 3347 1209 3402 via
1227 3367 1329 3405 sua
1350 3359 1404 3407 et
1429 3336 1592 3410 vivat.
1632 3359 2004 3417 Convertimi-
2087 3363 2271 3418 sibilia
2284 3364 2675 3435 aggredimur:
2701 3364 2976 3436 siquidem
2989 3369 3238 3418 anatura
3257 3362 3385 3434 ipsi,
3401 3363 3683 3418 autetiam

405 3423 465 3478 ni
495 3441 528 3480 a
561 3427 647 3482 via
676 3435 860 3485 vestra
901 3435 1086 3503 mala,
1134 3443 1191 3492 et
1236 3457 1409 3511 quare
1459 3445 1776 3502 moriemini
1805 3451 2004 3508 domus
2085 3453 2322 3508 fortasse
2350 3471 2386 3508 a
2420 3455 2661 3522 fortuna,
2697 3455 3006 3527 pervicacia
3033 3459 3091 3510 et
3118 3453 3292 3508 animi
3323 3453 3559 3508 durities
3594 3453 3684 3508 in-

404 3513 624 3570 Israel?
653 3517 923 3590 iniquitas
941 3523 1119 3596 iniqui
1146 3543 1258 3582 non
1287 3531 1508 3588 nocebit
1527 3535 1578 3588 ei
1595 3535 1652 3590 in
1667 3554 1998 3614 quacunque

403 3602 494 3658 die
523 3621 820 3663 conversus
857 3609 1028 3666 fuerit
1059 3614 1130 3668 ab
1177 3615 1475 3689 iniquitate
1522 3639 1642 3690 sua,
1682 3602 1756 3682 -et
1805 3602 2000 3687 fecerit

397 3693 698 3763 justitiam,
751 3703 806 3752 et
842 3699 900 3755 in
948 3705 1214 3760 mandato
1262 3709 1386 3764 vitae
1438 3711 1826 3782 ambulaverit,
1884 3721 1999 3776 vita

400 3782 563 3847 vivet,
591 3791 648 3840 et
664 3802 775 3842 non
795 3790 1081 3846 morietur.
1119 3795 1322 3851 Omnia
1349 3809 1576 3870 peccata
1597 3821 1718 3875 quae
1746 3807 1992 3878 admisit,

399 3888 512 3928 non
533 3877 1016 3948 memorabuntur,
1038 3884 1171 3954 quia
1193 3886 1469 3956 judicium
1483 3898 1540 3945 et
1546 3893 1828 3962 justitiam
1847 3897 1994 3968 fecit,

398 3961 457 4017 in
487 3963 622 4035 ipsis
651 3965 794 4020 vivet
816 3969 1025 4034 (Ezech.
1044 3977 1256 4044 xxxm).
1286 3977 1363 4030 Ac
1389 3961 1616 4035 rursum
1639 4000 1738 4054 per
1757 3986 1998 4043 alterum

399 4053 732 4124 prophetam
764 4057 1066 4114 exclamat-
1089 4062 1397 4132 Lavamini,
1423 4071 1620 4125 mundi
1657 4078 1860 4142 estote,
1892 4093 1994 4132 au-

395 4140 537 4196 ferte
557 4143 767 4197 malum
790 4145 1192 4216 cogitationum
1214 4159 1522 4210 vestrarum
1543 4158 1613 4213 ab
1639 4162 1812 4216 oculis
1830 4166 1988 4234 meis,

397 4231 669 4303 quiescite
690 4249 856 4302 agere
877 4251 1156 4305 perverse,
1185 4240 1383 4297 discite
1399 4242 1740 4304 benefacere.
1785 4252 1842 4306 Si
1871 4231 1992 4310 fue;

395 4319 512 4374 rint
541 4327 768 4391 peccata
795 4329 980 4378 vestra
1009 4326 1154 4382 sicut
1169 4330 1473 4400 coccinum,
1503 4339 1771 4409 tanquam
1787 4341 1880 4396 nix
1901 4344 1994 4399 de-

395 4407 771 4480 albabuntur;
841 4419 896 4468 et
936 4414 983 4468 si
1015 4415 1222 4472 fuerint
1251 4419 1421 4475 rubra
1454 4424 1605 4480 velut
1621 4407 1987 4499 vermiculus,

2086 3543 2196 3596 sita
2229 3551 2332 3598 est.
2374 3544 2570 3614 Itaque
2601 3544 2646 3598 si
2676 3544 2862 3616 ipsum
2903 3543 3189 3616 suppliciis
3236 3561 3299 3598 ac
3341 3542 3684 3598 cruciatibus

2079 3631 2302 3686 afficere
2350 3632 2409 3686 in
2453 3633 2704 3687 animum
2753 3633 3058 3698 induxeris,
3116 3639 3238 3688 tum
3281 3633 3400 3704 ipse
3465 3638 3684 3687 natura:

2079 3720 2296 3776 hostem
2350 3727 2406 3776 te
2467 3722 2770 3794 praebebis,
2827 3723 3114 3794 patrisque
3171 3739 3374 3776 nomen
3423 3722 3678 3789 amittes,

2078 3816 2199 3865 tum
2249 3811 2424 3882 ipsius
2473 3813 2756 3882 jacturam
2801 3811 2990 3878 facies,
3039 3817 3103 3866 ut
3149 3811 3246 3882 qui
3301 3829 3402 3884 pro
3456 3812 3681 3868 Christo

2081 3906 2321 3955 mortem
2370 3907 2634 3973 appetere
2677 3907 2908 3973 paratus
2955 3901 3048 3956 sit.
3100 3901 3395 3973 Reliquum
3441 3907 3526 3957 est
3573 3901 3680 3973 igi-

2080 3994 2174 4044 tur
2229 3995 2291 4044 ut
2346 3991 2492 4046 hanc
2545 3991 2822 4046 rationem
2866 3991 3043 4053 ineas,
3097 4008 3298 4063 nempe
3341 3996 3404 4046 ut
3440 4007 3679 4062 regnum

2079 4095 2205 4132 cum
2237 4096 2302 4133 eo
2330 4080 2613 4151 partiaris,
2666 4081 2828 4152 eique
2869 4080 2927 4136 in
2975 4097 3043 4136 ea
3092 4090 3250 4153 parte
3282 4099 3404 4153 quae
3443 4083 3516 4137 ad
3546 4099 3674 4137 eum

2073 4169 2371 4224 attinuerit
2419 4171 2558 4241 regii
2612 4171 2862 4224 muneris
2918 4171 3466 4226 administrationem
3521 4189 3676 4227 com-

2075 4257 2286 4312 mittas.
2319 4259 2398 4313 Ac
2427 4259 2472 4313 si
2502 4259 2728 4331 quidem
2750 4260 3105 4331 negotiorum
3125 4266 3346 4328 natura,
3370 4278 3672 4333 rerumque

2074 4347 2490 4402 mundanarum
2519 4365 2654 4402 cura
2669 4365 2797 4404 eum
2825 4349 2895 4404 ad
2911 4348 3232 4404 institutum
3256 4355 3512 4404 nostrum
3527 4350 3675 4406 vitae-

2074 4453 2180 4507 que
2196 4453 2374 4506 genus
2393 4438 2842 4508 amplectendam
2873 4439 3267 4510 pertraxerint,
3296 4456 3386 4493 res
3416 4438 3576 4494 nobis
3607 4457 3671 4494 ex

393 4497 542 4554 sicut
559 4500 691 4556 lana
717 4501 844 4558 alba
863 4510 1031 4558 erunt
1058 4507 1234 4572 (Isaia:
1261 4510 1319 4572 Ι).
1347 4511 1486 4582 Cum
1518 4515 1690 4585 igitur
1719 4517 1804 4575 lue
1833 4497 1990 4592 pollis
2009 4497 2351 4604 Dsent‘entia
2379 4497 2654 4582 succedet.
2689 4497 2892 4582 Mores.
2909 4527 3118 4582 etenim
3162 4528 3221 4583 in
3275 4529 3462 4584 animo
3501 4529 3668 4584 vehe-

391 4587 686 4644 citationes
701 4591 770 4646 iis
789 4593 885 4664 qui
897 4594 968 4648 ad
982 4595 1268 4651 meliorem
1284 4598 1500 4671 frugem
1517 4621 1639 4660 sese
1655 4612 1984 4682 receperint,

391 4691 426 4730 a
452 4678 566 4733 Deo
587 4682 883 4752 propositae
894 4683 1032 4751 sint;
1067 4702 1138 4740 ne
1159 4689 1454 4756 cuncteris,
1475 4709 1507 4746 o
1529 4693 1718 4762 homo,
1743 4678 1845 4754 nec
1863 4719 1986 4759 mo-

389 4780 512 4821 ram
543 4768 714 4824 ullam
731 4772 998 4828 adhibeas
1025 4794 1038 4842 ;
1062 4792 1250 4830 verum
1273 4778 1344 4832 ad
1367 4780 1651 4839 Christum
1678 4785 1982 4860 benignum

388 4855 568 4911 Deum
597 4865 853 4915 nostrum
883 4864 1100 4930 accede,
1125 4869 1182 4920 et
1209 4866 1548 4938 illuminare,
1583 4880 1640 4928 et
1664 4875 1833 4933 facies
1882 4887 1985 4937 tua

386 4959 500 4999 non
529 4947 902 5004 confundetur
930 4954 1094 5018 (Psal.
1129 4959 1319 5024 χχχιι).
1353 4957 1498 5014 Nam
1530 4961 1699 5019 simul
1727 4978 1897 5040 atque
1922 4971 1980 5026 in

385 5033 558 5090 divini
587 5035 938 5108 baptismatis
966 5040 1235 5111 piscinam
1284 5044 1580 5106 immersus
1621 5053 1810 5122 fueris,
1860 5065 1982 5115 tota

383 5125 586 5179 veteris
614 5127 856 5181 hominis
886 5130 1198 5200 spurcities,
1233 5138 1401 5206 atque
1427 5139 1690 5196 universa
1705 5146 1978 5204 scelerum

381 5214 604 5269 sarcina
629 5215 688 5270 in
713 5233 861 5288 aqua
888 5219 1207 5289 sepelietur,
1240 5229 1409 5295 atque
1427 5226 1484 5282 in
1505 5229 1742 5286 nihilum
1774 5235 1980 5293 dilabe-

381 5309 511 5372 tur;
546 5309 724 5378 tuque
751 5323 927 5362 novus
957 5309 1110 5365 illinc
1139 5327 1203 5366 ac
1233 5329 1444 5382 recens,
1497 5322 1668 5390 atque
1707 5321 1778 5376 ab
1825 5327 1978 5383 omni

378 5393 502 5448 labe
527 5411 703 5466 purus
731 5399 1086 5464 conscendas,
1126 5401 1337 5456 nullam
1388 5408 1601 5474 peccati
1643 5409 1828 5468 labem
1874 5421 1974 5472 aut

379 5499 578 5553 rugam
603 5490 789 5540 tecum
817 5486 1018 5542 ferens.
1049 5490 1128 5544 Ac
1144 5490 1405 5563 deinceps
1428 5493 1485 5548 in
1506 5499 1561 5551 te
1589 5497 1758 5555 situm
1789 5504 1975 5562 eritut

381 5573 773 5642 purgationem
798 5591 900 5648 per
913 5577 1124 5632 viscera
1141 5579 1536 5640 misericordiae
1550 5587 1648 5643 Dei
1660 5594 1838 5652 nostri
1847 5594 1978 5652 hinc

380 5666 726 5718 contractam
757 5665 972 5722 tuearis
1000 5670 1169 5740 atque
1198 5684 1509 5730 conserves.

2069 4619 2290 4669 menter
2317 4615 2662 4672 corroborati
2693 4634 2838 4689 aegre
2868 4617 3110 4689 expungi
3139 4623 3308 4690 atque
3355 4617 3668 4674 oblitterari

2067 4709 2320 4776 possunt,
2353 4706 2762 4778 verborumque
2774 4707 2960 4779 potius
2972 4707 3254 4762 blanditiis
3269 4725 3437 4778 quam
3453 4709 3504 4762 vi
3518 4725 3668 4762 com-

2067 4799 2376 4848 mutantur.
2411 4795 2509 4850 Sin
2555 4802 2745 4850 autem
2791 4795 2851 4851 in
2901 4795 3349 4851 Christianorum
3391 4797 3664 4868 religione

2063 4883 2390 4953 perstiterit,
2422 4883 2561 4938 illud
2592 4884 2776 4957 ipsum
2805 4891 2976 4951 certe,
3009 4885 3158 4957 quod
3189 4886 3302 4940 filio
3330 4903 3440 4940 non
3472 4887 3550 4942 sis
3579 4904 3664 4942 or-

2063 4969 2246 5034 batus,
2273 4989 2571 5028 mmrorem
2600 4978 2762 5028 tuum
2792 4975 2983 5046 aliqua
3029 4992 3095 5031 ex
3143 4981 3302 5048 parte
3360 4976 3658 5048 mitigabit.

2062 5060 2220 5115 Hanc
2232 5063 2542 5117 orationem
2553 5080 2680 5118 cum
2695 5064 2938 5118 Araches
2950 5063 3257 5124 habuisset.
3279 5081 3472 5120 omnes
3483 5066 3663 5138 ipsius

2063 5151 2401 5206 sententiam
2438 5153 2894 5225 comprobarunt,
2941 5171 3008 5210 ac
3057 5155 3292 5227 proinde
3338 5172 3434 5210 rex
3477 5172 3538 5210 se
3583 5157 3664 5212 ita

2060 5245 2316 5295 acturum
2345 5243 2600 5298 assensit.

2133 5330 2328 5402 Itaque
2341 5331 2611 5403 postridie
2623 5349 2747 5388 cum
2763 5332 3056 5401 illuxisset,
3075 5333 3254 5390 filium
3267 5334 3482 5401 accivit,
3497 5353 3658 5391 eum-

2055 5437 2163 5492 que
2191 5420 2272 5474 ita
2297 5426 2382 5474 est
2407 5420 2716 5476 allocutus:
2750 5423 2844 5478 Hic
2877 5423 3033 5490 mihi,
3082 5441 3114 5478 ο
3150 5429 3301 5491 nate,
3339 5430 3658 5496 postremus

2054 5510 2125 5564 ad
2151 5515 2208 5564 te
2242 5526 2426 5565 sermo
2440 5515 2542 5576 est,
2568 5511 2658 5566 cui
2687 5511 2794 5567 nisi
2819 5513 3240 5586 quamprimum
3265 5514 3542 5586 parueris,
3575 5521 3656 5570 at-

2061 5615 2170 5672 que
2199 5599 2260 5654 in
2285 5599 2390 5655 hac
2412 5599 2610 5656 saltem
2635 5618 2696 5656 re
2707 5603 2949 5675 pectoris
2959 5603 3071 5658 mei
3091 5603 3342 5658 dolorem
3369 5604 3650 5671 leniveris,

2057 5705 2171 5744 non
2191 5688 2360 5758 ultra,
2388 5689 2528 5746 mihi
2556 5691 2739 5760 crede,
2762 5693 3312 5766 indulgentertecum
3325 5711 3508 5766 agam.
3524 5694 3655 5752 Per-

2059 5783 2320 5836 contante
2339 5785 2527 5839 autem
2556 5781 2654 5838 illo
2679 5782 2828 5856 quod
2856 5781 2964 5842 sibi
2989 5783 3098 5842 hoc
3137 5799 3396 5842 sermone
3443 5783 3648 5842 vellet:
