3868 6398
428 337 531 392 579

1426 335 1518 390 DE
1556 333 1747 389 VITIS
1785 333 2082 389 PATRUM
2119 335 2334 390 LIBER
2371 334 2662 390 PRIMUS.

3597 334 3704 390 580

428 461 556 532 plar
583 465 724 525 erat,
768 476 834 514 ac
875 459 1183 530 permultos
1214 459 1282 512 ad
1314 460 1569 514 eamdem
1596 460 1940 514 voluntatem
1971 459 2270 522 etAﬁcere
2301 461 2664 524 existimaret,
2691 475 2818 513 cum
2844 459 2900 512 in
2926 475 3020 512 eos
3053 458 3306 514 beneficii
3334 460 3552 532 aliquid
3571 476 3704 514 con-

425 550 762 603 sententiam
811 547 1095 601 excitabat
1137 553 1193 602 et
1236 548 1644 602 inﬂammabat.
1679 549 2020 619 Hujusmodi

427 638 630 708 quippe
647 636 992 708 principatus
1013 643 1182 707 atque
1205 637 1429 708 imperii
1452 643 1654 691 natura
1675 644 1776 703 est;
1802 655 2024 708 semper

425 727 572 779 enim
605 725 814 779 subditi
843 725 914 778 ad
936 742 1065 778 eum
1098 726 1192 796 qui
1216 743 1400 780 rerum
1424 727 1636 797 potitur
1654 743 1774 779 sese
1795 744 2022 796 compo-

426 820 585 880 nunt,
606 831 782 886 eaque
797 831 989 868 amare
1011 831 1072 867 ac
1089 816 1396 868 consectari
1415 817 1613 880 solent,
1650 815 1852 885 quibus
1871 815 2022 886 prin-

421 903 466 956 ci
474 921 600 974 pem
621 904 885 957 delectari
899 904 1168 958 sentiunt.
1189 903 1346 969 Hinc,
1372 905 1484 958 Deo
1503 905 1824 974 adjuvante,
1845 904 2022 974 pietas

421 993 558 1062 ipsis
570 993 1189 1064 augebatur,novosque
1211 994 1268 1046 in
1284 993 1402 1046 dies
1416 1011 1741 1063 progressus
1763 993 2018 1058 faciebat,

419 1097 484 1134 ac
513 1098 607 1135 rex
640 1082 696 1135 in
726 1083 934 1135 Christi
973 1083 1364 1136 mandatorum
1393 1082 1836 1136 observationem
1870 1088 2022 1135 totus

420 1170 798 1236 incumbebat,
841 1179 1011 1242 atque
1058 1189 1122 1224 ex
1171 1171 1349 1242 ipsius
1399 1171 1672 1225 cbaritate
1720 1171 2016 1242 pendebat.

424 1261 667 1330 Eratque
696 1259 850 1314 verbi
865 1261 1064 1329 gratim
1085 1260 1457 1330 diSpensator.
1483 1277 1546 1314 ac
1575 1261 1879 1314 multarum
1904 1260 2021 1313 ani-

421 1366 643 1403 marum
672 1349 1033 1419 gubernator,
1076 1350 1145 1402 ad
1178 1351 1278 1404 Dei
1310 1357 1534 1420 portum
1581 1367 1676 1404 eas
1709 1351 2013 1420 appellens.

425 1439 645 1492 Etenim
661 1439 796 1492 illud
819 1439 1164 1508 exploratum
1193 1439 1450 1500 habebat,
1467 1439 1717 1492 omnium
1733 1439 2016 1507 regiorum

420 1544 720 1582 munerum
752 1527 855 1580 hoc
882 1527 1210 1598 primarium
1241 1534 1294 1582 et
1323 1529 1847 1599 praestantissimum
1870 1545 2012 1593 esse,

423 1622 488 1670 ut
505 1616 762 1670 homines
782 1617 852 1670 ad
867 1617 962 1671 Dei
979 1623 1190 1671 metum
1211 1618 1517 1686 acjustitiae
1537 1618 1748 1671 cultum
1771 1617 2008 1671 erudiat:

423 1706 570 1776 quod
593 1706 892 1776 etiamipse
921 1706 1176 1771 faciebat,
1202 1707 1446 1777 seipsum
1469 1707 1727 1760 videlicet
1747 1707 1816 1760 ad
1837 1707 2016 1776 impe-

419 1795 502 1848 rio
516 1795 785 1849 tenendas
805 1795 975 1848 animi
1001 1795 1450 1866 perturbationes
1471 1795 2019 1866 comparans,subdi-
2036 1777 2080 1836 Β

420 1890 620 1954 tosque
640 1901 770 1937 suos
799 1884 1123 1950 admonens,
1145 1889 1312 1954 atque
1336 1885 1532 1956 optimi
1563 1885 1812 1939 naucleri
1833 1885 2020 1938 instar

415 1971 649 2042 justitize
681 1973 896 2027 clavum
932 1973 1126 2027 sedulo
1185 1979 1402 2028 tenens.
1448 1975 1594 2028 Nam
1630 1975 1746 2028 hec
1791 1975 2020 2028 demum

427 2061 541 2115 veri
573 2061 732 2131 regni
786 2063 872 2115 lex
919 2079 985 2116 ac
1043 2079 1240 2116 norma
1295 2068 1399 2127 est,
1451 2063 1718 2118 nimirum
1771 2063 2022 2135 volupta-

422 2150 572 2206 tibus
622 2151 921 2222 imperare,
974 2151 1153 2222 iisque
1200 2152 1495 2217 dominari,
1548 2153 2018 2223 quemadmodum

420 2240 539 2310 ipse
567 2240 738 2294 etiam
769 2239 1023 2295 faciebat.
1057 2241 1272 2312 Quippe
1299 2258 1400 2296 nec
1430 2242 1498 2296 de
1520 2244 1800 2312 majorum
1822 2243 2020 2296 nobili-

421 2337 556 2397 tate,
588 2349 690 2388 nec
716 2333 787 2388 de
815 2334 971 2404 regia
1013 2333 1213 2404 gloria,
1255 2335 1314 2388 in
1349 2352 1459 2406 qua
1499 2335 1841 2400 versabatur,
1903 2336 2018 2390 ullo

418 2423 584 2477 modo
615 2441 739 2477 sese
769 2424 1004 2477 elferens
1053 2423 1529 2495 (quandoquidem
1570 2425 1781 2478 luteum
1823 2441 2017 2479 omnes

415 2513 641 2582 generis
653 2518 937 2567 auctorem
951 2512 1240 2578 habemus,
1264 2514 1628 2585 ejusdemque
1645 2514 1854 2583 argilla“:
1877 2531 2016 2585 pau-

420 2618 583 2671 peres
612 2619 770 2672 aeque
795 2619 858 2655 ac
887 2601 1085 2655 divites
1106 2607 1342 2671 sumus),
1379 2620 1568 2656 verum
1597 2602 1652 2656 in
1684 2603 2018 2657 humilitatis

422 2689 686 2760 abyssum
701 2698 944 2744 mentem
970 2707 1132 2744 suam
1155 2691 1377 2745 assidue
1390 2692 1711 2760 conjiciens,
1737 2694 2018 2746 futuram-

423 2796 532 2852 que
554 2779 957 2833 beatitudinem
988 2779 1175 2832 auimo
1205 2785 1261 2834 et
1283 2781 1619 2850 cogitatione
1650 2787 1838 2847 3‘24
1868 2799 2016 2836 com-

423 2869 690 2941 plectens,
723 2868 1066 2938 inquilinum
1088 2868 1178 2922 hic
1201 2869 1446 2940 seipsum
1487 2887 1608 2923 esse
1647 2871 1916 2937 ducebat;
1951 2888 2019 2925 ea

421 2963 613 3012 autem
635 2957 859 3029 prOpria
880 2975 999 3012 esse
1022 2957 1324 3018 statuebat.
1349 2959 1548 3030 quibus
1561 2964 1685 3030 post
1705 2960 1873 3030 hujus
1891 2961 2017 3015 vitae

427 3047 940 3118 peregrinationem
979 3047 1279 3102 frueretur.
1337 3049 1478 3102 Cum
1515 3054 1703 3103 autem
1736 3050 1852 3104 haec
1882 3068 2018 3121 prte-

2103 551 2290 604 ferret.
2326 551 2466 604 Nam
2496 567 2619 603 cum
2651 549 2838 602 animo
2867 548 3259 603 liberaliss1mo
3293 567 3362 604 ac
3395 567 3522 603 vere
3552 553 3706 619 regio

2106 639 2370 710 praeditus
2391 646 2554 702 esset,
2579 637 2871 707 egentibus
2886 637 3145 692 omnibus
3161 639 3376 692 affatim
3391 639 3702 705 tribuebat;

2107 729 2254 798 quod
2283 729 2493 781 scilicet
2532 728 2764 780 inﬁnitis
2799 727 3049 798 partibus
3080 729 3355 796 majorem
3387 729 3706 782 mercedem

2106 817 2234 870 hinc
2251 823 2519 888 speraret.
2545 834 2670 870 cum
2693 823 2914 885 tempus
2935 815 3072 869 illud
3094 817 3416 872 advenisset
3430 834 3544 888 quo
3567 835 3709 871 mer-

2106 924 2196 960 ces
2220 907 2531 960 actionibus
2562 906 2921 976 rependenda
2950 912 3114 962 esset.

2176 995 2316 1048 Cum
2340 1004 2526 1049 autem
2550 995 2870 1064 hujusmodi
2903 995 3078 1065 ipsius
3095 995 3246 1049 fama
3274 994 3434 1049 brevi
3464 1013 3709 1067 quaqua-

2107 1101 2325 1137 versum
2350 1101 2545 1154 sparsa.
2557 1089 2721 1150 esset,
2739 1101 2935 1137 omnes
2960 1085 3028 1136 ad
3051 1101 3178 1138 eum
3198 1090 3478 1155 tanquam
3519 1085 3708 1155 aliquo

2106 1174 2380 1242 unguenti
2410 1173 2578 1227 odore
2609 1173 2889 1234 concitati,
2934 1173 3181 1244 quotidie
3215 1173 3600 1234 conﬂuebant,
3648 1181 3708 1227 ut

2103 1269 2222 1316 tum
2253 1280 2568 1334 corporum,
2601 1269 2722 1316 tum
2750 1263 3068 1316 animarum
3113 1269 3514 1333 paupertatem
3547 1280 3709 1316 excu-

2101 1357 2306 1422 terent;
2339 1359 2506 1423 atque
2536 1352 2652 1422 ipse
2681 1351 2938 1405 omnibus
2968 1351 3025 1404 in
3051 1369 3146 1405 ore
3169 1357 3305 1405 erat.
3341 1353 3544 1423 Neque
3557 1353 3706 1406 enim

2101 1450 2284 1494 terror
2311 1458 2375 1494 ac
2402 1441 2696 1512 tyrannica
2721 1441 2798 1495 vis
2827 1441 3093 1512 populum
3108 1441 3496 1512 pertrahebat,
3511 1459 3704 1495 verum

2101 1530 2441 1584 desiderium
2469 1547 2532 1582 ac
2553 1529 2803 1583 sincerus
2831 1546 2963 1600 erga
2984 1546 3110 1582 eum
3141 1546 3319 1594 amor,
3351 1530 3449 1600 qui
3475 1531 3708 1600 quidem

2101 1619 2366 1672 divinitus
2387 1625 2556 1689 atque
2571 1635 2636 1672 ex
2659 1618 3119 1689 praestantissima
3136 1619 3311 1690 ipsius
3335 1619 3467 1672 vitae
3486 1619 3709 1672 ratione

2101 1707 2159 1760 in
2175 1707 2424 1762 omnium
2443 1707 2644 1761 animis
2665 1708 2867 1760 insitus
2883 1714 3021 1761 erat.
3053 1708 3198 1760 Tum
3221 1707 3422 1776 igitur,
3441 1714 3593 1770 tum,
3627 1708 3710 1761 in-

2103 1812 2290 1866 quam,
2310 1797 2350 1850 ii
2377 1813 2598 1868 quoque
2617 1813 2708 1866 qui
2742 1795 2844 1849 sub
2872 1796 3047 1866 patris
3071 1795 3243 1866 ipsius
3263 1795 3503 1867 imperio
3521 1804 3704 1864 erant,

2103 1885 2171 1938 ad
2201 1903 2331 1940 eum
2373 1886 2556 1958 potius
2586 1903 2705 1940 sese
2742 1885 3148 1956 adjungebant,
3179 1886 3447 1957 omnique
3487 1885 3710 1956 abjecto

2104 1992 2311 2041 errore,
2341 1976 2633 2030 veritatem
2685 1975 3089 2047 praedicabant.
3121 1975 3200 2028 Ac
3241 1975 3445 2029 domus
3476 1975 3706 2046 quidem

2102 2067 2371 2137 Josaphat
2393 2065 2676 2118 crescebat
2703 2070 2760 2118 et
2787 2063 3160 2118 invalescebat
3193 2083 3206 2131 ;
3255 2065 3460 2118 domus
3511 2071 3706 2120 autem

2101 2155 2364 2209 Abenner
2399 2154 2754 2209 decrescebat
2784 2171 2848 2208 ac
2877 2153 3294 2218 debilitabatur,
3327 2155 3707 2225 quemadmo-

2102 2245 2235 2298 dum
2257 2245 2466 2298 scilicet
2487 2245 2556 2298 de
2580 2245 2784 2298 Davide
2815 2261 2878 2298 ac
2909 2244 3078 2298 Saule
3101 2244 3160 2298 in
3181 2244 3400 2315 Regum
3417 2243 3562 2298 libro
3579 2261 3708 2316 pro-

2100 2335 2282 2389 ditum
2312 2341 2401 2389 est
2433 2336 2508 2402 (II
2534 2337 2654 2402 Reg.
2684 2335 2776 2402 ιι).

2172 2425 2301 2478 CAP.
2328 2438 2514 2478 xxxrv.
2623 2424 2750 2477 Haec
2780 2439 2875 2476 rex
2901 2421 3164 2477 Abenner
3176 2423 3546 2494 conspiciens,
3579 2429 3710 2476 tan-

2099 2514 2228 2568 dem
2283 2513 2585 2584 aliquando
2631 2520 2854 2583 recepta
2893 2519 3098 2577 mente,
3149 2512 3421 2566 falsorum
3460 2511 3704 2567 deorum

2100 2620 2329 2658 suorum
2361 2609 2529 2673 atque
2555 2602 2735 2656 inanis
2757 2603 3079 2672 impasturze
3102 2601 3550 2656 imbecillitatem
3571 2617 3707 2656 con-

2099 2692 2400 2746 demnavit.
2415 2694 2492 2745 Ac
2513 2707 2736 2744 rursum
2755 2690 2989 2744 coarctis
3011 2689 3276 2744 senatorii
3307 2688 3524 2744 ordinis
3547 2691 3707 2761 prin-

2099 2781 2332 2852 cipibus,
2358 2780 2611 2851 quaeipse
2631 2779 2685 2832 in
2705 2779 2892 2834 animo
2917 2779 3172 2844 haberet,
3206 2779 3264 2833 in
3295 2779 3480 2832 lucem
3511 2787 3707 2850 protu-

2100 2871 2182 2924 lit.
2199 2870 2472 2924 Omnibus
2496 2876 2686 2922 autem
2717 2870 2910 2923 eadem
2933 2869 3394 2922 conﬁrmantibus
3417 2861 3702 2934 (visitarat

2100 2960 2249 3013 enim
2271 2976 2366 3012 eos
2397 2960 2596 3014 Oriens
2617 2973 2680 3012 ex
2710 2958 2823 3012 alto
2855 2961 3027 3024 (Luca’
3056 2971 3116 3023 ιι,
3151 2959 3256 3012 hoc
3283 2964 3386 3022 est,
3419 2958 3699 3023 Salvator,

2100 3049 2361 3103 exaudita
2381 3047 2633 3102 videlicet
2651 3048 2844 3101 famuli
2866 3047 2953 3100 sui
2983 3048 3253 3118 Josaphat
3275 3047 3578 3116 oratione),
3604 3064 3703 3100 rex

422 3137 569 3190 clare
591 3136 875 3206 gessisset,
903 3143 1071 3207 atque
1084 3153 1276 3190 omnes
1299 3137 1501 3208 quibus
1520 3145 1774 3208 praeerat,
1793 3141 2012 3194 aveteri
2035 3139 2078 3201 Ο
2097 3138 2165 3192 de
2187 3138 2272 3192 his
2308 3137 2474 3191 rebus
2511 3137 2690 3190 filium
2719 3136 3013 3190 certiorem
3058 3136 3376 3190 faciendum
3406 3153 3535 3190 esse
3561 3153 3697 3190 cen-

421 3231 589 3296 atque
611 3243 644 3279 a
674 3225 928 3296 patribus
951 3226 1158 3280 tradito
1195 3243 1385 3280 errore
1427 3227 1711 3292 liberatos,
1759 3230 1880 3300 ejus
1919 3229 2015 3300 qui

419 3331 519 3368 nos
549 3314 794 3385 pretioso
809 3332 910 3369 suo
933 3315 1206 3386 sanguine
1237 3333 1301 3369 ex
1323 3317 1471 3370 mala
1495 3319 1763 3373 servitute
1776 3319 2014 3373 redemit

417 3421 604 3458 servos
635 3404 922 3470 elfecisset,
959 3412 1153 3475 postea
1183 3405 1238 3459 id
1279 3406 1467 3461 animo
1513 3407 1727 3476 agitare
1757 3407 1924 3480 ccepit
1953 3413 2018 3463 ut

414 3493 794 3548 beneficentia:
825 3511 888 3547 ac
917 3494 1236 3564 largitionis
1253 3494 1518 3550 virtutem
1540 3497 1834 3551 excoleret.
1869 3499 2014 3552 Nam

415 3583 847 3653 temperantiam
869 3583 1093 3654 quidem
1116 3601 1180 3637 ac
1194 3585 1477 3653 justitiam
1497 3585 1744 3640 numeris
1759 3587 1879 3656 jam
1901 3604 2017 3641 om-

357 3707 363 3712 -
417 3671 582 3726 nibus
603 3672 936 3736 absolverat,
953 3678 1017 3726 ut
1043 3673 1208 3743 quiat
1223 3676 1606 3745 temperantia;
1627 3693 1834 3732 corona
1863 3677 2013 3731 redi-

421 3761 611 3826 mitus,
653 3767 710 3816 et
731 3761 966 3832 justitize
994 3780 1244 3833 purpura
1289 3765 1627 3820 convestitus
1673 3771 1836 3820 esset.
1871 3766 2015 3822 Illud

415 3851 591 3920 igitur
602 3851 1099 3918 animadvertebat,
1126 3859 1478 3908 terrenarum
1493 3872 1660 3926 opum
1685 3855 2010 3910 inconstan-

414 3939 551 3994 tiam
565 3941 962 4011 proiluentium
976 3958 1248 4011 aquarum
1264 3960 1488 3998 cursum
1502 3943 1730 3999 imitari:
1752 3946 2013 4016 quocirca

415 4028 530 4082 illic
554 4046 649 4082 eas
671 4029 974 4082 recondere
1010 4031 1362 4100 properabat,
1399 4033 1493 4086 ubi
1521 4050 1703 4105 neque
1726 4035 1882 4089 tinea
1909 4051 2010 4090 ne-

419 4134 527 4188 que
557 4116 758 4185 rubigo
783 4118 1102 4183 demolitur,
1133 4135 1235 4174 nec
1263 4120 1415 4175 fures
1439 4123 1708 4178 effodiunt
1734 4139 1798 4178 ac
1823 4123 2011 4178 furan-

417 4211 530 4272 tur;
563 4205 752 4275 itaque
783 4205 903 4258 sine
925 4205 1039 4258 ulla
1069 4207 1414 4276 parcimonia
1441 4210 1706 4280 pecunias
1738 4228 1932 4266 omnes
1952 4212 2010 4266 in

416 4309 691 4364 pauperes
721 4293 1054 4347 distribuere
1084 4297 1268 4366 ccepit.
1311 4297 1454 4352 Illud
1479 4299 1628 4353 enim
1657 4307 2008 4372 perspectum

415 4381 674 4446 habebat,
711 4381 762 4436 ei
792 4381 887 4453 qui
917 4382 988 4437 ad
1033 4383 1318 4454 ingentem
1349 4387 1658 4457 potentiam
1693 4391 2012 4460 pervenerit

414 4472 725 4527 curandum
757 4489 878 4526 esse
922 4478 985 4527 ut
1028 4490 1156 4528 eum
1195 4476 1356 4546 cujus
1395 4475 1663 4533 beneficio
1699 4480 2007 4550 potentiam

2097 3227 2228 3281 suit.
2261 3228 2455 3297 Itaque
2485 3225 2753 3296 postridie
2776 3225 3071 3296 epistolam
3103 3225 3172 3279 ad
3195 3241 3324 3278 eum
3346 3225 3566 3290 scribit,
3593 3225 3700 3279 hoc

2099 3316 2352 3386 exemplo
2396 3333 2408 3368 :

2173 3423 2198 3455 (ι
2228 3405 2342 3458 Rex
2370 3403 2633 3459 Abenner
2675 3403 3004 3458 charissimo
3037 3419 3139 3456 suo
3161 3402 3274 3457 [ilio
3301 3401 3584 3474 Josaphat
3611 3420 3696 3456 sa-

2097 3493 2292 3549 lutem.

2175 3603 2196 3633 ι
2223 3583 2602 3653 Cogitationes
2631 3583 2839 3648 multm,
2871 3598 2902 3635 o
2947 3580 3272 3635 charissime
3301 3581 3403 3647 ﬁli,
3437 3581 3696 3636 animum

2098 3671 2419 3737 subeuntes,
2447 3689 2574 3726 eum
2595 3671 2922 3742 gravissime
2948 3669 3302 3726 conturbant.
3332 3670 3563 3725 Etenim
3591 3687 3695 3726 no—

2097 3768 2214 3816 stra
2242 3763 2431 3817 omnia
2468 3762 2646 3816 instar
2675 3761 2813 3815 fumi
2843 3761 3080 3815 deficere
3115 3766 3290 3830 atque
3333 3775 3692 3826 evanescere,

2095 3869 2160 3906 ac
2186 3857 2380 3907 contra
2394 3851 2722 3921 religionem
2743 3855 2898 3904 tuam
2921 3851 3036 3904 sole
3057 3849 3260 3904 clarius
3284 3849 3502 3920 fulgere
3528 3867 3695 3905 cons-

2095 3943 2324 4014 piciens,
2351 3959 2412 3996 ea
2439 3958 2562 4012 quae
2591 3958 2624 3994 a
2651 3946 2708 3994 te
2736 3940 2873 3994 mihi
2890 3939 3039 3994 dicta
3059 3945 3191 3993 sunt
3210 3955 3342 3994 vera
3361 3956 3486 3994 esse
3507 3941 3692 4008 sensi;

2096 4032 2353 4102 quodque
2381 4031 2568 4085 densae
2600 4031 2870 4084 scelerum
2895 4035 2952 4083 et
2981 4029 3288 4100 impietatis
3314 4028 3562 4084 tenebrae
3592 4047 3695 4084 nos

2092 4120 2170 4174 ita
2199 4120 2526 4184 obruebant,
2551 4119 2686 4174 utin
2707 4119 2996 4173 veritatem
3017 4119 3206 4172 oculos
3217 4117 3695 4190 conjicere,atque

2093 4209 2346 4263 omnium
2367 4225 2554 4264 rerum
2578 4213 2868 4280 parentem
2907 4212 2964 4260 et
2985 4207 3351 4260 architectum
3382 4222 3692 4276 agnoscere

2093 4298 2324 4352 minime
2354 4315 2664 4370 possemus,
2697 4313 2890 4351 verum
2912 4296 3093 4350 lucem
3125 4311 3300 4366 usque
3325 4295 3467 4350 adeo
3499 4296 3692 4368 splen-

2093 4387 2283 4442 didam
2338 4387 2438 4443 abs
2483 4394 2538 4442 te
2587 4387 2748 4442 nobis
2791 4387 3256 4451 demonstratam,
3329 4383 3570 4440 occlusis
3620 4385 3690 4440 de

2091 4476 2369 4532 industria
2398 4478 2572 4532 oculis
2602 4477 2914 4548 perspicere
2955 4491 3360 4540 recusaremus,
3401 4480 3576 4545 atque
3624 4480 3682 4529 te

413 4568 740 4618 consecutus
766 4562 840 4616 sit
877 4579 978 4634 pro
1009 4563 1219 4618 viribus
1260 4564 1546 4635 imitetur;
1579 4547 1894 4640 hac—porro
1925 4587 2009 4624 ra-
2028 4547 2284 4621 Dmultis
2315 4567 2478 4622 malis
2505 4547 2872 4627 afficeremus,
2897 4570 2954 4618 et
2984 4574 3033 4626 (ο
3064 4581 3152 4618 me
3177 4563 3446 4618 miserum
3472 4563 3515 4630 l)
3536 4563 3688 4618 haud

414 4651 567 4706 tione
599 4669 727 4706 eum
757 4651 831 4706 ad
861 4651 961 4706 Dei
991 4651 1366 4709 imitationem
1401 4672 1756 4712 accessurum
1786 4675 1926 4725 esse,
1960 4659 2007 4713 si
2089 4671 2296 4728 paucos
2327 4656 2676 4712 Christianos
2704 4655 2986 4710 crudelem
3012 4653 3072 4708 in
3109 4653 3338 4708 modum
3367 4653 3688 4708 trucidare»

415 4740 558 4794 nihil
603 4739 988 4796 misericordia
1025 4743 1211 4813 potius
1267 4750 1436 4816 atque
1484 4747 1771 4818 antiquius
1813 4749 2000 4803 ducat.
2087 4762 2214 4800 mus
2247 4746 2380 4818 :qui
2399 4743 2842 4818 quideminvicta
2864 4742 3116 4815 potentia
3135 4741 3270 4814 ipsis
3286 4757 3450 4813 opem
3475 4741 3688 4797 ferente

414 4827 791 4892 Quamobrem
821 4829 1045 4900 pielatis
1093 4848 1244 4903 opes,
1271 4851 1393 4905 quae
1415 4840 1471 4889 et
1485 4835 1576 4890 hic
1595 4836 1797 4892 futurae
1817 4837 2006 4909 volup-
2088 4835 2454 4902 corroborati,
2487 4836 2556 4890 ad
2587 4840 2897 4890 extremum
2913 4849 3091 4904 usque
3108 4830 3369 4903 spiritum
3389 4832 3683 4886 adversum

411 4917 549 4972 tatis
577 4933 677 4988 spe
703 4917 954 4972 animum
987 4919 1285 4988 oblectant,
1321 4929 1379 4978 et
1406 4925 1519 4980 illic
1549 4932 1784 4997 speratae
1823 4925 2002 4981 beati-
2083 4923 2494 4981 immanitatem
2511 4920 3685 4982 nostramdimicarunt.Nuncvero.detrac-

411 5007 622 5062 tudinis
651 5005 837 5061 fructu
867 5007 1115 5063 animum
1149 5011 1480 5079 exhilarant,
1512 5031 1680 5087 super
1709 5033 1912 5071 aurum
1949 5021 2005 5070 et
2090 5022 2144 5073 ta
2161 5033 2225 5072 ex
2243 5012 3474 5084 oculisnostriscrassaillacaligine,exiguum
3494 5027 3684 5082 quem-

411 5097 656 5169 lapidem
699 5095 1006 5168 pretiosum
1036 5097 1141 5152 sibi
1172 5101 1490 5171 aggerebat.
1532 5105 1733 5160 Postea
1759 5122 2008 5160 carceres
2090 5107 2219 5162 dam
2238 5104 2486 5160 veritatis
2503 5103 2720 5159 radium
2737 5100 3682 5174 cernimus.priorumquevitiorum

415 5203 544 5241 suos
575 5191 954 5258 perscrutans,
989 5191 1108 5241 tum
1132 5187 1198 5242 iis
1232 5190 1328 5260 qui
1370 5192 1441 5246 ad
1491 5194 1720 5248 metalla
1755 5194 2008 5250 damnati
2090 5195 2378 5268 poenitudo
2402 5194 2651 5249 animum
2668 5191 2836 5248 subit.
2858 5193 3066 5246 Verum
3089 5193 3238 5246 hunc
3258 5207 3483 5262 quoque
3502 5191 3684 5262 splen-

416 5282 595 5341 erant,
630 5282 748 5330 tum
781 5275 848 5330 iis
899 5276 995 5347 qui
1022 5293 1055 5330 a
1081 5279 1451 5336 creditoribus
1482 5282 2000 5354 strangulabantur,

415 5381 479 5419 ac
527 5365 769 5436 denique
813 5364 1072 5420 omnibus
1099 5369 1290 5423 omnia
1339 5371 1559 5443 c0piose
1607 5371 2004 5428 subministra—

411 5452 527 5508 bat.
561 5454 954 5524 Orphanorum
994 5456 1248 5512 omnium
1273 5465 1334 5514 et
1373 5460 1668 5516 viduarum
1697 5479 1762 5516 ac
1791 5479 2002 5534 paupe-

413 5557 539 5595 rum
559 5547 718 5612 pater
731 5548 870 5608 erat,
893 5543 1189 5616 indulgens
1202 5547 1430 5620 inquam
1450 5566 1514 5604 ac
1531 5549 1806 5622 benignus
1820 5557 1997 5622 pater,

414 5633 584 5699 atque
634 5627 719 5684 ita
771 5638 1145 5703 comparatus,
1193 5639 1259 5692 ut
1315 5637 1564 5710 seipsum
1615 5635 1884 5696 beneﬁcio
1914 5638 2000 5696 af-

2087 5285 2280 5340 dorem
2310 5283 2421 5338 alia
2463 5282 2754 5337 horrendae
2781 5281 3185 5353 desperationis
3217 5279 3395 5335 nubes
3421 5280 3682 5334 exoriens

2086 5374 2406 5446 opprimere
2430 5379 2598 5443 atque
2609 5371 2962 5441 exstinguere
2981 5377 3232 5435 conatur,
3265 5368 3400 5424 mihi
3420 5369 3680 5423 videlicet

2085 5469 2439 5536 peccatorum
2469 5477 2720 5516 meorum
2771 5460 3188 5515 multitudinem
3219 5458 3290 5514 ob
3318 5459 3512 5513 oculos
3547 5475 3678 5530 pro-

2083 5567 2318 5625 ponens,
2353 5549 2612 5622 quodque
2625 5551 2746 5620 jam
2775 5566 2878 5621 ego
2898 5549 3120 5604 Christo
3150 5548 3276 5604 odio
3328 5553 3499 5620 atque
3520 5563 3676 5602 exse-

2083 5639 2320 5698 crationi
2339 5654 2484 5707 sum,
2509 5654 2687 5710 eaque
2714 5639 2774 5694 in
2802 5653 2988 5707 causa,
3021 5643 3086 5694 ut
3102 5638 3221 5710 jam
3253 5636 3324 5693 ab
3351 5636 3473 5708 ipso
3504 5635 3678 5707 recipi
