3868 6382
161 344 261 404 581

555 346 726 402 VITA
763 342 1205 401 SANCTORUM
1243 341 1588 398 BARLAAM
1627 343 1747 397 ER!

1832 341 1968 398 ΙΤᾸΞ
2006 343 2095 399 ΕΤ
2135 345 2498 406 JOSAPHAT
2537 353 2768 411 INDl/E
2807 359 3038 419 REGIS.

3331 371 3433 426 582

157 487 460 544 nequeam,
490 477 556 526 ut
583 470 678 544 qui
708 471 974 526 adversus
1009 485 1138 524 eum
1167 467 1507 534 rebella'rim,
1540 467 1757 538 ipsique
1781 468 1981 530 Aliare
2037 487 2259 542 queam.
2322 473 2596 538 Quoniam
2653 486 2714 536 tu
2748 483 3024 552 gloriosus
3055 507 3114 544 es
3153 491 3210 547 in
3231 497 3434 552 saecula

155 561 369 618 bellum
399 561 715 617 indixerim.
757 561 900 625 Quid
950 559 1124 630 igitur
1177 559 1314 630 spei,
1369 575 1400 611 ο
1431 557 1756 612 suavissime

155 652 259 718 ﬁli,
292 653 364 708 ad
394 653 512 708 haec
539 652 711 715 dicas,
737 653 824 707 fac
851 651 1271 723 quamprimum
1300 651 1494 713 sciam,
1529 666 1592 702 ac
1623 649 1756 720 quid

156 741 299 796 mihi
327 742 473 814 patri
502 747 600 797 tuo
647 741 959 796 faciendum
1004 741 1078 795 sit
1123 741 1276 804 doce,
1311 745 1481 810 atque
1509 739 1578 792 ad
1611 741 1750 809 ejus,

155 832 307 903 quod
346 832 406 886 in
435 849 556 887 rem
611 848 795 887 meam
841 832 1092 886 futurum
1125 831 1216 897 sit,
1250 829 1626 898 cognitionem
1666 846 1754 882 me

151 927 430 993 tanquam
459 927 719 994 porrecta
737 938 908 976 manu
929 921 1014 975 fac
1033 921 1220 974 ducas.
1255 919 1408 973 Vale.
1435 939 1457 968 ι›

227 1013 388 1066 llanc
419 1011 714 1082 epistolam
746 1028 872 1066 cum
915 1011 1185 1082 Josaphat
1236 1009 1560 1079 accepisset,
1608 1025 1754 1079 quae-

152 1116 266 1172 que
286 1101 346 1155 in
366 1118 432 1156 ea
455 1101 892 1156 continebantur
915 1101 1150 1171 legendo
1165 1105 1352 1165 32;;
1374 1103 1748 1168 peragrasset,

149 1191 439 1262 voluptate
485 1192 655 1246 simul
705 1198 762 1246 et
797 1191 1170 1246 admiratione
1201 1188 1622 1258 animusipsius
1651 1187 1753 1240 im-

146 1279 645 1352 pletusest.Atque
658 1281 718 1335 in
728 1281 1044 1336 cubiculum
1061 1296 1222 1334 suum
1237 1277 1526 1333 confestim
1542 1277 1753 1346 ingres-

147 1386 270 1436 sus,
305 1375 506 1425 etante
526 1371 876 1426 Dominicam
913 1369 1154 1440 efﬁgiem
1177 1369 1236 1422 in
1269 1368 1464 1422 faciem
1494 1367 1748 1436 abjectus

145 1464 366 1514 terram
395 1461 658 1533 lacrymis
681 1459 1068 1532 perfundebat,
1103 1459 1269 1512 simul
1303 1457 1608 1511 etDomino
1626 1472 1752 1525 gra-

145 1549 259 1602 tias
283 1565 473 1620 agens,
526 1555 582 1604 et
625 1549 696 1604 ad
739 1549 915 1620 ipsius
944 1548 1322 1603 laudationem
1364 1544 1752 1600 exsultationis

143 1637 302 1692 labia
326 1655 572 1704 movens,
597 1639 795 1710 hisque
815 1638 996 1693 verbis
1027 1645 1224 1692 utens:

221 1727 490 1784 Exaltabo
509 1735 584 1794 te,
619 1729 768 1784 Deus
790 1745 948 1784 meus
976 1729 1109 1794 Rex,
1139 1731 1196 1780 et
1219 1726 1546 1780 benedicam
1569 1723 1753 1778 nomi-

1838 560 2186 614 smculorum.
2221 562 2420 618 Amen.

1909 648 2048 701 Cum
2081 650 2150 702 ad
2185 650 2333 705 hunc
2361 655 2588 710 modum
2606 667 2834 727 orasset,
2863 670 3032 737 atque
3054 669 3158 725 hoc
3187 672 3290 728 sibi
3313 691 3434 746 per-

1838 737 2124 828 suasisset,
2186 757 2245 794 se
2272 745 2382 797 voti
2421 746 2508 800 sui
2559 759 2871 822 compotem
2919 757 3190 828 futurum,
3225 737 3433 820 Christi

1838 825 2218 885 misericordia
2238 831 2434 900 fretus,
2456 836 2608 891 illinc
2635 857 2762 896 cum
2789 846 2941 913 regio
2962 825 3224 905 satellitio
3245 870 3431 908 exces-

1837 914 1927 978 sit,
1959 922 2128 987 atque
2148 920 2217 973 ad
2236 923 2410 991 patris
2434 927 2702 996 palatium
2725 949 2846 987 sese
2867 938 3120 994 contulit.
3146 941 3217 996 Ut
3238 949 3428 998 autem

1835 1009 1997 1074 pater
2015 1006 2084 1060 de
2130 1009 2228 1063 filii
2276 1012 2517 1070 adventu
2547 1020 2752 1073 certior
2779 1022 2957 1079 factus
2985 1033 3090 1086 est.
3125 1031 3314 1087 statim
3337 1033 3430 1087 ob-

1837 1091 1982 1183 viam
2017 1095 2067 1148 ei
2099 1098 2301 1166 prodit,
2329 1105 2690 1176 atqueipsum
2715 1113 3104 1183 complectitur
3123 1125 3178 1172 et
3206 1137 3433 1176 exoscu-

1835 1181 1948 1236 latu
1959 1199 2002 1248 r,
2028 1185 2208 1278 deque
2227 1187 2403 1258 ipsius
2419 1193 2658 1251 adventu
2683 1202 2924 1256 maxima
2947 1205 3233 1278 voluptate
3254 1211 3430 1265 afﬁci-

1833 1276 1944 1337 tur,
1971 1272 2364 1348 publicumque
2397 1298 2460 1334 ac
2490 1285 2737 1340 solemne
2757 1288 2961 1344 festum
2989 1272 3250 1351 celebrat.
3285 1299 3432 1362 Quid

1835 1631 2086 1685 oratione
2118 1637 2409 1706 complecti
2441 1643 2649 1710 queat?

1907 1721 2074 1815 Quid
2099 1725 2246 1815 enim
2297 1727 2450 1780 aliud
2506 1729 2860 1802 loquebatur,
2903 1755 3070 1809 quam
3102 1759 3223 1812 quae
3251 1744 3358 1815 ipsi
3395 1762 3428 1799 a

57 1856 61 1859 -
143 1817 208 1872 ni
229 1822 330 1874 tuo
358 1819 416 1874 in
445 1819 730 1885 saeculum,
751 1823 808 1873 et
825 1819 881 1872 in
904 1818 1166 1872 saeculum
1189 1816 1392 1870 saeculi.
1414 1816 1650 1884 Magnus
1665 1830 1743 1878 es,
1777 1837 1818 1896 Β
1833 1808 2021 1864 ἀίνὶηο
2051 1813 2280 1883 Spiritu.
2314 1832 2414 1885 Per
2425 1833 2592 1888 quem
2605 1821 2907 1890 piscatores
2931 1808 3254 1884 universum
3269 1808 3428 1886 inun-

141 1907 402 1975 Domine,
455 1914 512 1964 et
555 1907 854 1963 laudabilis
880 1908 1057 1973 valde,
1101 1913 1156 1961 et
1194 1905 1596 1975 magnitudinis
1629 1907 1737 1958 tute
1999 1901 2220 1957 Christo
2249 1905 2593 1970 irretierunt,
2613 1914 2670 1962 et
2688 1910 3002 1969 litterarum
3027 1925 3282 1988 expertes
3297 1937 3428 1977 em.

143 2014 260 2052 non
284 2003 370 2052 est
397 1999 526 2053 finis
555 1995 720 2072 (Psal.
756 1998 953 2066 cxmv).
988 1999 1055 2051 Et
1095 1996 1220 2067 quis
1248 1995 1510 2066 loquetur
1546 1999 1745 2064 poten-

140 2086 254 2142 tias
285 2093 431 2153 tuas,
455 2088 678 2144 auditas
698 2088 862 2142 faciet
877 2104 1071 2142 omnes
1100 2086 1298 2140 laudes
1319 2083 1742 2152 tuas(l’sal.cv)?

142 2176 254 2240 Qui
309 2179 630 2232 convertisti
661 2184 879 2250 petram
911 2177 969 2232 in
1017 2181 1216 2246 stagna
1245 2191 1536 2246 aquarum,
1572 2179 1628 2226 et
1655 2190 1747 2227 ru-

141 2283 275 2338 pem
298 2266 358 2322 in
385 2267 568 2323 fontes
597 2284 872 2340 aquarum
891 2270 1056 2335 (Psal.
1085 2271 1260 2335 CXIII).
1283 2267 1363 2320 En
1394 2267 1541 2320 enim
1577 2265 1748 2319 etiam

141 2371 316 2428 rupes
333 2357 540 2422 haec,ac
559 2377 699 2432 rupe
727 2360 921 2415 durius
953 2359 1126 2431 patris
1147 2357 1259 2412 mei
1289 2362 1502 2428 pectus,
1528 2360 1627 2410 tua
1659 2371 1750 2408 vo-

139 2445 366 2502 luntate
395 2449 724 2504 ceraeinstar
741 2450 1052 2504 emollitum
1075 2454 1178 2503 est.
1203 2448 1370 2502 Potes
1399 2447 1546 2501 enim
1575 2446 1746 2500 etiam

139 2551 210 2590 ex
261 2536 543 2610 lapidibus
601 2539 842 2594 excitare
890 2539 1033 2594 ﬁlios
1079 2539 1316 2594 Abrahae
1376 2539 1589 2606 (Matth.
1634 2536 1742 2604 III).

139 2625 371 2682 Gratias
399 2629 501 2684 tibi
523 2647 646 2703 ago,
667 2629 903 2702 benigne
927 2631 1161 2685 Domine
1183 2630 1406 2683 acDeus
1430 2628 1744 2682 misericor-

137 2714 268 2783 diae,
304 2719 567 2789 quoniam
606 2721 666 2776 in
706 2721 948 2792 peccatis
979 2721 1184 2776 nostris
1237 2719 1470 2774 lenitate
1498 2735 1631 2773 usus
1662 2736 1742 2781 es,

137 2813 316 2882 atque
344 2811 653 2866 etiamnum
681 2812 876 2877 uteris,
910 2816 966 2866 et
993 2812 1063 2866 ad
1093 2812 1241 2866 hunc
1266 2827 1443 2882 usque
1465 2811 1611 2865 diem
1646 2811 1746 2866 im-

135 2899 372 2971 punitos
395 2917 498 2956 nos
527 2900 801 2973 reliquisti
826 2903 1049 2968 (Basil..
1085 2903 1178 2956 lib.
1207 2902 1385 2956 Const.
1419 2918 1464 2954 ι’.
1497 2898 1562 2970 1).
1597 2902 1738 2956 Nam

136 3007 244 3044 nos
271 2990 499 3062 quidem
526 2991 648 3062 jam
678 2992 897 3063 pridem
927 3006 961 3044 a
987 2996 1087 3046 tua
1115 2990 1252 3045 facie
1287 2989 1454 3060 abjici
1486 2990 1741 3045 mereba-

135 3097 290 3144 mur,
313 3085 482 3152 atque
499 3080 557 3136 in
575 3081 681 3136 hac
705 3080 812 3135 vita
830 3080 1053 3153 publica
1071 3081 1304 3135 infamia
1323 3081 1525 3144 notari,
1546 3098 1744 3152 quem-

1831 1987 1962 2042 ditis
1994 1991 2124 2046 viris
2143 1993 2397 2049 doctrina
2409 1998 2809 2068 praestiterunt,
2843 1987 3294 2064 instillabantur?
3318 2011 3428 2065 Per

1825 2081 1948 2151 ejus
1966 2085 2208 2154 gratiam
2230 2088 2350 2158 ipse
2365 2107 2587 2161 quoque
2609 2093 2860 2148 eruditus
2899 2102 2955 2150 et
2991 2098 3318 2168 instructus,
3353 2103 3425 2157 ad

1829 2188 2020 2242 regem
2051 2177 2218 2231 verba
2237 2177 2490 2244 faciebat,
2509 2181 2754 2237 scientiae
2771 2185 2894 2239 luce
2914 2204 3040 2242 eum
3064 2190 3419 2246 collustrans.

1829 2265 1907 2317 Ac
1959 2265 2114 2336 prius
2162 2269 2408 2338 quidem,
2449 2288 2577 2326 cum
2606 2279 2671 2328 ut
2699 2282 2917 2346 patrem
2957 2295 2992 2332 a
3033 2282 3422 2352 superstitioso

1831 2370 2018 2408 errore
2041 2355 2412 2424 abstraheret,
2447 2361 2542 2416 diu
2563 2364 3253 2438 multumquelaborasset,
3279 2371 3422 2428 nihil

1829 2461 1942 2499 non
1972 2445 2160 2501 dicens
2185 2454 2284 2502 aut
2309 2449 2537 2518 faciens,
2591 2471 2699 2525 quo
2738 2456 2912 2528 ipsius
2963 2459 3212 2516 animum
3259 2463 3328 2517 ad
3361 2481 3420 2518 se

1829 2535 2097 2595 alliceret.
2121 2537 2328 2594 frustra
2349 2545 2539 2596 tamen
2565 2561 2766 2599 canere
2803 2562 2868 2600 ac
2895 2548 3064 2602 surdo
3092 2549 3246 2622 loqui
3275 2553 3424 2607 vide-

1830 2624 2014 2680 batur.
2047 2629 2122 2682 At
2150 2645 2276 2683 cum
2332 2630 2603 2688 Dominus
2644 2634 3005 2691 af‘ilictionem
3035 2639 3176 2692 servi
3210 2641 3297 2694 sui
3331 2642 3423 2696 Jo-

1829 2715 2029 2785 saphat
2075 2715 2338 2788 inspexit,
2371 2725 2559 2791 atque,
2597 2723 2870 2778 exauditis
2919 2726 3098 2796 ipsius
3143 2729 3420 2800 precibus,

1827 2804 2045 2858 clausas
2075 2807 2251 2876 patris
2293 2807 2471 2878 ipsius
2519 2811 2722 2881 januas
2761 2816 3024 2885 patefecit
3060 2819 3421 2874 (voluntatem

1827 2893 1996 2958 enim,
2027 2895 2214 2966 inquit
2236 2897 2328 2951 ille
2377 2899 2540 2968 [Ps-al.
2567 2903 2762 2974 CLXIV].
2797 2904 3122 2962 timentium
3153 2925 3212 2962 se
3235 2909 3417 2974 faciet,

1826 2989 1882 3037 et
1920 2985 2369 3056 deprecationem
2407 3007 2602 3046 eorum
2656 2995 2955 3063 exaudiet),
3002 3003 3122 3052 tum
3177 2999 3420 3070 denique

1825 3089 1923 3128 rex
1953 3092 2018 3129 ea
2047 3093 2169 3147 quae
2197 3077 2528 3135 dicebantur
2557 3082 2714 3137 facile
2744 3085 3112 3157 intelligebat,
3164 3089 3304 3142 adeo
3335 3094 3416 3154 ut,

133 3169 445 3224 admodum
463 3171 718 3226 scelerati
749 3171 829 3224 illi
862 3170 1244 3242 Pentapolitae,
1261 3171 1354 3242 qui
1379 3171 1494 3241 igni
1524 3187 1587 3224 ac
1618 3171 1733 3224 sul-
1753 3171 1796 3230 C
1817 3172 2194 3234 Opportunum
2216 3174 2439 3238 tempus
2458 3176 2656 3225 nactus
2676 3173 2824 3227 filius
2843 3191 2942 3244 per
2962 3175 3164 3229 Christi
3176 3176 3421 3246 gratiam

130 3261 320 3332 phure
338 3261 758 3332 conﬂagrarunt
769 3261 924 3321 (Gen.
948 3275 1080 3314 χιιι.
1105 3260 1738 3332 Atpatientiaetincom-

129 3348 410 3422 parabilis
425 3349 626 3405 lenitas
653 3355 754 3405 tua
777 3349 1017 3422 benigne
1034 3349 1318 3404 nobiscum
1336 3350 1467 3421 egit.
1513 3349 1738 3404 Gratias

126 3439 236 3495 tibi
255 3456 364 3510 ago
380 3439 644 3511 indignus
659 3457 761 3511 ego
777 3457 842 3495 ac
867 3439 1234 3512 despicabilis,
1255 3440 1474 3494 etiamsi
1486 3439 1742 3509 benigni-

129 3529 238 3584 tati
253 3535 368 3584 tute
378 3529 675 3584 laudanda‘
691 3547 756 3584 ac
767 3529 1114 3584 celebranda:
1127 3531 1311 3598 impar
1323 3547 1386 3584 su
1395 3531 1553 3584 m.Ac
1567 3534 1621 3584 te
1633 3529 1740 3583 Do-

131 3619 293 3674 mine
305 3619 336 3674 ,Ι
339 3635 438 3673 esu
451 3619 1182 3684 Christe,invisibilisPatris
1197 3620 1301 3674 Fili
1318 3619 1629 3674 acVerbum
1643 3617 1738 3690 qui

137 3707 512 3764 omniaverbo
526 3709 854 3780 produxisti,
887 3726 952 3764 ac
988 3710 1274 3764 voluntate
1304 3715 1402 3764 tua
1417 3709 1669 3764 contines
1686 3712 1743 3762 et

136 3798 448 3870 tueris,qui
461 3798 684 3870 inligno
695 3805 1116 3864 extensuses,ac
1129 3799 1328 3854 fortem
1341 3798 1716 3856 vixistilillatth
1729 3838 1741 3850 .

138 3893 262 3953 xn‘,
282 3887 466 3959 iisque
483 3887 577 3959 qui
591 3887 661 3942 ab
689 3905 754 3943 eo
770 3887 936 3942 vincti
953 3888 1309 3953 tenebantur,
1343 3887 1745 3960 sempiternam

139 3976 468 4032 libertatem
482 3977 720 4032 attulisti
754 3983 837 4046 ;te
853 3977 1083 4050 inquam
1102 3995 1203 4050 per
1219 3979 1460 4033 miserati
1472 4007 1477 4024 ι
1491 3997 1536 4032 si
1545 3995 1603 4032 es
1620 3983 1746 4032 tuas

141 4065 419 4132 obtestor,
447 4071 512 4122 ut
537 4083 687 4122 nunc
715 4083 936 4139 quoque
960 4067 1291 4122 invisibilem
1325 4068 1745 4123 etomniumre-

140 4173 272 4211 rum
299 4157 631 4212 effectricem
665 4173 897 4212 manum
923 4162 1079 4212 tuam
1108 4157 1393 4220 extendas,
1429 4175 1492 4212 ac
1523 4173 1744 4212 servum

138 4250 310 4300 tuum
329 4251 386 4302 et
400 4252 619 4318 patrem
638 4263 826 4302 meum
842 4265 904 4302 ex
920 4247 1076 4318 gravi
1089 4246 1183 4302 illa
1199 4245 1405 4301 diaboli
1421 4245 1743 4318 captivitate

139 4351 380 4406 prorsus
424 4335 646 4404 liberes,
693 4340 862 4407 teque
889 4335 1231 4406 sempiterna
1277 4333 1391 4390 vita
1421 4334 1740 4406 praeditum,

141 4433 203 4479 et
224 4441 422 4479 verum
441 4425 619 4480 Deum
649 4443 714 4481 ac
735 4425 916 4480 solum
963 4425 1337 4480 immortalem
1388 4431 1444 4479 et
1473 4430 1743 4480 aeternum

1819 3254 2087 3310 adversus
2106 3256 2392 3327 improbos
2420 3258 2650 3330 spiritus
2676 3262 2769 3332 qui
2809 3263 2983 3334 patris
3021 3265 3209 3320 animo
3237 3266 3420 3321 domi-

1820 3343 2101 3398 nabantur
2129 3345 2418 3400 victoriam
2475 3349 2894 3420 adipisceretur,
2955 3352 3253 3424 ipsumque
3301 3355 3422 3411 illo-

1821 3449 1946 3486 rum
2004 3449 2192 3488 errore
2217 3438 2386 3505 atque
2415 3435 2728 3507 impostura
2757 3440 2908 3494 omni
2939 3457 3004 3494 ex
3041 3447 3199 3512 parte
3222 3442 3422 3496 libera-

1821 3527 1926 3586 ret,
1959 3523 2694 3596 salutaremquedoctrinam
2727 3530 3019 3600 perspicue
3040 3529 3145 3602 ipsi
3172 3529 3424 3584 traderet

1821 3627 1886 3666 ac
1914 3613 2124 3668 caelesti
2155 3619 2212 3668 et
2239 3615 2358 3669 vivo
2387 3617 2501 3671 Deo
2532 3617 2718 3688 ipsum
2741 3619 3082 3674 conciliaret.

1893 3703 2174 3774 Principio
2187 3705 2337 3760 enim
2357 3707 2525 3762 altius
2543 3709 2814 3771 exorsus,i
2825 3709 2903 3779 psi
2927 3725 3160 3780 magnas
3175 3714 3231 3763 et
3244 3708 3422 3762 admi-

1825 3792 2031 3846 randas
2045 3809 2134 3847 res
2145 3811 2284 3864 quas
2304 3795 2460 3867 prius
2471 3813 2573 3852 nec
2584 3797 3063 3863 intellexerat,nec
3078 3799 3260 3852 cordis
3274 3798 3424 3852 auri-

1825 3880 1928 3936 bus
1957 3885 2678 3954 perceperat,annuntiavit.
2704 3887 2922 3940 Etenim
2953 3887 3178 3958 longam
3200 3887 3270 3940 ad
3291 3902 3418 3940 eum

1829 3972 1897 4026 de
1925 3973 2038 4026 Deo
2059 3973 2366 4028 orationem
2423 3973 2639 4034 habuit.
2682 3976 2944 4048 piamque
2969 3976 3283 4030 doctrinam
3315 3975 3420 4046 ipsi

1829 4063 2075 4116 ostendit
2118 4065 2366 4136 (nempe,
2399 4065 2547 4136 quod
2575 4082 2686 4120 non
2715 4066 2788 4120 sit
2830 4067 2974 4120 alius
3004 4067 3144 4121 deus
3172 4082 3418 4130 sursum,

1827 4158 2032 4224 praeter
2057 4170 2232 4208 unum
2261 4155 2459 4220 Deum,
2496 4156 2591 4226 qui
2621 4155 2678 4210 in
2709 4156 2874 4212 Patre
2905 4163 2962 4210 et
2987 4156 3128 4211 Filio
3158 4173 3223 4210 ac
3253 4155 3423 4226 Spiri-

1825 4247 1886 4296 tu
1917 4247 2110 4298 sancto
2141 4245 2506 4314 agnoscitur‘,
2542 4262 2606 4300 ac
2652 4247 2835 4301 multa
2858 4247 2992 4300 item
3015 4245 3309 4316 theologia:
3337 4261 3424 4300 ar-

1825 4349 1962 4386 cana
1992 4333 2096 4404 ipsi
2117 4334 2356 4405 aperuit.
2382 4335 2692 4407 Posteaque
2714 4336 2884 4390 etiam
2905 4353 2968 4390 ea
2983 4353 3104 4408 quas
3132 4335 3201 4389 ad
3230 4350 3421 4390 rerum

1827 4422 2176 4478 conditarum
2209 4430 2325 4478 tam
2369 4423 2731 4479 invisibilium
2759 4442 2926 4497 quam
2957 4425 3258 4478 visibilium
3289 4441 3420 4495 pro-

137 4514 362 4586 Regem
391 4531 510 4570 esse
539 4515 1008 4586 apertissimeipsi
1029 4515 1311 4569 ostendas.
1340 4514 1746 4569 Contritionem
1768 4505 2168 4566 Dcreationem
2197 4512 2514 4567 attinebant
2543 4514 2799 4585 exposuit
2823 4533 2833 4567 :
2888 4513 3157 4567 nimirum
3187 4528 3296 4582 quo
3326 4527 3423 4582 pa-

140 4620 338 4676 quaeso
373 4603 546 4658 animi
577 4603 688 4659 mei
715 4603 957 4676 propitio
1010 4621 1074 4659 ac
1103 4603 1320 4676 placido
1351 4603 1509 4658 oculo
1538 4603 1740 4675 aspice,

140 4709 210 4748 ac
251 4709 353 4766 pro
397 4710 465 4748 ea
510 4699 612 4748 tua
649 4693 1069 4766 pollicitatione,
1102 4694 1159 4747 in
1191 4709 1358 4765 quam
1391 4693 1746 4748 mendacium

139 4799 264 4837 non
293 4782 460 4850 cadit,
503 4799 538 4838 a
565 4783 705 4838 meis
744 4782 996 4849 partibus
1037 4787 1142 4849 sta,
1200 4782 1296 4854 qui
1325 4787 1382 4836 te
1412 4798 1600 4837 rerum
1623 4799 1745 4838 om-

140 4871 310 4927 nium
342 4871 674 4937 effectorem,
703 4871 1070 4939 conditorem,
1096 4869 1595 4942 etgubernatorem
1619 4887 1748 4925 con-

141 4963 318 5017 ﬁteor
365 4965 420 5016 et
473 4977 732 5033 agnosco.
792 4961 958 5016 Fluat
987 4961 1047 5016 in
1086 4977 1176 5016 me
1227 4961 1431 5014 saliens
1473 4976 1622 5031 aqua
1647 4965 1748 5014 tua

145 5052 336 5120 (Joan.
365 5053 457 5118 Ivi,
505 5051 780 5122 deturque
811 5050 949 5105 mihi
989 5067 1174 5106 sermo
1221 5050 1280 5104 in
1320 5049 1608 5121 apertione
1634 5049 1747 5104 oris

145 5139 362 5209 (Ephes.
390 5141 484 5204 v1),
517 5156 584 5194 ar.
613 5157 770 5194 mens
790 5139 847 5194 in
864 5146 920 5194 te
943 5139 1200 5212 angulari
1219 5139 1405 5210 lapide
1436 5143 1584 5194 recte
1615 5139 1750 5194 deﬁ-

141 5244 240 5294 xa,
271 5232 337 5282 ut
349 5244 471 5300 ego,
485 5228 702 5284 inutilis
721 5246 912 5284 servus
923 5235 1074 5286 tuus.
1093 5229 1236 5300 patri
1261 5245 1386 5284 meo
1407 5227 1747 5283 incarnatio-

141 5317 236 5372 nis
276 5323 388 5373 tuae
417 5318 767 5390 mysterium,
801 5319 883 5374 uti
921 5335 1024 5391 par
1051 5323 1154 5380 est,
1191 5334 1484 5390 exponere,
1518 5323 1686 5390 atque
1715 5335 1748 5372 a

141 5423 292 5462 vano
319 5407 718 5480 pestiferorum
748 5409 1067 5464 daemonum
1099 5425 1289 5463 errore
1307 5425 1408 5480 per
1437 5407 1746 5480 potentiam

143 5501 307 5552 tuam
337 5495 524 5570 ipsum
552 5495 846 5566 abducere,
893 5496 1106 5570 tibique
1122 5498 1237 5552 Deo
1264 5511 1329 5551 ac
1356 5496 1613 5564 Domino,
1649 5496 1746 5569 qui

145 5602 265 5643 non
293 5585 375 5642 vis
403 5591 644 5644 mortem
664 5592 1042 5661 peccatorum,
1073 5585 1171 5642 sed
1199 5602 1394 5642 eorum
1418 5585 1746 5659 resipiscen-

147 5677 291 5735 tiam
309 5693 376 5734 ac
394 5675 784 5750 paenitentiam
831 5680 1116 5749 exspectas
1135 5677 1340 5748 (Ezech.
1368 5680 1542 5748 xvm),
1567 5675 1747 5733 conci-

1826 4607 1914 4656 cto
1939 4619 2194 4657 summus
2223 4602 2316 4656 ille
2363 4619 2564 4674 parens
2590 4608 2646 4656 et
2676 4608 2866 4668 323
2889 4603 3072 4674 opifex
3105 4601 3270 4656 rebus
3297 4617 3420 4654 om-

1828 4691 1993 4746 nibus
2021 4709 2087 4746 ex
2111 4691 2287 4765 nihilo
2303 4691 2605 4764 productis,
2627 4691 2911 4746 hominem
2938 4691 3008 4746 ad
3037 4691 3342 4762 imaginem
3363 4695 3420 4744 et

1828 4781 2255 4836 similitudinem
2281 4797 2440 4835 suam
2471 4780 2766 4847 efﬁnxerit,
2789 4781 3087 4853 ipsumque
3115 4779 3333 4835 arbitrii
3361 4779 3423 4833 li-

1827 4867 2044 4924 bertate
2073 4869 2364 4934 donatum,
2409 4886 2603 4924 eorum
2633 4887 2756 4942 quae
2803 4869 2860 4925 in
2897 4869 3158 4942 paradiso
3190 4869 3423 4942 pulchra

1829 4965 1990 5013 erant
2026 4958 2356 5031 participem
2378 4958 2767 5019 fecerit.unius
2783 4965 3006 5015 tantum
3017 4959 3233 5014 arboris
3253 4963 3423 5030 gustu

1829 5048 1936 5120 ipsi
1979 5048 2296 5108 interdicto,
2332 5049 2434 5103 hoc
2473 5055 2558 5102 est
2595 5049 2734 5120 ligni
2765 5050 3029 5105 scientiae.
3053 5049 3173 5114 Quo
3196 5048 3423 5120 quidem

1829 5139 2094 5194 mandato
2115 5138 2336 5204 violato,
2358 5154 2484 5192 eum
2513 5155 2543 5192 e
2563 5139 2824 5209 paradiso
2849 5135 3423 5194 exterminavit.Unde

1831 5235 1887 5284 et
1915 5229 2117 5300 ipse,et
2136 5243 2294 5292 uxor,
2337 5243 2404 5281 ea
2429 5243 2599 5299 quam
2626 5245 2750 5282 cum
2781 5245 2846 5283 eo
2876 5227 3158 5283 habebant
3186 5227 3422 5296 conjun-

1829 5318 2013 5373 ctione
2042 5317 2268 5390 lapsi,in
2291 5317 2628 5380 hos,multos
2647 5333 2864 5372 errores
2884 5315 3220 5380 incnderunt,
3236 5331 3427 5386 pecca-

1827 5413 1886 5462 to
1917 5407 2173 5462 videlicet
2192 5407 2250 5462 in
2273 5406 2598 5461 servitutem
2629 5405 2856 5470 addicti,
2881 5405 3160 5476 mortique
3179 5419 3280 5476 per
3307 5403 3426 5458 dia-

1827 5495 1941 5552 boli
1963 5497 2318 5570 tyrannidem
2349 5495 2570 5552 obnoxii
2609 5493 2808 5550 etl‘ecti.
2834 5493 2940 5560 Qui
2972 5493 3199 5566 quidem
3246 5491 3424 5548 homi-

1826 5585 1993 5642 nibus
2021 5587 2194 5643 semel
2221 5587 2280 5642 in
2305 5591 2640 5660 potestatem
2670 5601 2831 5641 suam
2859 5583 3119 5651 redactis,
3150 5583 3256 5640 hoc
3282 5581 3417 5653 egit,

1825 5681 1893 5732 ut
1917 5673 2020 5737 Dei
2067 5691 2132 5733 ac
2179 5673 2404 5732 Domini
2445 5673 2721 5730 oblivione
2771 5681 3000 5747 prorsus
3057 5676 3412 5745 caperentur,

2926 15 3063 21 ___.
3086 3 3256 22 Η..-
3256 14 3280 23 __
3297 3 3567 24 ___—___
3354 19 3369 24 _
3419 15 3473 24 ___
3499 15 3536 17 ___
3556 23 3567 25 _
