3868 6378
477 318 580 376 583

1486 315 1578 369 DE
1612 314 1802 372 VITIS
1840 313 2136 369 PATRUM
2173 311 2388 367 LIBER
2425 311 2716 366 PRIMUS.

3635 317 3732 373 584

459 445 710 516 ipsisque
741 441 1021 513 persuasit
1074 447 1138 495 ut
1169 456 1268 512 per
1311 437 1714 494 exsecrandam
1772 439 2112 498 idolorumA
2136 436 2426 492 exstruxit.
2457 437 2574 490 Nec
2616 453 2742 490 vero
2775 437 2835 490 in
2862 436 2998 491 urbe
3016 438 3306 504 duntaxat,
3339 440 3438 494 sed
3471 442 3650 495 etiam
3681 443 3734 496 in

459 533 842 588 adorationem
873 531 980 585 sibi
1017 531 1229 584 cultum
1253 529 1602 584 adhiberent.

526 623 602 675 At
629 637 757 674 vero
783 621 930 674 Deus
944 627 1164 673 creator
1187 626 1395 684 noster,
1413 618 1770 674 miseratione
1799 634 2046 672 commo-

457 717 566 774 tus,
585 709 828 778 benigna
857 709 1039 763 Patris
1061 709 1347 762 voluntate
1375 725 1440 762 ac
1472 708 1712 778 Spiritus
1741 707 1918 761 sancti
1944 707 2045 760 ad-

449 802 649 870 juncta
677 815 865 869 opera,
902 815 966 852 ex
997 797 1226 867 Virgine
1253 803 1444 851 sancta
1475 797 1650 850 nostri
1677 796 1854 850 instar
1877 797 1936 850 in
1967 797 2048 850 lu-

455 905 574 942 cem
603 887 690 941 edi
719 886 916 954 voluit;
968 903 1208 956 cumque
1238 886 1488 940 cruciatu
1514 886 1744 940 affectus
1787 885 1982 940 fuisset
2001 885 2048 940 is

449 977 544 1048 qui
577 994 610 1030 a
635 976 992 1048 perpessione
1017 975 1284 1029 immunis
1312 980 1453 1041 erat,
1489 975 1674 1029 triduo
1697 980 1824 1046 post
1844 993 1878 1028 a
1904 992 2049 1029 mor-

450 1075 506 1121 te
537 1067 606 1120 ad
635 1065 803 1119 vitam
827 1065 1116 1130 excitatus,
1145 1081 1246 1118 nos
1262 1080 1296 1118 a
1321 1063 1494 1134 priori
1509 1065 1686 1118 multa
1706 1069 1764 1118 et
1789 1064 2049 1118 eundem--

453 1155 680 1210 natione
720 1154 994 1219 liberavit,
1039 1153 1525 1225 praestantiorique
1569 1153 1751 1224 gloria
1794 1153 2042 1208 donavit.

451 1245 737 1316 Siquidem
763 1243 823 1297 in
861 1243 1060 1296 cmlum
1105 1243 1431 1306 ascendens,
1471 1243 1640 1296 simul
1665 1260 1766 1296 nos
1796 1259 1862 1296 eo
1898 1243 2046 1297 unde

447 1333 830 1395 descenderat.
881 1332 1081 1386 evexit.
1113 1332 1291 1396 Quem
1324 1331 1494 1386 etiam
1526 1349 1720 1386 rursus
1749 1337 2046 1386 venturum

450 1423 752 1488 credimus,
798 1427 864 1476 ut
892 1423 1223 1493 ﬁgmentum
1253 1438 1418 1475 suum
1467 1421 1538 1475 ad
1585 1422 1758 1475 vitam
1805 1427 2040 1484 revocet,

448 1518 619 1584 atque
651 1510 956 1582 unicuique
983 1510 1293 1564 secundum
1317 1510 1490 1581 ipsius
1513 1527 1684 1580 opera
1709 1509 1924 1564 reddat.
1947 1511 2048 1564 Po-

447 1607 568 1656 stea
595 1602 664 1654 de
695 1601 789 1654 illo
811 1601 1076 1654 cmlorum
1103 1617 1294 1670 regno,
1328 1599 1476 1670 quod
1503 1616 1598 1653 eos
1629 1599 1724 1670 qui
1742 1599 1798 1652 id
1829 1616 2049 1670 promc-

2131 532 2250 582 tota
2278 527 2506 596 regione
2539 526 2795 580 eamdem
2813 543 3041 597 cperam
3063 529 3256 583 sedulo
3276 528 3582 584 navabant.
3607 532 3734 586 Per-

2129 615 2273 670 versi
2305 624 2492 670 autem
2522 616 2772 686 spiritus,
2819 615 2914 686 qui
2953 617 3012 671 in
3044 617 3156 671 aris
3185 617 3540 674 domicilium
3571 619 3737 675 habe-

2127 705 2265 760 bant
2292 722 2419 759 cum
2443 705 2660 759 ululatu
2686 705 3056 776 pellebantur,
3078 706 3454 779 invictamque
3490 709 3594 763 Dei
3637 727 3733 764 no-

2129 794 2232 848 stri
2261 795 2572 866 potentiam
2600 795 2842 848 tremulo
2872 795 3114 850 clamore
3137 795 3510 862 testabantur,
3529 800 3730 854 omnis-

2131 902 2239 955 que
2274 885 2450 938 vicina
2478 885 2652 954 regio,
2685 901 2750 937 ac
2779 885 2966 938 multis
2987 885 3124 938 item
3151 885 3402 941 ﬁnitimae
3434 894 3640 957 gentes
3665 889 3730 942 ad

2131 974 2282 1044 piam
2307 974 2472 1027 ﬁdem
2495 991 2615 1028 sese
2637 973 3011 1027 conferebant.
3043 975 3188 1029 Tum
3215 975 3408 1046 igitur,
3441 993 3571 1031 cum
3603 977 3734 1031 divi-

2131 1062 2399 1117 nissimus
2429 1063 2523 1116 ille
2545 1063 2856 1134 episcopus,
2891 1063 2960 1116 de
2989 1080 3098 1134 quo
3121 1064 3377 1135 superius
3401 1065 3573 1120 verba
3603 1066 3732 1121 feci-

2130 1169 2274 1217 mus,
2299 1152 2642 1218 accessisset,
2677 1169 2772 1206 rex
2798 1151 3060 1206 Abenner
3091 1153 3219 1207 ﬁdei
3246 1153 3584 1210 Christianas
3624 1157 3728 1210 ele-

2129 1241 2332 1296 mentis
2362 1241 2654 1304 imbuitur,
2686 1259 2750 1295 ac
2781 1241 2967 1296 divino
2996 1241 3274 1313 baptismo
3301 1242 3361 1297 in
3385 1245 3617 1300 nomine
3632 1246 3732 1300 Pa-

2127 1330 2232 1384 tris
2261 1337 2316 1384 et
2361 1331 2485 1384 Filii
2516 1337 2572 1383 et
2603 1331 2844 1402 Spiritus
2873 1331 3069 1396 sancti,
3115 1332 3420 1402 perﬁcitur.
3475 1336 3557 1388 Ac
3577 1335 3730 1388 Josa-

2128 1421 2264 1490 phat
2284 1437 2351 1472 ex
2379 1419 2565 1473 divina
2593 1419 2806 1490 piscina
2845 1419 3034 1491 ipsum
3069 1420 3288 1492 excipit,
3325 1438 3415 1476 res
3444 1439 3582 1478 sane
3615 1441 3734 1478 om-

2130 1509 2286 1562 nium
2313 1509 2552 1562 maxime
2581 1525 2743 1562 nova.
2771 1509 2956 1562 Patris
2984 1509 3132 1564 enim
3163 1515 3320 1581 pater
3348 1511 3567 1576 existit,
3603 1519 3662 1566 et
3681 1513 3730 1566 ei

2130 1615 2164 1652 a
2189 1615 2298 1668 quo
2356 1598 2567 1652 carnali
2597 1596 2762 1652 modo
2807 1598 3130 1668 progenitus
3159 1599 3344 1654 fuerat
3381 1600 3731 1672 spiritualem

450 1696 648 1745 rentur
671 1695 878 1754 manet,
917 1688 1080 1743 verba
1097 1688 1246 1749 fecit.
1278 1695 1447 1759 atque
1483 1705 1694 1742 arcana
1735 1688 1832 1742 illa
1879 1687 2042 1753 bona,
2129 1687 2615 1758 regenerationem
2645 1687 2922 1741 conciliat.
2953 1687 3171 1742 Etenim
3195 1689 3429 1743 caelestis
3461 1691 3651 1745 Patris
3672 1694 3732 1744 ﬁ-

447 1779 903 1849 reconditamque
925 1778 1059 1832 item
1090 1777 1360 1848 improbis
1383 1793 1604 1848 poenam
1629 1777 1938 1849 proposuit,
1963 1759 2104 1830 ni-B
2128 1775 2237 1830 lius
2266 1783 2406 1844 erat,
2456 1776 2767 1847 divinaeque
2794 1776 3040 1847 profecto
3086 1777 3294 1832 radicis
3350 1778 3732 1834 divinissimus

449 1871 659 1925 mirum
690 1869 877 1939 ignem
903 1884 1193 1938 nunquam
1223 1867 1711 1938 exstinguendum,
1742 1867 2046 1922 exteriores

446 1958 728 2024 tenebras,
763 1957 1138 2011 immortalem
1159 1973 1427 2020 vermem,
1461 1962 1772 2027 czeteraque
1801 1961 2046 2010 tormen-

445 2055 632 2104 torum
677 2064 904 2119 genera,
941 2063 1066 2118 quae
1092 2046 1302 2117 peccati
1332 2045 1476 2100 servi
1505 2045 1612 2100 sibi
1632 2045 1770 2116 ipsis
1795 2046 2045 2100 recondi-

447 2139 672 2194 derunt.
703 2137 832 2190 Haec
859 2135 1047 2190 omnia
1099 2119 1268 2204 quam
1293 2135 1549 2205 plurimis
1582 2133 1950 2201 sermonibus,
1981 2153 2046 2190 ac

444 2225 688 2296 Spiritus
715 2224 895 2278 sancti
922 2223 1166 2294 gratiam
1189 2223 1409 2277 abunde
1446 2223 1553 2294 ipsi
1579 2222 1760 2277 inesse
1791 2223 2046 2278 testanti-

442 2313 565 2380 bus,
601 2319 947 2386 prosecutus,
982 2318 1102 2367 tum
1129 2313 1357 2366 demum
1385 2311 1893 2384 impervestigabile
1913 2313 2047 2368 divi-

443 2420 530 2458 nae
579 2402 943 2474 benignitatis
987 2403 1218 2473 pelagus
1271 2401 1572 2466 enarravit,
1621 2419 1902 2473 quamque
1950 2402 2045 2456 ille

445 2510 639 2548 eorum
667 2493 764 2562 qui
790 2491 860 2546 ad
915 2508 1043 2546 eum
1095 2508 1216 2544 sese
1272 2496 1604 2546 convertunt
1655 2491 2044 2562 poanitentiam

445 2581 684 2635 libenter
706 2585 1005 2652 exspectet,
1040 2580 1298 2651 quodque
1328 2581 1544 2634 nullum
1575 2581 1754 2634 scelus
1796 2580 1871 2635 sit
1895 2581 2042 2652 quod

443 2669 619 2740 ipsius
645 2667 1086 2722 misericordiam
1131 2674 1376 2738 superet,
1411 2669 1457 2723 si
1499 2667 1730 2738 quidem
1761 2669 1830 2723 ad
1853 2669 2045 2723 melio-

443 2775 562 2812 rem
608 2757 828 2827 frugem
877 2757 1059 2811 redire
1103 2756 1163 2810 in
1201 2757 1457 2811 animum
1488 2757 1841 2812 inducamus.
1882 2758 2042 2823 Quod

442 2863 572 2901 cum
593 2846 784 2900 multis
813 2845 1076 2916 exemplis
1102 2863 1164 2900 ac
1185 2847 1474 2917 scripturae
1497 2847 1838 2902 testimoniis
1861 2847 2044 2902 decla-

447 2941 648 3000 rasset,
683 2935 925 2989 orationi
944 2935 1112 2988 ﬁnem
1140 2935 1426 3006 imposuit.

518 3025 647 3079 CAP.
673 3025 895 3078 XXXV.
927 3059 970 3068 -ς
1007 3025 1118 3078 Rex
1151 3030 1342 3078 autem
1376 3025 1642 3080 divinitus
1680 3026 1889 3080 tradita
1936 3026 2042 3080 hac

2126 1865 2372 1934 fructus;
2413 1866 2636 1931 radicis,
2668 1865 2920 1936 inquam,
2959 1865 3110 1921 illius
3144 1883 3265 1939 qua:
3291 1867 3500 1922 clamat
3542 1887 3554 1922 :
3617 1869 3732 1940 Ego

2126 1971 2253 2010 sum
2291 1955 2439 2021 vitis,
2471 1973 2567 2010 vos
2597 1955 2858 2026 palmites
2890 1958 3069 2022 (Joan.
3101 1963 3206 2026 xv).

2195 2045 2282 2099 Ad
2313 2045 2460 2100 hunc
2491 2045 2720 2100 modum
2752 2062 2845 2100 rex
2862 2063 2962 2116 per
2973 2063 3178 2118 aquam
3192 2063 3256 2100 ac
3273 2047 3546 2118 Spiritum
3569 2066 3731 2118 rege-

2126 2136 2430 2205 neratus,ej
2440 2134 2658 2189 usmodi
2675 2135 2959 2207 voluptate
2983 2152 3104 2206 quae
3121 2136 3274 2190 nulla
3291 2137 3548 2192 oratione
3561 2137 3734 2209 expli-

2127 2223 2242 2278 cari
2253 2228 2437 2294 potest
2451 2223 2818 2291 afﬁciebatur;
2839 2224 3120 2296 simulque
3133 2224 3304 2278 etiam
3319 2241 3446 2280 cum
3459 2225 3582 2297 ipso
3610 2225 3736 2280 uni-

2129 2329 2288 2368 versa
2299 2313 2491 2367 civitas
2510 2330 2573 2367 ac
2588 2313 2826 2368 ﬁnitima
2837 2313 2992 2384 regio
3008 2313 3193 2368 divino
3203 2313 3544 2386 baptismate
3565 2315 3736 2370 dona-

2128 2401 2312 2466 batur,
2339 2403 2590 2473 lucisque
2622 2402 2722 2457 ﬁlii
2750 2402 3068 2458 existebant
3110 2403 3206 2474 qui
3226 2403 3378 2475 prius
3399 2404 3456 2458 in
3485 2404 3735 2460 tenebris

2127 2491 2511 2547 versabantur.
2536 2495 2719 2563 Atque
2741 2493 2924 2547 omnis
2937 2491 3164 2547 morbus
3184 2500 3241 2548 et
3261 2493 3443 2548 omnis
3459 2511 3495 2548 a
3524 2494 3733 2550 daemo-

2126 2581 2292 2636 nibus
2321 2582 2538 2636 invecta
2584 2581 2877 2636 calamitas
2909 2583 3100 2652 procul
3131 2581 3201 2635 ab
3232 2581 3301 2636 iis
3325 2583 3423 2652 qui
3454 2583 3565 2637 ﬁde
3599 2600 3736 2654 prae-

2125 2670 2224 2724 diti
2247 2675 2432 2737 32'
2465 2676 2628 2725 erant
2657 2669 3090 2742 propellebatur,
3123 2670 3430 2742 omnesque
3459 2678 3587 2726 tum
3606 2673 3734 2726 ani-

2128 2759 2234 2812 mis
2265 2767 2384 2813 tum
2417 2759 2744 2831 corporibus
2769 2759 2976 2830 integri
3007 2765 3189 2831 atque
3213 2760 3522 2815 incolumes
3547 2769 3730 2816 erant.

2127 2848 2415 2918 Multaque
2437 2849 2571 2902 item
2587 2849 2700 2904 alia
2716 2849 2985 2904 miracula
3004 2849 3132 2903 ﬁdei
3151 2850 3550 2906 conﬁrmanda
3565 2867 3732 2905 causa

2125 2937 2454 3003 edebantur,
2483 2939 2726 2993 ecclesiae
2746 2939 2916 2994 etiam
2941 2937 3380 3004 aediﬁcabantur,
3406 2946 3464 2993 et
3486 2940 3729 3011 episcopi

2124 3027 2222 3096 qui
2251 3035 2405 3082 metu
2435 3027 2851 3100 delitescebant,
2877 3028 2931 3082 in
2951 3028 3130 3082 lucem
3143 3027 3462 3098 prodibant,
3485 3045 3730 3100 suasque

443 3113 717 3185 sapientia
747 3123 1132 3184 compunctus,
1178 3113 1392 3184 ingenti
1439 3132 1571 3169 voce
1610 3132 1674 3169 ac
1703 3115 2040 3170 ferventissi-
2056 3121 2098 3180 Ο
2123 3115 2385 3170 ecclesias
2411 3117 2770 3188 recipiebant.
2789 3119 2864 3170 Ac
2880 3122 3152 3187 praeterea
3173 3116 3291 3182 alii,
3321 3122 3444 3171 tum
3469 3134 3536 3171 ex
3557 3133 3734 3172 sacer-

441 3221 533 3257 mo
565 3203 753 3258 animo
786 3203 1070 3257 Christum
1119 3203 1463 3258 Salvatorem
1509 3206 1828 3271 conﬁtetur,
1870 3210 2038 3276 atque

442 3291 512 3347 ab
535 3293 688 3347 omni
718 3292 1106 3364 superstitioso
1145 3308 1332 3346 errore
1375 3291 1624 3348 abscedit
1655 3313 1666 3347 :
1701 3294 2038 3366 viviﬁcaeque

439 3382 617 3436 crucis
641 3382 862 3452 signum
893 3381 1333 3452 inspectantibus
1364 3381 1624 3436 omnibus
1647 3382 1926 3448 adorat,et
1942 3399 2039 3436 au-

437 3470 722 3526 dientibus
743 3469 1000 3524 omnibus
1031 3472 1208 3525 Deum
1257 3487 1449 3525 verum
1481 3488 1543 3526 ac
1590 3472 1896 3526 Dominum
1942 3489 2038 3527 no-

439 3566 617 3614 strum
649 3561 839 3614 Jesum
870 3559 1157 3614 Christum
1183 3559 1468 3632 praedicat.
1489 3561 1676 3631 Atque
1698 3577 2034 3616 commemo-

440 3655 566 3703 rata
592 3649 764 3720 priori
799 3665 902 3702 sua
929 3647 1237 3719 impietate,
1287 3654 1342 3702 et
1379 3648 1647 3704 adversus
1678 3650 2034 3705 Christianos

439 3738 770 3792 crudelitate
803 3743 860 3792 et
915 3737 1270 3791 immanitate
1305 3737 1696 3804 condemnata,
1737 3739 1936 3810 ingens
1966 3740 2038 3794 ad

435 3829 701 3900 pietatem
746 3825 928 3898 portio
983 3826 1239 3880 efﬁcitur.
1293 3825 1667 3898 EXStabatque
1702 3828 1760 3883 id
1811 3830 1958 3900 quod
2005 3847 2041 3884 a

437 3917 611 3972 Paulo
637 3915 846 3970 dictum
880 3921 966 3970 est
995 3934 1008 3968 :
1064 3915 1169 3970 Ubi
1193 3914 1497 3970 abundavit
1519 3916 1806 3988 iniquitas,
1835 3918 1952 3973 illic
1978 3924 2038 3973 et

435 4004 908 4076 superabundavit
933 4003 1119 4075 gratia
1149 4007 1316 4064 (Rom.
1349 4017 1422 4074 V).
1456 4007 1598 4060 Cum
1627 4005 1802 4076 igitur
1819 4007 2037 4078 sapien-

436 4094 688 4148 tissimus
707 4093 974 4163 Josaphat
1003 4093 1172 4146 etiam
1195 4092 1266 4146 ad
1297 4093 1377 4146 rei
1393 4093 1654 4148 militaris
1683 4095 1850 4150 duces
1877 4103 1934 4150 et
1948 4113 2036 4151 sa-

435 4187 644 4253 trapas,
677 4186 848 4251 atque
873 4181 943 4234 ad
977 4197 1201 4236 omnem
1243 4181 1484 4252 denique
1513 4183 1784 4254 populum
1811 4185 1880 4239 de
1919 4185 2034 4240 Deo

436 4276 604 4342 atque
625 4286 760 4341 erga
786 4269 973 4340 ipsum
1018 4269 1226 4340 pietate
1271 4270 1447 4324 multa
1493 4271 1662 4326 verba
1706 4273 1930 4341 faceret,
1979 4281 2036 4329 et

439 4359 599 4431 quasi
621 4359 787 4430 ignea
805 4359 998 4430 lingua
1018 4359 1344 4430 praeclarum
1367 4359 1580 4430 aliquid
1597 4378 1662 4416 ac
1683 4362 2032 4419 modulatum

2121 3205 2314 3260 dctum
2335 3213 2458 3261 tum
2487 3223 2552 3260 ex
2584 3207 2984 3260 monachorum
3015 3206 3230 3272 ordine,
3279 3207 3350 3261 ad
3381 3208 3728 3278 pascendum

2121 3295 2329 3349 Christi
2347 3313 2578 3366 gregem
2595 3295 3053 3350 instituebantur.
3069 3296 3242 3350 Porro
3260 3312 3360 3350 rex
3379 3294 3648 3352 Abenner
3663 3297 3728 3351 ad

2118 3384 2268 3438 hunc
2310 3385 2538 3438 modum
2565 3384 2634 3439 ab
2659 3384 2990 3456 improbaet
3016 3385 3294 3456 ﬂagitiosa
3346 3385 3472 3440 vitae
3504 3387 3725 3441 ratione

2118 3490 2240 3528 sese
2269 3490 2576 3537 removens,
2600 3491 2664 3528 ac
2675 3474 2745 3528 de
2771 3475 3105 3546 perpetratis
3127 3473 3426 3528 sceleribus
3452 3475 3726 3546 paeniten-

2118 3563 2256 3618 tiam
2278 3580 2468 3634 agens,
2493 3563 2708 3634 regium
2723 3580 2886 3618 omne
2914 3563 3215 3635 imperium
3247 3563 3361 3618 ﬁlio
3389 3563 3727 3636 tradit,ipse

2119 3659 2307 3706 autem
2339 3653 2398 3706 in
2432 3653 2732 3708 Solitudine
2777 3653 3002 3724 degens,
3049 3659 3327 3724 caputque
3364 3653 3555 3708 cinere
3607 3654 3726 3708 sine

2119 3741 2235 3796 ulla
2256 3741 2671 3796 intermissione
2683 3747 3070 3814 aspergens,et
3081 3758 3280 3813 graves
3291 3743 3540 3813 gemitus
3557 3743 3726 3797 edens

2121 3847 2186 3884 ac
2205 3847 2325 3885 sese
2338 3831 2600 3904 lacrymis
2616 3831 3026 3896 abluens,solus
3044 3848 3169 3886 cum
3187 3847 3252 3885 eo
3268 3831 3386 3886 solo
3399 3831 3497 3902 qui
3517 3831 3726 3904 ubique

2116 3935 2362 3990 praesens
2383 3927 2471 3974 est
2488 3920 2928 3992 colloquebatur,
2955 3937 3228 3976 noxarum
3240 3935 3470 3974 suarum
3501 3921 3725 3976 veniam

2117 4008 2187 4062 ab
2217 4026 2283 4064 eo
2306 4015 2522 4081 petens.
2570 4010 2718 4074 Quin
2748 4010 2806 4064 in
2839 4015 3055 4065 tantam
3078 4009 3526 4080 compunctionis
3555 4017 3725 4082 atque

2116 4097 2452 4154 humilitatis
2476 4099 2742 4172 abyssum
2776 4116 2897 4154 sese
2921 4099 3164 4166 demisit,
3193 4106 3258 4154 ut
3275 4099 3459 4171 ipsum
3491 4116 3713 4170 quoque

2116 4186 2215 4242 Dei
2235 4205 2440 4243 nomen
2460 4187 2623 4243 labiis
2653 4205 2925 4260 usurpare
2945 4194 3245 4250 recusaret,
3274 4205 3339 4244 ac
3366 4188 3456 4242 vix
3485 4189 3714 4243 tandem

2117 4293 2152 4330 a
2172 4277 2286 4331 ﬁlio
2306 4277 2644 4344 admonitus,
2687 4277 2824 4332 illud
2848 4278 3220 4349 pronunciare
3248 4277 3501 4333 auderet.
3534 4279 3715 4333 Tanta

2117 4371 2307 4420 autem
2327 4383 2391 4421 ac
2409 4373 2526 4421 tam
2555 4367 2823 4439 praeclara
2859 4367 2920 4422 in
2940 4384 3006 4422 eo
3033 4367 3161 4422 vitae
3183 4367 3552 4422 commutatio
3582 4367 3707 4435 fuit,

437 4455 682 4516 caneret,
734 4448 1136 4520 superveniens
1166 4447 1408 4519 Spiritus
1434 4449 1612 4504 sancti
1637 4452 1822 4522 gratia
1838 4445 2094 4508 omnesD
2115 4471 2180 4508 ac
2203 4462 2364 4512 tanta
2391 4473 2519 4512 cum
2541 4456 2707 4512 laude
2736 4457 2957 4512 virtutis
3000 4457 3109 4511 iter
3148 4456 3356 4523 tenuit,
3376 4463 3441 4511 ut
3461 4457 3714 4528 priorum

437 4539 508 4594 ad
537 4537 929 4593 celebrandam
959 4537 1061 4593 Dei
1087 4537 1326 4608 gloriam
1377 4539 1651 4594 excitabat
1684 4561 1696 4608 ;
1721 4541 1802 4597 ita
1821 4548 1884 4598 ut
1911 4543 2036 4598 uni-

435 4645 594 4683 versa
622 4627 924 4684 multitudo
938 4643 1054 4682 una
1080 4644 1211 4682 voce
1239 4627 1509 4684 clamaret
1535 4648 1550 4684 :
1609 4631 1846 4703 Magnus
1876 4633 2034 4688 Chri-

431 4717 744 4772 stianorum
771 4717 920 4772 Deus
950 4721 1052 4785 est,
1088 4733 1192 4772 nec
1211 4723 1416 4789 praeter
1442 4718 1746 4776 Dominum
1776 4728 2034 4778 nostrum

435 4807 626 4860 Jesum
653 4805 958 4872 Christum,
993 4805 1089 4878 qui
1109 4823 1236 4862 cum
1282 4807 1450 4863 Patre
1482 4813 1541 4864 et
1569 4809 1784 4882 Spiritu
1837 4817 2031 4868 sancto

433 4895 800 4965 gloriﬁcatur,
834 4894 976 4948 alius
997 4896 1146 4950 Deus
1176 4901 1278 4952 est.

503 4983 702 5040 Divino
733 5000 896 5055 porro
913 4985 1030 5038 zelo
1053 4983 1318 5056 impletus
1347 5003 1448 5042 rex
1472 4987 1755 5054 Abenner,
1779 4990 1838 5044 in
1859 5006 2033 5045 aurea

432 5073 530 5128 illa
559 5081 615 5128 et
645 5077 914 5144 argentea
957 5073 1124 5139 idola,
1159 5091 1281 5146 quae
1311 5075 1368 5130 in
1409 5077 1585 5148 ipsius
1614 5077 1822 5150 palatio
1847 5084 2028 5146 erant,

430 5164 546 5218 acri
577 5162 764 5218 animo
810 5162 1086 5234 impetum
1141 5164 1291 5232 facit,
1341 5182 1520 5238 eaque
1573 5167 1764 5221 omnia
1817 5167 2027 5239 dejicit,

431 5259 738 5325 posteaque
783 5251 842 5306 in
899 5252 1146 5308 minutas
1176 5260 1366 5325 partes
1413 5255 1642 5309 redacta
1691 5255 2031 5327 pauperibus

429 5341 750 5409 distribuit;
777 5341 858 5396 sic
879 5341 1148 5396 nimirum
1177 5343 1340 5397 utilia
1356 5359 1423 5397 ea
1437 5343 1696 5409 reddens,
1722 5361 1845 5415 qua
1875 5348 2030 5417 prius

429 5431 676 5486 utilitate
706 5430 859 5484 omni
885 5447 950 5484 ac
977 5430 1162 5486 fructu
1185 5429 1470 5486 carebant.
1527 5431 1674 5496 Quin
1720 5433 1891 5490 etiam
1913 5435 2031 5507 ipse

429 5534 558 5574 cum
579 5519 692 5574 ﬁlio
721 5517 1000 5574 idolorum
1027 5519 1242 5592 templa
1291 5523 1348 5573 et
1370 5536 1498 5576 aras
1533 5537 1726 5577 omnes
1747 5521 2027 5593 obsidens,

428 5620 464 5660 ει
488 5604 870 5663 fundamentis
887 5605 1013 5678 ipse
1029 5607 1193 5675 eruit,
1217 5623 1526 5680 eorumque
1541 5609 1661 5668 loco
1681 5612 1894 5687 templa
1913 5613 2030 5670 Deo

2114 4543 2480 4618 iniquitatem
2499 4545 2875 4616 ignorantiam
2893 4546 3118 4618 pietatis
3128 4545 3517 4618 magnitudine
3547 4562 3715 4618 supe-

2115 4641 2286 4690 raret.
2317 4635 2460 4690 Cum
2488 4642 2678 4690 autem
2717 4641 2959 4707 quatuor
2987 4651 3164 4690 annos
3191 4635 3296 4691 hoc
3320 4640 3481 4706 pacto
3503 4635 3562 4690 in
3602 4651 3717 4707 pus.

2115 4724 2356 4780 nitentia
2375 4729 2433 4779 et
2460 4724 2722 4796 lacrymis
2743 4731 2913 4796 atque
2935 4724 3090 4780 omni
3101 4725 3323 4780 virtutis
3332 4740 3540 4796 genere
3560 4729 3716 4779 tran-

2114 4814 2368 4885 segisset,
2401 4813 2460 4868 in
2487 4814 2755 4868 lethalem
2801 4813 3062 4870 morbum
3091 4813 3304 4868 incidit.
3353 4813 3495 4868 Cum
3525 4820 3714 4868 autem

2113 4903 2220 4975 ipsi
2239 4904 2364 4958 vitae
2383 4903 2509 4959 ﬁnis
2537 4903 2942 4969 immineret,in
2965 4908 3117 4958 metu
3128 4902 3415 4974 animique
3431 4903 3712 4958 anxietate

2112 4993 2320 5048 versari
2351 4991 2536 5064 coepit,
2571 4993 2720 5048 mala
2744 5009 2812 5048 ea
2842 5010 2964 5064 quae
2995 5011 3029 5048 a
3049 5009 3108 5048 se
3137 4999 3461 5064 perpetrata
3490 4991 3714 5047 fuerant

2113 5082 2173 5137 in
2213 5083 2541 5139 memoriam
2592 5100 2877 5138 revocans.
2908 5085 2984 5138 At
3014 5083 3286 5154 Josaphat
3337 5081 3715 5137 consolatorie

2115 5171 2368 5228 oratione
2412 5179 2666 5228 coortum
2695 5173 2746 5227 ei
2773 5172 3028 5228 mmroris
3081 5189 3224 5228 onus
3253 5170 3586 5237 sublevavit,
3629 5171 3714 5225 his

2112 5260 2294 5316 verbis
2317 5269 2502 5317 utens:
2550 5263 2736 5328 Quare
2748 5262 2928 5316 tristis
2947 5279 3026 5328 es,
3047 5278 3080 5316 ο
3094 5267 3274 5332 pater,
3297 5265 3354 5315 et
3371 5276 3549 5331 quare
3579 5259 3716 5332 teip-

2113 5367 2238 5406 sum
2257 5350 2558 5406 conturbas
2582 5353 2746 5419 (Psal.
2772 5350 2918 5420 xu)?
2941 5350 3118 5422 Spera
3137 5349 3198 5404 in
3213 5350 3348 5415 Deo,
3375 5353 3432 5404 et
3449 5349 3714 5403 conﬁtere

2112 5438 2240 5510 ipsi,
2273 5439 2369 5512 qui
2399 5447 2485 5494 est
2512 5457 2640 5512 spes
2662 5439 2914 5498 omnium
2944 5439 3143 5496 ﬁnium
3182 5443 3366 5502 terrae,
3405 5443 3464 5492 et
3489 5437 3552 5492 in
3572 5436 3712 5492 mari

2113 5526 2280 5599 longe
2311 5531 2474 5592 (Psal.
2506 5532 2674 5599 LXIV),
2724 5529 2820 5601 qui
2874 5545 2976 5601 per
3022 5527 3358 5600 prophetam
3403 5526 3708 5582 clamavit:

2111 5614 2421 5685 Lavamini,
2481 5615 2678 5674 mundi
2725 5621 2922 5686 estote,
2977 5615 3194 5673 auferte
3240 5613 3452 5672 malum
3501 5612 3713 5686 cogita-
