3868 6390
118 421 217 479 585

507 421 674 476 VITA
715 420 1158 480 SANCTORUM
1197 423 1545 480 BARLAAM
1587 419 1924 479 EREMITzE
1964 418 2052 475 ET
2089 418 2457 477 JOSAPHAT
2497 393 2719 478 I'NDI/E
2756 423 2987 483 REGIS.

3283 429 3386 488 586

115 547 328 602 tionum
345 553 657 602 vestrarum
675 547 744 601 ab
763 549 940 604 oculis
963 550 1103 604 meis
1132 550 1329 604 discite
1353 550 1696 605 benefacere.
1716 547 1956 613 Aatfers,
1985 548 2221 602 Domine
2241 549 2267 602 J
2273 564 2372 604 esu
2387 547 2624 615 Christe,
2649 551 2916 620 quoniam
2935 553 3095 610 decet
3112 559 3166 611 te
3187 555 3372 628 gloria

120 637 184 692 Et
195 637 242 692 si
262 635 472 692 fuerint
491 642 717 708 peccata
738 643 926 693 vestra
940 639 1086 694 sicut
1105 639 1413 707 coccinum,
1436 645 1706 712 tanquam

119 726 208 782 nix
231 725 646 782 dealbabuntur
667 746 680 794 ;
701 733 759 782 et
775 727 821 782 si
849 728 1061 784 fuerint
1079 729 1250 784 rubra
1266 729 1412 785 sicut
1431 747 1581 806 verm
1591 730 1708 786 icu-

118 816 220 882 lus,
249 819 521 886 tanquam
549 816 679 870 lana
709 816 834 871 alba
865 821 1226 882 erunt(lsai.v
1253 825 1314 886 1).
1341 819 1608 884 Quocirca
1639 837 1710 875 ne

118 903 332 970 timeas,
369 921 402 959 o
433 910 610 976 pater,
645 922 749 960 nec
777 905 947 961 dubio
984 907 1173 962 animo
1203 908 1278 962 sis
1305 927 1317 975 ;
1353 925 1533 980 neque
1563 909 1712 963 enim

119 1010 308 1048 eorum
342 993 438 1065 qui
470 994 540 1049 ad
569 995 746 1049 Deum
778 1012 899 1049 sese
932 1002 1279 1061 convertunt,
1325 1004 1568 1068 peccata,
1603 999 1712 1052 im-

119 1098 362 1136 mensam
387 1083 563 1155 ipsius
583 1082 894 1138 bonitatem
905 1085 1150 1140 vincunt.
1177 1087 1279 1140 llla
1303 1087 1452 1140 enim
1473 1103 1715 1158 quocun-

119 1184 222 1239 que
248 1169 479 1223 tandem
496 1185 732 1224 numero
754 1170 982 1236 fuerint,
1011 1169 1114 1224 sub
1138 1188 1459 1226 mensuram
1483 1173 1709 1240 cadunt,

118 1257 258 1312 hanc
285 1263 478 1312 autem
508 1275 610 1314 nec
630 1259 815 1313 metiri
835 1275 938 1314 nec
960 1276 1261 1314 numerare
1293 1261 1590 1332 quisquam
1621 1279 1709 1334 po-

117 1351 240 1401 test.
273 1346 548 1412 Quocirca
576 1347 697 1402 ﬁeri
737 1364 850 1403 non
879 1353 1082 1420 potest,
1134 1354 1197 1404 ut
1241 1367 1307 1420 qr
1323 1351 1394 1404 od
1439 1367 1714 1406 mensurae

117 1433 431 1506 subjicitur,
461 1435 517 1491 id
545 1436 692 1507 quod
723 1437 880 1492 nulla
901 1454 1167 1492 mensura
1193 1440 1588 1510 comprehendi
1619 1458 1714 1512 p0-

118 1529 240 1591 test,
263 1530 512 1596 superet.

185 1614 523 1684 Hujusmodi
547 1613 728 1669 verbis
743 1615 813 1670 ad
833 1617 1233 1671 consolandum
1257 1619 1709 1674 accommodatis.

119 1703 286 1774 ipsius
311 1704 566 1758 animum
596 1705 829 1771 leniens,
857 1721 921 1760 ac
958 1706 1110 1760 velut
1137 1714 1454 1771 excantans,
1487 1724 1615 1762 eum
1641 1709 1711 1762 ml

119 1793 315 1848 bonam
343 1809 504 1865 spem
518 1794 813 1848 revocavit.
844 1795 1056 1850 Deinde
1074 1801 1252 1867 pater,
1279 1797 1522 1850 extensis
1540 1797 1715 1851 mani—

1793 634 1850 688 in
1880 634 2101 688 saecula.
2131 635 2329 688 Amen.

1863 723 2200 794 Hujusmodi
2229 741 2421 797 preces
2450 730 2508 781 et
2529 726 2810 782 orationes
2830 728 2945 784 Deo
2965 729 3256 800 otl'erebat,
3269 750 3392 806 sep-

1793 816 1906 866 tem
1937 813 2056 866 dics
2087 830 2122 867 a
2142 814 2398 886 sepulcro
2428 815 2656 870 omnino
2687 833 2798 871 non
2819 818 3128 887 discedens,
3152 838 3256 878 nec
3283 822 3392 880 cibi

1797 901 2104 972 quidquam
2135 908 2235 956 aut
2261 909 2428 974 potus
2456 904 2782 972 admittens,
2826 924 2928 961 nec
2969 925 3164 964 rursus
3194 928 3392 967 somno

1796 1007 1998 1060 corpus
2027 1008 2305 1055 recreans,
2338 999 2526 1058 329
2559 1010 2751 1049 verum
2795 1001 2850 1050 et
2902 997 3164 1069 lacrymis
3211 1000 3394 1056 solum

1797 1079 1988 1147 rigans
2011 1083 2170 1145 (Psal.
2205 1090 2372 1146 CXLI),
2392 1087 2448 1135 et
2463 1099 2587 1136 cum
2613 1083 2852 1138 luctibus
2873 1102 3095 1140 omnem
3122 1089 3394 1144 orationis

1796 1167 2118 1222 facultatem
2148 1170 2542 1240 superantibus
2555 1171 2612 1226 in
2627 1173 2881 1228 oratione
2895 1181 3170 1244 perstans.
3187 1177 3392 1232 Octavo

1797 1261 1984 1310 autem
2006 1257 2248 1328 denique
2267 1259 2358 1312 die
2379 1259 2436 1313 in
2457 1260 2730 1330 palatium
2752 1278 3026 1330 reversus,
3051 1281 3184 1335 opes
3201 1282 3394 1322 omnes

1797 1362 1862 1400 ac
1875 1345 2138 1417 pecunias
2154 1347 2493 1418 pauperibus
2511 1349 2823 1417 distribuit;
2848 1351 2987 1406 adeo
3002 1361 3066 1407 ut
3079 1353 3267 1409 nullus
3276 1356 3395 1426 jam

1798 1435 1893 1505 qui
1916 1452 2106 1490 rerum
2127 1435 2316 1508 inopia
2324 1444 2695 1508 premeretur,
2725 1447 3062 1512 superesset.
3087 1442 3397 1516 Paucisque

1797 1523 1994 1578 diebus
2023 1525 2080 1578 in
2111 1524 2436 1594 hujusmodi
2457 1526 2772 1584 ministerio
2799 1530 3022 1596 exactis,
3056 1547 3251 1589 omnes
3277 1533 3398 1588 the-

1797 1629 1994 1666 sauros
2015 1614 2307 1668 exhausit:
2346 1615 2403 1670 id
2432 1615 2688 1671 videlicet
2733 1634 2924 1688 agens,
2973 1635 3046 1675 ne
3097 1627 3396 1693 angustam

1798 1706 2018 1772 portam
2048 1702 2282 1757 introire
2309 1705 2534 1774 paranti
2564 1705 2926 1777 pecuniarum
2957 1709 3134 1764 moles
3156 1711 3394 1783 impedi-

1799 1797 2050 1846 mentum
2077 1792 2319 1848 afferret.

119 1881 233 1948 bus,
256 1882 470 1954 gratias
486 1882 590 1954 ipsi
607 1882 828 1952 agebat,
848 1883 1066 1938 acbene
1078 1885 1429 1955 precabatur.
1451 1869 1770 1956 diemqueB
1867 1881 1996 1934 CAP.
2031 1881 2276 1935 XXXVI.
2313 1913 2376 1922 -—
2401 1883 2474 1936 At
2505 1899 2632 1937 vero
2661 1885 3093 1956 quadragesimo
3120 1905 3152 1942 a
3179 1890 3396 1960 paterni

121 1988 242 2026 eum
261 1988 372 2044 quo
389 1971 508 2043 ipse
527 1971 585 2026 in
599 1972 778 2026 lucem
796 1972 980 2026 editus
991 1978 1139 2027 esset
1158 1973 1412 2028 laudibus
1426 1975 1708 2033 elferebat.

119 2061 201 2114 his
227 2060 410 2116 verbis
427 2067 589 2116 utens
613 2080 626 2117 :
650 2061 982 2116 Dulcissime
1011 2064 1108 2127 fili,
1125 2063 1203 2116 ﬁli
1218 2063 1468 2134 inquam.
1485 2065 1578 2134 qui
1602 2081 1712 2118 non

119 2159 228 2204 tam
257 2166 418 2204 meus
447 2167 506 2205 es
536 2167 706 2222 quam
736 2151 976 2206 caelestis
1006 2152 1206 2218 Patris,
1259 2169 1561 2224 quanmam
1608 2154 1710 2207 tibi

116 2239 347 2310 gratiam
372 2239 658 2294 referam?
695 2239 897 2311 quibus
924 2246 979 2295 te
1007 2240 1487 2296 benedictionibus
1518 2258 1707 2312 prose-

119 2329 288 2400 quar?
313 2345 454 2400 quas
478 2329 594 2384 Deo
615 2334 714 2383 tua
741 2346 908 2384 causa
939 2329 1152 2400 gratias
1191 2346 1356 2399 agam
1379 2330 1402 2383 ?
1424 2331 1706 2386 Perierunt

117 2418 274 2484 enim,
309 2435 374 2472 ac
402 2425 503 2473 tua
531 2435 702 2490 opera
726 2419 986 2474 inventus
1011 2435 1136 2474 sum
1160 2438 1172 2488 ;
1207 2425 1432 2492 peccato
1456 2425 1709 2474 mortuus

115 2523 280 2575 eram,
321 2514 379 2563 et
404 2507 576 2563 revixi
606 2510 779 2576 (Lucae
803 2516 886 2580 xv)
916 2526 930 2576 ;
962 2509 1136 2563 hostis
1168 2515 1220 2554 nt
1253 2509 1554 2580 perduellis
1584 2510 1704 2575 Dei,

113 2601 167 2650 et
192 2596 248 2650 in
273 2595 518 2668 gratiam
548 2603 808 2669 receptus
837 2615 981 2653 sum.
1016 2598 1160 2663 Quid
1179 2598 1356 2669 igitur
1376 2598 1478 2652 tibi
1502 2615 1601 2670 pro
1622 2598 1709 2652 his

114 2685 366 2741 omnibus
394 2687 702 2757 rependam
733 2689 898 2755 (Psal.
932 2691 1052 2755 xxx)
1077 2688 1102 2740 ?
1130 2688 1279 2742 Deus
1313 2693 1398 2740 est
1429 2687 1524 2757 qui
1571 2687 1708 2741 satis

114 2774 308 2846 amplis
336 2775 584 2848 praemiis
612 2781 669 2830 te
699 2777 1050 2831 remunerari
1080 2782 1266 2848 queat.
1310 2777 1428 2830 Hoc
1449 2793 1707 2831 sermone

115 2862 315 2928 habito,
346 2881 476 2920 cum
505 2864 902 2920 charissimum
933 2866 1108 2921 filium
1130 2867 1332 2938 ssepius
1357 2867 1706 2920 exosculatus

116 2953 326 3021 fuisset,
355 2970 424 3008 ac
447 2953 648 3010 deinde
677 2971 868 3026 preces
897 2955 1156 3022 fudisset,
1188 2963 1376 3026 atque,
1411 2957 1474 3010 In
1506 2972 1706 3010 manus

111 3049 249 3110 tuas,
274 3059 306 3098 o
335 3042 578 3113 benigne
607 3044 780 3114 Deus,
809 3045 1140 3100 commendo
1184 3045 1444 3116 spiritum
1492 3061 1700 3112 meum,

1797 1967 1978 2022 ribitus
2003 1969 2094 2022 die
2124 1970 2453 2024 memoriam
2483 1971 2661 2042 ipsius
2689 1973 2996 2040 celebrans,
3030 1975 3396 2046 magistratus

1796 2073 1990 2110 omnes
2009 2073 2074 2111 ac
2091 2058 2350 2112 militaris
2366 2059 2556 2113 classis
2577 2067 2634 2114 et
2650 2061 3074 2131 plebeiiordinis
3090 2063 3240 2120 haud
3259 2082 3396 2139 pau-

1794 2163 1888 2200 cos
1915 2153 2206 2202 convocat:
2237 2153 2406 2219 atque
2425 2148 2484 2203 in
2513 2150 2668 2220 regio
2695 2151 2898 2207 throno
2925 2153 3145 2220 sedens,
3177 2155 3394 2211 cunctis

1792 2235 2150 2290 audientibus
2179 2237 2322 2292 hanc
2349 2237 2662 2293 orationem
2683 2239 2876 2296 habuit
2901 2259 2913 2294 :
2939 2242 3040 2309 En,
3065 2249 3129 2298 ut
3150 2243 3258 2315 ipsi
3276 2260 3396 2300 cer-

1793 2325 1946 2386 nitis,
1963 2324 2331 2380 Abennerrex
2359 2343 2424 2381 ac
2445 2334 2606 2398 pater
2619 2344 2797 2396 meus,
2821 2329 2971 2385 haud
2987 2347 3146 2387 secus
3166 2349 3232 2387 ac
3248 2350 3390 2404 pau-

1791 2430 1986 2484 perum
2011 2414 2192 2485 quivis
2214 2421 2452 2470 mortem
2471 2416 2627 2470 obiit.
2647 2419 2726 2472 Ac
2741 2435 2843 2473 nec
2863 2419 3088 2487 divitiae,
3113 2437 3216 2477 nec
3233 2439 3387 2494 opes,

1791 2519 1892 2556 nec
1915 2503 2068 2573 regia
2077 2504 2278 2573 gloria,
2296 2521 2398 2560 nec
2412 2522 2637 2560 rursum
2650 2523 2753 2576 ego
2767 2508 2946 2580 patris
2968 2511 3391 2568 amantissimus

1791 2593 1958 2658 ﬁlius,
1997 2609 2097 2646 nec
2127 2594 2473 2664 reliquorum
2502 2595 2682 2666 ipsius
2710 2597 3023 2654 amicorum
3043 2616 3109 2654 ac
3131 2607 3393 2672 cognato-

1791 2698 1915 2735 rum
1946 2681 2243 2753 quisquam
2273 2699 2435 2754 Opem
2466 2683 2573 2756 ipsi
2603 2689 2659 2738 et
2687 2685 2962 2742 auxilium
2984 2688 3206 2756 afferre,
3221 2695 3391 2764 atque

1794 2770 1864 2823 ab
1877 2771 2182 2825 inevitabili
2205 2773 2681 2845 sententiaipsum
2702 2775 2946 2831 eximere
2965 2777 3178 2848 potuit;
3197 2796 3390 2838 verum

1789 2859 1859 2913 ad
1884 2860 2022 2915 illud
2043 2859 2310 2928 tribunal,
2335 2868 2400 2916 ut
2417 2863 2708 2934 praesentis
2731 2865 2858 2920 vita:
2873 2866 3150 2922 rationem
3169 2869 3385 2937 reddat,

1787 2949 2174 3020 proﬁciscitur,
2209 2951 2494 3006 neminem
2523 2952 2754 3007 omnino
2783 2954 2881 3025 qui
2923 2955 3032 3028 ipsi
3081 2957 3391 3030 opituletur

1787 3055 1980 3093 secum
2019 3039 2246 3102 ducens,
2284 3040 2354 3094 iis
2401 3040 2676 3096 duntaxat
2721 3043 2964 3115 exceptis
3020 3047 3388 3119 (quaecunque

113 3131 351 3201 dixisset,
384 3131 445 3187 in
469 3133 798 3204 paenitentia
825 3135 1073 3189 animam
1104 3151 1263 3190 suam
1296 3135 1535 3190 Domino
1575 3135 1705 3188 red-
1726 3193 1762 3204 η
1787 3129 2015 3182 tandem
2044 3128 2141 3182 illa
2169 3129 2398 3193 fuerint)
2431 3147 2558 3202 quae
2587 3130 2658 3185 ab
2686 3147 2752 3186 eo
2768 3139 2930 3204 gesta
2957 3142 3108 3190 sunt.
3135 3135 3254 3192 Hoc
3282 3153 3386 3192 au-

114 3221 266 3276 didit.

177 3311 348 3367 Filius
377 3319 567 3368 autem
594 3313 868 3384 Josaphat
890 3320 1107 3386 patrem
1130 3321 1416 3368 mortuum
1440 3314 1701 3385 lacrymis

113 3408 452 3471 prosecutus,
479 3403 760 3474 justisque
789 3403 896 3474 ipsi
927 3404 1244 3474 persolutis,
1280 3420 1481 3474 corpus
1498 3404 1622 3472 ejus
1644 3403 1700 3458 in

111 3490 323 3560 piorum
335 3493 589 3547 virorum
612 3492 882 3563 sepulcris
894 3493 1161 3548 condidit.
1185 3494 1297 3547 Nec
1314 3500 1504 3547 tamen
1527 3493 1700 3564 ipsius

109 3596 301 3652 corpus
329 3581 490 3652 regia
519 3588 670 3636 veste
697 3580 958 3646 obvolvit,
1009 3582 1106 3636 sed
1144 3582 1486 3652 poenitentiae
1533 3583 1698 3636 vesti-

110 3670 306 3724 mentis
335 3670 644 3728 exornavit.
665 3673 848 3741 Atque
874 3671 992 3742 ipse
1023 3671 1078 3724 in
1119 3673 1373 3743 sepulcro
1405 3677 1579 3736 stans,
1637 3691 1701 3726 ac

109 3774 302 3814 manus
329 3759 392 3814 in
413 3759 615 3815 caelum
635 3760 891 3825 tendens,
911 3759 1299 3832 lacrymasquc
1318 3777 1381 3813 ex
1404 3760 1578 3813 oculis
1598 3761 1700 3815 flu-

109 3846 175 3900 vii
202 3847 384 3904 instar
411 3848 775 3920 profundcns,
793 3849 882 3903 his
901 3848 1082 3903 verbis
1108 3849 1179 3902 ad
1205 3851 1384 3904 Deum
1406 3849 1694 3904 clamavit:

176 3935 400 3992 Gratias
412 3936 514 3990 tibi
527 3953 652 4008 ago,
686 3937 837 3992 Deus
856 3937 971 3992 Rex
984 3938 1098 4007 glox
1113 3937 1196 4003 ise,
1221 3937 1316 4008 qui
1337 3937 1487 3990 solus
1501 3942 1698 4008 potens

107 4031 158 4080 et
185 4026 522 4082 immortalis
541 4043 618 4093 es,
639 4026 905 4098 quoniam
927 4027 1238 4080 orationem
1261 4042 1442 4080 meam
1465 4026 1697 4080 minime

105 4114 417 4188 despexisti,
451 4133 554 4171 nec
581 4117 858 4188 lacrymas
882 4132 1036 4170 meas
1055 4132 1156 4188 pro
1176 4116 1349 4170 nihilo
1365 4115 1592 4170 duxisti:
1609 4133 1698 4170 ve-

107 4219 222 4258 rum
249 4221 475 4260 servum
505 4210 666 4260 tuum
695 4221 759 4258 ac
787 4209 1006 4276 patrem
1035 4220 1224 4258 meum
1254 4203 1586 4262 ascelerata
1613 4204 1694 4257 vi-

105 4293 258 4348 vendi
285 4293 508 4349 ratione
537 4298 848 4359 avocatum,
881 4294 953 4347 ad
979 4298 1035 4347 te
1062 4293 1315 4347 omnium
1347 4293 1693 4348 Salvatorem

106 4383 428 4452 pertrahere
457 4383 702 4450 voluisti,
727 4397 856 4438 eum
886 4382 1142 4437 videlicet
1179 4381 1248 4436 ab
1281 4381 1558 4436 idolorum
1605 4399 1693 4436 er-

109 4487 226 4526 rore
251 4471 554 4538 abducens,
587 4477 757 4544 atque
786 4471 894 4542 ipsi
925 4471 1028 4524 hoc
1056 4470 1293 4537 donans,
1325 4475 1388 4524 ut
1418 4476 1474 4524 te
1517 4471 1696 4525 Deum

1721 3193 1763 3253 C
1786 3222 1902 3271 tem
1931 3217 2116 3288 ipsum
2142 3235 2364 3291 quoque
2393 3217 2653 3275 omnibus
2681 3221 2776 3292 qui
2795 3223 3092 3279 mortalem
3118 3233 3383 3281 naturam

1787 3306 1932 3360 nacti
1951 3313 2083 3360 sunt
2102 3307 2428 3378 contingere
2448 3314 2651 3364 natura
2669 3319 3056 3382 comparatum
3072 3320 3176 3381 est,
3201 3330 3383 3388 neque

1785 3395 1950 3450 aliter
1979 3395 2099 3450 fieri
2131 3403 2331 3468 potest.
2366 3397 2528 3452 Nunc
2563 3397 2738 3469 igitur
2764 3400 2955 3456 audite
2979 3417 3090 3470 me,
3124 3419 3157 3458 ο
3186 3403 3290 3461 ﬁlii
3315 3421 3384 3461 ac

1785 3486 2004 3550 fratres,
2042 3485 2198 3556 plebs
2241 3485 2486 3553 Domini,
2533 3493 2592 3542 et
2635 3495 2830 3544 sancta
2879 3489 3200 3561 hereditas,
3241 3509 3382 3566 quos

1783 3575 2040 3628 Christus
2057 3575 2203 3629 Deus
2224 3582 2418 3630 noster
2430 3577 2674 3648 pretioso
2695 3579 2970 3650 sanguine
2997 3597 3100 3638 suo
3119 3583 3377 3650 redemit,

1782 3670 1950 3734 atque
1981 3681 2014 3717 a
2044 3664 2222 3718 veteri
2237 3682 2425 3720 errore
2446 3672 2503 3720 et
2522 3667 2827 3724 adversarii
2843 3670 3110 3726 servitute
3136 3671 3194 3728 in
3213 3672 3381 3729 Iiber-

1781 3759 1955 3807 tatem
1987 3754 2300 3808 vindicavit.
2333 3755 2446 3809 Vos
2467 3772 2651 3810 meam
2673 3757 2823 3813 inter
2849 3775 2946 3814 vos
2964 3760 3087 3816 vitae
3098 3761 3378 3820 rationem

1779 3843 1980 3896 nostis:
2013 3860 2214 3914 nempe
2245 3844 2392 3914 quod
2423 3862 2490 3900 ex
2517 3862 2628 3916 quo
2657 3852 2909 3918 tempore
2937 3848 3144 3906 Christi
3190 3853 3376 3925 cogni-

1779 3932 1986 3987 tionem
2009 3941 2357 3998 consecutus,
2379 3934 2678 4006 divinoque
2699 3935 2968 3993 beneﬁcio
2985 3939 3162 4010 ipsius
3180 3957 3374 3998 servus

1779 4023 2006 4076 effectus
2036 4040 2180 4088 sum,
2213 4023 2472 4078 omnibus
2501 4025 2626 4080 aliis
2657 4025 2822 4081 rebus
2849 4029 3186 4102 contemptis
3203 4036 3374 4103 atque

1779 4112 1908 4166 odio
1940 4111 2162 4174 habitis,
2187 4113 2362 4184 ipsius
2393 4113 2668 4170 duntaxat
2691 4117 3262 4192 cupiditateﬂagravi;
3293 4122 3374 4177 id-

1780 4217 1887 4272 quc
1917 4217 2093 4256 unum
2123 4202 2260 4256 mihi
2290 4203 2348 4258 in
2376 4204 2517 4259 votis
2545 4203 2668 4268 fuit,
2701 4212 2766 4262 ut
2795 4224 2861 4262 ex
2892 4207 3060 4279 hujus
3080 4209 3206 4266 vita
3233 4217 3373 4267 tem-

1778 4295 2012 4360 pestate,
2040 4297 2210 4362 atque
2230 4293 2382 4348 inani
2403 4293 2822 4366 perturbatione
2836 4313 2902 4352 ac
2921 4297 3170 4356 tumultu
3188 4316 3374 4373 egres-

1778 4396 1891 4440 sus,
1918 4381 2070 4434 solus
2099 4398 2226 4436 cum
2256 4383 2378 4453 ipso
2407 4383 2526 4439 solo
2575 4387 3040 4443 consuetudinem
3078 4388 3366 4459 haberem,

1777 4474 1947 4540 atque
1966 4470 2022 4524 in
2043 4487 2266 4525 summa
2283 4473 2459 4527 animi
2478 4475 2886 4546 tranquillitate
2897 4477 3012 4533 Deo
3032 4494 3156 4534 meo
3174 4495 3242 4534 ac
3256 4480 3369 4536 Do-

103 4575 285 4616 vemm
305 4579 376 4617 ac
400 4561 704 4634 benignum
731 4561 1088 4630 intelligeret.
1121 4561 1200 4614 Ac
1221 4576 1386 4625 nunc,
1406 4577 1438 4614 o
1456 4559 1691 4615 Domine
1709 4550 1759 4610 D
1775 4557 1925 4611 mino
1948 4561 2234 4614 servirem.
2255 4561 2468 4617 Verum
2489 4579 2578 4617 me
2597 4565 2773 4635 patris
2787 4566 2898 4621 mei
2916 4566 2976 4621 in
2987 4566 3269 4625 diversum
3287 4572 3368 4626 ni-

105 4649 263 4719 Deus,
295 4653 458 4723 cujus
476 4651 742 4706 bonitatis
762 4651 994 4722 pelagus
1027 4649 1387 4722 pervestigari
1411 4649 1692 4720 nequit,in

104 4739 214 4796 loco
251 4757 489 4813 pascuae,
522 4741 580 4796 in
609 4741 729 4795 loco
761 4739 1093 4804 refectionis,
1145 4738 1242 4792 ubi
1272 4738 1458 4792 vultus
1485 4738 1567 4792 tui
1599 4739 1690 4792 lux

101 4830 366 4900 splendet,
383 4847 511 4886 eum
539 4831 776 4895 colloca;
801 4846 901 4884 nec
923 4828 1281 4900 antiquarum
1305 4826 1692 4898 ipsiusiniqui-

98 4921 273 4975 tatum
301 4920 617 4988 recordare,
651 4919 749 4975 sed
779 4935 880 4991 pro
905 4917 1120 4988 ingenti
1165 4922 1263 4971 tua
1307 4916 1692 4970 misericordia

97 5016 442 5078 peccatorum
465 5009 640 5082 ipsius
663 5007 1095 5080 chirographum
1114 5006 1256 5073 dele,
1283 5021 1346 5060 ac
1374 5005 1691 5060 debitorum

95 5095 259 5167 ipsius
287 5099 512 5154 chartas
541 5115 831 5171 concerpe,
875 5101 1210 5167 sanctosque
1236 5101 1384 5160 tuos,
1446 5111 1586 5167 quos
1635 5101 1692 5149 et

97 5184 214 5256 igne
243 5194 300 5244 et
325 5189 513 5261 gladio
539 5188 608 5244 de
630 5187 816 5244 medio
837 5186 1068 5242 sustulit
1093 5188 1266 5255 (Psal.
1292 5188 1542 5254 Lxxvm),
1562 5201 1689 5240 cum

94 5274 207 5346 ipso
235 5277 293 5332 in
309 5278 552 5350 gratiam
572 5278 754 5333 reduc'
767 5277 984 5348 eisque,
1013 5292 1082 5330 ne
1106 5274 1211 5346 ipsi
1242 5274 1487 5328 infensos
1509 5281 1566 5328 et
1583 5273 1692 5329 ira-

97 5369 174 5420 tos
204 5383 325 5422 sese
350 5367 654 5440 prmbeant,
688 5367 930 5440 impera.
971 5364 1176 5420 Omnia
1205 5363 1410 5435 quippe
1438 5363 1539 5417 tibi
1569 5379 1691 5417 om-

93 5452 240 5509 nium
263 5456 504 5512 Domino
522 5456 813 5528 possibilia
831 5459 984 5519 sunt,
1015 5453 1121 5507 hoc
1139 5468 1252 5507 uno
1273 5458 1521 5523 excepto,
1544 5453 1692 5523 quod

89 5543 213 5612 quin
245 5551 302 5600 te
332 5563 527 5601 eorum
551 5546 648 5618 qui
681 5562 801 5600 sese
831 5545 904 5599 ad
934 5548 993 5597 te
1027 5547 1363 5596 convertunt
1403 5542 1690 5609 misereat,

94 5629 264 5688 facere
295 5650 408 5690 non
438 5641 617 5707 potes.
653 5631 1038 5690 Misericordia
1065 5630 1214 5685 enim
1253 5635 1354 5684 tua
1397 5629 1455 5684 in
1500 5646 1693 5684 omnes

97 5719 292 5778 diffusa
322 5729 426 5792 est,
459 5729 628 5796 atque
668 5724 736 5778 iis
781 5739 813 5779 a
852 5721 1055 5796 quibus
1101 5719 1395 5786 invocaris,
1453 5719 1691 5774 salutem

468 5825 736 5888 PATROL.
770 5825 1042 5891 LXXIII.

1773 4647 1945 4700 tentis
1972 4649 2229 4702 voluntas
2257 4650 2508 4719 retinuit,
2545 4661 2999 4728 praeceptumque
3025 4655 3186 4726 illud,
3219 4660 3368 4732 quod

1773 4735 2028 4806 patribus
2056 4737 2325 4792 honorem
2355 4739 2548 4796 haberi
2572 4742 2736 4812 jubet
2771 4747 2946 4812 (Deut.
2979 4751 3050 4812 v).
3085 4747 3244 4804 Unde
3268 4748 3368 4805 Dei

1771 4824 1955 4892 gratia
1983 4830 2040 4878 et
2067 4825 2393 4896 adjumento
2423 4829 2703 4885 incassum
2727 4833 2960 4890 minime
2984 4835 3371 4904 laboravi,nec

1774 4914 2096 4984 hujusmodi
2125 4914 2245 4969 dies
2272 4917 2479 4971 frustra
2508 4921 2860 4992 consumpsi;
2888 4941 3082 4980 verum
3101 4933 3160 4981 et
3187 4927 3367 4996 illum,

1774 5009 1830 5056 et
1861 5020 1953 5057 vos
1982 5019 2196 5071 omnes,
2230 5006 2346 5060 Deo
2365 5006 2673 5075 conciliavi,
2698 5027 2940 5083 eumque
2971 5015 3154 5071 solum
3184 5017 3366 5077 Deum

1773 5109 1986 5160 verum,
2010 5109 2074 5147 ac
2099 5110 2290 5148 rerum
2313 5095 2563 5151 omnium
2587 5098 2888 5154 Dominum
2909 5117 3244 5173 cognoscere
3273 5106 3368 5162 do-

1773 5183 1862 5236 cui
1893 5199 2003 5237 non
2035 5183 2261 5255 quidem
2290 5201 2394 5255 ego
2425 5184 2574 5240 istud
2611 5187 2840 5256 faciens,
2890 5191 2989 5245 sed
3033 5192 3221 5262 gratia
3265 5194 3368 5250 Dei

1774 5289 2012 5338 mecum,
2043 5273 2138 5344 qui
2169 5290 2258 5328 me
2289 5274 2459 5328 etiam
2485 5291 2516 5328 e
2545 5277 2934 5346 superstitioso
2967 5295 3158 5336 en'ore
3200 5289 3369 5354 atque

1773 5361 2050 5417 idolorum
2073 5364 2226 5418 cultu
2258 5363 2482 5435 eripuit,
2505 5381 2572 5418 ac
2589 5381 2704 5430 vos,
2740 5383 2772 5418 ο
2799 5365 2953 5437 plebs
2970 5384 3110 5436 mea,
3135 5372 3292 5440 gravi
3314 5380 3371 5427 et

1775 5450 1976 5506 acerba
1995 5451 2314 5524 captivitate
2335 5453 2608 5508 liberavit.
2633 5455 2756 5508 Jam
2770 5455 2941 5525 igitur
2958 5463 3181 5530 tempus
3201 5468 3372 5516 estut

1776 5556 1843 5593 ea
1853 5557 1976 5612 qua":
1994 5542 2108 5596 Deo
2128 5543 2407 5613 pollicitus
2417 5560 2542 5597 sum
2555 5544 2826 5616 expleam.
2844 5545 3366 5622 Tempus,inquam,

1775 5635 1863 5682 est
1891 5635 1956 5683 ut
1979 5647 2090 5702 quo
2119 5631 2236 5702 ipse
2259 5649 2348 5687 me
2377 5633 2544 5688 ducet
2571 5633 2904 5704 proﬁciscar,
2919 5652 3098 5708 eaque
3110 5645 3238 5695 vota
3251 5643 3373 5713 qui-

1774 5717 1878 5772 bus
1899 5735 1988 5773 me
2005 5720 2126 5790 ipso
2151 5720 2421 5777 obstrinxi
2446 5723 2776 5794 persolvam.
2792 5725 2954 5782 Nunc
2973 5725 3162 5800 itaque
3188 5729 3370 5786 vobis-

2990 5831 3065 5899 19
