3868 6392
558 501 664 558 587
1585 490 1678 545 DE
1716 489 1903 546 VITIS
1942 489 2236 546 PATRUM
2273 491 2486 546 LIBER
2523 489 2810 545 PRIMUS.
3699 491 3794 547 588

560 640 689 680 cum
711 621 815 695 ipsi
837 617 1186 674 considerate
1214 631 1381 687 quem
1395 613 1550 669 vobis
1565 629 1802 685 praeesse
1833 629 1897 667 ac
1919 615 2221 683 regnumA
2239 613 2298 667 in
2329 614 2531 668 coelum
2559 612 2906 678 tendentem,
2941 628 3004 666 ac
3039 618 3206 667 sextae
3253 613 3402 667 hora:
3443 613 3795 682 precationem

559 713 815 770 obtinere
841 709 1042 765 velitis.
1065 707 1192 763 Jam
1219 704 1369 760 enim
1400 704 1460 760 in
1479 703 1702 760 Domini
1721 703 2006 757 voluntate
2031 719 2154 774 per-
2235 703 2642 774 persolventem
2670 701 3020 756 invenerunt.

556 801 688 859 fecti
715 799 870 864 estis,
901 814 1005 852 nec
1031 795 1337 868 quidquam
1365 809 1430 848 ex
1458 791 1634 864 ipsius
1664 791 1952 862 praeceptis
1998 791 2152 844 vobis
2305 791 2616 862 Conspecto
2646 795 2835 845 autem
2859 807 2944 856 eo,
2980 791 3300 847 circumfusi
3335 793 3544 859 statim,
3573 809 3692 848 cum
3728 794 3799 848 la-

558 891 837 947 occultum
861 892 972 945 est.
1006 887 1072 941 In
1099 885 1188 938 his
1211 882 1514 946 ambulate,
1544 897 1646 936 nec
1667 880 1752 934 vel
1773 880 1844 934 ad
1864 879 2153 934 dexteram
2237 879 2446 949 crymis
2477 895 2606 932 eum
2633 877 3020 946 obsecrabant,
3065 896 3130 934 ac
3167 880 3471 935 discessum
3515 881 3617 952 ipsi
3661 879 3800 950 obje-

557 979 644 1036 vel
668 977 1046 1034 adsinistram
1071 972 1366 1028 declinata.
1398 971 1478 1025 Ac
1506 970 1654 1024 Deus
1691 968 1844 1040 pacis
1873 969 2038 1023 velim
2083 968 2158 1022 sit
2239 967 2482 1022 ctabant.
2549 970 2624 1023 At
2673 969 2786 1031 ille,
2843 969 3008 1033 Quid,
3054 969 3256 1041 inquit,
3313 971 3540 1024 inanem
3585 970 3807 1025 laborem

557 1085 686 1124 cum
715 1065 975 1123 omnibus
1001 1062 1176 1118 vobis.
2239 1057 2563 1128 suscipitis?
2593 1057 2709 1111 Nec
2738 1057 2889 1112 enim
2919 1064 3004 1112 est
3028 1059 3174 1130 quod
3204 1076 3299 1114 vos
3339 1076 3428 1113 me
3461 1076 3647 1130 regem
3681 1061 3809 1114 ultra

630 1159 837 1214 Haecut
855 1153 1014 1226 plebs
1034 1150 1265 1217 audivit,
1281 1149 1561 1204 tumultus
1581 1147 1773 1202 statim
1791 1163 1856 1202 ac
1868 1147 2152 1218 strepitus,
2241 1145 2534 1200 habituros
2563 1163 2683 1200 esse
2713 1147 2968 1218 speretis.
2989 1147 3178 1202 Nihilo
3201 1149 3384 1202 secius
3412 1154 3599 1203 tamen
3637 1165 3805 1202 eorum

559 1250 870 1319 ingensque
892 1243 1108 1297 clamor
1121 1246 1178 1296 et
1200 1239 1452 1294 confusio
1473 1242 1666 1292 exorta
1686 1242 1790 1302 est,
1810 1236 2159 1308 plorantibus
2240 1235 2456 1305 ingenti
2486 1235 2831 1290 contentioni
2858 1236 3078 1297 cedens,
3110 1237 3181 1291 ad
3219 1237 3491 1308 palatium
3515 1237 3804 1292 revertitur.

561 1335 843 1400 omnibus,
866 1337 1036 1404 atque
1055 1320 1352 1386 orbitatem
1373 1343 1533 1382 suam
1555 1325 1994 1398 deplorantibus.
2013 1325 2159 1390 Quin
2241 1325 2556 1396 coactisque
2589 1324 2645 1379 in
2667 1342 2842 1380 unum
2863 1325 3142 1394 omnibus,
3164 1327 3294 1398 quid
3319 1326 3374 1380 in
3395 1325 3583 1381 animo
3602 1324 3805 1380 haberet

561 1425 733 1480 etiam
745 1415 1610 1496 praeterluctusetejulatusillud
1622 1415 1791 1469 etiam
1797 1415 2166 1486 jurejurando
2249 1414 2571 1481 declaravit,
2607 1430 2671 1469 ac
2697 1421 2894 1487 postea
2931 1415 3260 1488 interposito
3275 1415 3442 1470 etiam
3465 1416 3804 1485 jurejurando

563 1511 944 1578 afﬁrmabant,
977 1525 1100 1564 sese
1129 1507 1287 1562 illum
1309 1505 1543 1560 minime
1573 1503 1923 1567 dimissuros,
1958 1505 2055 1558 sed
2071 1521 2160 1558 re-
2246 1520 2565 1559 sermonem
2593 1504 2962 1571 conﬁrmavit,
2981 1521 3182 1576 nempe
3211 1522 3270 1559 se
3295 1505 3528 1576 posthac
3557 1521 3625 1558 ne
3655 1521 3803 1558 unum

561 1608 838 1667 tenturos,
869 1616 971 1655 nec
1007 1595 1302 1652 secedendi
1330 1599 1668 1666 potestatem
1714 1595 1828 1647 ullo
1858 1594 2024 1648 modo
2055 1593 2160 1665 ipsi
2245 1593 2468 1664 quidem
2491 1593 2641 1648 diem
2653 1610 2782 1648 cum
2803 1593 2936 1665 ipsis
2966 1593 3084 1648 fore
3109 1613 3119 1646 :
3146 1595 3259 1664 Ego
3288 1593 3456 1648 enim.
3491 1593 3686 1664 inquit,
3703 1609 3804 1646 meo

560 1693 826 1749 facturos.
847 1690 938 1746 Sic
959 1689 1237 1742 clamante
1248 1683 1472 1756 populo,
1493 1689 1661 1754 atque
1676 1682 1936 1738 omnibus
1948 1683 2156 1753 magis-
2241 1699 2376 1752 erga
2405 1699 2503 1736 vos
2531 1683 2846 1737 ministerio
2873 1683 3196 1754 perfunctus
3226 1700 3369 1742 sum.
3398 1699 3502 1737 nec
3531 1683 3803 1754 quidquam

561 1779 822 1845 tratibus,
854 1776 1133 1848 excipiens
1157 1791 1253 1829 rex
1283 1773 1580 1845 populares
1621 1771 1941 1842 compescit,
1985 1772 2157 1825 silen-
2239 1771 2594 1842 prmtermisi,
2635 1787 2736 1826 nec
2757 1771 3086 1842 subterfugi,
3111 1772 3409 1844 quominus
3440 1771 3803 1827 annuntiarem

559 1871 816 1940 tiumque
833 1867 972 1938 ipsis
989 1865 1248 1936 imperat,
1272 1878 1442 1932 seque
1462 1859 2042 1915 illorumcontertioni
2072 1877 2159 1914 ce-
2240 1859 2395 1914 vobis
2413 1861 2548 1928 (Act.
2582 1860 2702 1931 xx),
2745 1878 2810 1914 ac
2843 1861 3100 1915 docerem
3129 1861 3432 1916 testiﬁcans
3483 1859 3733 1915 omnibus
3767 1860 3806 1912 in

559 1960 693 2015 dere
722 1963 891 2028 atque
905 1955 1292 2025 obtemperare
1311 1966 1587 2012 asserens,
1612 1966 1726 2014 eos,
1751 1950 2008 2021 quamvis
2024 1950 2158 2004 alio-
2174 1973 2221 2034 Β
2239 1948 2540 2004 Dominum
2567 1956 2824 2004 nostrum
2848 1951 2876 2005 J
2882 1967 3039 2004 esum
3058 1950 3342 2005 Christum
3368 1951 3556 2015 ﬁdem,
3577 1966 3640 2004 ac
3662 1949 3808 2020 poeni-

559 2049 656 2121 qui
681 2049 988 2102 moerentes
1006 2047 1177 2114 atque
1199 2041 1442 2112 ejulatus
1457 2039 1620 2110 signa
1640 2039 1700 2093 in
1719 2039 1879 2108 genis
1894 2039 2153 2103 ferentes,
2241 2039 2432 2092 tentias
2470 2039 2617 2093 viam
2661 2039 2979 2094 ostendens.
3025 2041 3105 2094 Ac
3150 2056 3298 2094 nunc
3348 2056 3449 2109 ego
3502 2039 3644 2092 viam
3693 2038 3809 2090 hanc

558 2138 788 2193 domum
805 2133 1064 2189 remittit.
1083 2132 1208 2203 Ipse
1239 2134 1428 2184 autem
1470 2144 1650 2183 unum
1687 2145 1752 2181 ex
1792 2127 2152 2199 principibus,
2241 2127 2385 2192 ineo,
2420 2144 2588 2199 quam
2609 2129 2728 2198 jam
2756 2129 2973 2200 pridem
3015 2129 3361 2201 expetebam,
3413 2145 3518 2182 nec
3564 2128 3705 2182 ultra
3747 2126 3810 2179 fa-

560 2241 728 2298 quem
741 2224 860 2296 ipse
876 2228 1000 2277 tum
1019 2219 1265 2292 pietatis,
1294 2224 1418 2272 tum
1443 2217 1570 2272 vitm.
1599 2216 1912 2270 sanctitatis
1933 2217 2159 2271 nomine
2241 2217 2384 2271 ciem
2411 2233 2594 2272 meam
2619 2217 2917 2288 quisquam
2937 2224 3185 2272 vestrum
3215 2216 3442 2271 videbit.
3470 2217 3809 2288 Quapropter,

558 2314 737 2388 pluris
747 2311 1008 2368 omnibus
1021 2307 1276 2374 faciebat,
1293 2305 1776 2377 admirationeque
1787 2322 1950 2378 prose
1957 2305 2160 2377 queba-

556 2409 672 2471 tur,
701 2402 807 2457 hoc
837 2406 922 2456 est
948 2397 1302 2462 Barachiam,
1331 2396 1492 2466 cujus
1521 2395 1694 2450 etiam
1730 2395 2006 2467 superius,
2031 2413 2158 2449 cum

522 2527 526 2530 -
561 2491 788 2548 Nachor
817 2489 1179 2544 Barlaamum
1211 2501 1271 2540 se
1300 2501 1423 2539 esse
1445 2485 1718 2539 simulans
1747 2501 1874 2539 cum
1919 2484 2160 2555 philoso-

559 2580 690 2653 phis
717 2577 1041 2650 disputavit,
1077 2573 1244 2629 verba
1269 2573 1522 2640 fecimus,
1547 2589 1826 2644 quemque
1851 2574 2030 2628 solum
2043 2573 2159 2628 zelo

560 2668 748 2724 divino
768 2666 991 2739 penitus
1011 2665 1346 2735 ﬂagrantem
1363 2661 1618 2733 abipsius
1641 2661 1890 2733 partibus
1911 2662 2154 2728 stetisse,

561 2763 732 2830 atque
753 2755 825 2811 ad
853 2753 1290 2826 disputationem
1311 2751 1575 2806 adversus
1596 2751 1720 2804 illos
1741 2750 2042 2805 ineundum
2067 2767 2159 2821 pa-

528 2896 532 2900 .
557 2852 753 2904 ratum
781 2843 952 2899 fuisse
976 2842 1236 2907 diximus,
1270 2841 1437 2906 hunc,
1470 2839 1719 2910 inquam,
1745 2839 1978 2894 remotis
2009 2839 2158 2894 arbi-

559 2936 684 3004 tris,
714 2937 1087 3005 assumptum,
1141 2929 1345 2984 blande
1383 2945 1448 2983 ac
1485 2929 1692 2983 leniter
1735 2929 2009 2983 allocutus
2053 2936 2156 2992 est,

563 3023 890 3096 obnixisque
921 3019 1197 3094 precibus,
1228 3025 1294 3074 ut
1321 3034 1555 3090 regnum
1577 3018 1872 3090 acciperet,
1903 3024 2070 3090 atque
2103 3019 2161 3075 in

560 3115 766 3170 timore
785 3112 887 3169 Dei
914 3111 1132 3184 plebem
1155 3125 1314 3164 suam
1335 3113 1556 3178 regeret
1569 3107 1898 3162 obsecrabat
1917 3123 2026 3178 quo
2040 3107 2158 3179 ipse

557 3205 628 3260 ad
660 3203 967 3276 expetitum
995 3201 1104 3255 iter
1130 3215 1190 3254 se
1221 3197 1554 3268 accingeret.

2241 2310 2306 2360 ut
2334 2306 2505 2360 divini
2546 2307 2800 2378 Apostoli
2848 2307 3030 2361 verbis
3070 2314 3219 2372 utar,
3269 2312 3556 2360 contestor
3594 2321 3683 2359 vos
3731 2305 3810 2356 ho-

2242 2395 2437 2450 dierno
2467 2396 2578 2462 die,
2611 2397 2759 2467 quod
2782 2396 3024 2450 mundus
3055 2412 3157 2467 ego
3196 2412 3319 2450 sum
3347 2413 3380 2450 a
3409 2394 3678 2475 sanguine
3707 2410 3808 2446 om-

2240 2485 2398 2539 nium
2430 2491 2696 2539 vestrum.
2723 2486 2848 2540 Non
2869 2485 3021 2540 enim
3041 2485 3370 2555 subterfugi,
3405 2485 3699 2556 quominus
3726 2497 3808 2535 an-

2241 2575 2562 2629 nuntiarem
2587 2574 2740 2629 vobis
2768 2575 3064 2628 consilium
3093 2575 3214 2629 Dei.

2313 2665 2443 2718 Ilaec
2461 2661 2540 2718 illi
2565 2663 2879 2726 audientes,
2907 2681 2975 2719 ac
3003 2665 3293 2718 sententiae
3315 2663 3493 2735 ipsius
3513 2661 3803 2718 ﬁrmitatem

2242 2753 2587 2824 exploratam
2619 2753 2907 2820 habentes,
2941 2770 3142 2824 nempe
3169 2753 3318 2824 quod
3346 2769 3480 2807 cum
3521 2768 3556 2806 a
3581 2755 3806 2821 suscepto

2242 2842 2474 2897 consilio
2499 2859 2755 2898 revocare
2777 2843 3008 2898 minime
3027 2841 3581 2914 possent,orbitatem
3609 2838 3807 2914 quidem

2243 2949 2404 2986 suam
2434 2931 2822 3003 deplorabant,
2860 2949 2963 2987 nec
2993 2938 3184 2987 tamen
3224 2932 3339 2986 ullo
3385 2931 3554 2986 modo
3597 2945 3716 2984 eum
3752 2927 3807 2979 de

2242 3022 2521 3076 sententia
2548 3021 2917 3078 deducebant.
2939 3022 3082 3077 Tum
3107 3027 3296 3076 autem
3324 3037 3422 3076 rex
3434 3015 3810 3075 Barachiamil-

2240 3111 2376 3176 lum,
2411 3111 2481 3165 de
2512 3129 2620 3182 quo
2672 3129 2845 3184 supra
2891 3112 3062 3167 locuti
3117 3129 3329 3172 sumus,
3381 3127 3554 3165 manu
3591 3114 3805 3164 tenens:

2239 3200 2418 3265 llunc,
2455 3201 2714 3272 inquit,o
2760 3200 2979 3264 fratres,
3033 3201 3182 3256 hunc
3220 3200 3373 3254 vobis
3428 3216 3619 3271 regem
3672 3212 3800 3250 creo.

627 3293 698 3348 Ut
721 3298 912 3347 autem
927 3305 1060 3345 eum
1079 3292 1432 3353 renuentem,
1453 3291 1624 3357 atque
1645 3285 1795 3340 istud
1811 3286 2042 3340 omnino
2065 3303 2154 3340 re-
2183 3295 2225 3356 ί]
2247 3290 2499 3361 Cumque
2528 3289 2621 3344 ille
2649 3290 2924 3360 ejusmodi
2951 3291 3032 3344 rei
3051 3289 3410 3344 vehementer
3437 3289 3807 3346 obluctaretur,

557 3382 887 3454 pudiantem
896 3378 1053 3442 vidit,
1073 3377 1274 3448 hisque
1288 3374 1470 3430 verbis
1486 3381 1737 3429 utentem
1755 3393 1766 3428 :
1788 3375 1834 3430 Ο
1847 3391 1962 3439 rex,
1985 3391 2155 3446 quam

558 3471 711 3526 istud
730 3476 892 3524 tuum
911 3466 1192 3539 judicium
1211 3465 1467 3536 iniquum
1485 3471 1588 3528 est,
1619 3480 1791 3534 quam
1819 3469 1950 3518 tuus
1971 3481 2156 3518 sermo

559 3559 744 3614 divino
774 3555 1041 3612 mandato
1061 3571 1260 3626 parum
1279 3557 1688 3608 consentaneus
1709 3572 1720 3620 ;
1740 3569 1870 3607 nam
1893 3569 2018 3607 cum
2032 3569 2157 3624 pro-

559 3649 774 3703 ximum
803 3663 916 3702 non
945 3661 1108 3699 secus
1137 3660 1202 3698 ac
1229 3643 1476 3714 teipsum
1505 3658 1698 3696 amare
1739 3643 2011 3706 docearis,
2047 3659 2157 3713 qua

560 3739 788 3794 tandem
807 3735 1025 3792 ratione
1046 3732 1324 3788 sarcinam
1345 3748 1494 3798 eam,
1517 3749 1687 3802 quam
1707 3739 1770 3786 tu
1791 3731 2032 3803 abjicere
2044 3737 2159 3786 stu-

559 3827 677 3895 des,
711 3825 850 3882 mihi
869 3825 1160 3896 imponere
1187 3821 1468 3876 festinas?
1505 3836 1638 3876 nam
1669 3821 1715 3874 si
1742 3821 1897 3891 regio
1923 3838 2156 3876 munere

556 3915 716 3988 fungi
726 3915 936 3970 bonum
949 3911 1177 3983 est,ipse
1188 3910 1337 3982 quod
1348 3909 1558 3964 bonum
1570 3909 1958 3977 estretine;sin
1971 3915 2160 3964 autem

561 4003 958 4061 offendiculum
971 3999 1122 4056 istud
1141 4015 1206 4054 ac
1223 3999 1549 4054 scandalum
1563 3997 1737 4053 animi
1754 4004 1857 4064 est,
1879 4000 2012 4070 quid
2026 4000 2163 4054 mihi

561 4093 699 4150 illud
722 4090 939 4162 objicis,
963 4106 1030 4144 ac
1049 4105 1141 4144 me
1161 4089 1218 4142 in
1241 4087 1497 4143 fraudem
1515 4087 1778 4142 inducere
1791 4088 2162 4160 cupis?Ut,in-

521 4211 530 4218 -
565 4197 756 4255 quam,
781 4195 912 4234 eum
934 4179 1022 4233 his
1038 4177 1223 4232 verbis
1237 4182 1492 4232 utentem
1503 4183 1559 4231 et
1569 4184 1984 4232 asseverantem
2003 4179 2159 4245 vidit,

523 4303 532 4306 -
563 4287 691 4328 cum
711 4286 778 4326 eo
797 4267 1024 4342 quidem
1035 4265 1529 4337 colloquidestitit:
1546 4265 1664 4337 ipse
1675 4271 1866 4333 329
1877 4273 2066 4322 autem
2086 4268 2168 4322 in-

2237 3379 2473 3433 invitum
2501 3396 2630 3433 eum
2659 3395 2723 3432 ac
2751 3383 3162 3451 repugnantem
3193 3378 3250 3432 in
3273 3378 3425 3447 regio
3458 3379 3657 3432 throno
3671 3374 3811 3428 colloo

2237 3473 2344 3532 cat,
2378 3468 2664 3538 ipsiusque
2691 3468 2860 3540 capiti
2893 3468 3153 3522 diadema
3184 3467 3442 3538 imponit,
3475 3473 3638 3536 atque
3661 3478 3810 3518 annu-

2239 3557 2356 3611 lum
2389 3558 2609 3626 regium
2641 3558 2746 3629 ipsi
2765 3558 2821 3612 in
2841 3573 3071 3612 manum
3093 3555 3326 3628 praebet.
3359 3557 3543 3626 Atque
3565 3553 3631 3608 ad
3645 3551 3811 3607 Orien-

2239 3651 2352 3699 tem
2385 3653 2558 3710 stans,
2592 3663 2691 3718 pro
2737 3663 2868 3716 rege
2905 3663 3099 3718 preces
3139 3646 3302 3709 fudit,
3357 3645 3463 3698 hoc
3509 3642 3747 3697 videlicet
3787 3655 3810 3690 ιι

2239 3735 2355 3789 Deo
2386 3736 2696 3806 postulans,
2746 3741 2811 3790 ut
2857 3736 2960 3790 Dei
3007 3735 3174 3790 ﬁdem
3229 3739 3555 3789 constanter
3601 3735 3808 3786 teneret.

2240 3839 2304 3877 ac
2334 3824 2543 3879 Christi
2571 3825 2966 3880 mandatorum
2997 3825 3106 3879 iter
3133 3823 3204 3878 ab
3229 3823 3382 3878 omni
3413 3824 3561 3878 ﬂexu
3594 3821 3810 3875 alienum

2243 3912 2538 3968 inveniret.
2571 3915 2778 3969 Adhaec
2825 3932 2926 3986 pro
2954 3915 3103 3968 clero
3151 3906 3320 3968 etiam
3367 3919 3539 3984 atque
3585 3909 3810 3966 universo

2242 4019 2414 4073 grege
2439 4009 2700 4074 precatus
2730 4010 2833 4069 est,
2864 4021 3027 4076 opem
3077 4003 3334 4057 videlicet
3375 4008 3430 4056 et
3469 3999 3730 4055 auxilium
3761 4009 3812 4047 ac

2246 4093 2486 4146 salutem
2515 4093 2650 4164 ipsis
2679 4111 2713 4148 a
2742 4095 2856 4148 Deo
2887 4100 3099 4164 petens,
3135 4099 3304 4164 atque
3332 4096 3396 4145 ut
3433 4086 3699 4162 quidquid
3724 4081 3808 4155 ipsi

2247 4181 2596 4252 postularent
2615 4183 2685 4235 ad
2716 4183 3015 4236 utilitatem
3047 4181 3454 4236 moderaretur.

2320 4271 2438 4324 Hac
2460 4271 2713 4325 oratione
2760 4271 2969 4336 habita,
3018 4287 3316 4325 conversus
3365 4268 3436 4323 ad
3484 4265 3806 4323 Barachiam.

562 4354 2167 4433 tempestanocteepistolamingentisapientiaplenam,at-
2247 4359 2360 4412 ait:
2396 4361 2477 4414 En
2505 4359 2628 4422 tibi,
2655 4361 2848 4424 frater,
2879 4361 2984 4415 hoc
3001 4359 3322 4432 praecipiam
3351 4357 3502 4429 quod
3540 4351 3809 4427 Apostolus

564 4445 1167 4524 queadomnepietatis
1180 4461 1361 4516 genus
1375 4443 1852 4515 impellentem,ad
1866 4446 2162 4516 populares
2242 4453 2482 4504 testatus
2510 4456 2628 4504 est:
2660 4451 2902 4504 Attende
2930 4449 3031 4504 tibi
3062 4449 3186 4520 ipsi,
3221 4455 3278 4502 et
3300 4447 3563 4502 universo
3591 4441 3738 4515 gregi
3765 4439 3808 4492 in

561 4555 694 4599 suos
712 4543 927 4604 exarat,
959 4551 1160 4607 nempe
1174 4549 1343 4605 quam
1364 4533 1435 4588 de
1455 4532 1571 4587 Deo
1597 4534 1936 4588 sententiam
1947 4541 2156 4600 tenere,
2244 4555 2354 4608 quo
2383 4544 2438 4592 te
2465 4538 2705 4610 Spiritus
2721 4545 2949 4594 sanctus
2973 4555 3163 4609 regem
3184 4537 3388 4609 posuit,
3403 4541 3470 4590 ut
3501 4531 3701 4590 Christi
3728 4543 3809 4600 po-

561 4619 2459 4702 quamipsivitam,quasleudes,quasdeniquegratiarumDpulum,
2509 4645 2678 4698 quem
2721 4628 2944 4700 proprio
2987 4627 3260 4698 sanguine
3315 4623 3624 4695 acquisivit,
3673 4632 3808 4687 regas

563 4720 812 4774 actiones
833 4715 1032 4772 offerre
1051 4713 1338 4776 deberent,
1359 4710 1740 4783 praescribens.
1762 4714 1839 4766 Ac
1852 4719 2066 4784 postea,
2091 4729 2160 4768 ne
2247 4717 2382 4786 (Act.
2413 4719 2525 4785 xx).
2559 4717 2626 4770 Et
2657 4715 3132 4787 quemadmodum
3161 4716 3338 4770 Deum
3362 4719 3494 4768 ante
3521 4728 3609 4765 me
3637 4720 3809 4776 cogno-

565 4804 1090 4880 quemquamalium
1112 4801 1653 4874 praeterBarachiam
1671 4801 1742 4855 ad
1759 4801 2164 4872 regiamdigni-
2245 4804 2392 4871 visti,
2426 4821 2666 4876 cumque
2701 4822 2842 4876 puro
2871 4806 3058 4860 animo
3107 4811 3163 4858 et
3209 4801 3551 4857 conscientia
3595 4793 3804 4852 coluisti.

563 4902 739 4951 tatem
761 4893 1126 4950 admitterent
1145 4890 1492 4964 prohibebat.
1521 4891 1636 4944 liae
1649 4891 1886 4962 epistola
1912 4890 1967 4944 in
2003 4891 2160 4946 cubi-

563 4985 690 5041 culo
717 5000 820 5040 suo
844 4982 1057 5048 relicta,
1083 4979 1444 5034 inscientibus
1457 4979 1714 5034 omnibus
1727 4980 2030 5049 egreditur.
2047 4981 2162 5034 Nec

561 5080 756 5130 tamen
767 5072 989 5128 efﬁcere
1000 5069 1183 5142 potuit
1195 5076 1260 5124 ut
1275 5069 1450 5140 ipsius
1469 5068 1748 5123 discessus
1759 5069 1830 5122 ad
1845 5074 2158 5124 extremum

564 5178 742 5236 usque
770 5160 1090 5232 incognitus
1105 5165 1269 5214 esset.
1293 5159 1436 5212 Nam
1458 5157 1626 5213 simul
1657 5163 1827 5228 atque
1861 5157 2060 5224 illuxit,
2093 5176 2161 5213 ea

564 5269 656 5308 res
687 5251 886 5307 audita
911 5246 1391 5321 perturbationem
1421 5262 1486 5300 ac
1511 5245 1719 5299 luctum
1750 5244 1894 5315 plebi
1941 5247 2152 5312 attulit,

564 5355 871 5412 omnesque
900 5353 1124 5394 summa
1147 5334 1430 5391 celeritate
1451 5334 1522 5387 ad
1550 5350 1678 5388 eum
1704 5333 2156 5404 investigandum

563 5435 949 5504 perrexerunt,
977 5426 1154 5498 ipsius
1185 5425 1376 5494 fugam
1421 5423 1575 5476 omni
1627 5422 1841 5477 ratione
1887 5441 2156 5495 occupare

563 5519 894 5590 cogitantes.
927 5517 1049 5580 Quo
1078 5515 1247 5570 etiam
1261 5512 1470 5566 factum
1501 5517 1587 5564 est
1613 5517 1678 5566 ut
1704 5511 1952 5567 studium
1983 5513 2156 5585 ipsius

561 5609 775 5661 frustra
797 5604 1030 5660 minime
1049 5601 1298 5658 cesserit.
1331 5601 1476 5654 Nam
1504 5615 1630 5654 cum
1651 5599 1856 5655 itinera
1869 5602 2058 5656 omnia
2071 5620 2158 5657 oc-

507 5727 515 5732 τ
564 5701 882 5768 cupassent,
913 5709 978 5747 ac
1007 5701 1225 5746 montes
1249 5704 1443 5744 omnes
1473 5687 1838 5757 obsedissent,
1871 5690 2158 5762 inviasque

563 5783 735 5843 valles
746 5785 1165 5858 peragrassent,
1179 5779 1236 5834 in
1251 5784 1498 5834 torrente
1509 5777 1652 5850 quod
1661 5793 1688 5828 a
1697 5793 1750 5829 m
1765 5778 1884 5834 insu
1893 5797 1944 5835 m
1960 5797 2160 5836 manus

2245 4893 2325 4947 ita
2349 4909 2498 4950 nunc
2528 4911 2748 4966 quoque
2767 4894 2969 4966 majori
2998 4893 3183 4948 studio
3212 4893 3268 4947 in
3305 4893 3409 4946 hoc
3455 4885 3723 4946 incumbe.
3757 4887 3807 4935 ut

2243 4982 2349 5053 ipsi
2381 4983 2504 5038 vitae
2533 4989 2644 5038 tuae
2675 4984 2920 5038 rationes
2955 4982 3176 5054 probes.
3227 4982 3348 5046 Quo
3384 4979 3536 5061 enim
3584 4975 3751 5044 majus

2239 5071 2355 5126 Deo
2383 5072 2686 5144 imperium
2699 5078 3030 5128 consecutus
3055 5089 3134 5138 es,
3164 5087 3230 5126 eo
3253 5055 3474 5142 quoque
3493 5067 3701 5138 majora
3721 5055 3806 5130 ipsi

2241 5161 2515 5232 rependas
2543 5167 2780 5233 oportet.
2808 5164 2888 5217 Ac
2915 5161 3150 5234 proinde
3179 5157 3542 5233 gratitudinis
3583 5151 3804 5208 debitum

2243 5249 2294 5303 ei
2321 5251 2482 5320 cujus
2507 5249 2791 5305 beneficiis
2819 5256 3017 5306 auctus
3048 5267 3107 5305 es
3132 5248 3402 5321 persolve,
3439 5250 3633 5300 sancta
3655 5236 3805 5311 ipsius

2239 5346 2513 5410 praecepta
2541 5339 2880 5404 custodiens,
2914 5346 3084 5412 atque
3113 5339 3184 5394 ab
3212 5337 3364 5394 omni
3388 5336 3478 5390 via
3507 5335 3564 5388 in
3596 5327 3802 5386 exitium

2238 5427 2476 5482 ducente
2498 5428 2827 5485 deflectens.
2859 5429 2934 5484 Ut
2947 5429 3098 5484 enim
3125 5429 3184 5483 in
3197 5429 3264 5481 iis
3290 5425 3385 5498 qui
3406 5423 3802 5492 navigant,cum

2237 5521 2412 5570 nauta
2433 5517 2709 5588 quispiam
2741 5523 2952 5590 peccat,
2983 5518 3244 5588 exiguum
3271 5517 3340 5570 iis
3365 5513 3458 5586 qui
3485 5507 3648 5565 simul
3678 5500 3802 5559 navi-

2237 5611 2376 5674 gant
2413 5606 2814 5661 detrimentum
2843 5607 3045 5674 affert;
3079 5623 3204 5660 cum
3240 5610 3428 5659 autem
3462 5599 3799 5670 gubernator,

2241 5693 2512 5749 universae
2533 5696 2659 5750 navi
2688 5696 2921 5751 exitium
2951 5695 3203 5762 accersit,
3237 5694 3317 5748 ita
3344 5692 3513 5747 etiam
3555 5688 3612 5742 in
3655 5693 3802 5750 reg“0

2243 5799 2348 5837 usu
2377 5785 2546 5841 venit.
2590 5791 2654 5839 ut
2700 5802 2824 5840 cum
2871 5785 3146 5858 quispiam
3193 5799 3405 5838 eorum.
3454 5778 3551 5850 qui
3593 5772 3801 5829 subsunt
