3868 6386
86 435 194 494 589

492 437 658 493 VITA
699 437 1140 496 SANCTORUM
1177 440 1522 497 BARLAAM
1561 437 1899 496 EREMITIE
1939 435 2025 494 ET
2063 434 2428 493 JOSAPHAT
2464 439 2686 497 INDUE
2723 442 2956 501 REGIS.

3271 450 3376 508 590

83 565 305 632 peccat,
342 577 454 617 non
500 566 617 616 tam
655 562 828 618 alium
875 581 1044 636 quam
1083 567 1329 638 seipsum
1359 569 1557 636 laedat;
1604 568 1691 622 sin
1709 563 1976 636 Aquibus
1997 563 2426 618 oﬁensusfueris
2447 564 2666 636 injuriae
2682 575 3065 628 memoremte
3085 574 3370 648 praebeas;

79 657 282 705 autem
313 669 408 706 rex
440 652 558 723 ipse
581 659 790 724 peccet,
815 657 996 709 totum
1026 673 1263 726 regnum
1303 657 1599 712 labefactat
1628 675 1692 711 ac

79 739 433 795 detrimento
457 741 654 800 afﬁcit.
686 742 1056 815 Quapropter,
1083 751 1147 799 ut
1167 745 1425 817 ingentes
1447 748 1692 802 rationes

79 827 433 891 redditurus,
469 830 514 884 si
536 830 668 901 quid
699 847 894 887 eorum
927 850 1048 903 quze
1079 851 1218 906 opus
1246 835 1361 890 sint
1387 835 1692 908 praetermi-

82 916 252 982 seris,
273 934 478 988 magno
505 919 690 974 studio
706 936 1022 992 magnaque
1045 939 1180 976 cura
1200 921 1274 976 tei
1281 940 1443 992 psum
1467 923 1520 976 in
1545 923 1690 978 bono

81 1005 330 1071 custodi,
357 1007 698 1078 voluptatem
727 1025 951 1063 omnem
981 1010 1051 1063 ad
1081 1016 1371 1081 peccatum
1400 1017 1452 1065 te
1473 1019 1690 1083 pertra-

85 1095 320 1150 hentem
344 1095 471 1150 odio
500 1095 794 1151 insectare.
824 1097 920 1152 Ait
946 1099 1097 1152 enim
1127 1101 1425 1170 Apostolus
1450 1118 1460 1152 :
1489 1101 1689 1155 Pacem

85 1185 387 1238 sectamini
427 1201 555 1239 cum
603 1186 882 1253 omnibus,
925 1193 982 1240 et
1011 1188 1536 1256 sanctiﬁcationem,
1570 1191 1691 1244 sine

85 1288 204 1344 qua
231 1289 400 1329 nemo
432 1274 638 1330 videbit
664 1276 845 1331 Deum
867 1277 1014 1343 (Heb.
1043 1281 1154 1347 xu).
1184 1278 1394 1332 Rerum
1422 1279 1693 1333 humana-

87 1376 218 1416 rum
257 1362 529 1417 circulum
569 1363 968 1429 animadverte,
1001 1382 1111 1436 quo
1145 1372 1308 1437 pacto
1350 1367 1606 1420 videlicet
1633 1368 1692 1421 in

85 1449 287 1505 orbem
329 1452 604 1518 volvatur,
646 1454 785 1508 alias
819 1459 990 1526 atque
1028 1455 1168 1510 alias
1209 1456 1319 1510 alio
1367 1461 1537 1526 atque
1580 1457 1690 1510 alio

85 1541 258 1595 modo
288 1557 384 1595 eas
412 1541 594 1597 ferens
623 1559 686 1597 ac
708 1557 977 1615 torquens
1001 1563 1014 1611 ;
1044 1545 1292 1616 illudque
1323 1546 1504 1610 stude,
1541 1551 1603 1600 ut
1631 1545 1690 1599 in

85 1629 247 1684 varia
265 1647 461 1686 earum
482 1633 793 1692 mutatione
813 1633 969 1704 pium
991 1633 1244 1689 animum
1265 1640 1588 1689 constanter
1607 1652 1690 1688 re-

83 1718 292 1774 tineas.
315 1721 603 1792 Siquidem
632 1739 747 1777 una
766 1739 896 1777 cum
926 1723 1094 1777 rebus
1113 1725 1470 1790 commutari,
1504 1723 1688 1778 dubiae

84 1814 260 1880 atque
280 1809 555 1866 instabilis
573 1812 776 1866 mentis
792 1819 1185 1883 argumentum
1207 1820 1310 1868 est.
1335 1815 1418 1868 Tu
1447 1831 1574 1868 vero
1605 1814 1690 1868 fac

87 1898 151 1952 in
183 1899 390 1954 virtute
421 1901 617 1955 ﬁrmus
637 1901 733 1966 sis,
759 1919 822 1956 ac
852 1919 1080 1973 prorsus
1100 1903 1400 1957 stabilitus.
1429 1903 1514 1958 Ob
1544 1909 1688 1957 tem-
1706 1887 1751 1945 Β

85 1987 374 2058 porariam
391 1995 448 2044 et
474 1991 738 2045 caducam
766 1991 1004 2060 gloriam
1031 1992 1184 2046 inani
1206 1998 1429 2046 tumore
1461 1992 1690 2046 minime

85 2075 389 2143 insolesce;
437 2096 650 2144 verum,
698 2086 1002 2153 repurgatp
1049 2081 1256 2146 animo,
1313 2088 1527 2136 naturae
1579 2087 1690 2136 tua:

88 2165 361 2221 vilitatem
379 2169 578 2239 cogita,
606 2175 841 2240 Vitaeque
858 2170 1026 2240 hujus
1047 2169 1376 2224 brevitatem
1403 2176 1572 2241 atque
1597 2170 1691 2224 ad-

82 2253 346 2332 junctam
375 2259 529 2312 carni
555 2265 793 2313 mortem
823 2259 1025 2328 cogita.
1049 2259 1179 2313 Haec
1207 2259 1356 2314 enim
1377 2260 1422 2313 si
1444 2259 1692 2314 conside-

89 2367 201 2416 res,
236 2349 294 2403 in
324 2347 641 2418 superbiam
669 2347 1105 2419 haudquaquam
1131 2348 1359 2416 incides,
1389 2349 1485 2403 sed
1513 2349 1692 2404 Deum

89 2455 290 2492 verum
329 2454 394 2491 ac
433 2441 623 2504 330
655 2437 938 2492 cmlestem
979 2438 1191 2508 Regem
1222 2444 1459 2505 metues,
1503 2439 1693 2510 sicque

93 2529 359 2601 praeclare
389 2543 453 2581 ac
481 2526 715 2580 feliciter
741 2532 928 2580 tecum
959 2532 1175 2594 agetur.
1211 2527 1368 2582 Beati
1401 2527 1573 2590 enim,
1605 2528 1693 2582 in-

92 2618 221 2690 quit
241 2617 562 2682 ille,omnes
592 2614 687 2686 qui
708 2617 910 2670 timent
939 2616 1262 2682 Dominum,
1286 2617 1380 2688 qui
1401 2617 1697 2672 ambulant

91 2709 152 2761 in
183 2705 287 2760 viis
332 2707 456 2776 ejus
485 2708 652 2776 (Psat.
681 2707 904 2774 cxxvn).
947 2707 1026 2760 Ac
1060 2723 1286 2761 rursum
1319 2724 1330 2759 :
1369 2707 1575 2760 Beatus
1612 2707 1697 2760 vir

93 2796 192 2867 qui
223 2795 388 2849 timet
432 2793 752 2861 Dominum,
793 2795 852 2848 in
882 2795 1164 2849 mandatis
1202 2797 1324 2865 ejus
1353 2796 1500 2850 volet
1529 2795 1696 2850 nimis

93 2887 264 2955 (Psal.
289 2887 418 2953 cm).
437 2884 706 2948 Quaenam
724 2889 913 2938 autem
929 2901 1042 2956 prae
1062 2885 1276 2939 caeteris
1294 2891 1574 2956 praecepta
1592 2884 1695 2939 tibi

91 2973 370 3029 servanda
396 2973 527 3040 sint,
561 2971 693 3027 audi
740 2991 752 3026 :
795 2973 952 3028 Beati
985 2974 1398 3041 misericordes,
1433 2975 1700 3046 quoniam

94 3065 202 3136 ipsi
231 3063 673 3118 misericordiam
696 3068 1112 3136 consequentur
1132 3066 1309 3128 (Luca:
1338 3067 1433 3133 vI).
1465 3066 1542 3119 Ac
1572 3081 1699 3119 rur-

95 3170 224 3208 sum
249 3171 261 3206 :
290 3153 480 3208 Estote
493 3151 898 3216 misericordes,
915 3153 1060 3208 sicut
1070 3158 1128 3207 et
1137 3154 1307 3208 Pater
1319 3159 1504 3207 vester
1511 3155 1700 3208 coeles-

1774 671 1967 708 verum
1981 670 2106 707 cum
2120 653 2236 724 ipse
2250 660 2603 725 peccatorum
2614 662 2843 739 tuorum
2862 663 3078 719 veniam
3099 666 3370 737 postules,

1773 742 1842 797 iis
1869 743 2040 797 etiam
2064 742 2162 813 qui
2181 742 2241 796 in
2259 749 2314 798 te
2339 750 2570 814 peccant
2591 745 2836 816 ignosce.
2860 750 3198 810 Remissioni
3219 755 3370 812 enim

1771 833 2027 886 remissio
2055 831 2420 903 rependitur;
2451 840 2508 888 et
2529 835 2574 888 si
2604 853 2732 890 cum
2761 841 2973 895 nostris
3002 845 3283 900 conservis
3313 845 3373 902 in

1770 923 2012 991 gratiam
2048 921 2364 988 redeamus,
2409 923 2680 980 Dominus
2722 943 2946 1000 quoque
2976 947 3139 987 suam
3181 933 3239 988 in
3270 951 3372 988 nos

1772 1010 2119 1064 iracundiam
2146 1011 2502 1082 comprimet.
2542 1015 2617 1068 At
2657 1025 2850 1071 contra
2881 1025 3074 1075 nostra
3103 1021 3370 1078 adversus

1773 1117 1868 1154 eos
1898 1099 1991 1171 qui
2021 1099 2233 1170 aliquid
2262 1099 2321 1154 in
2365 1118 2467 1154 nos
2493 1102 2845 1160 admiserunt
2875 1109 3085 1164 saevitia
3112 1110 3217 1165 hoc
3247 1111 3370 1166 effi-

1773 1189 1869 1254 cit,
1889 1195 1951 1243 ut
1974 1187 2212 1260 peccatis
2242 1189 2449 1242 nostris
2478 1191 2634 1245 nulla
2663 1195 2826 1248 venia
2844 1195 3130 1252 tribuatur
3151 1201 3366 1266 (Matth.

1773 1281 1950 1345 mu).
1967 1276 2454 1342 Quemadmodum
2480 1279 2640 1334 audis
2661 1282 2931 1352 quidnam
2952 1285 3032 1339 illi
3065 1287 3160 1358 qui
3179 1287 3372 1344 decem

1774 1366 2114 1420 talentorum
2159 1365 2336 1419 millia
2382 1365 2621 1421 debebat
2659 1371 2943 1438 acciderit,
2977 1389 3180 1446 nempe
3224 1377 3374 1448 quod

1775 1455 1846 1509 ob
1887 1472 2048 1509 suam
2078 1455 2136 1508 in
2185 1471 2514 1510 conservum
2559 1457 2971 1529 crudelitatem,
3013 1463 3159 1518 tanti
3203 1463 3376 1520 debiti

1777 1544 2122 1598 exactionem
2163 1543 2268 1597 sibi
2315 1543 2420 1614 ipsi
2452 1547 2753 1601 renovat-it.
2797 1549 2982 1612 Quare
3033 1568 3374 1626 magnopere

1772 1633 1931 1687 nobis
1961 1632 2367 1704 providendum
2397 1639 2504 1699 est,
2538 1651 2608 1688 ne
2656 1635 2762 1691 hoc
2791 1655 3014 1710 quoque
3055 1641 3217 1697 nobis
3271 1659 3376 1699 usu

1773 1722 2131 1786 veniat.Quin
2163 1717 2348 1792 potius
2385 1721 2638 1778 debitum
2669 1742 2837 1781 omne
2869 1729 3248 1794 remittamus,
3293 1741 3377 1788 at-

1772 1828 1879 1882 que
1909 1828 2132 1866 omnem
2154 1810 2295 1864 iram
2321 1827 2352 1865 e
2373 1817 2597 1882 pectore
2625 1811 2934 1883 ejiciamus,
2961 1823 3025 1872 ut
3052 1819 3214 1874 nobis
3242 1837 3378 1894 quo-

1771 1918 1878 1972 que
1911 1901 2089 1954 multa
2118 1905 2313 1954 nostra
2353 1900 2542 1955 debita
2581 1903 2964 1960 remittantur.
2997 1908 3210 1964 Praeter
3256 1910 3374 1967 haec

1771 1991 1980 2055 omnia,
2003 2007 2067 2042 ac
2097 2007 2210 2059 prae
2231 1988 2490 2044 omnibus
2509 1990 2678 2045 rebus
2707 1991 2918 2048 bonum
2943 1995 3260 2068 depositum
3284 2015 3380 2056 cu-

1772 2079 1934 2144 stodi,
1967 2079 2070 2132 hoc
2099 2084 2184 2131 est
2213 2077 2363 2148 piam
2395 2079 2525 2133 ﬁdei
2557 2079 2890 2146 doctrinam,
2926 2083 2984 2138 in
3017 2102 3130 2157 qua
3153 2086 3376 2143 institu-

1771 2174 1862 2223 tus
1893 2174 1949 2222 et
1987 2167 2238 2221 eruditus
2269 2184 2327 2220 es
2361 2168 2437 2233 (ΙΙ
2461 2169 2684 2235 Tim.1).
2709 2170 2965 2244 Illudque
2992 2191 3143 2240 cave,
3176 2192 3246 2231 ne
3285 2177 3374 2232 ul-

1774 2257 1890 2312 lum
1933 2257 2158 2311 haeresis
2197 2255 2469 2311 zizanium
2501 2257 2560 2312 in
2589 2257 2743 2314 vobis
2774 2269 3072 2318 enascatur
3111 2282 3124 2318 :
3178 2281 3372 2321 verum

1773 2363 1980 2417 purum
2012 2363 2076 2399 ac
2105 2345 2216 2399 (loli
2247 2363 2442 2416 expers
2471 2346 2724 2403 divinum
2753 2366 2947 2406 semen
2994 2369 3278 2423 conserva,
3310 2361 3377 2410 ut

1774 2435 2008 2491 uberem
2038 2441 2206 2506 atque
2237 2436 2482 2507 amplam
2521 2445 2772 2508 segetem
2817 2441 3056 2497 Domino
3084 2443 3366 2510 exhibeas,

1777 2543 1904 2580 cum
1931 2526 1998 2579 ad
2031 2525 2436 2596 exposcendam
2465 2543 2654 2580 rerum
2684 2527 2754 2580 ab
2803 2545 3144 2603 unoquoque
3175 2533 3234 2589 in
3264 2535 3374 2590 vita

1775 2621 2064 2686 gestarum
2117 2615 2414 2681 rationem,
2469 2621 3018 2690 consentaneamque
3061 2622 3376 2680 actionibus

1777 2705 1985 2759 nostris
2023 2704 2337 2758 mercedem
2364 2704 2717 2760 referendam
2753 2708 2958 2763 veniet.
2993 2708 3115 2774 Quo
3143 2712 3370 2783 quidem

1777 2800 2031 2866 tempore
2055 2794 2194 2864 justi
2226 2793 2520 2862 fulgebunt
2549 2795 2695 2849 sicut
2722 2797 2822 2864 sol,
2859 2799 3160 2855 sceleratos
3187 2808 3376 2858 autem

1781 2885 1959 2954 caligo
1988 2901 2052 2938 ac
2075 2883 2416 2954 sempiterna
2435 2884 2745 2954 ignominia
2773 2887 2973 2942 obruet
2991 2891 3208 2958 (Matth.
3231 2891 3378 2963 xm).

1779 2977 1860 3030 Ac
1889 2991 2056 3040 nunc,
2094 2991 2128 3028 ο
2173 2974 2393 3039 fratres,
2438 2974 2553 3028 Deo
2592 2992 2689 3029 vos
2733 2978 3084 3048 commendo,
3117 2986 3174 3036 et
3212 2981 3379 3038 verbo

1779 3064 1975 3134 gratize
2001 3062 2192 3134 ipsius,
2223 3063 2318 3134 qui
2338 3068 2535 3134 potens
2565 3069 2651 3118 est
2677 3067 3146 3137 superaediﬁcare,
3167 3075 3224 3124 et
3244 3070 3380 3126 dare

1780 3151 1936 3206 vobis
1955 3151 2344 3206 haereditatem
2367 3150 2424 3204 in
2444 3152 2805 3206 sanctiﬁcatis
2827 3154 3086 3211 omnibus
3101 3159 3156 3227 (Α
3165 3163 3234 3211 ct.
3266 3167 3376 3228 xx).

95 3242 494 3298 tismisericors
506 3241 896 3296 est.Hocenim
917 3247 1257 3314 praeceptum
1281 3241 1352 3297 ab
1376 3243 1446 3298 iis
1476 3243 1695 3313 potissi-
1715 3248 1758 3307 C
1854 3241 1983 3294 Haec
2009 3256 2136 3294 cum
2167 3239 2419 3306 dixisset,
2453 3240 2646 3310 positis
2669 3241 2904 3311 genibus
2943 3245 3077 3312 suis,
3113 3247 3379 3316 quemad-

93 3332 572 3403 mumexposcitur
583 3329 746 3402 quiin
759 3347 981 3385 summo
993 3331 1228 3402 imperio
1241 3331 1528 3386 constituti
1543 3338 1694 3388 sunt.

163 3423 245 3477 Ac
270 3437 405 3476 sane
439 3421 534 3492 qui
574 3436 840 3490 magnam
869 3421 1180 3492 potentiam
1209 3427 1407 3476 nactus
1436 3426 1540 3486 est,
1567 3438 1696 3476 eum

96 3530 128 3566 ει
145 3528 258 3584 quo
281 3509 606 3580 hujusmodi
630 3509 940 3582 potentiam
970 3509 1184 3580 accepit
1211 3526 1312 3581 pro
1342 3509 1550 3564 viribus
1575 3510 1697 3563 imi-

96 3601 206 3655 tari
237 3599 421 3654 debet.
447 3599 576 3653 Haec
609 3614 774 3670 porro
798 3598 856 3652 in
882 3615 943 3652 re
974 3599 1152 3654 Deum
1184 3599 1425 3653 maxime
1457 3598 1697 3652 imitabi-

99 3698 212 3756 tur,
233 3689 280 3743 si
301 3688 686 3743 misericordia
701 3687 840 3742 nihil
857 3688 1045 3759 potius
1057 3688 1453 3760 antiquiusquc
1471 3687 1692 3742 habent.

99 3779 222 3834 Huc
251 3778 466 3832 accedit
481 3777 628 3849 quod
657 3775 914 3832 subditos
943 3777 1085 3831 nihil
1111 3794 1268 3848 aeque
1283 3777 1352 3832 ad
1374 3777 1699 3832 benevolen-

101 3870 240 3924 tiam
265 3867 459 3932 allicit,
493 3873 558 3923 ut
584 3866 838 3922 beneﬁcii
863 3867 1048 3937 gratia
1086 3866 1382 3938 egentibus
1410 3883 1692 3922 concessa.

103 3959 250 4014 Nam
279 3956 610 4028 obsequium
640 3956 780 4011 illud
810 3955 959 4028 quod
998 3973 1064 4011 ex
1092 3964 1248 4011 metu
1275 3957 1474 4023 oritur,
1504 3957 1698 4011 adum-

103 4047 267 4103 brata
285 4052 369 4102 est
388 4045 656 4112 adulatio,
675 4062 776 4118 per
790 4047 981 4101 ﬁctum
1002 4046 1232 4102 honoris
1261 4046 1586 4101 vocabulum
1606 4063 1700 4100 eos

107 4137 202 4210 qui
222 4136 472 4192 animum
492 4135 599 4207 ipsi
620 4135 916 4206 adjiciunt,
945 4135 1240 4190 ludiﬁcans
1261 4153 1325 4190 ac
1348 4135 1700 4190 circumscri-

108 4225 261 4280 bens.
283 4227 465 4296 Atque
491 4225 538 4279 is
567 4224 663 4296 qui
691 4223 865 4280 invito
895 4225 1083 4280 animo
1111 4231 1289 4292 paret,
1325 4225 1513 4280 oblata
1537 4242 1696 4280 occa-

105 4316 260 4369 sione
305 4313 637 4368 seditionem
668 4314 873 4368 excitat
905 4333 918 4382 ;
950 4313 1046 4386 qui
1080 4319 1270 4368 autem
1299 4313 1697 4370 benevolentize

105 4403 335 4458 vinculis
373 4404 707 4459 constrictus
745 4410 987 4471 tenetur,
1024 4406 1247 4460 ﬁrmam
1289 4405 1341 4460 ei
1381 4407 1477 4477 qui
1506 4423 1695 4462 rerum

1779 3331 2011 3384 modum
2043 3329 2315 3400 scriptum
2346 3334 2446 3394 est,
2473 3346 2600 3384 cum
2631 3330 2891 3402 lacrymis
2919 3350 3144 3389 rursum
3176 3337 3374 3404 oravit,

1780 3426 1948 3490 atque
1971 3435 2269 3473 conversus
2300 3418 2649 3486 Barachiam,
2692 3437 2859 3491 quem
2885 3438 3076 3493 regem
3113 3422 3376 3498 designa-

1779 3515 1887 3575 rat,
1937 3524 2242 3578 omnesque
2295 3523 2390 3560 eos
2437 3507 2532 3578 qui
2593 3509 2928 3580 magistratu
2976 3512 3372 3586 fungebantur,

1781 3598 2130 3653 exosculatus
2159 3601 2261 3651 est.
2293 3596 2434 3650 Tum
2467 3613 2594 3652 vero
2623 3615 2714 3652 res
2741 3598 3004 3671 lacrymis
3033 3619 3168 3658 sane
3207 3603 3379 3677 digna

1781 3687 2031 3758 contigit.
2065 3687 2274 3742 Omnes
2305 3685 2456 3741 enim
2486 3687 2668 3759 ipsum
2689 3688 3119 3747 circumstantes
3139 3695 3272 3761 (non
3293 3711 3378 3751 se-

1781 3793 1878 3832 cus
1910 3793 1972 3830 ac
1999 3775 2045 3830 si
2077 3775 2180 3829 hoc
2227 3775 2502 3830 duntaxat
2547 3777 2814 3845 viverent,
2847 3781 2998 3850 quod
3027 3797 3154 3837 cum
3188 3799 3254 3838 eo
3295 3801 3378 3840 es-

1780 3872 1995 3932 sent,ac
2011 3865 2176 3919 simul
2189 3870 2357 3935 atque
2369 3863 2438 3918 ab
2458 3881 2522 3918 co
2539 3865 3195 3938 disjungerentur,vitam
3211 3873 3379 3930 amis-

1781 3955 1897 4010 suri
1928 3958 2132 4022 essent)
2148 3953 2279 4025 quid
2298 3969 2411 4007 non
2431 3953 2691 4026 dicebant
2719 3957 2865 4027 quod
2895 3958 2965 4012 ad
2995 3959 3252 4017 ciendam
3274 3961 3376 4018 mi-

1783 4045 2146 4101 sericordiam
2183 4043 2527 4114 pertineret?
2555 4049 2654 4098 aut
2684 4044 2818 4116 quid
2845 4047 3241 4120 relinquebant
3264 4067 3376 4124 quo

1783 4152 1977 4190 eorum
2007 4134 2192 4188 luctus
2206 4132 2400 4203 augeri
2437 4133 2863 4205 posset?ipsum
2901 4139 3375 4197 exosculabantur

1781 4229 1840 4278 et
1866 4223 2398 4295 complectebantur,
2430 4222 2746 4294 mentisque
2776 4223 3016 4297 impotes
3037 4245 3154 4300 pra:
3183 4229 3376 4287 dolore

1781 4319 1959 4368 erant.
1996 4313 2088 4368 Vre
2115 4312 2296 4380 nobis,
2330 4311 2663 4378 clamabant,
2691 4331 2859 4384 quam
2879 4316 3036 4386 gravi
3059 4319 3379 4376 calamitate

1780 4403 2172 4476 opprimimur!
2194 4401 2493 4457 Dominum
2512 4419 2638 4456 eum
2652 4403 3377 4478 appellabant,patrem,sa-

105 4492 317 4562 potitur
343 4491 721 4548 obedientiam
750 4500 995 4566 praestat.
1031 4495 1166 4560 Quae
1189 4512 1317 4550 cum
1346 4495 1427 4550 ita
1454 4496 1588 4562 sint,
1625 4496 1698 4551 da
1777 4493 1912 4548 Iutis
1941 4499 2246 4558 auctorem,
2264 4491 2404 4545 bene
2425 4492 2494 4545 de
2523 4507 2582 4545 se
2603 4492 2887 4547 meritum.
2915 4494 3026 4548 Per
3053 4502 3128 4563 te,
3164 4497 3378 4569 inquie-

106 4595 331 4652 operam
350 4588 416 4636 ut
441 4582 734 4653 egentibus
753 4583 930 4638 facilis
959 4583 1031 4638 ad
1053 4589 1110 4638 te
1131 4601 1386 4639 accessus
1404 4585 1494 4652 sit,
1515 4585 1696 4656 iisque
1717 4614 1766 4674 Β
1782 4582 1937 4648 bant,
1981 4581 2081 4636 Dei
2121 4579 2498 4651 cognitionem
2537 4581 2871 4652 accepimus,
2915 4599 3104 4638 errore
3152 4584 3372 4642 liberati

106 4669 200 4740 qui
225 4669 415 4743 inopia
455 4671 869 4740 conflictantur,
909 4689 1075 4728 aures
1111 4679 1224 4727 tuae
1255 4678 1502 4745 pateant,
1536 4679 1600 4727 ut
1633 4678 1695 4727 tu
1717 4668 1758 4674 ’
1783 4687 1996 4736 sumus,
2024 4668 2094 4724 ab
2121 4668 2380 4724 omnibus
2408 4669 2572 4724 malis
2611 4671 3052 4743 conquievimus.
3084 4674 3229 4739 Quid
3253 4678 3375 4748 jam

108 4775 326 4830 quoque
355 4765 578 4834 apertas
596 4761 696 4816 Dei
716 4779 882 4817 aures
897 4762 1172 4817 invenias.
1203 4763 1348 4816 Nam
1371 4763 1563 4834 quales
1595 4779 1696 4817 nos
1782 4759 1941 4815 nobis
1966 4765 2092 4830 post
2119 4758 2427 4812 discessum
2467 4763 2627 4812 tuum
2657 4760 2910 4816 futurum
2937 4769 3024 4817 est
3051 4763 3075 4818 Τ
3103 4764 3376 4830 Quamam

107 4847 252 4920 ipsos
278 4850 556 4906 conservis
586 4850 1008 4922 praebuerimus,
1040 4853 1213 4907 talem
1233 4852 1406 4907 etiam
1435 4868 1572 4924 erga
1595 4868 1697 4906 nos
1731 4915 1736 4918 I
1781 4849 1930 4904 mala
1957 4865 2059 4902 nos
2087 4846 2396 4918 arripient?
2427 4837 2557 4901 Haec
2585 4865 2713 4903 cum
2743 4850 3010 4919 dicerent,
3044 4860 3271 4926 pectora
3293 4855 3376 4912 fe-

109 4936 403 4993 Dominum
428 4939 833 5010 nanciscemur,
863 4948 920 4997 et
948 4941 1420 5014 quemadmodum
1448 4940 1696 4996 audieri-

109 5043 249 5095 mus,
281 5028 598 5097 audiemur,
617 5036 674 5085 et
701 5031 1173 5103 quemadmodum
1201 5031 1526 5097 viderimus,
1555 5047 1590 5085 a
1617 5029 1697 5084 di-

109 5117 230 5172 vino
251 5123 306 5172 et
325 5118 580 5174 omnium
600 5137 791 5176 rerum
809 5127 1168 5192 conspectore
1185 5121 1344 5176 oculo
1364 5120 1694 5176 videbimur.

111 5205 479 5270 Quamobrem
500 5215 630 5264 ante
647 5211 1092 5266 misericordiam
1112 5211 1556 5266 misericordiam
1574 5227 1699 5265 con-

1777 4939 2017 5004 riebant,
2051 4952 2288 5008 eamque
2316 4952 2438 5008 quze
2469 4953 2562 4990 eos
2583 4937 2863 4994 invaserat
2884 4941 3262 5000 calamitatem
3285 4946 3378 5002 de-

1779 5027 2092 5101 plorabant.
2125 5027 2199 5080 At
2243 5025 2336 5080 ille
2375 5025 2747 5081 consolatoria
2793 5030 3047 5087 oratione
3087 5033 3374 5104 ingentem

1781 5135 1976 5174 eorum
1997 5116 2270 5188 ejulatum
2301 5114 2697 5186 comprimens,
2733 5116 2870 5171 illud
2899 5120 3286 5191 pollicebatur,
3317 5141 3376 5179 se

1779 5207 2071 5281 (quoniam
2089 5221 2321 5277 corpore
2342 5205 2464 5275 jam
2492 5220 2601 5258 non
2635 5211 2871 5276 poterat)
2893 5208 3093 5278 spiritu
3110 5227 3238 5266 cum
3270 5211 3381 5268 illis

111 5294 366 5364 feramus.
401 5302 464 5351 ut
485 5298 672 5353 simile
699 5316 802 5371 per
825 5300 1008 5355 simile
1035 5300 1392 5372 recipiamus.
1783 5298 1920 5353 fore.
1953 5297 2070 5352 Hoc
2118 5311 2376 5350 sermone
2407 5292 2616 5358 habito,
2653 5295 3032 5364 spectantibus
3061 5298 3320 5356 omnibus
3349 5319 3381 5356 e

173 5385 322 5450 Quin
350 5387 523 5442 etiam
561 5387 713 5443 aliud
741 5406 964 5462 quoque
1002 5397 1342 5462 praeceptum
1373 5406 1503 5444 cum
1533 5405 1701 5461 supe-
1785 5387 1994 5460 palatio
2025 5385 2276 5453 excedit;
2307 5401 2370 5439 ac
2399 5382 2591 5437 statim
2622 5399 2814 5437 omnes
2858 5383 3154 5457 desperato
3192 5389 3378 5446 reditu

113 5473 250 5530 riore
278 5475 386 5530 isto
417 5478 800 5548 conjunctum,
832 5479 1052 5551 ipsique
1072 5485 1374 5550 cognatum
1406 5479 1537 5534 audi
1571 5497 1582 5530 :
1613 5479 1705 5533 Di-
1786 5495 1916 5533 eum
1943 5476 2339 5548 sequebantur,
2365 5479 2532 5544 atque
2561 5489 2627 5526 ex
2647 5471 2808 5539 urbe,
2831 5479 2895 5527 ut
2920 5491 3088 5544 quam
3111 5478 3232 5548 jam
3255 5495 3385 5536 con-

115 5563 330 5628 mittite,
352 5571 406 5619 et
437 5566 756 5622 dimittetur
779 5567 954 5622 vobis.
979 5569 1138 5633 Quod
1165 5569 1210 5624 si
1242 5585 1355 5624 non
1376 5567 1706 5623 remiseritis
1789 5568 2002 5639 spicere
2033 5567 2263 5622 minime
2295 5567 2538 5636 possent,
2572 5561 2984 5633 profugiebant.
3009 5565 3382 5640 Posteaquam

118 5649 426 5709 hominibus
453 5655 656 5711 delicta
684 5657 953 5730 ipsorum,
996 5675 1099 5714 nec
1139 5659 1306 5714 Pater
1337 5667 1520 5714 vester
1549 5658 1709 5713 ccele-
1789 5663 1981 5712 autem
2003 5673 2034 5710 e
2055 5656 2280 5711 civitate
2298 5651 2511 5724 egressi
2533 5650 2776 5717 sunt,vix
2795 5651 3020 5708 tandem
3044 5661 3214 5727 atque
3237 5674 3384 5729 aegre

119 5739 209 5794 stis
238 5750 465 5815 peccata
494 5752 680 5802 vestra
701 5746 854 5803 vobis
886 5749 1156 5803 remittet.
1177 5748 1262 5804 Ob
1281 5748 1450 5820 idque
1470 5765 1540 5803 ne
1574 5747 1642 5802 iis
1675 5764 1707 5802 a
1792 5746 1980 5802 acrius
2009 5763 2104 5801 eos
2134 5745 2252 5816 ipso
2282 5743 2640 5809 admonente,
2659 5747 2828 5814 atque
2851 5739 3022 5801 etiam
3044 5744 3385 5818 asperiorem
