3868 6402
537 474 601 526 50
617 474 630 530 l

1546 468 1637 522 DE
1679 468 1863 522 VITIS
1903 465 2196 520 I‘ATRUM
2235 464 2448 519 LIBER
2488 465 2776 521 PRIMUS.

3687 476 3771 535 592

534 599 814 652 interdum
838 594 1286 664 objurgationem
1310 593 1670 663 adjungcnte,
1696 591 1766 644 ab
1785 608 1850 644 eo
1871 591 2120 644 distracti
2141 591 2191 648 A
2209 589 2497 652 contortis,
2518 590 2572 642 in
2601 591 2858 644 intimam
2881 589 3234 645 solitudinem
3266 609 3325 644 se.
3347 594 3681 660 contulisset,
3708 607 3774 652 at.

528 692 676 753 sunt,
709 690 879 756 atque
907 684 1066 738 inviti
1098 681 1534 746 revertebantur,
1579 681 1882 735 identidem
1934 681 2122 734 oculos

531 777 898 840 reﬂectentes,
913 777 1040 840 33
1055 777 1092 838 ι
1116 789 1180 826 ac
1199 771 1431 844 pedibus
1453 771 1601 826 inter
1629 770 2029 825 ambulandum
2049 769 2125 823 of-

525 865 835 920 fendentes.
857 861 1124 918 Nonnulli
1142 867 1332 916 autem
1350 878 1414 914 ex
1450 860 1518 914 iis
1539 860 1636 931 qui
1663 859 1986 914 ferventiori
2005 859 2124 912 ani-

529 970 618 1008 mo
644 951 865 1024 praediti
885 955 1062 1012 erant.
1079 950 1335 1020 lugentes
1357 949 1577 1002 eminus
1601 948 1784 1019 ipsum
1815 946 2123 1018 sequeban-

525 1047 636 1108 tur,
671 1041 1036 1112 quoadusque
1065 1057 1170 1094 nox
1215 1038 1412 1094 obmta
1439 1055 1534 1092 eos
1563 1038 1713 1091 inter
1743 1054 1801 1090 se
1829 1036 2116 1106 disjunxit.

595 1131 726 1186 CAP.
757 1131 1030 1185 XXXVII.
1052 1159 1115 1170 —-
1135 1129 1452 1182 Generosus
1474 1127 1650 1196 igitur
1680 1125 1772 1179 ille
1795 1125 1876 1178 vir
1900 1142 1964 1178 ex
1993 1126 2122 1178 aula

524 1236 781 1288 egressus
825 1224 927 1282 est,
962 1217 1192 1288 perinde
1235 1216 1394 1270 laetus
1433 1221 1602 1286 atque
1634 1213 1852 1278 alacris,
1887 1219 1948 1267 ut
1993 1231 2120 1266 cum

523 1307 802 1378 quispiam
827 1323 858 1360 e
886 1305 1192 1376 longinquo
1216 1322 1280 1358 ac
1303 1305 1570 1358 diuturno
1593 1303 1784 1357 exsilio
1804 1303 1859 1356 in
1879 1303 2118 1372 patriam

521 1412 582 1450 se
603 1395 791 1450 refert.
815 1397 998 1466 Atque
1021 1401 1248 1448 externe
1270 1393 1495 1464 quidem
1521 1410 1615 1447 eas
1645 1391 1845 1463 quibus
1871 1391 1954 1446 uti
1982 1392 2121 1446 sole-

520 1482 636 1551 bat,
655 1489 834 1538 vestes
845 1483 1095 1554 gerebat.
1117 1482 1336 1537 interne
1352 1488 1541 1536 autem
1557 1481 1798 1536 cilicium
1818 1480 1952 1534 illud
1973 1480 2120 1551 quod

521 1571 782 1626 Barlaam
795 1572 901 1644 ipsi
923 1573 1068 1626 dono
1089 1571 1339 1625 dederat.
1356 1571 1531 1625 Porro
1550 1576 1710 1624 nocte
1727 1569 1819 1623 illa
1837 1569 1894 1624 in
1918 1586 2122 1640 paupe-

520 1661 598 1715 ris
609 1661 898 1731 cujusdam
914 1661 1015 1714 viri
1027 1660 1422 1714 domunculam
1440 1677 1498 1714 se
1511 1659 2008 1723 conferens,vestes
2023 1676 2118 1712 eas

520 1750 724 1821 quibus
741 1750 967 1804 indutus
987 1755 1110 1804 erat
1138 1749 1350 1820 abjicit,
1375 1755 1835 1820 postremumque
1862 1748 2000 1801 illud
2023 1747 2120 1800 be-

519 1839 781 1894 neficium
799 1838 988 1908 egenti
1000 1837 1480 1908 tribuit.Cumque
1495 1837 1564 1890 ad
1587 1837 1736 1890 hunc
1753 1837 1982 1890 modum
1999 1841 2118 1890 tum

517 1927 666 1981 illius
683 1932 806 1982 tum
821 1927 1127 1981 multorum
1140 1925 1380 1980 aliorum
1404 1943 1719 1997 pauperum
1744 1925 2001 1996 precibus
2018 1925 2118 1979 Dei

517 2033 682 2088 opem
701 2022 870 2088 atque
899 2016 1168 2070 auxilium
1197 2015 1304 2070 sibi
1334 2015 1648 2080 accivisset,
1673 2016 1910 2085 ejusque
1936 2015 2121 2084 gratia

515 2112 572 2159 et
599 2105 856 2176 praesidio
885 2112 1156 2176 tanquam
1194 2105 1393 2159 salutis
1439 2105 1774 2158 vestimento
1809 2121 1876 2157 ac
1914 2105 2120 2158 laetitia:

513 2195 682 2266 pallio
709 2211 831 2250 sese
857 2194 1148 2261 induisset,
1187 2195 1257 2248 ad
1295 2193 1606 2249 solitariam
1647 2195 1818 2248 vitam
1860 2193 2114 2259 excessit,

514 2299 624 2338 non
644 2300 866 2355 panem,
890 2301 1000 2338 non
1031 2300 1254 2355 aquam,
1284 2300 1395 2337 non
1427 2282 1737 2354 quidquam
1771 2282 1924 2336 aliud
1955 2299 2019 2335 ex
2046 2281 2116 2335 iis

511 2389 636 2444 quae
664 2373 734 2427 ad
764 2373 973 2428 victum
1005 2372 1322 2428 necessaria
1349 2377 1481 2426 sunt
1521 2389 1711 2426 secum
1744 2371 1946 2437 ferens,
1981 2371 2110 2425 nul-

511 2463 738 2534 lumque
759 2462 912 2517 aliud
940 2462 1333 2517 indumentum
1361 2478 1584 2531 gerens,
1618 2466 1822 2532 printer
1846 2477 2113 2531 asperum

513 2551 652 2604 illud
675 2551 936 2616 cilicium,
979 2551 1048 2604 de
1079 2568 1190 2622 quo
1234 2551 1402 2622 paulo
1449 2557 1580 2604 ante
1609 2551 1951 2604 mentionem
1985 2549 2110 2604 feci.

516 2638 738 2692 Etenim
749 2638 1022 2709 singulari
1043 2639 1287 2710 quodam
1298 2639 1488 2693 deside
1495 2639 1666 2704 rio,ac
1684 2638 1871 2692 divino
1887 2639 1962 2692 im
1971 2655 2115 2692 mor-

513 2727 644 2782 talis
672 2727 822 2798 regis
853 2728 1062 2782 Christi
1093 2745 1284 2783 amore
1313 2727 1554 2792 saucius,
1599 2734 1718 2781 toto
1749 2727 1937 2781 animo
1969 2727 2026 2781 in
2055 2728 2112 2782 id

514 2815 665 2887 quod
691 2815 921 2872 amabat
947 2816 1322 2883 incumbebat,
1349 2821 1502 2871 totus
1531 2822 1688 2871 extra
1713 2833 1772 2870 se
1802 2823 2018 2887 raptus,
2047 2833 2112 2870 ac

513 2904 779 2960 divinitus
797 2905 1148 2972 immutatus,
1165 2906 1378 2976 Deique
1394 2905 1665 2960 charitatc
1688 2905 1841 2959 omni
1864 2923 1928 2959 ex
1951 2911 2112 2976 parte

513 3000 822 3066 correptus.
865 2995 1048 3073 Fortis
1077 2995 1246 3061 enim,
1280 2994 1464 3066 inquit
1494 2994 1606 3061 ille,
1639 2995 1786 3048 sicut
1829 3011 1980 3049 mors
2023 2995 2110 3049 di-

513 3083 676 3138 lectio
705 3083 880 3152 (Oant.
913 3086 1051 3153 vm).
1081 3085 1319 3138 Tantam
1351 3083 1609 3138 videlicet
1650 3083 1768 3156 ipse
1811 3100 1882 3137 ex
1923 3083 2112 3138 divino

511 3188 701 3227 amore
720 3173 1114 3228 temulentiam
1129 3178 1504 3232 contraxerat.
1517 3177 1788 3244 tantaque
1809 3172 1901 3227 siti
1916 3179 2114 3228 aestua-

511 3261 626 3329 bat,
643 3261 824 3317 instar
840 3261 1212 3317 scilicetillius
1234 3261 1331 3334 qui
1351 3261 1572 3316 dicebat
1591 3277 1604 3315 :
1623 3261 2108 3326 Quemadmodum
2125 3308 2166 3334 η

509 3351 794 3407 desiderat
826 3368 1021 3406 cervus
1050 3351 1123 3406 ad
1165 3350 1348 3406 fontes
1377 3368 1672 3422 aquarum,
1707 3351 1788 3405 ita
1827 3351 2112 3405 desiderat

512 3441 704 3496 anima
731 3458 856 3496 mea
880 3441 952 3496 ad
979 3445 1037 3495 te
1065 3441 1234 3495 Deus.
1258 3439 1445 3495 Sitivit
1465 3440 1653 3494 anima
1679 3456 1808 3494 mea
1835 3440 1905 3494 ad
1930 3441 2109 3494 Deum

511 3529 726 3584 fontem
747 3529 930 3584 vivum
966 3532 1128 3596 (Psal.
1150 3533 1286 3599 xu).
1320 3530 1390 3584 Et
1418 3529 1891 3600 quemadmodum
1921 3528 2112 3584 anima

511 3620 628 3687 illa,
671 3635 794 3692 quae
826 3618 1150 3690 hujusmodi
1203 3618 1477 3672 charitatc
1535 3619 1830 3672 vulnerata
1879 3625 2002 3672 erat
2049 3618 2109 3673 in

512 3709 742 3764 Cantica
769 3707 1116 3763 canticorum
1130 3707 1234 3762 ait:
1253 3707 1561 3763 Vulnerata
1580 3707 1854 3762 charitatc
1865 3723 1968 3778 ego
1985 3723 2111 3763 sum

517 3799 698 3864 (Cant.
732 3800 810 3870 ιι).
837 3800 918 3854 Ac
947 3813 1175 3853 rursum
1207 3814 1219 3850 :
1257 3796 1502 3853 Ostende
1531 3797 1671 3852 mihi
1698 3796 1896 3852 faciem
1927 3801 2103 3862 tuam,

512 3893 570 3944 et
595 3888 681 3944 fac
710 3904 802 3943 me
829 3887 1025 3943 audire
1045 3903 1237 3943 vocem
1257 3892 1444 3955 tuam;
1466 3903 1570 3942 vox
1591 3888 1744 3942 enim
1769 3892 1870 3942 tua
1897 3886 2101 3954 dulcis,

513 3983 571 4032 et
599 3977 768 4032 facies
788 3982 888 4032 tua
915 3977 1138 4032 decem.

584 4066 832 4137 Hujusce
861 4067 1014 4121 omni
1037 4083 1295 4122 sermone
1315 4067 1722 4140 praestantioris
1745 4065 2114 4138 pulchritudi-

515 4154 604 4208 nis
633 4153 841 4208 Christi
870 4154 1166 4222 desiderio,
1183 4160 1457 4226 tanquam
1485 4155 1614 4226 igne
1645 4155 1889 4226 quodam
1913 4155 1973 4209 in
2010 4171 2110 4226 pe-

512 4248 666 4298 ctore
685 4248 932 4314 accepto,
953 4244 1335 4315 apostolorum
1354 4245 1576 4311 chorus,
1601 4260 1663 4298 ac
1682 4248 1998 4316 martyrum
2018 4260 2112 4315 ag-

516 4332 688 4399 mina,
719 4332 908 4386 omnia
935 4349 1004 4387 ea
1041 4349 1165 4405 quae
1197 4333 1372 4388 oculis
1413 4338 1724 4388 cernuntur
1752 4339 2110 4406 contempse-

515 4428 668 4490 runt,
699 4429 870 4494 atque
894 4423 1045 4478 omni
1076 4423 1208 4478 huic
1245 4423 1409 4478 ﬂuxae
1439 4428 1498 4478 et
1532 4423 1756 4478 caducae
1785 4423 1910 4478 vitae
1941 4423 2111 4478 innu-

514 4529 672 4568 mera
698 4517 1109 4568 tormentorum
1153 4519 1210 4568 et
1244 4513 1442 4568 mortis
1476 4529 1686 4584 genera
1713 4513 2105 4586 praetulerunt,

2141 1987 2188 2047 B

2207 696 2314 750 que
2358 679 2694 734 caducarum
2724 697 2914 734 rerum
2943 680 3345 748 confusionem,
3376 690 3641 756 tanquam
3673 704 3774 741 mo-

2207 768 2570 822 lestissimam
2597 769 2897 839 quamdam
2928 769 3207 825 sarcinam
3237 777 3296 826 et
3321 779 3574 828 catenam
3603 792 3772 830 excus-

2207 856 2388 922 sisset,
2421 857 2622 928 spiritu
2651 858 2963 924 laetabatur,
2995 860 3374 930 conjectisque
3403 862 3460 917 in
3492 864 3770 932 Christum,

2204 947 2364 1015 cujus
2393 946 2670 1001 desiderio
2695 946 2947 1014 ardebat,
2997 949 3204 1016 oculis;
3237 951 3308 1004 ad
3350 967 3498 1015 eum,
3532 959 3770 1023 tanquam

2203 1036 2274 1089 ad
2298 1042 2630 1107 praesentem
2652 1042 2821 1107 atque
2844 1037 3019 1108 ipsius
3038 1055 3226 1092 vocem
3248 1039 3571 1095 audientem
3589 1043 3770 1096 clama-

2205 1124 2316 1191 bat,
2340 1142 2579 1197 eumque
2597 1125 3007 1196 alloquebatur,
3025 1127 3109 1180 his
3127 1127 3382 1182 videlicet
3397 1129 3578 1183 verbis
3599 1137 3742 1186 utens
3760 1153 3768 1183 :

2203 1212 2286 1265 Ne
2305 1213 2424 1282 jam
2447 1229 2653 1283 quaeso,
2677 1230 2710 1266 o
2732 1213 2986 1278 Domine,
3017 1215 3208 1268 oculus
3231 1232 3389 1269 meus
3421 1217 3647 1284 hujusce
3671 1219 3769 1272 vita:

2204 1300 2350 1354 bona
2376 1301 2590 1369 videat;
2615 1318 2716 1356 nec
2749 1319 2994 1373 praesens
3025 1303 3240 1357 vanitas
3271 1311 3522 1360 mentem
3555 1324 3721 1361 meam
3745 1325 3771 1361 a

2203 1396 2460 1462 suscepto
2483 1390 2684 1445 itinere
2716 1391 3008 1446 abstrahat
3031 1411 3042 1456 ;
3064 1410 3276 1456 verum,
3295 1395 3534 1450 Domine
3555 1397 3647 1462 mi,
3669 1415 3773 1451 ocu.

2201 1480 2286 1534 los
2316 1496 2470 1533 meos
2512 1479 2898 1551 spiritualibus
2936 1481 3198 1552 lacrymis
3240 1483 3428 1554 imple,
3463 1502 3774 1556 gressusque

2206 1585 2360 1622 meos
2377 1568 2574 1639 dirige,
2598 1569 2985 1641 famulumque
3015 1576 3175 1625 tuum
3196 1573 3454 1628 Barlaam
3485 1575 3620 1629 mihi
3645 1591 3773 1629 com-

2207 1665 2478 1713 monstra.
2511 1659 2668 1726 Mihi,
2695 1659 2944 1730 inquam,
2978 1677 3106 1715 eum
3137 1679 3238 1732 per
3277 1679 3442 1733 quem
3485 1664 3620 1718 mihi
3649 1665 3775 1718 salus

2202 1753 2365 1818 parta
2410 1754 2496 1802 est
2525 1749 2774 1815 ostende,
2808 1755 2871 1803 ut
2918 1749 3184 1804 solitariae
3219 1768 3282 1805 ac
3323 1753 3644 1806 monasticm
3670 1754 3773 1806 vita

2203 1836 2582 1892 sinceritatem
2607 1855 2708 1911 per
2725 1839 2908 1910 ipsum
2937 1839 3243 1902 addiscam,
3262 1857 3325 1894 ac
3343 1858 3456 1896 non
3482 1841 3552 1896 ob
3581 1843 3776 1897 hostilis

2203 1925 2332 1980 belli
2361 1927 2702 1998 imperitiam
2733 1928 2790 1982 in
2815 1927 3073 1983 fraudem
3108 1929 3360 1984 inducar.
3393 1931 3478 1985 Da
3513 1931 3662 1997 mihi,
3683 1932 3774 1986 Do-

2205 2015 2372 2079 mine,
2406 2016 2551 2070 viam
2583 2034 2768 2071 meam
2798 2018 3060 2082 nancisci,
3091 2036 3192 2090 per
3216 2036 3383 2090 quam
3413 2027 3471 2074 te
3502 2021 3772 2092 adipiscar.

2203 2105 2468 2175 quoniam
2498 2107 2690 2160 anima
2720 2123 2844 2161 mea
2863 2108 2947 2161 tui
2974 2107 3250 2162 desiderio
3280 2109 3470 2163 saucia
3501 2117 3604 2172 est,
3633 2117 3775 2180 teque

2203 2193 2399 2247 salutis
2431 2194 2639 2248 fontem
2672 2195 2937 2249 ardenter
2968 2195 3106 2252 sitit.

2275 2283 2401 2336 Haec
2431 2300 2622 2338 secum
2643 2291 2913 2355 perpetuo
2939 2285 3206 2351 volvebat,
3227 2291 3394 2356 atque
3415 2287 3488 2341 ad
3513 2288 3680 2342 Deum
3706 2287 3774 2340 lo-

2198 2371 2495 2441 quebatur,
2523 2390 2624 2444 per
2641 2373 2951 2428 orationem
2977 2392 3042 2428 ac
3068 2374 3529 2430 sublimissimam
3557 2382 3774 2430 contem-

2199 2461 2502 2532 plationem
2533 2462 2638 2533 ipsi
2671 2479 2792 2518 sese
2823 2465 3190 2534 conjungens.
3215 2466 3397 2534 Atque
3427 2465 3510 2520 ita
3539 2473 3774 2520 contento

2195 2565 2392 2618 gressu
2422 2555 2666 2621 coeptum
2696 2551 2805 2605 iter
2830 2551 3258 2622 exsequebatur,
3283 2553 3353 2606 ad
3376 2553 3562 2608 locum
3589 2569 3710 2608 eum
3730 2554 3773 2606 in

2198 2655 2308 2707 quo
2338 2639 2596 2694 Barlaam
2623 2639 2863 2710 degebat
2884 2641 3172 2712 pervenire
3200 2643 3566 2697 contendens.
3601 2643 3776 2696 Herbis

2197 2739 2364 2793 porro
2393 2723 2462 2777 iis
2483 2741 2606 2795 quae
2631 2724 2690 2778 in
2711 2725 2932 2779 deserto
2957 2725 3271 2780 existebant
3293 2725 3570 2782 alebatur.
3605 2728 3773 2798 Neque

2197 2812 2366 2876 enim,
2399 2817 2459 2867 ut
2485 2814 2605 2884 jam
2629 2830 2662 2868 a
2685 2830 2775 2867 me
2803 2821 3302 2870 commemoratum
3330 2823 3432 2881 est,
3452 2823 3654 2888 praeter
3675 2832 3774 2870 cor-

2195 2917 2301 2971 pus
2333 2918 2397 2956 ac
2425 2919 2640 2974 pannos
2667 2902 2793 2957 illos
2822 2903 3024 2975 quibus
3054 2903 3284 2960 indutus
3311 2911 3452 2970 erat,
3491 2906 3771 2977 quidquam

2195 2989 2350 3044 aliud
2379 3007 2572 3045 secum
2592 2991 2824 3048 ferebat.

2269 3081 2547 3135 Craterum
2559 3097 2685 3136 cum
2697 3081 2963 3152 exiguum
2981 3100 3046 3138 ac
3057 3084 3266 3138 nullius
3279 3084 3513 3138 omnino
3528 3083 3772 3138 momenti

2194 3169 2400 3224 victum
2429 3186 2496 3224 ex
2521 3170 2707 3224 herbis
2733 3171 2838 3226 sibi
2859 3179 3101 3244 pararet,
3132 3189 3290 3244 aqua:
3311 3175 3552 3245 penuria
3571 3189 3772 3246 prorsus

2201 3257 2507 3321 laborabat,
2542 3260 2690 3330 quod
2721 3259 2976 3316 videlicet
3003 3261 3247 3317 solitudo
3277 3263 3375 3316 illa
3406 3279 3571 3334 aqua:
3601 3278 3772 3334 expers

2195 3355 2359 3402 esset.
2393 3349 2534 3402 Cum
2564 3347 2738 3419 igitur
2767 3350 2882 3404 sole
2898 3351 3019 3420 jam
3040 3349 3144 3405 sub
3165 3351 3457 3406 meridiem
3490 3352 3772 3407 vehemen-

2193 3441 2280 3490 ter
2306 3436 2537 3492 ardente
2566 3437 2676 3492 iter
2699 3437 2930 3506 faceret,
2964 3439 3351 3494 vehementius
3393 3439 3464 3494 ob
3491 3447 3686 3496 aestum
3724 3439 3771 3492 in

2193 3525 2353 3579 arida
2379 3526 2607 3596 regione
2645 3527 2737 3582 siti
2777 3527 3070 3598 ﬂagrabat.
3103 3535 3271 3600 atque
3299 3535 3556 3584 extrema
3581 3535 3636 3584 et
3657 3544 3771 3600 gra-

2192 3615 2420 3669 vissima
2448 3632 2698 3672 aerumna
2715 3617 3038 3672 vexabatur.
3074 3618 3283 3672 Verum
3311 3619 3596 3691 cupiditas
3622 3623 3770 3672 natu-

2193 3721 2314 3759 ram
2359 3704 2632 3770 vincebat,
2667 3723 2732 3761 ac
2770 3706 2893 3762 sitis
2931 3724 2999 3762 ea
3049 3707 3236 3762 divina
3283 3724 3395 3780 qua
3444 3707 3772 3764 afﬁciebatur

2191 3793 2312 3848 sitis
2341 3810 2499 3866 aqua;
2530 3796 2816 3851 ﬂammam
2851 3795 3160 3852 minuebat.

2260 3885 2474 3939 Atvero
2494 3884 2588 3940 ille
2616 3884 2747 3940 boni
2778 3885 3038 3941 inimicus
3059 3891 3116 3942 et
3139 3886 3359 3942 invidus
3383 3887 3661 3954 diabolus,
3681 3887 3770 3941 hu-

2189 3975 2437 4046 jusmodi
2455 3974 2630 4030 animi
2643 3975 2962 4030 institutum
2975 3980 3145 4047 atque
3159 3992 3337 4048 usque
3349 3977 3493 4032 adeo
3503 3978 3772 4032 ardentem

2197 4065 2372 4137 ipsius
2419 4081 2553 4136 erga
2581 4065 2762 4119 Deum
2791 4064 3126 4120 charitatem
3163 4065 3558 4136 indignissimo
3603 4067 3770 4121 animo

2193 4154 2558 4226 perspiciens,
2603 4153 2812 4208 multas
2855 4153 2960 4226 ipsi
3002 4155 3060 4208 in
3107 4155 3410 4210 solitudine
3449 4157 3771 4211 tentationes

2193 4243 2488 4312 excitabat,
2513 4243 2680 4314 regia:
2708 4243 2977 4298 nimirum
3001 4243 3176 4315 ipsius
3197 4244 3390 4315 gloriae
3409 4243 3772 4316 splendidissi-

2191 4350 2409 4406 maeque
2436 4337 2625 4400 θιη
2654 4333 2963 4388 satellitum
3011 4350 3228 4400 manus,
3271 4351 3382 4406 qua
3427 4335 3607 4406 ipsius
3641 4334 3772 4388 latus

2191 4423 2340 4495 cingi
2355 4421 2588 4490 solebat,
2611 4427 2780 4494 atque
2795 4423 3106 4478 amicorum
3121 4423 3258 4478 item
3277 4428 3334 4478 et
3345 4425 3647 4495 aequalium
3672 4439 3770 4477 me-

2193 4513 2430 4569 moriam
2451 4513 2557 4584 ipsi
2576 4512 2842 4567 refricans
2865 4531 2878 4581 ;
2896 4512 3146 4584 illudque
3162 4512 3296 4568 item
3317 4513 3424 4586 ipsi
3449 4514 3522 4569 ob
3537 4514 3768 4570 animum

512 4602 714 4658 divinae
728 4603 1162 4676 pulchritudinis
1181 4619 1375 4658 amore
1397 4603 2108 4674 ﬂagrantes,atqueingen-
2129 4630 2176 4689 Β
2193 4619 2528 4676 proponens,
2572 4601 2825 4657 omnium
2863 4601 3080 4657 animas
3129 4619 3195 4658 ex
3223 4603 3397 4675 ipsius
3427 4605 3622 4659 anima
3646 4619 3768 4675 pen-

513 4699 628 4746 tem
650 4692 751 4748 Dei
775 4691 944 4746 Verbi
964 4709 1098 4765 erga
1115 4711 1219 4748 nos
1238 4709 1490 4748 amorem
1509 4710 1637 4748 cum
1663 4693 1866 4748 animis
1887 4693 2004 4747 suis
2027 4709 2111 4747 re-

515 4786 796 4852 putantes.
821 4782 983 4836 Hunc
1001 4782 1190 4853 ignem
1218 4799 1347 4838 cum
1372 4783 1674 4855 praeclarus
1695 4783 1886 4847 etiam,
1907 4799 1972 4837 ac
1992 4798 2110 4837 cor-

513 4885 650 4940 pore
671 4869 898 4942 quidem
917 4870 1138 4939 nobilis,
1154 4877 1418 4927 caeterum
1433 4872 1598 4942 longe
1617 4871 1890 4926 nobiliore
1909 4888 1974 4926 ac
1995 4888 2110 4926 ma-

511 4957 600 5030 gis
632 4959 788 5030 regio
817 4959 1004 5014 animo
1043 4960 1310 5032 praeditus
1339 4961 1423 5015 vir
1467 4961 1524 5016 in
1569 4961 1753 5032 seipso
1783 4961 2104 5032 accepisset,

513 5055 741 5102 terrena
768 5048 958 5102 omnia
984 5065 1211 5120 prorsus
1238 5054 1591 5121 aspernatur,
1625 5066 1820 5105 omnes
1861 5049 2110 5122 corporis

513 5137 826 5209 voluptates
846 5137 1150 5209 proculcat,
1168 5154 1300 5209 Opes
1317 5144 1374 5192 et
1388 5139 1625 5209 gloriam
1648 5144 1816 5210 atque
1832 5139 2110 5193 humanos

511 5227 752 5282 honores
773 5243 874 5298 pro
896 5227 1071 5282 nihilo
1092 5227 1264 5295 ducit,
1283 5227 1544 5284 diadema
1563 5234 1619 5282 et
1638 5244 1946 5298 purpuram
1963 5227 2107 5298 abji-

511 5315 607 5383 cit,
641 5331 978 5370 aranearum
997 5315 1126 5370 telis
1151 5315 1351 5370 viliora
1381 5332 1448 5370 ea
1467 5315 1814 5380 existimans,
1840 5324 2010 5388 atque
2039 5317 2110 5372 ad

512 5405 703 5460 omnia
723 5405 866 5460 dura
894 5410 952 5460 et
977 5404 1179 5460 acerba
1205 5405 1528 5460 monasticae
1555 5405 1680 5458 vitae
1709 5405 1896 5460 studia
1924 5422 2109 5477 prom-

512 5500 608 5564 pto
645 5493 834 5550 animo
871 5511 992 5550 sese
1039 5494 1232 5562 tradit,
1263 5493 1402 5548 illud
1441 5493 1752 5548 Psalmistae
1797 5495 2046 5550 clamans
2089 5514 2104 5552 :

512 5581 761 5636 Adhresit
799 5582 989 5637 anima
1035 5599 1164 5637 mea
1209 5587 1337 5654 post
1382 5587 1459 5649 te,
1493 5599 1526 5637 ο
1566 5581 1805 5650 Christe,
1837 5584 2108 5656 suscipiat

513 5685 603 5724 me
631 5670 861 5726 dextera
879 5677 980 5726 tua
1011 5673 1178 5743 (Psal.
1210 5674 1366 5740 an).

583 5759 834 5830 Cumque
861 5760 932 5815 ad
961 5760 1112 5815 hunc
1140 5761 1390 5822 modum.
1420 5761 1594 5816 oculis
1622 5777 1658 5816 a
1685 5767 1842 5832 tergo
1871 5764 2104 5821 minime.

2191 4693 2344 4759 dere,
2373 4709 2437 4746 ac
2457 4691 2702 4763 reliquas
2722 4691 2966 4763 denique
2986 4691 3128 4747 alias
3145 4693 3378 4763 hujusce
3392 4693 3522 4749 vitae
3541 4693 3769 4749 oblecta-

2190 4783 2372 4836 tiones
2399 4781 2508 4853 ipsi
2528 4780 2816 4852 objiciens.
2834 4783 2916 4837 Ac
2933 4781 3134 4836 deinde
3157 4781 3376 4837 virtutis
3399 4783 3765 4855 asperitatem.

2191 4875 2360 4943 atque
2388 4870 2645 4942 ingentes
2670 4871 2794 4942 ejus
2821 4871 3054 4926 sudores
3073 4871 3178 4944 ipsi
3203 4871 3572 4944 proponebat,
3592 4885 3769 4942 σοι-ρος

2193 4961 2268 5016 ris
2288 4960 2426 5015 item
2454 4959 2899 5015 imbecillitatem
2925 4966 2982 5014 et
3002 4960 3325 5032 inexpertas
3347 4966 3520 5033 atque
3543 4962 3772 5016 insuetas

2191 5067 2490 5116 aerumnas,
2509 5053 2567 5104 et
2586 5049 2856 5122 temporis
2867 5049 3355 5122 longinquitatem,
3375 5067 3441 5106 ac
3455 5053 3772 5124 praesentem

2191 5138 2315 5195 sitis
2343 5155 2786 5212 oppressnonem,
2820 5140 3082 5212 quodque
3113 5141 3270 5195 nulla
3306 5157 3372 5195 ex
3401 5146 3564 5212 parte
3594 5153 3770 5196 conso-

2193 5227 2328 5282 latio
2348 5227 2504 5282 nulla
2540 5227 2648 5300 ipsi
2683 5228 3056 5300 exspectanda
3083 5234 3247 5296 esset,
3281 5235 3382 5285 aut
3409 5230 3558 5285 tanti
3587 5224 3773 5284 laboris

2192 5321 2476 5388 tantaeque
2510 5317 2856 5389 fatigationis
2885 5318 3034 5374 ﬁnis.
3052 5319 3132 5374 Ac
3157 5319 3398 5392 denique
3417 5319 3696 5391 ingentem
3723 5313 3773 5368 in

2194 5406 2371 5478 ipsius
2385 5406 2598 5474 animo,
2615 5407 3091 5480 quemadmodum
3108 5409 3351 5481 quodam
3364 5407 3487 5464 loco
3502 5409 3573 5463 de
3589 5417 3771 5476 magno

2189 5495 2434 5550 Antonio
2463 5495 2751 5568 proditum
2782 5502 2884 5566 est,
2913 5497 3312 5570 cogitationum
3333 5499 3621 5571 pulverem
3642 5509 3772 5550 com-

2188 5583 2464 5639 movebat.

2259 5675 2532 5731 Utautem
2548 5675 2618 5732 ad
2633 5676 3266 5750 labefactandumipsius
3277 5678 3452 5734 animi
3463 5679 3772 5734 institutum

2186 5763 2523 5821 imbecillem
2535 5767 2713 5823 hostis
2729 5767 2823 5823 ille
2842 5784 2903 5824 se
2913 5767 3365 5844 vidit(%ristum
3382 5769 3529 5823 enim
3552 5769 3668 5840 ipse
3683 5761 3772 5820 sibi
