3868 6394
437 316 540 375 595

1457 319 1550 374 DE
1588 319 1776 376 VITIS
1817 320 2114 376 PATRUM
2151 321 2367 378 LIBER
2401 317 2694 376 PRIMUS.

3613 314 3720 374 596

433 443 720 516 amplexus
737 443 926 497 statim
949 447 1203 509 ruerunt,
1227 443 1554 500 diuturnam
1573 446 1934 519 cupiditatem
1960 448 2030 502 si-
2047 451 2096 508 Α
2113 448 2406 520 spirituale
2435 442 2775 516 colloquium
2802 440 3072 506 inierunt,
3109 441 3383 496 salutares
3413 457 3481 496 ac
3499 441 3719 498 caelesti

435 549 506 588 ne
534 533 648 588 ulla
678 532 934 587 satietate
975 534 1280 604 explentes.

2112 538 2389 610 sapientia
2418 537 2613 608 plenos
2642 548 2928 586 sermones
2957 547 3058 602 per
3084 535 3260 584 totam
3274 536 3500 586 noctem
3530 537 3721 586 conte-

506 621 648 676 Cum
665 626 853 674 autem
873 619 1093 676 abunde
1114 639 1234 676 sese
1256 625 1529 695 complexi
1569 625 1823 692 fuissent,
1859 633 2029 696 atque
2113 635 2324 692 xentes,
2344 625 2708 698 quoadusque
2729 637 2943 676 aurorae
2967 625 3190 674 exortus
3214 621 3285 675 ad
3315 628 3720 677 consuetarum

435 711 865 776 consultassent,
891 711 1150 765 sedentes
1172 711 1320 766 inter
1340 729 1398 767 se
1441 713 1923 784 colloquebantur.
1953 716 2031 768 Ac
2113 733 2307 772 rursus
2338 713 2654 768 orationum
2683 709 3014 764 memoriam
3044 708 3192 780 ipsos
3229 716 3538 765 revocaret.

437 815 754 854 sermonem
773 801 1380 866 exorsusBarlaam,his
1398 802 1579 855 verbis
1594 819 1726 857 usus
1749 811 1833 858 est
1852 822 1862 856 :
1887 805 2030 857 Prat-

436 889 583 942 clare
602 889 802 955 fecisti,
823 890 916 961 qui
933 890 1042 944 huc
1065 891 1296 956 veneris,
1325 892 1522 946 dilecte
1537 893 1631 958 tili,
1650 894 1748 958 fili,
1777 894 2026 964 inquam,

2189 805 2395 859 Mansit
2426 809 2615 856 autem
2647 800 2717 854 ad
2747 800 2896 853 hunc
2925 798 3153 852 modum
3174 798 3444 854 diuturno
3469 807 3724 873 tempore

2118 912 2242 948 cum
2292 894 2589 947 Barlaamo
2631 889 2918 960 Josaphat,
2955 887 3345 942 admirabilem
3376 889 3525 944 hanc
3555 897 3726 962 atque

437 979 556 1044 Dei,
591 996 653 1033 ac
681 981 920 1034 ccelestis
941 981 1099 1050 regni
1122 981 1298 1034 hmres
1328 998 1426 1052 per
1456 981 1756 1036 Dominum
1779 990 2036 1038 nostrum
2120 985 2370 1037 humana
2397 980 2715 1035 conditione
2741 977 3187 1049 praestantiorem
3220 977 3396 1032 vitam
3427 979 3641 1045 colens,
3661 998 3724 1035 ac

437 1067 628 1122 Jesum
676 1068 976 1135 Christum,
1023 1086 1188 1140 quem
1239 1070 1500 1136 dilexisti,
1534 1077 1702 1142 atque
1732 1073 1954 1126 caducis
1985 1080 2040 1126 et

440 1156 729 1228 fragilibus
755 1158 918 1212 bonis
955 1176 1066 1213 non
1097 1159 1195 1212 abs
1222 1176 1283 1213 re
1313 1160 1626 1214 chariorem
1658 1161 1920 1220 habuisti.
1954 1180 2036 1229 ae,

443 1247 735 1318 prudentis
767 1253 824 1302 et
851 1248 1120 1318 sapientis
1151 1249 1476 1302 mercatoris
1497 1249 1676 1302 instar
1691 1249 1948 1305 omnibus
1966 1255 2041 1304 ta-

446 1336 750 1392 cultatibus
771 1337 1030 1404 venditis,
1046 1337 1409 1407 margaritam
1428 1339 1671 1408 pretium
1702 1357 1866 1393 omne
1885 1359 1944 1394 su
1954 1359 2043 1412 pe-

445 1431 667 1480 rantem
697 1426 904 1492 emisti,
937 1443 1000 1480 ac
1025 1427 1352 1480 thesaurum
1377 1427 1470 1498 qui
1497 1429 1702 1500 surripi
1733 1446 1842 1482 non
1871 1431 2046 1501 possit

452 1515 665 1583 (Matth.
696 1520 806 1584 xv),
831 1515 890 1569 in
912 1532 1046 1586 agro
1069 1516 1465 1570 mandatorum
1491 1517 1719 1572 Domini
1748 1518 2044 1574 abscondi-

449 1608 572 1660 tum
620 1609 838 1670 nactus,
873 1605 1063 1659 omnia
1091 1605 1316 1672 dedisti,
1359 1622 1460 1660 nec
1490 1606 1569 1660 rei
1601 1607 1699 1661 ulli
1729 1625 1792 1661 ex
1824 1609 1891 1661 iis
1923 1626 2044 1680 quae

446 1695 566 1765 jam
593 1695 826 1766 jamque
854 1694 1140 1748 effluxura:
1189 1700 1320 1749 sunt
1348 1695 1666 1767 pepercisti,
1701 1713 1810 1767 quo
1841 1714 2042 1767 agrum

2123 1079 2390 1142 tanquam
2413 1076 2632 1142 patrem
2658 1073 2716 1121 et
2743 1072 3142 1138 praeceptorem
3155 1083 3280 1121 eum
3294 1067 3449 1122 omni
3473 1067 3736 1124 obedien-

2123 1161 2202 1214 tia
2233 1166 2288 1214 et
2305 1159 2620 1213 humilitate
2651 1157 2834 1228 ipsum
2857 1171 3096 1225 sequens
3124 1155 3234 1209 :sic
3246 1156 3542 1224 nimirum,
3568 1163 3635 1212 ut
3661 1160 3730 1214 ad

2124 1267 2288 1303 omne
2314 1248 2536 1302 virtutis
2566 1246 2814 1300 studium
2847 1252 3216 1311 exerceretur,
3265 1251 3439 1318 atque
3484 1265 3732 1319 quonam

2126 1347 2287 1410 pacto
2299 1356 2427 1391 cum
2449 1335 2830 1408 spiritualibus
2855 1341 2910 1388 et
2942 1333 3312 1389 invisibilibus
3325 1336 3622 1408 spiritibus
3643 1338 3729 1394 lu-

2129 1429 2393 1482 ctandum
2417 1431 2584 1493 esset,
2619 1425 2966 1479 edoceretur.
2991 1424 3068 1478 Ex
3100 1441 3210 1496 quo
3231 1424 3369 1480 illud
3392 1435 3731 1483 consecutus

2129 1525 2233 1583 est,
2256 1523 2320 1571 ut
2340 1517 2565 1571 vitiosas
2592 1531 2786 1570 omnes
2815 1513 3135 1568 affectiones
3156 1514 3560 1586 exstingueret,
3610 1535 3732 1573 car-

2128 1608 2325 1680 nisque
2346 1607 2607 1661 atfcctum
2636 1603 2879 1676 spiritui,
2899 1618 3011 1656 non
3038 1620 3196 1658 secus
3217 1620 3281 1659 ac
3305 1622 3530 1661 servum
3555 1607 3735 1662 domi-

2128 1714 2219 1764 no,
2245 1695 2564 1768 subjiceret,
2599 1693 2927 1747 deliciarum
2950 1692 3202 1747 omnium
3233 1694 3524 1767 animique
3542 1697 3738 1751 remis-

451 1781 611 1840 illum
641 1781 742 1837 tibi
769 1799 1140 1855 comparares.
1176 1784 1282 1838 Det
1309 1783 1410 1838 tibi
1444 1785 1715 1840 Dominus
1753 1803 1855 1857 pro
1882 1787 2045 1840 ﬂuxis
2062 1770 2109 1829 Β
2129 1787 2349 1842 sionum
2363 1784 2636 1840 oblivione
2648 1787 3163 1854 caperetur,somno
3176 1785 3737 1858 tamquamimprobo

454 1877 511 1927 et
528 1871 749 1927 caducis
776 1878 1002 1938 aeterna,
1021 1889 1121 1944 pro
1151 1872 1217 1927 iis
1250 1873 1640 1945 quminteritui
1665 1874 1901 1929 obnoxia
1917 1881 2048 1930 sunt

455 1961 600 2016 eain
631 1978 752 2033 quae
784 1978 885 2016 nec
913 1962 1174 2017 interitus
1199 1980 1300 2018 nec
1330 1970 1576 2018 vetustas
1608 1965 1774 2018 cadit.

523 2049 702 2104 Velim
715 2056 905 2106 autem
919 2051 1056 2106 mihi
1077 2052 1244 2114 dicas.
1265 2053 1610 2116 charissime,
1635 2070 1874 2124 quonam
1888 2059 2050 2126 pacto

456 2141 562 2194 huc
591 2141 912 2208 accesseris,
944 2141 1150 2213 quique
1174 2147 1300 2213 post
1323 2142 1628 2197 discessum
1649 2160 1836 2197 meum
1863 2160 2052 2198 rerum

454 2235 681 2286 tuarum
704 2235 884 2285 status
901 2231 1088 2296 fuerit,
1107 2237 1274 2302 atque
1287 2237 1492 2286 tuusne
1513 2233 1860 2303 paterDeum
1884 2233 2051 2300 norit,

457 2335 528 2373 an
559 2335 689 2373 vero
720 2335 870 2374 nunc
900 2337 1122 2391 quoque
1174 2321 1389 2386 eadem,
1425 2337 1533 2391 qua
1563 2322 1737 2392 prius,
1772 2322 2057 2376 dementia

458 2408 740 2480 abreptus,
763 2427 795 2462 a
816 2409 1134 2464 diemonum
1156 2409 1350 2463 fraude
1375 2415 1542 2481 atque
1564 2410 2059 2483 imposturacapti-

459 2515 559 2552 vus
599 2497 928 2552 abducatur.
984 2499 1106 2552 Haec
1153 2504 1514 2570 percontante
1553 2500 1868 2566 Barlaamo,
1906 2503 2059 2555 Josa-

459 2587 774 2659 phataltius
795 2587 1032 2658 repetito
1045 2605 1320 2654 sermone,
1341 2606 1595 2660 quzenam
1620 2590 1725 2643 sibi
1746 2599 1870 2661 post
1886 2591 2059 2661 ipsius

461 2675 777 2747 digressum
806 2676 1194 2746 contigissent,
1229 2695 1508 2749 quamque
1538 2695 1867 2750 prosperum
1893 2679 2058 2734 rebus

463 2782 690 2820 cursum
729 2765 1003 2820 Dominus
1029 2768 1098 2820 ad
1147 2767 1198 2820 id
1234 2785 1408 2839 usque
1440 2775 1663 2840 tempus
1691 2787 1800 2840 quo
1832 2787 2058 2824 rursum

463 2855 614 2910 inter
632 2871 690 2909 se
713 2856 1098 2910 convenissent
1125 2856 1431 2922 tribuisset,
1465 2858 1752 2928 sigillatim
1785 2859 2058 2930 exposuit.

533 2946 712 3000 Senex
740 2944 931 3016 itaque
963 2945 1080 3000 haec
1109 2947 1362 3012 audiens,
1391 2947 1674 3018 voluptate
1705 2948 2062 3020 simulatque

467 3033 838 3088 admiratione
858 3035 1087 3089 affectus
1111 3041 1212 3100 est,
1240 3037 1598 3107 calentesque
1628 3038 1904 3108 lacrymas
1935 3039 2061 3092 mit-

2129 1875 2409 1946 mancipio
2435 1875 2757 1945 imperaret.
2790 1872 2993 1942 Atque,
3027 1876 3092 1926 ut
3133 1870 3286 1926 brevi
3326 1875 3732 1947 perstringam.

2131 1971 2290 2022 tanto
2317 1963 2501 2018 studio
2529 1963 2586 2016 in
2609 1961 2870 2016 solitariae
2898 1961 3024 2016 vitae
3053 1967 3336 2016 certamen
3352 1963 3737 2031 incumbebat,

2133 2061 2197 2110 ut
2216 2056 2334 2126 ipse
2356 2069 2577 2126 quoque
2590 2052 2867 2116 Barlaam,
2903 2051 2996 2122 qui
3022 2052 3364 2122 permultum
3392 2055 3668 2126 temporis
3683 2056 3738 2110 in

2139 2162 2205 2200 ea
2227 2143 2584 2209 contriverat,
2609 2142 2929 2207 miraretur,
2960 2141 3247 2212 ipsiusque
3269 2141 3596 2198 acrimonias
3615 2161 3744 2199 con-

2139 2233 2687 2290 cederet.Tantulum
2703 2231 2851 2285 enim
2864 2229 2992 2284 duri
3003 2229 3153 2284 illius
3177 2236 3346 2302 atque
3358 2233 3742 2289 consolatione

2141 2323 2382 2378 carentis
2397 2321 2503 2376 cibi
2517 2320 2869 2386 admittebat,
2891 2325 2956 2375 ut
2974 2320 3147 2374 vitam
3161 2320 3436 2376 duntaxat
3450 2323 3739 2378 toleraret.

2141 2432 2242 2468 nec
2274 2412 2668 2474 committeret,
2700 2415 2764 2464 ut
2810 2426 2912 2481 per
2935 2410 3086 2464 ultro
3116 2411 3444 2465 accersitam
3491 2419 3735 2467 mortem

2141 2503 2384 2576 prazmiis
2414 2502 2480 2554 iis
2503 2518 2621 2554 sese
2637 2500 2880 2563 orbaret,
2905 2516 3028 2570 qua:
3040 2500 3311 2554 virtutum
3340 2501 3516 2556 cultui
3543 2519 3607 2556 ac
3632 2510 3746 2556 stu-

2141 2594 2233 2648 dio
2260 2592 2606 2646 tribuuntur.
2626 2589 2716 2643 Sic
2743 2595 2935 2643 autem
2964 2594 3227 2644 naturam
3252 2591 3543 2645 nocturnis
3572 2609 3744 2647 excu-

2140 2680 2610 2752 biissubjiciebat,
2628 2696 2691 2732 ac
2713 2679 2760 2732 si
2777 2678 2929 2732 nulla
2950 2678 3178 2732 omnino
3201 2680 3383 2733 carnis
3407 2685 3464 2734 et
3492 2683 3741 2753 corporis

2141 2777 2300 2844 parte
2329 2772 2630 2825 constaret.
2653 2767 2846 2822 Oratio
2877 2784 3042 2838 porro
3055 2772 3390 2840 perpetuum
3411 2769 3589 2840 ipsius
3619 2778 3741 2825 stu-

2145 2861 2300 2915 dium
2331 2858 2936 2927 eratzuniversumque
2962 2857 3086 2912 vitae
3114 2862 3336 2930 tempus
3359 2857 3418 2913 in
3439 2859 3747 2930 spirituali-

2143 2949 2248 3004 bus
2279 2966 2342 3003 ac
2371 2947 2687 3002 cmlestibus
2717 2946 3280 3018 contemplationibus
3310 2948 3741 3004 insumebatur:

2147 3038 2288 3093 adeo
2317 3043 2381 3092 ut
2409 3055 2511 3091 nec
2542 3038 2738 3091 horam
2777 3053 2969 3104 unam,
3020 3037 3134 3090 imo
3172 3053 3274 3091 nec
3303 3037 3484 3092 ullum
3513 3040 3745 3094 omnino

467 3130 612 3188 tens,
664 3123 911 3178 dicebat:
957 3125 1148 3178 Gloria
1167 3125 1267 3180 tibi
1311 3127 1400 3191 sit,
1429 3127 1579 3181 Deus
1609 3134 1815 3192 noster,
1851 3128 1946 3199 qui
1977 3128 2118 3196 tuic
2146 3129 2417 3199 temporis
2448 3133 2822 3198 punctum,ex
2837 3143 2946 3198 quo
2972 3126 3031 3180 in
3051 3142 3118 3180 ea
3136 3127 3439 3182 solitudine
3465 3127 3742 3184 habitavit

468 3230 658 3268 amore
679 3213 930 3285 praeditis
951 3231 1173 3286 semper
1192 3221 1392 3286 praesto
1415 3233 1494 3280 es,
1519 3221 1687 3288 atque
1709 3217 1845 3288 ipsis
1874 3217 2059 3288 opitu-

469 3303 622 3358 laris.
648 3303 971 3370 Gloriatibi,
997 3304 1233 3371 Christe,
1251 3306 1364 3360 Rex
1377 3306 1628 3361 omnium
1652 3324 1714 3361 ac
1735 3307 1883 3361 Deus
1915 3307 2061 3377 opti-

469 3411 580 3461 me,
604 3394 868 3465 quoniam
889 3393 1132 3465 benigna
1151 3400 1250 3450 tua
1262 3395 1609 3450 voluntasita
1628 3397 1848 3463 tulit,ut
1867 3413 2060 3452 semen

467 3483 606 3539 illud
637 3484 785 3556 quod
813 3483 871 3538 in
901 3483 1044 3538 servi
1071 3484 1151 3539 tui
1181 3486 1716 3556 Josaphatanimum
1741 3485 2061 3557 jecisticen—

469 3573 802 3645 tuplicatum
826 3573 1069 3628 fructum
1089 3575 1331 3640 afferret,
1361 3580 1414 3629 te
1446 3575 1718 3641 videlicet,
1743 3576 2061 3630 animarum

471 3668 792 3718 nostrarum
808 3661 1053 3734 agricola
1083 3669 1139 3717 et
1167 3664 1406 3718 Domino
1433 3665 1688 3735 dignum.
1716 3665 1908 3718 Gloria
1937 3666 2086 3733 tibi,‘

473 3753 758 3808 Paracletc
810 3752 952 3808 bone
1001 3771 1065 3807 ac
1120 3753 1473 3808 sanctissime
1503 3754 1762 3825 Spiritus,
1796 3755 2062 3826 queniam

405 3876 413 3887 ι
471 3859 640 3915 quam
654 3850 718 3899 tu
746 3843 954 3898 sanctis
967 3843 1080 3899 tuis
1100 3844 1366 3915 apostolis
1383 3845 1626 3914 gratiam
1649 3845 2070 3911 tribuisti,hanc

474 3933 646 3990 etiam
675 3933 805 3988 huic
835 3933 1268 4004 impertiendam
1298 3934 1506 3988 duxisti
1537 3953 1547 3988 :
1583 3940 1752 4005 atque
1782 3935 2068 4005 ingentem

473 4023 765 4078 hominum
822 4022 1243 4077 multitudinem
1275 4023 1451 4094 ipsius
1479 4041 1650 4094 opera
1681 4025 2068 4095 superstitioso

474 4129 666 4169 errore
695 4111 970 4177 liberasti,
1003 4128 1068 4164 ac
1096 4129 1228 4166 vera
1276 4113 1377 4166 Dei
1406 4113 1724 4183 cognitione
1749 4114 2068 4168 illustrasti.

545 4201 629 4256 Ad
649 4201 800 4255 hunc
817 4199 1044 4256 modum
1068 4201 1182 4256 Deo
1199 4200 1268 4254 ab
1280 4206 1518 4272 utroque
1528 4203 1722 4273 gratiae
1741 4203 2069 4274 agebantur;

474 4290 722 4362 ipsisque
770 4289 850 4345 ita
889 4289 1038 4344 inter
1067 4307 1126 4344 se
1155 4290 1622 4361 colloquentibus,
1654 4309 1717 4346 ac
1752 4292 1853 4347 Dei
1883 4294 2068 4364 gratia

474 4379 896 4442 exsultantibus,
922 4379 1102 4435 adfuit
1128 4397 1376 4452 vespera.
1401 4380 1640 4436 Proinde
1661 4382 1731 4436 ad
1760 4383 2068 4439 orationem

2145 3217 2498 3289 deperderet.
2532 3218 2611 3272 Ac
2641 3234 2775 3271 sane
2799 3217 2906 3270 hoc
2934 3216 3160 3271 demum
3188 3234 3316 3272 vere
3334 3219 3634 3273 monastici
3663 3236 3748 3274 or-

2145 3306 2292 3359 dinis
2314 3321 2517 3360 munus
2539 3311 2640 3372 est,
2665 3321 2954 3377 nunquam
2975 3322 3008 3359 a
3027 3305 3305 3377 spirituali
3325 3323 3493 3377 opere
3509 3323 3745 3362 vacuum

2145 3395 2403 3450 inveniri.
2441 3395 2600 3460 Quod
2631 3395 2855 3466 quidem
2881 3411 3189 3465 generosus
3218 3395 3310 3449 ille
3356 3401 3414 3449 et
3449 3397 3745 3467 expeditus

2143 3485 2388 3540 cmlestis
2404 3484 2622 3538 itineris
2633 3501 2827 3547 cursor
2841 3484 3063 3555 egregie
3083 3485 3537 3556 praestitit,atque
3563 3486 3743 3541 animi

2143 3574 2232 3629 sui
2261 3574 2520 3629 ardorem
2549 3573 2618 3628 ab
2643 3574 2805 3629 initio
2833 3574 2904 3628 ad
2929 3579 3240 3628 extremum
3264 3590 3442 3645 usque
3471 3581 3746 3647 perpetuo

2145 3663 2508 3730 conservavit,
2538 3663 2888 3717 ascensiones
2918 3663 2975 3716 in
2999 3662 3165 3717 corde
3192 3678 3401 3733 semper
3437 3662 3742 3735 disponens

2153 3755 2314 3811 (Psal.
2351 3752 2602 3822 Lxxxul),
2635 3770 2700 3806 ac
2726 3752 2795 3807 de
2823 3752 3028 3806 virtute
3057 3752 3127 3806 ad
3158 3751 3542 3806 sublimiorem
3575 3753 3744 3808 virtu-

2147 3849 2262 3897 tem
2285 3843 2623 3906 transiliens,
2641 3842 3091 3912 desideriumque
3111 3840 3472 3908 desiderio,ac
3494 3843 3745 3898 studium
3823 3853 3830 3865 '

2149 3932 2336 3987 studio
2365 3932 2748 3987 indesinenter
2790 3932 3123 4002 adjungens,
3181 3931 3364 4002 quoad
3403 3931 3634 3987 tandem
3663 3934 3733 3988 ad

2153 4027 2433 4094 speratam
2464 4021 2872 4076 beatitudinem
2902 4019 3174 4093 pervenit.

2227 4113 2355 4166 er.
2389 4112 2659 4166 ΧΧΙΧ.-
2691 4113 2832 4164 Cum
2854 4111 3045 4181 itaque
3073 4111 3178 4164 hoc
3205 4115 3366 4182 pacto
3398 4111 3666 4168 Barlaam
3689 4125 3746 4168 et

2156 4201 2426 4274 Josaphat
2453 4217 2565 4255 una
2605 4205 2981 4266 versarentur,
3012 4216 3076 4254 ac
3105 4200 3336 4271 pulchro
3366 4200 3515 4256 inter
3545 4219 3606 4257 se
3634 4219 3749 4258 cer-

2155 4291 2369 4346 tamine
2398 4291 2822 4356 contenderent,
2877 4288 2946 4344 ab
2985 4289 3136 4344 omni
3166 4306 3300 4344 cura
3326 4295 3384 4344 et
3409 4290 3646 4362 hujusce
3675 4293 3750 4346 vi-

2151 4388 2221 4436 tae
2272 4380 2692 4453 perturbatione
2735 4380 3034 4446 immunes,
3084 4385 3442 4452 mentemque
3487 4380 3558 4435 ab
3595 4382 3760 4437 omni.

459 4475 890 4542 consurgentes,
925 4475 1255 4524 consuetum
1278 4464 2475 4545 precationum.pensumper-Dcontusione
2526 4486 2728 4542 puram
2774 4486 2837 4524 ac
2885 4471 3198 4540 sejunctam
3250 4468 3541 4535 habentes,
3617 4477 3746 4542 post

471 4561 774 4616 solverunt.
807 4562 885 4615 Ac
914 4566 1124 4633 postea,
1159 4577 1285 4615 cum
1324 4559 1444 4614 cibo
1475 4563 1836 4616 recreandum
1868 4579 2069 4635 corpus

471 4656 636 4720 esset,
672 4651 1296 4722 Barlaammagnificam
1320 4667 1570 4705 mensam
1599 4653 1877 4724 apposuit,
1910 4654 2070 4725 spiri-

472 4739 718 4795 tualibus
747 4741 1004 4796 videlicet
1025 4741 1204 4812 epulis
1237 4741 1700 4812 confertam,ejus
1726 4749 1914 4798 autem
1943 4761 2069 4798 con-

472 4817 781 4895 solutionis,
817 4845 940 4900 quae
964 4829 1219 4884 sensibus
1238 4831 1562 4902 percipitur,
1579 4849 1746 4902 quam
1769 4833 2069 4889 minimum

475 4933 609 4972 sane
637 4918 987 4990 participem.
1021 4919 1207 4973 Cruda
1227 4921 1378 4974 enim
1399 4921 1671 4976 duntaxat
1701 4924 1853 4977 olera
1883 4929 2064 4991 erant,

471 5007 768 5078 ipsiusmet
785 5007 1044 5062 manibus
1057 5009 1272 5063 consita
1293 5015 1350 5064 et
1370 5012 1922 5084 exculta,palmaaque
1939 5029 2067 5084 per-

474 5113 688 5169 paucae.
711 5098 900 5168 quzein
923 5115 989 5152 ea
1008 5099 1309 5154 solitudine
1326 5100 1774 5170 inveniebantur,
1807 5119 1871 5155 ac
1897 5103 2068 5156 deni-

427 5209 432 5214 ·
475 5204 582 5259 que
613 5187 893 5243 silvestres
920 5188 1122 5243 herbae.
1163 5191 1303 5244 Cum
1336 5190 1510 5261 igitur
1542 5193 1754 5261 gratias
1782 5191 1898 5245 Deo
1917 5192 2065 5262 egis-

474 5283 616 5344 sent,
668 5279 1046 5351 appositisque
1079 5281 1257 5352 epulis
1294 5271 1494 5352 corpus
1523 5281 1863 5346 refecissent,
1899 5287 2068 5352 atque

473 5383 678 5439 aquam
704 5386 734 5422 e
759 5369 1074 5442 propinquo
1102 5371 1252 5425 fonte
1281 5369 1574 5434 bibissent,
1605 5371 1656 5424 ei
1691 5387 1936 5438 rursum,
1970 5373 2066 5442 qui

474 5469 706 5511 manum
734 5459 932 5529 aperit,
968 5463 1024 5513 et
1056 5459 1249 5530 implet
1269 5475 1432 5513 omne
1449 5459 1659 5513 animal
1681 5459 2065 5516 benedictione

477 5547 842 5612 (Psal.cx1.1v),
864 5548 1074 5618 gratias
1101 5552 1355 5618 egerunt.
1385 5547 1463 5603 Ac
1492 5553 1680 5615 334
1709 5549 1908 5604 deinde
1938 5567 2064 5605 con-

473 5631 1154 5710 surgentes,posteaquam
1169 5643 1468 5695 nocturnas
1485 5656 1674 5713 preces
1686 5639 2059 5707 absolverunt,

2151 4563 2358 4616 multos
2407 4560 2476 4615 ab
2531 4560 2664 4630 ipsis
2717 4559 2942 4630 pietatis
2972 4575 3139 4614 causa
3167 4563 3454 4630 susceptos
3503 4559 3742 4625 labores,

2153 4651 2394 4722 quodam
2439 4651 2528 4704 die
2568 4667 2735 4704 senex
2779 4649 3046 4704 accersito
3103 4648 3382 4720 spirituali
3411 4649 3546 4716 filio,
3579 4667 3746 4722 quem

2125 4758 2250 4813 'per
2287 4741 2647 4810 Evangelium
2686 4743 2976 4809 genuerat,
3034 4737 3355 4809 hujusmodi
3394 4739 3744 4812 spiritualem

2151 4848 2465 4886 sermonem
2491 4847 2786 4900 aggressus
2817 4835 2930 4883 est:

2220 4923 2344 4976 Jam
2366 4921 2603 4992 pridem,
2632 4937 2664 4973 ο
2684 4920 2860 4973 amice
2889 4917 3176 4990 Josaphat,
3198 4923 3254 4972 te
3282 4919 3341 4973 in
3361 4918 3465 4972 hac
3496 4920 3745 4976 solitudi-

2150 5028 2218 5066 ne
2246 5011 2500 5066 habitare
2528 5008 2837 5081 oportebat,
2873 5014 3042 5080 atque
3067 5007 3170 5062 hoc
3203 5007 3336 5062 mihi
3364 5008 3548 5064 oranti
3583 5009 3744 5066 Chri-

2149 5107 2266 5156 stus
2296 5102 2364 5156 de
2394 5108 2449 5155 te
2469 5101 2746 5174 pollicitus
2771 5099 2955 5154 fuerat
2973 5101 3090 5154 fore
3105 5104 3170 5154 ut
3187 5103 3244 5153 te
3273 5104 3404 5154 ante
3431 5105 3743 5156 extremum

2150 5191 2274 5245 vitae
2305 5191 2453 5244 diem
2478 5190 2742 5244 viderem.
2771 5188 2898 5243 Vidi
2922 5188 3110 5260 itaque
3143 5187 3622 5260 quemadmodum
3651 5206 3744 5247 cu-

2150 5280 2370 5352 piebam
2395 5298 2407 5348 ;
2440 5280 2570 5346 vidi,
2601 5279 2850 5350 inquam,
2885 5285 2942 5332 te
2972 5295 3008 5332 a
3033 5277 3243 5332 mundo
3274 5283 3332 5332 et
3349 5278 3548 5333 mundi
3577 5278 3742 5334 rebus

2150 5369 2720 5435 avulsum,acChristo
2737 5369 2965 5422 minime
2977 5367 3146 5422 dubio
3161 5384 3224 5422 ac
3243 5367 3526 5432 vacillanti
3556 5370 3741 5424 animo

2149 5463 2528 5531 eonjunetum,
2555 5465 2723 5532 atque
2749 5459 2818 5513 ad
2847 5458 3151 5532 perfectam
3179 5457 3548 5528 plenitudinis
3567 5457 3739 5530 ipsius

2145 5567 2467 5605 mensuram
2488 5566 2866 5622 progressum.
2885 5550 3046 5604 Nunc
3073 5548 3262 5620 igitur,
3288 5547 3738 5620 quandoquidem

2146 5639 2344 5694 mortis
2362 5655 2497 5694 mem
2517 5645 2740 5714 tempus
2764 5637 2954 5707 instat,
2981 5643 3148 5714 atque
3165 5637 3503 5694 collectanea
3521 5641 3580 5694 et
3599 5635 3732 5693 mihi
