3868 6386
116 260 213 319 597

508 257 677 313 VI'l‘A
714 253 1156 309 SANC'I‘ORUM
1195 255 1541 311 BARLAAM
1581 257 1921 315 EREMITIE
1962 260 2049 316 ET
2088 260 2455 318 JOSAPHAT
2493 264 2717 321 INDUE
2757 265 2988 321 REGIS.

3288 260 3392 320 598

111 384 337 458 aequalis
385 401 454 440 ea
489 381 783 454 cupiditas,
816 396 939 451 quae
972 384 1037 434 ut
1073 396 1199 434 cum
1232 381 1454 435 Christo
1497 398 1696 447 essem,
1721 385 1907 444 Aeam
1939 383 2008 439 ob
2039 402 2264 441 causam
2291 387 2530 444 Domino
2561 389 2815 445 obstricti
2845 405 3060 457 sumus,
3087 388 3237 462 quod
3257 404 3386 444 cum

111 495 329 550 semper
356 494 450 532 me
470 475 668 540 tenuit,
694 476 816 545 jam
842 474 1117 545 expletur,
1156 478 1219 527 tu
1250 473 1476 545 quidem
1506 492 1707 547 corpus

111 584 296 623 meum
320 572 478 623 terra
497 564 689 631 conde,
716 563 1040 636 pulverique
1060 563 1347 634 pulverem
1367 564 1557 619 redde.
1575 565 1709 621 Post

108 662 290 711 autem
317 655 442 727 ipse
470 655 527 709 in
558 654 662 707 hoc
689 653 812 707 loco
841 652 1007 717 heare,
1041 657 1364 723 susceptum
1392 652 1704 723 spiritualis

111 746 229 800 vitae
236 760 421 814 genus
433 760 788 815 persequens,
799 758 1047 813 meaeque
1063 740 1356 795 tenuitatis
1372 743 1703 797 memoriam

112 836 378 890 retinens.
429 834 641 889 Vereor
686 832 837 887 enim
880 849 950 886 ne
988 830 1348 885 tenebrosum
1386 831 1704 887 daemonum

108 941 305 995 agmen
333 924 525 979 animo
558 939 682 977 meo
715 927 945 993 pr0pter
969 921 1416 991 ignorantiarum
1450 938 1701 976 mearum

110 1013 529 1068 multitudinem
557 1011 1024 1083 impedimentum
1054 1010 1268 1064 afferat.

173 1103 254 1157 Tu
280 1117 433 1168 vero,
468 1101 567 1165 fili,
600 1117 672 1155 ne
701 1100 975 1170 religiosae
1003 1099 1422 1154 exercitationis
1454 1100 1702 1156 laborem

112 1197 340 1257 metuas,
365 1176 551 1262 neque
580 1190 649 1244 ad
671 1190 940 1261 temporis
970 1190 1379 1259 longitudinem
1411 1207 1476 1244 ac
1502 1191 1706 1245 daemo-

111 1298 237 1337 num
247 1279 484 1335 insidias
500 1281 862 1351 elanguescas
877 1298 889 1346 ς
907 1278 1042 1350 quin
1061 1280 1247 1350 potius
1262 1279 1512 1351 ipsorum
1534 1280 1607 1334 im
1616 1280 1707 1335 be-

110 1371 409 1435 cillitatem,
427 1369 636 1424 Christi
653 1370 858 1424 virtute
877 1369 1274 1435 communitus,
1294 1369 1475 1423 audax
1492 1369 1664 1424 irride
1684 1389 1700 1435 ;

109 1461 172 1515 ad
190 1460 444 1515 laborum
468 1464 657 1514 autem
678 1458 963 1525 duritiam,
988 1475 1053 1513 ac
1071 1459 1343 1530 temporis
1365 1459 1703 1514 diuturnita-

107 1556 213 1605 tem
231 1549 419 1604 animo
435 1549 517 1604 ita
536 1553 858 1620 comparato
881 1553 1297 1619 esto,tanquam
1319 1549 1568 1620 quotidie
1592 1549 1703 1603 dis-

108 1656 314 1694 cessum
344 1656 374 1693 e
404 1638 527 1693 vita
553 1644 901 1710 exspectans,
934 1642 1103 1709 atque
1134 1638 1395 1692 eumdem
1419 1638 1569 1693 diem
1597 1639 1702 1693 tibi

1790 470 1943 525 dives
1973 476 2137 537 esset,
2183 478 2415 545 propter
2448 491 2552 530 nos
2599 492 2809 547 egenus
2837 475 3016 531 factus
3044 479 3148 540 est,
3182 479 3248 530 ut
3283 489 3389 532 nos

1790 560 1914 630 ejus
1928 566 2259 633 paupertate
2280 562 2478 619 divites
2498 580 2767 630 essemus,
2784 569 2842 620 et
2860 564 2957 637 qui
2976 582 3012 620 a
3030 563 3390 637 perpessione

1788 649 2057 704 immunis
2081 654 2221 714 erat,
2243 657 2307 706 ut
2325 652 2539 707 vitiosis
2565 653 2951 709 affectionibus
2976 670 3080 711 nos
3098 652 3389 719 liberaret,

1788 738 2068 794 cruciatus
2106 740 2278 795 subiit
2326 744 2410 807 (II
2451 744 2575 798 Cor.
2620 745 2764 811 Vin).
2814 744 3128 815 persolvere
3148 739 3388 816 potest?

1788 828 1948 892 Quod
1974 829 2122 884 enim
2166 830 2500 887 beneficium
2549 837 2636 886 est
2674 849 2898 888 servum
2933 833 3131 888 eadem
3159 822 3389 904 perpeti

1788 933 1911 988 quae
1940 919 2212 974 Dominus
2243 938 2541 992 perpessus
2572 922 2682 977 sit?
2708 922 2881 995 Atqui
2909 939 3012 978 nos
3040 921 3386 994 permultum

1785 1005 1855 1059 ab
1884 1007 2060 1078 ipsius
2088 1010 2427 1065 cruciatibus
2455 1012 2656 1067 remoti
2688 1029 2901 1068 sumus.
2933 1013 3064 1068 Haec
3084 1017 3272 1066 tecum
3301 1026 3389 1065 re-

1785 1101 1939 1166 puta,
1969 1098 2337 1167 cogitationes
2357 1100 2670 1168 destruens,
2697 1108 2754 1156 et
2774 1118 3000 1157 omnem
3026 1100 3386 1156 altitudinem

1787 1186 2143 1240 extollentem
2166 1205 2225 1242 se
2245 1189 2509 1245 adversus
2538 1192 2831 1246 scientiam
2852 1191 2975 1257 Dei,
2994 1195 3051 1245 et
3078 1191 3137 1245 in
3157 1188 3387 1262 captivi-

1787 1279 1963 1329 tatem
2016 1276 2276 1347 redigens
2334 1295 2558 1334 omnem
2614 1296 2843 1335 sensum
2889 1281 2947 1335 in
3001 1278 3389 1335 obedientiam

1787 1364 1999 1419 Christi
2038 1367 2121 1433 (II
2159 1368 2282 1421 Cor.
2323 1368 2399 1437 x).
2471 1369 2542 1423 Et
2588 1386 2695 1441 pax
2746 1369 2867 1437 Dei,
2918 1386 3040 1441 quae
3088 1373 3389 1440 exsuperat

1785 1470 2010 1508 omnem
2042 1471 2287 1522 sensum,
2316 1457 2594 1513 custodiat
2613 1475 2709 1513 cor
2734 1463 2918 1527 tuum,
2942 1463 2999 1513 et
3016 1457 3384 1529 cogitationes

1784 1549 1909 1597 tuas
1936 1544 1997 1597 in
2026 1544 2249 1599 Christo
2268 1547 2401 1601 Jesu
2427 1547 2657 1617 (Philip.
2691 1550 2786 1617 Iv).

1857 1632 1967 1687 Hac
1995 1634 2249 1689 oratione
2276 1652 2311 1689 a
2333 1637 2628 1692 Barlaamo
2653 1637 2862 1705 habita,
2894 1638 3167 1709 Josaphat
3191 1636 3385 1692 infini-

112 1730 224 1783 vitze
244 1729 585 1795 monasticae,
609 1733 731 1783 tum
751 1728 998 1795 initium,
1019 1732 1141 1781 tum
1167 1728 1338 1781 ﬁnem
1367 1745 1489 1782 esse
1519 1711 1763 1783 existi-B
1784 1724 1902 1776 tam
1933 1723 2042 1777 vim
2071 1725 2449 1796 lacrymarum
2478 1727 2743 1798 pI'OfUdit,
2789 1728 2869 1782 sic
2910 1744 3132 1799 nempe,
3168 1733 3234 1783 ut
3255 1732 3386 1782 ωη-

113 1836 277 1874 mans.
304 1819 398 1874 Sic
425 1836 651 1890 semper
679 1836 745 1873 ea
776 1835 899 1891 quae
922 1836 955 1872 a
988 1823 1148 1889 tergo
1179 1823 1312 1873 sunt
1348 1818 1695 1888 obliviscens,

1786 1827 1954 1881 quam
1986 1828 2051 1865 ex
2078 1811 2364 1870 uberrimo
2393 1814 2545 1870 fonte
2576 1817 2968 1883 scaturientes,
3002 1816 3193 1888 ipsum
3222 1832 3386 1890 pror-

114 1916 267 1981 atque
286 1909 356 1963 ad
384 1925 453 1963 ea
470 1925 593 1980 quae
616 1926 648 1962 a
667 1908 850 1963 fronte
865 1913 999 1963 sunt
1016 1908 1260 1978 teipsum
1285 1909 1608 1975 extendens,
1630 1910 1701 1964 ad
1785 1917 1899 1967 SllS,
1943 1917 2007 1955 ac
2036 1906 2245 1957 terram
2275 1903 2335 1958 in
2365 1921 2477 1976 qua
2522 1905 2769 1971 sedebat,
2804 1906 3149 1979 proluerent.
3199 1907 3387 1978 Atque

113 1990 439 2054 destinatum
459 2015 819 2070 persequere,
831 2000 902 2053 ad
922 1998 1176 2053 bravium
1192 2014 1447 2070 supernae
1464 2000 1695 2055 vocatio-

1783 1989 1922 2061 ipse,
1954 1990 2279 2061 hujusmodi
2307 1993 2604 2050 dissidium
2638 1995 2956 2067 deplorans,
2989 2011 3262 2067 perquam
3291 2011 3386 2051 ar-

116 2088 192 2143 uis
218 2088 316 2143 Dei
344 2089 404 2144 in
434 2089 659 2143 Christo
679 2090 811 2143 Jesu
835 2088 1055 2159 (Philip.
1088 2090 1197 2157 In),
1220 2088 1698 2159 quemadmodum

112 2183 319 2233 sanctus
353 2178 657 2249 Apostolus
684 2178 771 2232 his
796 2177 979 2232 verbis
1005 2178 1283 2231 hortatur:
1319 2178 1446 2231 Non
1472 2178 1700 2232 deﬁcia-

114 2283 252 2324 mus:
274 2268 369 2321 sed
399 2266 535 2321 licet
562 2266 609 2320 is
635 2267 730 2338 qui
748 2266 884 2322 foris
915 2272 1001 2321 est
1023 2267 1192 2321 homo
1221 2272 1415 2321 noster
1443 2283 1696 2322 corrum-

113 2356 544 2426 patur,tamen'is
565 2356 827 2427 quiintus
848 2362 933 2415 est
946 2357 1326 2411 renovaturde
1341 2356 1501 2411 diein
1522 2357 1691 2412 diem.

113 2446 239 2501 Nam
266 2446 412 2518 quod
450 2451 909 2501 momentaneum
942 2451 1028 2501 est
1064 2451 1121 2500 et
1156 2447 1274 2501 leve
1312 2445 1695 2502 tribulationis

114 2541 313 2602 nostrae,
332 2553 507 2608 supra
526 2536 757 2591 modum
777 2536 835 2590 in
851 2535 1196 2591 sublimitate
1211 2541 1482 2591 aeternum
1503 2537 1696 2607 gloriae

112 2626 308 2696 pondus
325 2629 595 2698 operatur
609 2626 667 2681 in
681 2626 860 2693 nobis,
877 2642 989 2680 non
1003 2625 1513 2698 contemplantibus
1535 2626 1695 2682 nobis

109 2732 217 2785 quae
234 2715 510 2783 videntur,
529 2717 643 2771 'sed
672 2733 795 2787 quae
826 2732 939 2770 non
963 2714 1243 2770 videntur.
1277 2717 1414 2780 Quae
1435 2716 1587 2771 enim
1608 2717 1695 2771 vi-

106 2804 288 2860 dentur
313 2806 652 2878 temporalia
691 2811 841 2873 sunt,
879 2821 1002 2877 quae
1034 2810 1225 2860 autem
1254 2821 1367 2861 non
1408 2806 1685 2873 videntur,

109 2900 295 2950 aeterna
317 2896 403 2967 (II
427 2897 555 2952 Cor.
598 2896 690 2965 Iv).

170 2984 289 3039 Haec
314 3002 439 3040 cum
471 2986 661 3041 animo
691 2991 790 3040 tuo
820 2993 1112 3058 reputans,
1136 2987 1223 3041 vir
1243 2987 1589 3052 charissime,
1615 2988 1692 3042 vi-

1783 2078 1981 2134 denter
2008 2079 2077 2135 ab
2107 2097 2172 2135 eo
2195 2082 2585 2152 contendebat,
2609 2096 2673 2139 ut
2693 2085 2965 2157 postremi
2989 2085 3141 2141 illius
3163 2085 3385 2141 itineris

1782 2169 2041 2224 comitem
2073 2187 2132 2224 se
2158 2170 2468 2240 adhiberet,
2500 2190 2603 2228 nec
2625 2180 2753 2246 post
2780 2174 2958 2246 ipsius
2985 2175 3293 2230 discessum
3322 2175 3385 2231 in

1779 2260 1990 2314 mundo
2017 2261 2138 2331 jam
2172 2267 2509 2329 remaneret,
2539 2262 2628 2319 his
2652 2264 2834 2319 verbis
2862 2270 3028 2319 utens
3054 2284 3070 2320 ε
3094 2264 3383 2337 Ecquid,o

1778 2354 1959 2420 pater,
1981 2350 2064 2403 tui
2084 2350 2375 2419 duntaxat,
2400 2369 2465 2407 ac
2482 2369 2595 2407 non
2617 2353 2857 2425 proximi
2874 2354 3153 2410 rationem
3169 2354 3383 2411 habes?

1780 2439 2035 2502 Quonam
2068 2445 2258 2495 autem
2288 2442 2454 2496 modo
2483 2442 2588 2497 hac
2615 2442 2676 2498 in
2709 2460 2771 2498 re
2801 2444 3059 2515 perfectae
3089 2444 3381 2501 charitatis

1780 2528 1961 2583 officio
1988 2529 2239 2601 fungeris
2264 2530 2392 2602 (pro
2418 2547 2484 2586 eo
2515 2537 2684 2604 atque
2717 2549 2753 2588 a
2778 2534 3000 2590 Christo
3031 2534 3243 2590 dictum
3270 2540 3375 2603 est,

1777 2618 1989 2690 Diliges
2008 2620 2325 2692 proximum
2354 2626 2518 2677 tuum
2537 2622 2684 2677 sicut
2702 2628 2760 2678 te
2784 2622 3013 2695 ipsum),
3029 2641 3157 2680 cum
3177 2630 3241 2681 tu
3260 2626 3384 2698 qui-

1779 2709 1907 2763 dem
1936 2709 2008 2764 ad
2036 2710 2290 2782 requiem
2316 2727 2535 2783 pergas,
2568 2728 2659 2767 me
2695 2717 2886 2769 autem
2915 2714 2975 2768 in
3019 2715 3381 2787 oppressione

1778 2804 1948 2871 atque
1979 2816 2233 2855 aerumna
2252 2801 2559 2873 relinquas,
2585 2819 2649 2857 ac
2677 2803 3007 2875 priusquam
3024 2803 3083 2859 in
3107 2804 3381 2876 religiosae

1774 2887 1898 2943 vita:
1928 2889 2351 2957 certaminibus,
2386 2896 2451 2946 ut
2478 2906 2582 2963 par
2614 2898 2717 2959 est,
2750 2893 3085 2959 exercitatus
3130 2894 3257 2963 sim,
3291 2911 3383 2951 va-

1773 2967 1998 3051 riasque
2020 2979 2268 3035 hostium
2290 2980 2524 3036 insidias
2543 2986 2863 3055 compertas
2886 2982 3146 3052 habeam,
3170 2986 3241 3041 ad
3266 2985 3379 3041 sin-

113 3073 270 3128 riliter
293 3091 392 3147 age
421 3081 483 3131 et
510 3076 824 3132 confortare
854 3079 1018 3144 (Psal.
1054 3076 1224 3149 xxu),
1251 3082 1421 3148 atque
1452 3082 1516 3132 ut
1536 3094 1691 3148 egre-
1713 3068 2031 3144 cgularem
2060 3086 2310 3140 pugnam
2342 3087 2471 3125 cum
2499 3071 2637 3143 iPSiS
2659 3073 2965 3128 ineunda!!!
2990 3090 3081 3130 me
3100 3074 3331 3146 objiCias
3353 3076 3378 3128 Τ

113 3163 219 3233 gius
238 3165 408 3231 miles,
430 3166 489 3220 id
507 3163 579 3220 da
596 3181 844 3237 operam,
860 3172 924 3221 ut
944 3166 994 3219 ei
1018 3166 1114 3238 qui
1136 3172 1191 3221 te
1212 3166 1448 3221 militem
1469 3167 1695 3239 scripsit

116 3253 312 3322 placeas
338 3258 421 3326 (ΙΙ
462 3257 606 3310 Tim.
640 3260 732 3321 II);
765 3272 868 3310 nec
900 3256 1155 3327 quamvis
1194 3255 1593 3311 imbecillitatis
1628 3274 1695 3311 ac

116 3339 373 3411 languoris
391 3343 761 3414 cogitationes
783 3343 1072 3414 improbus
1094 3342 1188 3397 ille
1218 3343 1451 3415 spiritus
1471 3344 1571 3397 tibi
1594 3345 1694 3399 im-

116 3430 298 3499 mittat,
320 3433 678 3506 institutique
704 3434 786 3488 tui
807 3449 1010 3488 nervos
1030 3433 1294 3502 frangere
1314 3450 1379 3488 ac
1400 3432 1693 3489 debilitare

115 3521 329 3589 studeat,
371 3523 552 3594 ipsius
598 3524 829 3577 insidias
877 3523 1261 3594 pertimescas,
1298 3523 1435 3577 illud
1467 3523 1693 3578 Domini

114 3618 421 3684 praeceptum
450 3618 644 3680 335
660 3612 929 3684 cogitans.
955 3613 1013 3667 in
1037 3612 1245 3667 mundo
1263 3629 1583 3684 pressuram
1598 3614 1697 3668 ha-

114 3695 325 3769 bebitis;
357 3703 453 3757 sed
476 3702 758 3768 confidite,
786 3719 887 3773 ego
918 3702 1021 3757 vici
1052 3702 1323 3756 mundum
1356 3704 1689 3777 (Joan.xv1).

115 3787 359 3852 Quocirca
384 3792 571 3863 gaude
590 3791 649 3846 in
672 3792 909 3846 Domino
931 3808 1171 3864 semper,
1194 3791 1463 3862 quoniam
1484 3792 1604 3863 ipse
1632 3797 1690 3847 te

116 3877 279 3949 elegit,
306 3887 473 3953 atque
505 3900 538 3936 a
568 3882 776 3937 mundo
798 3868 1116 3953 sejunctum
1146 3886 1275 3935 ante
1306 3880 1504 3935 faciem
1528 3899 1689 3938 suam

115 3973 295 4039 posuit.
310 3976 431 4047 Ipse
454 3982 669 4041 autem,
684 3975 779 4047 qui
794 3982 849 4029 te
871 3974 1160 4029 vocatione
1186 3991 1289 4028 sua
1312 3980 1504 4029 sancta
1526 3993 1690 4031 voca-

116 4061 195 4127 vit,
213 4080 371 4136 prope
395 4072 750 4137 estsemper.
777 4065 932 4120 Nihil
955 4065 1145 4136 itaque
1168 4065 1436 4121 sollicitus
1466 4066 1561 4132 sis,
1590 4066 1688 4121 sed

114 4147 161 4204 in
178 4153 317 4208 omni
346 4155 600 4210 oratione
628 4161 797 4225 atque
819 4154 1201 4209 obsecratione
1223 4171 1350 4210 cum
1374 4155 1689 4225 gratiarum

114 4240 303 4298 actione
331 4245 628 4315 petitiones
656 4253 768 4300 tum
794 4245 1147 4299 innotescunt
1168 4245 1317 4315 apud
1338 4246 1515 4300 Deum
1539 4246 1637 4314 (Ph
1650 4249 1690 4299 ί-

117 4330 198 4397 lip.
228 4331 313 4401 iv).
340 4335 462 4405 Ipse
483 4334 633 4389 enim
664 4334 806 4389 dixit
827 4351 838 4386 :
863 4335 989 4388 Non
1017 4338 1071 4389 te
1093 4334 1368 4402 deseram,
1395 4352 1497 4390 nec
1526 4336 1688 4390 derc-

1778 3158 1848 3212 Et
1877 3174 1986 3230 quo
2018 3158 2287 3229 quidnam
2312 3160 2465 3215 aliud
2483 3161 2807 3233 contingere
2838 3167 3040 3234 potest,
3071 3162 3178 3218 nisi
3199 3167 3264 3219 ut
3290 3181 3379 3219 ve-

1775 3246 2061 3305 teratoriis
2086 3248 2339 3319 ipsorum
2370 3249 2586 3305 artibus
2607 3256 2949 3322 prosternar,
2978 3257 3147 3324 atque
3174 3257 3241 3307 ut
3265 3253 3378 3309 im-

1776 3336 1970 3408 peritis
1984 3352 2048 3391 ac
2060 3336 2273 3392 timidis
2292 3338 2697 3408 gladiatoribus
2718 3357 2825 3396 usu
2844 3342 3033 3396 venire
3049 3342 3210 3405 solet,
3225 3358 3376 3399 sem-

1776 3427 2058 3499 piternam
2088 3427 2291 3481 animae
2321 3433 2562 3483 mortem
2588 3430 2896 3501 oppetam?
2924 3430 3010 3485 Ad
3049 3430 3372 3498 Dominum,

1778 3533 1983 3588 quaeso,
2008 3533 2145 3588 roga
2173 3523 2341 3589 atque
2363 3517 2611 3585 obsecra,
2632 3524 2697 3573 ut
2723 3535 2811 3573 me
2839 3536 3063 3593 quoque
3089 3521 3175 3575 tui
3200 3537 3230 3576 e
3257 3522 3377 3577 vita

1778 3607 2053 3662 discessus
2099 3607 2312 3663 socium
2353 3608 2609 3675 asciscas,
2657 3608 2715 3663 id
2760 3614 2826 3663 ut
2875 3609 3066 3677 facias,
3103 3626 3208 3682 per
3251 3627 3376 3668 eam

1776 3696 1958 3768 ipsam
1985 3713 2143 3768 spem
2175 3713 2346 3769 quam
2373 3697 2546 3752 habes
2575 3698 2694 3753 fore
2732 3703 2798 3754 ut
2821 3698 3029 3755 laboris
3055 3701 3374 3758 mercedem

1776 3786 2069 3858 percipias,
2101 3791 2157 3842 te
2186 3786 2452 3842 obtestor.
2471 3788 2607 3855 Hoc,
2638 3789 2889 3860 inquam,
2913 3805 2948 3843 a
2972 3789 3088 3846 Deo
3112 3790 3372 3862 precibus

1774 3877 2065 3941 contende,
2101 3882 2166 3931 ut
2192 3893 2261 3932 ne
2302 3878 2533 3933 unicum
2577 3877 2805 3950 quidem
2845 3878 2995 3934 diem
3039 3883 3167 3952 post
3212 3884 3378 3937 tuum

1773 3966 2078 4022 discessum
2099 3966 2157 4021 in
2188 3967 2292 4021 hac
2318 3967 2435 4022 vita
2462 3967 2808 4039 peregriner,
2837 3972 3007 4041 atque
3026 3968 3085 4024 in
3104 3969 3375 4026 densissi-

1771 4072 1863 4110 ma
1890 4057 1995 4110 hac
2024 4056 2328 4111 solitudine
2357 4056 2637 4112 oberrem.

1842 4146 1973 4201 Hzec
1992 4162 2119 4200 cum
2145 4146 2418 4218 Josaphat
2443 4148 2672 4219 plorans
2698 4148 2929 4218 diceret,
2956 4165 3126 4205 senex
3153 4150 3372 4223 placide

1772 4253 1836 4290 ac
1864 4237 2069 4290 leniter
2095 4236 2281 4308 ipsum
2296 4237 2627 4309 reprimens,
2652 4238 2754 4294 Dei
2769 4239 3015 4311 judiciis,
3040 4240 3373 4315 inquit,qua3

1771 4327 1974 4381 mentis
1996 4327 2257 4382 humanae
2279 4333 2507 4400 captum
2531 4328 2824 4392 excedunt,
2841 4328 3118 4386 obluctari
3141 4330 3374 4386 minime

115 4414 357 4489 linquam.
390 4424 520 4478 Hec
558 4423 749 4494 itaque
779 4423 838 4477 in
875 4422 1001 4477 vitae
1045 4422 1258 4477 duritia
1304 4440 1371 4477 ac
1414 4423 1687 4493 religiosae
1705 4413 1752 4474 Ι)
1772 4416 2059 4473 debemus.
2078 4418 2221 4473 Nam
2242 4434 2365 4488 ego,
2394 4434 2522 4473 cum
2550 4419 2620 4473 de
2650 4419 2754 4475 hac
2771 4435 2833 4474 re
2862 4420 3073 4475 multas
3100 4419 3172 4474 ad
3191 4420 3373 4477 Deum

56 4514 59 4517 ‘
118 4509 503 4568 exercitationis
530 4511 742 4567 vilitate
767 4518 952 4567 tecum
977 4513 1094 4584 ipse
1118 4517 1405 4584 reputans,
1432 4513 1487 4567 in
1511 4514 1685 4567 animi

118 4596 370 4670 voluptate
395 4619 635 4668 versare,
667 4602 892 4657 Domini
915 4602 1016 4657 Dci
1045 4601 1223 4656 nostri
1247 4602 1579 4657 memoriam
1606 4619 1691 4658 re-

119 4682 297 4743 tinens.
329 4690 544 4747 Memor
574 4692 741 4759 enim,
784 4691 989 4762 inquit,
1021 4690 1100 4746 fui
1145 4692 1265 4757 Dei,
1300 4698 1356 4746 et
1382 4693 1689 4748 delectatus

120 4787 225 4829 sum
250 4765 409 4850 '(Psal.
443 4783 649 4850 LXXVI).

182 4863 309 4922 Cum
336 4874 522 4926 autem
556 4889 781 4927 rursum
811 4871 1166 4927 adversarius
1198 4872 1352 4927 aliud
1382 4872 1440 4927 in
1472 4878 1526 4927 te
1556 4870 1689 4928 belli

120 4967 273 5018 genus
308 4962 719 5032 excogitaverit,
754 4961 1021 5017 sublimes
1069 4979 1270 5033 nempe
1309 4967 1479 5034 atque
1529 4980 1687 5019 arro-

117 5050 290 5109 gantes
310 5051 671 5121 cogitationes
690 5068 1027 5125 proponens,
1044 5052 1315 5124 regnique
1338 5054 1547 5108 terreni
1570 5055 1687 5124 glo-

119 5130 242 5189 riam
266 5153 429 5208 quam
450 5142 747 5214 reliquisti,
768 5147 1079 5213 czeteraque
1102 5159 1223 5213 quae
1250 5142 1306 5197 in
1327 5143 1535 5198 mundo
1556 5149 1688 5199 sunt

121 5217 206 5306 tibi
221 5223 274 5279 in
293 5229 461 5285 oculis
479 5231 774 5299 collocans,
796 5230 1145 5293 salutiferam
1168 5232 1479 5287 doctrinam
1508 5234 1685 5306 clypci

122 5305 273 5367 instar
300 5317 551 5388 obtende,
587 5320 866 5376 dicentem
892 5340 902 5375 :
934 5323 1074 5376 Cum
1094 5322 1338 5378 feceritis
1361 5305 1691 5395 omniaquae

128 5410 373 5475 lecepta
416 5415 549 5465 sunt
576 5410 750 5478 vobis,
785 5410 951 5467 dicite
983 5429 994 5463 :
1026 5412 1180 5466 Servi
1213 5412 1442 5467 inutiles
1473 5430 1687 5479 sumus,

127 5492 360 5555 ‘luoniam
386 5498 443 5554 id
470 5501 617 5573 quod
659 5500 839 5557 facere
889 5500 1205 5568 debuimus,
1252 5501 1485 5558 fecimus
1526 5506 1699 5574 (Lucas

127 5579 255 5651 XVII).
284 5581 349 5641 Et
386 5589 612 5663 quidem
643 5590 766 5667 quis
812 5596 1067 5647 nostrum
1106 5589 1357 5648 dcbitum
1396 5591 1554 5661 illud,
1588 5609 1698 5665 quo

1773 4524 1966 4578 preces
2000 4508 2289 4575 fudissem,
2328 4523 2576 4581 eumque
2612 4508 2702 4565 cui
2740 4508 2895 4564 nulla
2923 4509 3007 4563 vis
3052 4509 3239 4565 afferri
3282 4526 3382 4582 po-

1773 4602 1900 4665 test,
1933 4599 2087 4653 velut
2113 4614 2215 4670 per
2254 4599 2370 4653 vim
2403 4600 2631 4670 adigere
2667 4603 3003 4665 tentassem,
3029 4602 3094 4653 ut
3122 4614 3194 4653 ne
3224 4599 3375 4655 inter

1772 4704 1874 4742 nos
1895 4688 2000 4759 disj
2011 4705 2367 4760 ungeremur,
2385 4688 2455 4743 ab
2480 4689 2657 4760 ipsius
2672 4687 2923 4743 bonitate
2941 4688 3048 4743 hoc
3066 4686 3253 4755 didici,
3273 4688 3376 4745 mi-

1773 4777 1923 4832 nime
1951 4778 2053 4833 tibi
2084 4795 2231 4834 nunc
2259 4777 2606 4833 conducibile
2635 4794 2756 4833 esse
2785 4777 2971 4833 carnis
2992 4793 3138 4834 onus
3166 4777 3376 4850 abjice-

1774 4884 1855 4935 re,
1887 4884 2083 4923 verum
2114 4868 2173 4923 in
2198 4868 2461 4939 religiosa
2494 4867 2895 4924 exercitatione
2920 4868 3123 4926 tandiu
3150 4885 3377 4943 perma-

1773 4974 1924 5023 nere,
1971 4958 2155 5030 quoad
2195 4957 2632 5031 splendidiorem
2661 4974 2930 5014 coronam
2961 4958 3067 5015 tibi
3108 4960 3374 5015 texueris.

1772 5048 2036 5103 Nondum
2065 5048 2213 5103 enim
2246 5065 2347 5121 pro
2390 5066 2455 5104 ea
2486 5065 2609 5121 quae
2633 5047 2736 5104 tibi
2764 5055 2966 5121 parata
2993 5055 3081 5105 est
3118 5048 3379 5105 mercede

1770 5139 1904 5193 satis
1930 5139 2228 5194 decertasti
2252 5157 2264 5207 ;
2289 5155 2484 5194 verum
2506 5140 2739 5211 paulum
2768 5140 2950 5195 adhuc
2978 5139 3197 5195 labores
3214 5155 3379 5212 apor-

1771 5236 1872 5295 tet,
1890 5234 1954 5284 ut
1973 5230 2133 5284 laetus
2159 5229 2217 5284 in
2242 5229 2468 5284 Domini
2489 5230 2574 5284 tui
2592 5229 2866 5301 gaudium
2885 5229 3082 5285 intres.
3106 5230 3251 5284 Nam
3274 5244 3382 5301 ego

1776 5320 2002 5392 quidem
2024 5322 2141 5391 jam
2174 5335 2316 5392 pene
2346 5319 2721 5386 centenarius,
2743 5334 2919 5374 annos
2940 5318 3191 5390 quinque
3211 5322 3270 5373 et
3296 5333 3380 5374 se-

1781 5411 2078 5481 ptuaginta
2123 5409 2182 5464 in
2236 5409 2341 5463 hac
2397 5409 2700 5465 solitudine
2757 5408 2987 5463 confeci.
3044 5407 3168 5462 Tibi
3226 5424 3377 5475 vero.

1782 5500 2005 5556 etiamsi
2035 5517 2147 5556 non
2176 5505 2334 5556 tanta
2353 5499 2623 5572 temporis
2644 5514 2805 5554 mora
2819 5497 3011 5555 futura
3026 5502 3135 5562 est,
3159 5502 3219 5553 at
3231 5504 3381 5557 certe

1783 5591 1851 5647 ad
1886 5591 1943 5647 id
1963 5592 2228 5664 spatium,
2256 5596 2321 5647 ut
2350 5590 2515 5667 jubet
2550 5588 2841 5661 Dominus,
2882 5587 3113 5664 propius
3152 5589 3383 5646 accedas
