3868 6378
471 304 574 364 599

1480 306 1572 360 DE
1611 306 1798 362 VITIS
1837 308 2132 364 PATRUM
2170 308 2385 364 LIBER
2422 305 2712 361 PRIMUS.

3644 301 3756 357 600

469 451 695 490 necesse
724 439 826 500 est,
862 448 971 504 quo
999 431 1066 485 iis
1099 433 1258 487 nulla
1284 449 1348 485 ex
1380 437 1540 504 parte
1568 431 1799 487 inferior
1827 433 1922 496 sis,
1957 433 2054 504 qui
2074 436 2124 494 Α
2142 431 2576 503 disjunctionem
2615 431 2909 500 aegerrime
2936 428 3125 483 animo
3155 428 3378 483 ferenti.
3409 429 3540 482 Jam
3557 433 3752 482 autem

467 523 577 580 diei
607 529 666 580 et
691 527 859 578 aestus
885 521 1104 593 pondus
1132 521 1487 592 pertulerunt
1511 523 1728 589 (.llauh.
1761 523 1871 591 xx).
1906 523 2057 586 Qua-

467 618 714 685 propter,
736 627 770 666 ο
794 610 992 675 amice,
1025 627 1147 681 qua:
1175 626 1209 664 a
1232 611 1350 666 Deo
1377 611 1603 665 decreta
1630 616 1781 676 sunt,
1801 619 2058 682 prompto

465 719 530 757 ac
573 698 787 756 lubenti
817 698 1006 754 animo
1043 699 1253 770 accipe.
1286 700 1431 754 Nam
1463 717 1586 770 quae
1632 700 1752 770 ipse
1793 699 2055 762 decrevit,

466 791 590 863 quis
639 789 868 846 tandem
918 788 1242 842 mortalium
1292 788 1566 860 dissipare
1617 788 1825 860 queat?
1876 791 2060 858 Atque

461 880 637 952 ipsius
663 878 848 950 gratia
875 883 1253 943 conservatus,
1281 878 1638 932 tolerantiam
1668 883 1889 950 praesta.

533 969 678 1026 Illud
693 974 864 1023 etiam
877 983 1031 1032 cura,
1047 972 1112 1020 ut
1131 967 1398 1021 adversus
1418 967 1674 1022 inimicas
1694 967 2060 1036 cogitationes

461 1057 648 1114 animo
685 1055 939 1123 excubes,
972 1073 1040 1110 ac
1079 1056 1282 1110 mentis
1311 1056 1638 1127 puritatem,
1671 1072 1783 1110 non
1805 1073 1963 1109 secus
1995 1072 2059 1108 ac

461 1147 762 1219 quemdam
777 1145 1021 1216 ingentis
1041 1145 1206 1217 pretii
1226 1145 1576 1207 thesaurum,
1597 1145 1811 1198 salvum
1835 1151 1892 1198 et
1913 1145 2059 1198 inco-

459 1239 670 1292 lumem
689 1252 895 1301 serves,
916 1236 988 1290 ad
1013 1233 1404 1290 sublimiorem
1430 1234 1708 1288 actionem
1732 1240 1786 1288 et
1815 1241 2060 1288 contem-

460 1325 764 1396 plationem
790 1323 848 1378 in
876 1325 996 1378 dies
1020 1323 1266 1394 teipsum
1292 1323 1620 1394 provehens,
1655 1330 1716 1377 ut
1745 1322 1884 1378 illud
1914 1323 1971 1378 in
2003 1329 2057 1376 te

460 1414 780 1485 impleatur,
812 1414 958 1484 quod
989 1412 1264 1468 Dominus
1294 1411 1488 1466 amicis
1507 1413 1623 1466 suis
1653 1413 1932 1484 promisit,
1968 1412 2055 1465 his

460 1501 642 1558 verbis
666 1509 869 1557 utens:
903 1502 961 1557 Si
993 1502 1118 1574 quis
1153 1501 1338 1572 diligit
1363 1518 1471 1569 me,
1507 1518 1825 1556 sermonem
1862 1517 2052 1556 meum

459 1591 723 1658 servabit,
754 1597 811 1647 et
839 1591 1010 1647 Pater
1036 1607 1194 1646 meus
1223 1590 1421 1662 diliget
1447 1607 1597 1657 eum,
1628 1597 1684 1645 et
1711 1591 1783 1645 ad
1805 1608 1934 1645 cum
1958 1605 2052 1644 ve-

457 1680 698 1747 niemus,
731 1685 790 1736 et
816 1679 1163 1735 mansionem
1209 1678 1357 1751 apud
1393 1696 1524 1734 eum
1571 1679 1836 1735 faciemus
1865 1681 2051 1751 (Joan.

2139 523 2360 576 lucente
2389 520 2478 575 die
2517 536 2718 574 manus
2745 525 2915 590 atque
2941 517 3134 573 oculos
3161 518 3219 572 in
3249 517 3453 572 caelum
3494 516 3749 582 sustulit,

2141 612 2367 680 Deoque
2393 609 2608 680 gratias
2628 609 2888 673 reddens,
2921 607 3026 662 hoc
3053 622 3310 662 sermone
3339 622 3480 661 usus
3517 611 3633 664 est.

2213 717 2450 771 Domine
2478 716 2628 770 Deus
2657 713 2938 785 meus,qui
2959 713 3166 786 ubique
3183 729 3430 784 praesens
3460 729 3542 777 es,
3575 718 3748 784 atque

2144 811 2334 864 omnia
2353 807 2790 880 iinples.gratias
2811 807 2911 861 tibi
2930 807 3330 878 ago,quoniam
3361 805 3748 860 humilitatem

2142 915 2327 952 meam
2369 897 2663 969 respexisti
2715 899 2880 962 (Psal.
2915 901 2989 963 L),
3013 903 3184 966 atque
3212 895 3316 949 hoc
3352 893 3494 949 mihi
3522 910 3747 950 conces-

2143 987 2356 1053 sisti,ut
2369 988 2426 1040 in
2447 986 2756 1040 orthodoxa
2773 991 2872 1039 tua
2887 985 3080 1051 tide,et
3098 983 3499 1038 mandatorum
3514 989 3744 1038 tuorum

2143 1077 2246 1142 via,
2279 1077 2513 1146 hujusce
2534 1074 3000 1146 peregrinationis
3029 1089 3254 1128 cursum
3278 1072 3638 1127 absolverim.
3663 1074 3739 1127 Ac

2141 1183 2308 1230 nunc,
2333 1165 2542 1236 Optime
2572 1163 2827 1227 Domine,
2849 1169 3018 1234 atque
3035 1163 3107 1216 ad
3134 1161 3584 1216 misericordiam
3613 1178 3742 1233 pro-

2142 1254 2555 1326 pensissime,in
2575 1259 2785 1308 aeterna
2799 1251 3162 1306 tabernacula
3180 1257 3282 1306 tua
3309 1268 3402 1306 me
3423 1251 3742 1323 recipe,nec

2142 1362 2208 1398 ea
2223 1344 2496 1398 memoria
2521 1342 2701 1397 retine
2730 1358 2854 1413 quae
2877 1341 2962 1395 vel
2993 1341 3175 1395 sciens
3207 1341 3291 1395 vel
3321 1340 3574 1395 insciens
3609 1341 3669 1394 in
3688 1347 3741 1394 te

2137 1433 2378 1506 peccavi.
2394 1435 2672 1488 Conserva
2695 1436 2887 1486 autem
2908 1430 3078 1485 etiam
3097 1429 3321 1485 fidelem
3346 1429 3500 1484 hunc
3515 1446 3738 1484 servum

2134 1528 2194 1577 tu
2203 1540 2294 1577 um
2310 1522 2399 1578 cui
2412 1539 2502 1578 me
2513 1520 2773 1576 inutilem
2783 1519 3055 1576 famulum
3066 1524 3227 1574 tuum
3240 1535 3484 1592 praeesse
3494 1519 3740 1574 voluisti.

2135 1611 2220 1665 Ab
2240 1611 2392 1666 omni
2418 1611 2662 1666 vanitate
2701 1615 2871 1680 atque
2911 1609 3216 1663 adversarii
3232 1608 3529 1664 vexatione
3553 1609 3740 1681 ipsum

2137 1701 2315 1755 exime
2345 1719 2354 1752 :
2394 1700 2646 1770 illudque
2675 1699 2851 1763 effice,
2889 1703 2953 1752 ut
2990 1697 3378 1752 nodosissimis
3415 1697 3488 1752 iis
3521 1699 3740 1770 laqueis

458 1769 592 1838 nvl-
635 1769 783 1862 Ῑίᾶῗον
816 1783 880 1862 FC
909 1768 1084 1862 {nu-‘30
1113 1767 1201 1824 his
1230 1768 1393 1862 Ρξξπα
1419 1767 1773 1862 δξιηοίίδδίτυη
1806 1768 1898 1821 illa
1927 1768 2051 1821 ani“
2069 1795 2113 1854 Β
2139 1808 2278 1862 quos
2296 1767 2652 1844 diabolus—ad
2675 1804 2868 1843 eorum
2888 1787 3142 1842 omnium
3161 1786 3364 1858 quibus
3392 1787 3546 1842 salus
3573 1767 3732 1843 cordi

454 1875 568 1926 ma,
599 1873 664 1914 ac
684 1857 998 1928 theologica
1027 1857 1221 1928 lingua
1251 1856 1423 1928 digna
1449 1856 1668 1912 locutus
1699 1874 1884 1923 senex,
1911 1874 2049 1910 moe-

453 1953 671 2004 rentem
699 1947 875 2020 ipsius
907 1946 1159 2002 animum
1187 1946 1402 2001 lenivit.
1436 1946 1650 2002 Deinde
1679 1946 1750 2000 ad
1779 1945 2048 2017 quosdam

451 2038 666 2103 fratres,
693 2036 858 2108 longe
878 2036 1170 2092 intervallo
1189 2039 1384 2103 380
1411 2035 1481 2089 ab
1511 2036 1630 2107 ipso
1659 2035 1902 2100 dissitos,
1920 2052 2049 2090 eum

451 2126 736 2193 amandat,
776 2131 842 2182 ut
870 2141 939 2180 ea
967 2142 1089 2197 quae
1126 2125 1197 2179 ad
1245 2131 1664 2179 sacrosanctum
1713 2125 2049 2180 sacriﬁcium

451 2215 857 2274 conficiendum
868 2215 1291 2271 accommodata
1300 2220 1464 2269 erant
1479 2215 1722 2269 afferret.
1743 2215 1810 2269 Et
1821 2215 2048 2286 quidem

450 2305 721 2378 Josaphat
761 2305 1078 2377 praecinctis
1115 2303 1362 2359 vestibus
1408 2321 1578 2376 quam
1618 2304 1909 2358 celerrime
1945 2306 2048 2359 hoc

451 2395 829 2452 ministerium
857 2395 1212 2466 exsequitur;
1237 2393 1532 2448 verebatur
1547 2393 1694 2449 enim
1727 2410 1796 2447 ne
1817 2393 2048 2448 absente

451 2485 712 2540 Barlaam
732 2483 982 2538 debitum
1004 2490 1218 2538 natura:
1243 2500 1446 2538 munus
1468 2483 1826 2555 persolveret,
1849 2499 1913 2535 ac
1935 2483 2048 2537 Do-

451 2573 605 2630 mino
634 2573 892 2646 spiritum
925 2573 1183 2639 reddens,
1215 2590 1383 2643 grave
1413 2573 1517 2627 sibi
1537 2572 1940 2627 detrimentum
1960 2572 2048 2626 in-

453 2663 640 2725 ferret,
657 2662 936 2734 siquidem
959 2668 1015 2717 et
1042 2661 1337 2718 verborum
1359 2669 1418 2716 et
1434 2667 1812 2716 extremarum
1838 2661 2050 2716 allocu-

452 2751 672 2807 tionum
698 2757 757 2807 et
783 2751 1103 2806 orationum
1133 2751 1310 2823 ipsius
1341 2768 1537 2822 expers
1566 2750 1780 2805 fuisset.

527 2841 854 2911 Cumigitur
875 2839 1240 2912 longinquum
1258 2840 1395 2894 illud
1413 2839 1522 2894 iter
1541 2839 1848 2894 fortissimo
1861 2839 2047 2893 animo

453 2930 800 2996 confecisset,
835 2935 1005 3002 atque
1035 2946 1102 2984 ea
1129 2946 1250 3000 quae
1281 2929 1352 2985 ad
1381 2935 1800 2983 sacrosanctum
1831 2928 2046 2982 sacriﬁ-

453 3021 602 3077 cium
623 3037 762 3093 opus
783 3025 946 3075 erant
971 3019 1271 3083 attulisset,
1288 3017 1670 3073 divinissimus
1693 3018 1950 3072 Barlaam
1970 3019 2050 3073 in-

452 3114 748 3167 cruentum
770 3109 1105 3164 sacriﬁcium
1118 3110 1232 3164 Deo
1247 3108 1445 3163 obtulit
1462 3127 1473 3174 ;
1493 3125 1578 3179 pel
1593 3108 1878 3179 captisque
1897 3107 2054 3162 Chri-
2071 3115 2115 3176 ο

455 3201 526 3257 sti
553 3199 623 3256 ab
642 3199 795 3255 omni
816 3199 940 3254 labe
969 3199 1125 3271 puris
1154 3197 1460 3270 mysteriis,
1487 3213 1552 3251 ac
1578 3198 1883 3269 Josaphato
1914 3197 2052 3254 item

455 3288 773 3362 impertitis,
808 3287 1007 3360 spiritu
1036 3287 1349 3352 exsultavit,
1391 3292 1729 3358 sumptoque
1781 3287 1849 3342 de
1893 3306 2048 3343 more

455 3379 596 3446 cibo,
612 3377 953 3435 salutaribus
973 3394 1198 3434 rursum
1219 3375 1568 3432 sermonibus
1588 3375 1766 3448 ipsius
1793 3378 2050 3434 animum

455 3469 606 3524 alere
629 3469 819 3540 cmpit,
851 3467 939 3522 his
966 3466 1144 3522 verbis
1175 3473 1340 3522 utens
1366 3484 1378 3520 :
1412 3467 1538 3522 Non
1559 3467 1700 3536 jam,
1724 3467 2050 3524 charissime

457 3558 556 3627 ﬁli,
579 3574 682 3614 nos
709 3557 767 3612 in
791 3557 898 3612 hac
918 3557 1030 3612 vita
1059 3557 1256 3612 eadem
1275 3557 1476 3611 domus
1505 3572 1569 3612 ac
1591 3573 1787 3611 mensa
1815 3559 2052 3629 conjun-

455 3649 702 3720 get,jam
721 3646 872 3702 enim
893 3646 1154 3702 ultimam
1167 3652 1392 3718 patmm
1415 3664 1672 3702 meorum
1701 3648 1848 3701 viam
1871 3647 2056 3719 ingre-

457 3738 597 3794 dior.
632 3736 902 3803 Quocirca
930 3735 1031 3791 tibi
1057 3736 1375 3792 faciendum
1414 3742 1499 3792 est
1528 3744 1593 3792 ut
1621 3754 1721 3809 per
1759 3738 2055 3792 mandato-

457 3845 584 3886 rum
603 3827 918 3884 divinorum
947 3825 1414 3894 observationem,
1441 3832 1611 3900 atque
1637 3827 1695 3882 in
1717 3827 1822 3882 hoc
1843 3827 1964 3882 loco
1985 3827 2056 3882 ad

459 3924 772 3976 extremum
825 3933 1003 3989 usque
1041 3916 1165 3972 vita:
1212 3916 1362 3973 diem
1400 3917 1921 3985 commorationem,
1971 3917 2057 3972 tui

460 4023 596 4081 erga
623 4023 714 4063 me
749 4005 958 4062 amoris
995 4007 1278 4078 specimen
1318 4005 1617 4074 exhibeas;
1659 4007 1739 4061 sic
1785 4007 2055 4062 nimirum

459 4099 589 4152 vitae
615 4102 726 4152 tua)
756 4096 1002 4150 rationes
1037 4094 1358 4163 instituens,
1389 4096 1864 4167 quemadmodum
1909 4096 2054 4151 didi-

461 4186 606 4255 cisti,
627 4202 731 4241 nec
748 4201 1000 4258 unquam
1018 4184 1247 4256 abjectae
1267 4191 1438 4257 atque
1459 4185 1668 4256 ignavae
1688 4187 1889 4241 animae
1920 4203 2057 4241 mea:

462 4277 797 4334 memoriam
823 4275 1221 4330 intermittens.
1253 4277 1493 4331 Multum
1513 4277 1702 4348 itaque
1731 4277 1869 4343 vale,
1891 4282 2059 4348 atque

461 4367 521 4424 in
551 4365 775 4422 Christo
794 4365 1090 4432 delectare,
1114 4370 1282 4436 atque
1303 4365 1537 4429 exsulta,
1559 4365 1823 4438 quoniam
1837 4371 2062 4422 terrena

2135 1887 2222 1935 est
2249 1879 2612 1935 offensionem
2639 1876 2906 1950 expandit
2922 1875 3214 1932 sublimior
3237 1876 3460 1932 existat.
3494 1877 3738 1933 Omnem

2133 1969 2457 2042 impostoris
2486 1967 2816 2040 potentiam,
2841 1967 3198 2038 omnipotens
3217 1966 3386 2033 Deus,
3417 1983 3454 2021 a
3470 1966 3623 2022 servi
3655 1969 3737 2022 tui

2132 2060 2271 2114 facie
2299 2059 2422 2114 dele
2449 2077 2462 2125 ;
2508 2063 2678 2129 atque
2707 2074 2802 2112 eas
2831 2056 2939 2129 ipsi
2957 2056 3102 2110 vires
3127 2055 3284 2121 atl‘er,
3309 2061 3375 2110 ut
3402 2057 3740 2128 pestiferum

2131 2149 2308 2204 hostis
2327 2148 2646 2203 animarum
2657 2152 2980 2203 nostrarum
2991 2150 3162 2217 caput
3172 2145 3473 2216 proculcet.
3482 2145 3734 2218 Spiritus

2131 2238 2215 2293 tui
2235 2241 2412 2293 sancti
2434 2237 2677 2307 gratiam
2699 2253 2763 2290 ex
2785 2237 2899 2291 alto
2939 2235 2998 2290 in
3018 2250 3148 2289 eum
3172 2235 3425 2300 demitte,
3459 2240 3635 2306 atque
3665 2237 3736 2290 ad

2132 2327 2439 2384 invisibiles
2458 2327 2753 2381 conflictus
2773 2325 2946 2380 robur
2973 2324 3081 2396 ipsi
3102 2323 3264 2392 adde,
3285 2329 3349 2378 ut
3372 2323 3620 2379 victoriae
3651 2342 3742 2379 co-

2133 2431 2328 2470 ronam
2349 2432 2384 2470 a
2403 2421 2458 2471 te
2471 2419 2868 2486 consequatur,
2893 2430 2960 2468 ac
2979 2428 3184 2467 nomen
3205 2417 3387 2479 tuum,
3408 2429 3442 2466 o
3457 2412 3650 2478 Pater,
3673 2431 3741 2466 ac

2133 2505 2259 2560 Filii
2283 2504 2387 2570 tui,
2413 2510 2470 2559 et
2497 2504 2739 2575 Spiritus
2767 2502 2970 2568 sancti,
2993 2502 3053 2557 in
3073 2501 3195 2574 ipso
3232 2500 3565 2567 celebretur,
3597 2519 3740 2574 quo-

2133 2595 2287 2649 niam
2315 2600 2372 2648 te
2397 2595 2557 2648 decet
2586 2594 2708 2648 laus
2737 2599 2793 2648 et
2817 2593 3000 2664 gloria
3017 2591 3076 2646 in
3106 2591 3329 2647 saecula.
3361 2593 3563 2646 Amen.

2203 2702 2322 2756 Hac
2350 2700 2670 2772 precatione
2694 2700 2906 2766 habita,
2931 2716 3060 2754 cum
3090 2704 3323 2771 paterno
3349 2699 3554 2754 affectu
3573 2700 3738 2754 Josa-

2133 2791 2368 2862 phatum
2389 2790 2731 2860 complexus,
2761 2795 2931 2860 atque
2955 2789 3146 2843 osculo
3163 2793 3356 2842 sancto
3375 2788 3733 2842 exosculatus

2132 2879 2347 2944 fuisset,
2383 2896 2447 2934 ac
2461 2896 2582 2932 sese
2603 2879 2784 2934 crucis
2809 2879 2968 2948 signo
2989 2878 3301 2943 muniisset,
3326 2877 3612 2950 pedesque
3629 2894 3730 2932 ex-

2130 2969 2371 3034 tulisset,
2417 2968 2631 3039 ingenti
2665 2968 2862 3024 laetitia
2901 2967 3174 3040 perfusus,
3223 2983 3336 3022 non
3384 2984 3545 3022 secus
3576 2984 3640 3022 ac
3683 2969 3730 3022 si

2133 3059 2300 3113 amici
2321 3058 2551 3130 quidam
2571 3058 2954 3124 accessissent,
2973 3057 3043 3112 ad
3063 3057 3292 3112 beatum
3311 3056 3438 3122 iter,
3463 3062 3636 3128 atque
3655 3057 3729 3111 ad

2135 3147 2454 3219 recipienda
2491 3147 2666 3202 beata:
2715 3147 2864 3203 illius
2893 3147 3020 3203 vita;
3049 3146 3283 3219 praemia
3308 3146 3596 3220 profectus
3624 3151 3731 3202 est.

2135 3254 2302 3292 senex
2322 3238 2506 3309 plane,
2542 3254 2607 3292 ac
2635 3237 3014 3310 spiritualium
3038 3237 3258 3293 dierum
3284 3237 3506 3310 plenus.

2206 3356 2342 3411 CAP.
2374 3356 2490 3412 XL.
2507 3380 2571 3392 —
2601 3356 2870 3428 Josaphat
2898 3359 3085 3410 autem
3104 3370 3328 3410 summa
3347 3371 3477 3410 cum
3501 3372 3734 3410 venera-

2135 3446 2286 3500 tione
2315 3450 2484 3517 atque
2510 3446 2723 3516 ejulatu
2739 3452 2957 3518 patrem
2978 3444 3316 3516 complexus,
3343 3444 3727 3518 lacrymisque

2137 3534 2327 3589 abluto
2347 3534 2523 3606 ipsius
2551 3551 2799 3607 corpore,
2831 3539 3000 3606 atque
3019 3549 3216 3606 aspero
3238 3533 3334 3588 illo
3359 3533 3562 3598 cilicio,
3588 3535 3734 3606 quod

2137 3622 2208 3679 ab
2224 3640 2289 3677 eo
2313 3624 2371 3678 in
2393 3624 2523 3678 aula
2544 3631 2852 3698 acceperat,
2874 3624 3142 3690 involuto,
3168 3627 3466 3678 consuetos
3484 3624 3734 3695 psalmos

2139 3714 2358 3782 recitat,
2392 3730 2494 3786 per
2518 3719 2702 3768 totum
2736 3714 2885 3768 diem
2919 3730 2983 3768 ac
3017 3718 3196 3768 totam
3228 3717 3448 3768 noctem
3477 3713 3650 3768 simul
3679 3721 3735 3768 et

2138 3819 2363 3870 canens,
2396 3808 2452 3858 et
2481 3802 2792 3874 pretiosum
2819 3802 2969 3857 beati
2999 3801 3101 3857 viri
3129 3818 3332 3874 corpus
3359 3801 3630 3873 lacrymis
3659 3804 3738 3857 ri-

2137 3910 2298 3964 gans.
2330 3893 2606 3948 Postridie
2637 3897 2826 3948 autem
2875 3892 3072 3947 effosso
3095 3893 3259 3963 juxta
3287 3892 3614 3964 speluncam
3649 3909 3738 3948 se-

2140 3983 2351 4055 pulcro,
2387 3999 2451 4036 ac
2479 3999 2636 4038 sacro
2665 3999 2897 4054 corpore
2944 3986 3265 4036 reverenter
3299 3981 3606 4036 admodum
3636 3999 3738 4052 ge-

2137 4079 2303 4139 stato,
2337 4073 2689 4144 spiritualem
2732 4078 2950 4144 patrem
2981 4071 3238 4142 egregius
3267 4075 3324 4125 et
3368 4070 3738 4126 charissimus

2140 4163 2288 4218 ﬁlius
2316 4162 2648 4227 inliumavit,
2683 4161 3080 4232 ardentiusque
3109 4161 3296 4216 animo
3325 4161 3732 4226 inflammatus,

2141 4259 2310 4324 atque
2340 4252 2411 4306 ad
2441 4252 2752 4306 orationem
2781 4251 3028 4324 seipsum
3051 4267 3216 4324 quam
3237 4250 3479 4305 maxime
3509 4254 3738 4306 conten-

2141 4343 2300 4410 dens,
2333 4342 2419 4397 his
2444 4341 2625 4397 verbis
2653 4358 2790 4397 usus
2819 4347 2903 4396 est
2934 4359 2946 4395 :

464 4463 521 4514 et
550 4456 806 4513 interitui
831 4454 1070 4511 obnoxia
1101 4472 1226 4510 cum
1255 4455 1615 4527 sempiternis
1638 4461 1695 4510 et
1723 4455 1794 4510 ab
1823 4455 2056 4512 interitu
2079 4443 2127 4504 Ῑ)
2215 4460 2450 4515 Domine
2481 4461 2627 4515 Deus
2658 4476 2837 4527 meus,
2868 4460 3065 4515 exaudi
3085 4459 3394 4514 orationem
3417 4475 3602 4515 meam
3626 4477 3740 4532 qua

461 4547 662 4604 alienis
689 4546 847 4602 bonis
863 4546 1254 4612 commutasti;
1288 4563 1352 4600 ac
1378 4545 1694 4618 propinqua
1719 4552 1804 4601 est
1825 4563 2060 4618 operum

462 4645 689 4693 tuorum
712 4653 1024 4703 merces,ac
1035 4637 1155 4708 jam
1177 4637 1409 4708 jamque
1439 4635 1600 4691 adest
1621 4636 1716 4709 qui
1744 4637 2060 4692 mercedem

465 4725 654 4782 refert.
689 4726 797 4790 Qui
844 4726 1069 4799 quidem
1097 4725 1170 4781 ad
1208 4725 1616 4798 inspiciendam
1659 4745 1784 4782 eam
1813 4727 2054 4794 vineam,

466 4831 638 4890 quam
665 4816 972 4880 cxcoluisti,
997 4816 1202 4884 veniet,
1228 4815 1444 4887 tibique
1464 4833 1563 4888 pro
1583 4833 1649 4871 ea
1673 4817 1890 4872 exculta
1910 4834 2059 4872 mer-

465 4907 658 4963 cedem
686 4905 1093 4978 amplissimam
1121 4905 1406 4978 praebebit.
1432 4905 1639 4961 Fidelis
1669 4907 1821 4962 enim
1851 4924 2057 4976 sermo,

465 5004 530 5054 ut
546 4997 755 5053 clamat
767 4995 989 5050 divinus
1018 4995 1226 5051 Paulus
1254 4996 1540 5067 apostolus
1563 4997 1613 5068 (Ι
1642 4999 1782 5052 Tim.
1811 4996 1867 5068 ι),
1891 5003 2062 5069 atque

467 5087 622 5145 omni
649 5084 973 5158 acceptione
1012 5084 1214 5156 dignus
1247 5101 1261 5139 :
1297 5087 1354 5142 Si
1383 5086 1803 5154 commorimur,
1843 5094 1898 5142 et
1926 5104 2059 5142 con-

464 5179 744 5244 vivemus;
770 5176 818 5231 si
847 5175 1205 5243 sustinemus,
1239 5181 1296 5231 et
1322 5177 1811 5249 conregnabimus,
1829 5177 1888 5233 in
1918 5195 2061 5233 sem-

467 5270 687 5341 piterno
705 5269 802 5324 illo
823 5285 889 5324 ac
905 5267 1031 5322 ﬁnis
1051 5272 1276 5340 experte
1303 5284 1475 5339 regno
1494 5267 1918 5339 incomparabili
1936 5269 2058 5324 luce

468 5359 796 5426 collustrati,
827 5364 999 5430 atque
1028 5375 1156 5412 vere
1181 5357 1356 5412 beata:
1385 5374 1450 5411 ac
1471 5357 1738 5429 principis
1765 5356 2056 5414 Trinitatis

469 5447 879 5502 illuminatione
921 5445 1133 5502 donati.
1169 5447 1299 5502 Haec
1339 5447 1601 5501 Barlaam
1646 5446 1718 5500 ad
1769 5464 2059 5519 vesperam

473 5551 668 5606 usque,
709 5552 774 5592 ac
798 5553 898 5608 per
922 5542 1101 5592 totam
1143 5536 1314 5592 etiam
1358 5541 1599 5604 noctem,
1630 5537 1934 5609 Josaphato
1977 5539 2060 5593 lo-

472 5623 746 5696 quebatur
785 5625 1114 5684 effusissime
1154 5627 1510 5700 lacrymanti,
1537 5631 1706 5700 atque
1737 5627 2059 5700 hujusmodi

2141 4550 2377 4604 clamavi
2399 4550 2469 4604 ad
2489 4555 2564 4614 te,
2588 4550 2853 4604 miserere
2875 4550 3005 4615 mei,
3029 4556 3087 4605 et
3115 4549 3318 4605 exaudi
3337 4566 3445 4617 me,
3469 4550 3738 4622 quoniam

2142 4644 2198 4695 te
2229 4657 2294 4694 ex
2323 4640 2512 4694 animo
2534 4640 3045 4712 quaerozexquisivit
3059 4645 3115 4694 te
3135 4630 3325 4694 anima
3343 4656 3566 4707 mea,ne
3586 4656 3739 4695 aver-

2143 4735 2228 4784 tas
2259 4728 2458 4784 faciem
2485 4735 2643 4784 tuam
2673 4747 2708 4784 a
2729 4747 2836 4797 me,
2870 4736 2928 4784 et
2955 4746 3025 4784 ne
3044 4729 3289 4784 declines
3318 4729 3378 4784 in
3403 4729 3489 4784 ira
3514 4746 3550 4784 a
3576 4747 3736 4785 servo

2142 4819 2506 4891 tuo.Adjutor
2537 4836 2695 4874 meus
2725 4824 2862 4885 esto,
2895 4836 2964 4874 ne
3004 4819 3360 4891 derelinquas
3398 4836 3508 4886 me,
3555 4835 3735 4892 neque

2144 4907 2418 4981 despicias
2439 4926 2546 4975 me,
2582 4910 2730 4964 Deus
2761 4909 3026 4965 salutaris
3055 4925 3235 4964 meus.
3268 4909 3547 4974 Quoniam
3576 4916 3734 4983 pater

2144 5015 2304 5054 meus
2324 5004 2380 5054 et
2400 5005 2582 5054 mater
2600 5017 2727 5054 mea
2746 4999 3166 5072 dereliquerunt
3186 5016 3294 5065 me,
3314 5004 3378 5054 tu
3397 5005 3613 5068 autem,
3631 5000 3733 5055 Do-

2143 5089 2314 5154 mine,
2338 5089 2689 5161 assumpsisti
2706 5107 2793 5144 me
2816 5089 3022 5160 Legem
3039 5105 3183 5160 pone
3204 5088 3362 5155 mihi,
3388 5088 3646 5156 Domine,
3677 5089 3734 5143 in

2143 5177 2230 5233 via
2251 5184 2368 5246 tua,
2391 5184 2449 5234 et
2468 5178 2818 5250 dirigemein
2839 5179 3097 5234 semitam
3126 5183 3337 5234 rectam
3369 5184 3602 5251 propter
3627 5178 3731 5235 ini-

2141 5267 2313 5323 micos
2337 5270 2598 5323 meos..\'e
2614 5267 2911 5323 tradideris
2931 5284 3018 5322 me
3031 5267 3089 5322 in
3109 5267 3328 5322 animas
3343 5265 3732 5322 tribulantium

2139 5373 2230 5410 me
2260 5360 2420 5428 (Psal.
2455 5355 2910 5430 xxvi),quoniam
2939 5357 3066 5412 inte
3081 5357 3361 5429 projectus
3394 5360 3582 5423 381
3599 5341 3731 5413 sum

2143 5464 2209 5501 ex
2229 5453 2408 5502 utero.
2440 5447 2521 5502 De
2543 5452 2732 5502 ventre
2754 5447 2949 5502 matris
2986 5463 3123 5502 meae
3154 5447 3302 5502 Deus
3334 5461 3495 5501 meus
3533 5463 3592 5500 es
3620 5465 3639 5500 ι
3667 5461 3733 5500 ne

2142 5537 2464 5593 discesseris
2509 5555 2543 5592 a
2586 5554 2676 5592 me
2719 5537 2889 5609 (Psal.
2942 5536 3070 5607 xxi).
3118 5535 3397 5602 Quoniam
3437 5542 3645 5608 praeter
3680 5540 3734 5590 te

2142 5644 2254 5687 non
2286 5633 2371 5685 est
2399 5627 2539 5686 mihi
2569 5629 2812 5701 adjutor.
2849 5628 2931 5686 En
2961 5627 3019 5685 in
3052 5626 3478 5685 miserationum
3508 5632 3732 5686 tuarum
