3868 6398
173 334 277 389 601

578 335 747 392 VITA
785 336 1225 394 SANC'I‘ORUM
1260 337 1607 395 BARLAAM
1643 340 1983 401 EREMlTjE
2021 346 2108 401 ET
2143 344 2508 401 JOSAPHAT
2546 344 2769 400 INDIIE
2808 343 3042 399 REGIS.

3348 339 3457 397 602

172 461 381 535 abysso
411 479 568 535 spem
598 462 800 518 animae
811 479 948 518 mea:
960 463 1144 519 deﬁxi.
1164 464 1355 520 Vitam
1375 480 1562 521 meam
1577 466 1777 538 guber—
1797 470 2043 531 Aadhuc
2075 470 2333 537 habebat,
2357 488 2422 525 ac
2442 472 2619 526 multa
2644 487 2772 526 cum
2802 469 3174 525 admiratione
3205 470 3276 523 ad
3305 468 3454 537 grati

174 569 267 617 na,
302 553 401 624 qui
432 569 521 607 res
550 568 746 607 omnes
788 552 1045 608 conditas
1076 553 1367 626 sapientiae
1404 556 1775 627 providentia,

174 642 331 696 omni
350 658 609 697 sermone
628 641 1021 714 praestantiori,
1047 642 1378 701 moderaris.
1397 645 1466 699 Et
1485 651 1677 701 notam
1692 646 1778 701 fac

170 730 313 786 mihi
331 732 498 798 viam,
518 730 577 786 in
608 747 717 802 qua
747 729 1028 786 ambulem
1054 750 1067 799 ;
1093 736 1262 805 atque
1283 737 1349 788 ut
1384 732 1563 789 bonus
1592 752 1656 789 ac
1678 735 1776 790 be-

172 821 382 891 nignus
414 821 582 887 Deus,
600 837 701 892 per
721 820 917 875 famuli
938 820 1021 875 tui
1040 820 1301 876 Barlaam
1325 839 1517 893 preces
1548 841 1612 879 ac
1642 842 1777 897 sup-
1797 879 1810 891 ,

170 910 506 981 plicationes
536 926 626 963 me
654 910 1113 981 serva,quoniam
1145 916 1208 965 tu
1230 911 1380 966 Deus
1409 929 1573 968 meus
1601 932 1679 980 es,
1712 933 1777 969 ac

171 1006 229 1053 te
253 999 506 1070 gloriﬁco
534 1000 779 1064 Patrem,
803 1004 859 1053 et
888 999 1111 1066 Filium,
1137 1006 1194 1054 et
1215 1000 1488 1071 Spiritum
1518 1011 1775 1059 sanctum

170 1087 230 1143 in
264 1089 488 1143 saecula.
522 1091 722 1144 Amen.
742 1088 860 1142 Hac
881 1089 1488 1160 orationeperfunctus,
1495 1092 1658 1163 juxta
1686 1111 1776 1147 se-

172 1180 430 1250 pulcrum
457 1179 595 1232 llens
614 1178 885 1243 consedit,
912 1194 975 1231 ac
1000 1179 1200 1232 sedens
1217 1178 1572 1235 obdormivit.
1590 1183 1773 1254 Atque

173 1267 558 1323 formidandos
588 1267 712 1321 illos
743 1267 908 1333 viros,
928 1284 1065 1338 quos
1096 1266 1251 1339 prius
1279 1276 1665 1341 conspexerat,
1702 1272 1773 1326 ad

172 1375 233 1412 se
263 1358 569 1423 venientes,
592 1373 763 1428 seque
787 1357 856 1410 ad
879 1356 1185 1411 maximum
1215 1357 1376 1412 illum
1407 1364 1464 1412 et
1491 1360 1775 1415 admiran-

172 1447 309 1502 dum
361 1463 622 1519 campum
674 1446 959 1512 ducentes,
1006 1450 1174 1517 atque
1228 1446 1289 1501 in
1335 1447 1772 1505 illustrissimam

168 1537 328 1592 illam
383 1553 447 1591 ac
498 1534 1009 1607 splendidissimam
1077 1535 1365 1590 civitatem
1419 1537 1775 1593 introducen-

167 1631 275 1693 tes,
308 1611 650 1681 intueri‘sibi
692 1624 843 1679 visus
884 1630 987 1679 est.
1027 1625 1171 1680 Cum
1217 1629 1408 1680 autem
1468 1628 1588 1698 ipse
1640 1646 1773 1699 por-

167 1722 286 1770 tam
329 1715 742 1787 ingrederetur,
786 1712 883 1768 alii
922 1712 1029 1785 ipsi
1089 1712 1309 1768 obviam
1364 1714 1623 1783 fuerunt,
1683 1717 1772 1772 in-

1863 560 2037 614 animi
2062 560 2525 632 signiﬁcationem
2564 561 2743 615 Deum
2771 559 3031 614 laudibus
3060 558 3344 614 efferebat.

1932 650 2139 705 Mansit
2159 656 2348 705 autem
2370 650 2439 704 ad
2458 655 2768 704 extremum
2790 665 2967 721 usque
2987 665 3115 703 vere
3143 647 3455 718 angelicam

1861 739 1918 792 in
1948 745 2102 793 terra
2124 740 2295 794 vitam
2325 739 2554 806 ducens,
2572 755 2635 793 ac
2654 739 2867 793 duriori
2890 738 3164 808 religiosae
3182 737 3454 793 exercita-

1860 828 2029 883 tionis
2055 846 2262 898 genere
2292 835 2421 900 post
2448 828 2596 883 senis
2626 828 2930 882 discessum
2954 834 3137 882 utens.
3161 827 3305 881 Nam
3326 841 3455 881 cum

1860 934 2009 971 anno
2038 918 2217 971 aetatis
2243 917 2515 988 vigesimo
2537 917 2732 989 quinto
2754 933 2988 986 regnum
3013 921 3301 970 terrenum
3329 913 3457 970 reli-

1861 1007 2091 1077 quisset,
2115 1008 2546 1078 monasticaeque
2562 1008 2684 1061 vitae
2694 1014 2977 1061 certamen
2994 1004 3277 1071 subiisset,
3296 1003 3457 1075 quin-

1860 1113 1969 1166 que
1999 1102 2055 1150 et
2082 1096 2317 1166 triginta
2343 1113 2520 1150 annos
2567 1096 2623 1150 in
2663 1096 2981 1150 vastissima
3024 1112 3090 1148 ea
3131 1093 3450 1156 solitudine,

1855 1185 2089 1255 perinde
2116 1202 2179 1239 ac
2210 1186 2257 1239 si
2282 1186 2436 1239 nulla
2459 1185 2643 1239 carnis
2684 1191 2843 1256 parte
2874 1189 3175 1248 constaret,
3208 1184 3457 1237 humana

1856 1274 2174 1329 conditione
2203 1273 2586 1337 sublimiorem
2614 1274 2781 1327 vitam
2814 1274 2928 1343 egit
2955 1291 2965 1326 :
3015 1273 3095 1326 sic
3133 1288 3353 1343 nempe,
3387 1276 3453 1324 ut

1859 1365 2065 1418 multas
2088 1363 2313 1435 quidem
2327 1363 2620 1418 hominum
2640 1363 2857 1417 animas
2875 1380 2903 1416 θ
2916 1361 3180 1434 pestifero
3196 1364 3453 1432 serpente

1857 1453 2013 1524 prius
2035 1452 2388 1518 abstraxerit,
2422 1453 2649 1523 Deoque
2665 1451 2912 1522 integras
2935 1456 2991 1505 et
3013 1451 3319 1505 incolumes
3342 1465 3456 1504 ser-

1856 1543 2085 1609 vaverit,
2104 1558 2281 1613 eaque
2296 1543 2355 1596 in
2375 1558 2436 1595 re
2466 1541 2828 1613 apostolicam
2852 1542 3093 1612 gratiam
3124 1543 3454 1594 consecutus

1856 1630 1949 1698 sit,
1979 1632 2265 1702 animique
2287 1630 2454 1686 etiam
2473 1631 2796 1685 inductione
2816 1636 3033 1703 martyr
3064 1629 3359 1693 exstiterit,
3389 1644 3453 1682 ac

1856 1720 2142 1775 Christum
2180 1721 2237 1775 in
2259 1737 2456 1791 regum
2486 1736 2549 1774 ac
2574 1725 2945 1791 tyrannorum
2957 1719 3134 1773 oculis
3149 1724 3203 1773 et
3224 1722 3452 1790 aspectu

166 1805 323 1877 genti
353 1804 566 1860 lumine
595 1803 824 1875 perfusi,
850 1819 1197 1874 coronasque
1225 1804 1504 1874 ejusmodi
1524 1806 1767 1877 pulchri-
1785 1794 1831 1854 Β
1858 1810 2053 1864 ﬁdenti
2084 1810 2273 1865 animo
2302 1809 2586 1864 confessus
2606 1809 2698 1876 sit,
2733 1808 3259 1879 vocalissimumque
3278 1806 3453 1878 ipsius

169 1894 366 1951 tudine
393 1894 751 1961 collucentes,
776 1909 899 1964 quae
917 1892 1074 1948 nulla
1102 1892 1355 1948 oratione
1387 1894 1622 1966 exprimi
1650 1912 1773 1967 pos-

170 1984 263 2050 sit,
287 1990 341 2039 et
363 1985 558 2056 quales
579 1999 871 2055 nunquam
893 1981 1159 2037 mortales
1172 1982 1318 2037 oculi
1337 1990 1767 2055 conspexerunt,

168 2073 429 2129 manibus
458 2078 734 2128 tenentes.
766 2073 1141 2127 Percontante
1170 2076 1363 2127 autem
1387 2073 1658 2144 Josaphat
1680 2091 1772 2129 cu-

123 2192 151 2217 ν
162 2165 392 2234 jusnam
412 2167 599 2217 essent
618 2160 1083 2234 splendidissimae
1106 2160 1215 2215 illae
1237 2177 1456 2216 coronae
1475 2178 1614 2233 quas
1640 2179 1769 2234 per-

168 2254 410 2325 spiceret
441 2271 453 2306 :
486 2253 608 2308 Tua
654 2252 880 2324 quidem
929 2268 1044 2307 una
1087 2258 1174 2306 est
1205 2253 1638 2323 (responderunt
1665 2254 1766 2314 illi)

168 2342 269 2397 tibi
300 2342 370 2396 ob
401 2342 607 2396 multas
638 2358 732 2396 eas
778 2341 995 2396 animas
1027 2340 1230 2413 quibus
1259 2341 1501 2396 salutem
1530 2342 1770 2397 attulisti

170 2432 437 2498 confecta,
470 2448 619 2486 nunc
650 2448 779 2485 vero
831 2430 901 2485 ob
941 2430 1215 2501 religiosae
1261 2430 1389 2485 vitae
1426 2430 1773 2486 exercitatio-

169 2538 320 2585 nem,
350 2520 439 2575 cui
468 2520 568 2575 das
599 2537 848 2592 Operam,
882 2520 1190 2575 studiosius
1220 2525 1279 2574 et
1324 2519 1640 2574 accuratius
1670 2520 1771 2574 ad-

170 2617 388 2675 ornata,
411 2610 458 2664 si
488 2609 715 2681 quidem
745 2614 975 2664 strenuo
1002 2608 1193 2664 animo
1214 2625 1340 2663 eam
1357 2609 1428 2663 ad
1457 2614 1772 2664 extremum

168 2716 348 2771 usque
364 2698 703 2771 peragraris.
722 2699 915 2752 Altera
935 2703 1126 2753 autem
1145 2703 1247 2753 tua
1267 2714 1489 2770 quoque
1502 2698 1626 2769 ipsa
1654 2702 1769 2765 est;

169 2806 361 2844 verum
383 2788 529 2860 patri
548 2794 665 2855 tuo,
682 2787 777 2860 qui
789 2787 858 2842 ab
879 2787 1137 2859 improba
1152 2787 1373 2841 vivendi
1399 2787 1619 2841 ratione
1638 2804 1771 2858 ope-

167 2895 232 2933 ra
260 2884 360 2933 tua
386 2878 630 2942 deﬂexit,
659 2877 989 2949 sinceroque
1018 2877 1206 2931 animo
1242 2876 1498 2948 resipuit,
1538 2893 1603 2930 ac
1651 2894 1773 2931 sese

168 2969 241 3023 ad
271 2968 573 3023 Dominum
591 2966 882 3033 convertit,
911 2982 1035 3020 eam
1064 2965 1314 3037 praebeas
1336 2971 1586 3036 oportet;
1618 2967 1774 3020 Josa-

168 3058 308 3130 phat
334 3062 524 3113 autem
554 3073 681 3111 eam
706 3072 823 3111 rem
874 3056 1104 3111 moleste
1147 3056 1295 3110 ferre
1351 3055 1661 3110 videbatur.
1707 3056 1775 3110 Et

168 3116 267 3221 qui
297 3148 419 3202 ﬁeri
438 3150 627 3219 potest
642 3145 978 3217 (inquiebat)
996 3151 1062 3200 ut
1088 3150 1249 3217 pater
1264 3161 1425 3200 meus
1440 3145 1611 3200 unius
1632 3146 1773 3200 dun-
1790 3116 1833 3177 Ο

164 3243 328 3293 taxat
347 3236 686 3310 pcrnitentiae
704 3235 907 3307 gratia,
933 3234 1095 3307 paria
1110 3234 1269 3302 mihi,
1296 3234 1392 3306 qui
1404 3239 1489 3289 tot
1508 3251 1573 3289 ac
1584 3240 1772 3290 tantos

168 3327 389 3382 labores
431 3325 726 3392 exantlavi,
769 3324 1043 3379 beneficia
1082 3323 1504 3403 consequatur?
1550 3324 1680 3380 Haec
1709 3330 1774 3379 ut

165 3418 329 3484 dixit,
357 3417 718 3472 Barlaamum
757 3414 1050 3469 confestim
1087 3414 1192 3470 sibi
1237 3414 1424 3468 videre
1471 3412 1623 3469 visus
1664 3420 1768 3481 est,

164 3508 323 3562 velut
345 3505 564 3579 probris
592 3523 651 3560 se
678 3504 1070 3571 insectantem,
1091 3520 1156 3558 ac
1178 3503 1458 3559 dicentem
1483 3521 1495 3557 :
1523 3504 1594 3558 Hi
1616 3510 1767 3570 sunt,

165 3614 203 3651 ο
232 3596 521 3668 Josaphat,
542 3611 831 3649 sermones
850 3593 982 3660 mei,
1020 3608 1159 3665 quos
1179 3592 1465 3664 quondam
1494 3592 1566 3647 ad
1592 3596 1648 3647 te
1676 3593 1773 3647 ha-

163 3686 264 3741 bui
285 3704 297 3740 :
324 3685 593 3740 nimirum
608 3684 729 3739 fore
744 3688 946 3739 utcum
974 3682 1045 3737 ad
1062 3682 1319 3753 ingentes
1340 3697 1474 3754 opes
1490 3682 1773 3755 pervenis-

163 3793 280 3843 ses,
300 3792 413 3830 non
427 3775 547 3846 jam
578 3774 825 3829 liberalis
849 3790 914 3828 ac
933 3765 1195 3845 profusus
1220 3788 1392 3839 esses,
1423 3787 1488 3825 ac
1517 3776 1581 3826 tu
1610 3771 1680 3826 ob
1710 3771 1767 3829 id

161 3865 402 3921 verbum
413 3864 641 3936 ancipiti
653 3864 841 3919 animo
853 3879 996 3919 eras.
1017 3862 1180 3918 Nunc
1195 3866 1387 3916 autem
1407 3877 1654 3932 quonam
1672 3877 1773 3933 pa-

162 3962 264 4012 cto
287 3971 481 4027 parem
502 3953 605 4009 tibi
620 3954 832 4009 honore
847 3958 1065 4025 patrem
1087 3968 1211 4007 esse
1226 3951 1461 4006 moleste
1487 3950 1688 4017 tulisti,
1708 3968 1773 4005 ac
1798 3998 1815 4007 -

163 4061 288 4103 non
318 4044 503 4118 potius
539 4044 645 4099 hoc
673 4043 901 4099 nomine
943 4042 1201 4117 laetitiam
1227 4041 1416 4096 animo
1444 4041 1767 4112 concepisti,

164 4134 440 4208 quoniam
466 4134 657 4189 multae
694 4140 807 4188 tuae
838 4149 939 4205 pro
982 4149 1048 4187 eo
1087 4131 1223 4187 fusae
1258 4147 1449 4203 preces
1501 4129 1773 4185 exauditae

163 4224 352 4281 sunt?
381 4224 651 4296 Josaphat
678 4228 890 4291 autem,
932 4239 1032 4295 pro
1062 4239 1128 4277 eo
1158 4238 1223 4276 ac
1268 4217 1502 4287 Solebat,
1544 4220 1616 4275 ad
1644 4237 1775 4276 eum

163 4316 320 4372 dixit
352 4333 366 4369 :
400 4315 647 4385 Ignosce,
673 4317 852 4385 pater,
875 4312 1122 4383 ignosce.
1143 4310 1385 4367 Ubinam
1397 4314 1589 4365 autem
1616 4309 1773 4365 habi:

1854 1900 2170 1971 majestatis
2216 1915 2530 1972 praeconem
2574 1915 2699 1973 sese
2738 1896 3083 1969 praebuerit;
3130 1897 3453 1967 multosque

1854 2006 2081 2045 rursum
2112 2005 2310 2061 pravos
2361 1988 2591 2059 spiritus
2638 1986 2697 2041 in
2754 1986 3057 2041 solitudine
3114 1985 3447 2057 proﬂigarit,

1855 2095 2162 2150 omnesque
2188 2078 2396 2132 Christi
2414 2077 2462 2130 vi
2485 2094 2549 2131 ac
2579 2076 2831 2148 potentia
2852 2074 3151 2147 superarit,
3187 2074 3454 2128 caelestis-

1858 2185 1965 2239 que
1990 2168 2245 2222 beneficii
2260 2172 2429 2239 atque
2449 2167 2645 2238 gratia:
2667 2164 2947 2220 uberrime
2967 2164 3245 2236 particeps
3269 2163 3450 2217 factus

1854 2257 1946 2311 sit.
1974 2257 2133 2311 Unde
2163 2256 2331 2310 etiam
2351 2255 2527 2311 animi
2548 2255 2770 2309 oculum
2794 2254 2863 2309 ab
2888 2254 3039 2308 omni
3069 2258 3295 2309 terrena
3322 2252 3454 2305 cali-

1853 2346 1985 2416 gine
2011 2362 2215 2418 purum
2253 2344 2515 2411 habebat,
2549 2360 2614 2398 ac
2642 2344 2832 2399 futura
2853 2349 3122 2415 tanquam
3153 2342 3453 2414 praesentia

1853 2434 2249 2507 prospiciebat,
2279 2434 2644 2505 Christusque
2675 2433 2982 2505 ipsirerum
2996 2431 3248 2487 omnium
3273 2431 3454 2486 instar

1857 2528 1997 2588 erat,
2030 2523 2316 2578 Christum
2355 2522 2667 2594 expetebat,
2713 2522 3000 2577 Christum
3047 2537 3159 2575 non
3197 2536 3358 2575 secus
3393 2536 3457 2574 ac

1857 2618 2191 2684 praesentem
2217 2612 2499 2677 cernebat,
2547 2611 2751 2667 Christi
2789 2609 3267 2683 pulchritudinem
3306 2626 3454 2664 nun-

1858 2720 2028 2773 quam
2057 2719 2170 2757 non
2188 2702 2531 2768 intuebatur,
2563 2702 2725 2772 juxta
2746 2701 2881 2755 illud
2906 2700 3229 2772 Propheta):
3262 2698 3457 2754 Provi-

1856 2790 2057 2845 debam
2073 2790 2443 2846 Dominumin
2463 2797 2762 2862 conspectu
2784 2807 2910 2845 meo
2930 2807 3168 2861 semper,
3190 2788 3455 2861 quoniam

1857 2898 1892 2935 a
1941 2881 2150 2935 dextris
2194 2886 2279 2935 est
2332 2881 2487 2946 mihi,
2538 2898 2610 2935 ne
2657 2882 3198 2949 commovear(Psal.
3231 2884 3336 2945 xv).
3377 2880 3457 2933 Ac

1856 2987 2081 3026 rursum
2119 2990 2130 3025 ε
2163 2972 2411 3025 Adhaesit
2458 2971 2648 3025 anima
2676 2987 2803 3025 mea
2830 2976 2957 3042 post
2983 2975 3057 3035 te,
3091 2985 3182 3023 me
3214 2968 3461 3040 suscepit

1857 3061 2085 3115 dextera
2129 3066 2228 3115 tua
2270 3063 2437 3124 (Psal.
2484 3059 2657 3131 xxvx).
2709 3059 2930 3114 Etenim
2982 3076 3042 3114 re
3096 3075 3229 3113 vera
3280 3058 3459 3130 ipsius

1856 3150 2047 3205 anima
2067 3156 2194 3222 post
2219 3150 2505 3204 Christum
2536 3149 2790 3214 adhmsit,
2826 3147 3147 3202 ﬁrmissimo
3176 3163 3322 3201 nexu
3348 3145 3457 3217 ipsi

1855 3240 2132 3311 copulata.
2164 3240 2358 3310 Neque
2389 3237 2538 3292 enim
2559 3237 2628 3291 ab
2651 3237 2984 3291 admiranda
3009 3237 3106 3290 illa
3128 3234 3457 3307 operatione

1854 3328 2104 3393 descivit,
2139 3345 2241 3383 nec
2284 3328 2561 3398 religiosae
2590 3343 2705 3381 suae
2739 3324 3153 3380 exercitationis
3200 3324 3456 3396 regulam

1855 3419 2192 3474 immutavit.
2223 3417 2369 3482 Quin
2391 3417 2577 3489 potius
2593 3415 2662 3469 ab
2682 3415 2843 3470 initio
2865 3415 2936 3470 ad
2954 3417 3123 3470 tinem
3152 3431 3350 3486 usque,
3366 3418 3454 3469 at-

1856 3526 1963 3580 que
1992 3508 2062 3562 ab
2082 3508 2313 3562 ineunte
2341 3511 2505 3561 aetate
2526 3522 2703 3576 usque
2733 3504 2803 3559 ad
2831 3509 2948 3559 tam
2978 3510 3297 3575 provectam
3320 3508 3456 3559 teta-

1854 3604 1969 3653 tem
1987 3597 2243 3653 eamdem
2266 3596 2442 3651 animi
2461 3595 2808 3650 alacritatem
2829 3594 3093 3649 retinuit:
3109 3598 3298 3661 ⁸88
3319 3594 3452 3659 imo,

1858 3694 1923 3743 ut
1945 3687 2151 3742 rectius
2180 3686 2397 3757 loquar,
2421 3684 2491 3739 ad
2512 3682 2898 3738 sublimiorem
2916 3681 3165 3755 quotidie
3191 3681 3454 3735 virtutem

1857 3776 2146 3850 processit,
2163 3792 2226 3829 ac
2246 3773 2531 3846 puriorem
2546 3758 3012 3828 divino'beneﬂcio
3034 3770 3455 3844 contemplatio-

1857 3884 1989 3921 nem
2018 3868 2349 3920 consecutus
2382 3868 2485 3917 est.
3087 3916 3095 3921 ,

1928 3953 2183 4026 Denique
2213 3970 2340 4008 cum
2360 3953 2431 4007 ad
2456 3953 2608 4007 hunc
2635 3951 2866 4007 modum
2896 3951 3141 4019 vixisset,
3194 3957 3252 4005 et
3278 3966 3457 4024 usque

1858 4045 2005 4099 adeo‘
2020 4044 2246 4116 dignam
2276 4042 2574 4109 vocatione,
2590 4059 2693 4098 sua
2720 4059 2951 4115 operam
2973 4042 3073 4098 eia
3100 4058 3211 4114 quo
3229 4048 3458 4097 vocatus

1856 4134 2042 4189 fuerat
2059 4134 2413 4201 reddidisset,
2449 4133 2835 4205 mundumque
2856 4132 2961 4188 sibi
2982 4132 3090 4204 ipsi
3120 4149 3185 4187 ac
3213 4133 3458 4205 seipsum

1858 4224 2071 4280 mundo
2094 4223 2479 4290 crucifixisset,
2507 4223 2580 4279 ad
2599 4224 2779 4278 Deum
2800 4223 2953 4295 pacis
2982 4222 3041 4278 in
3067 4238 3204 4295 pace
3233 4221 3455 4294 migrat,

1859 4319 2029 4385 atque
2058 4313 2129 4367 ad
2168 4313 2492 4380 Dominum,
2527 4314 2688 4384 cujus
2715 4318 2989 4385 perpetua
3024 4312 3305 4385 CUpiditas
3333 4328 3462 4367 eum

162 4412 276 4474 tes,
298 4405 385 4460 fac
412 4403 745 4475 intelligam.
758 4403 915 4458 Tunc
928 4402 1217 4458 Barlaam:
1243 4401 1309 4455 In
1330 4401 1434 4455 hac
1461 4400 1773 4471 pulcherri-
1795 4443 1844 4504 Β
1861 4406 2138 4469 tenuerat,
2163 4402 2847 4475 proﬁciscitur,vultuique
2863 4401 3086 4457 Domini
3101 4418 3238 4474 pure
3258 4417 3323 4456 ac
3343 4400 3464 4455 sine

163 4513 266 4552 ma
296 4499 466 4567 atque
490 4493 704 4565 ingenti
718 4492 943 4548 civitate
960 4492 1307 4547 domicilium
1327 4494 1527 4546 nactus
1541 4508 1687 4558 sum,
1716 4490 1840 4578 in_"
1862 4494 2032 4549 ullius
2051 4493 2133 4547 rei
2160 4493 2497 4566 interpositu
2518 4497 2769 4565 apparet,
2793 4507 2970 4563 eaque
2985 4492 3108 4561 jam
3125 4490 3232 4561 ipsi
3244 4507 3461 4563 praepa-

162 4585 357 4642 medio
389 4583 544 4639 urbis
572 4582 711 4650 vico,
743 4583 1018 4637 immenso
1047 4582 1259 4637 lumine
1283 4581 1777 4636 coruscanti.Rur-

164 4693 298 4731 sum
329 4678 517 4730 autem
531 4672 803 4745 Josaphat
818 4671 927 4727 sibi
941 4688 1068 4727 cum
1091 4688 1158 4725 eo
1176 4686 1344 4741 agere
1364 4669 1677 4737 videbatur,
1710 4674 1776 4725 ut

163 4776 241 4831 ab
271 4790 339 4829 eo
368 4773 427 4828 in
455 4772 634 4845 ipsius
647 4770 1076 4827 tabernaculum
1099 4769 1488 4837 abduceretur,
1522 4768 1777 4825 comiter-

166 4890 282 4947 que
309 4871 553 4945 hospitio
570 4871 937 4943 exciperetur.
954 4871 1054 4927 Ille
1075 4873 1267 4925 autem
1280 4869 1530 4924 nondum
1548 4873 1773 4940 tempus

166 4973 368 5029 adeSse
399 4970 707 5043 respondit,
748 4975 812 5026 ut
866 4970 937 5025 ad
977 4970 1076 5025 illa
1122 4968 1485 5025 tabernacula
1537 4966 1772 5036 veniret,

168 5072 381 5146 quippe
408 5070 505 5143 qui
525 5070 773 5143 corporis
784 5069 1005 5125 sarcina
1014 5069 1199 5125 adhuc
1210 5072 1580 5141 premeretur.
1615 5063 1777 5131 Quod

169 5172 218 5228 si
249 5170 381 5227 forti
413 5169 620 5235 animo,
656 5169 861 5242 inquit,
888 5170 948 5224 in
976 5173 1169 5225 sancto
1201 5168 1327 5224 vitae
1366 5184 1591 5239 genere,
1624 5166 1777 5223 velut
1828 5212 1837 5219 .

168 5271 275 5328 tibi
301 5268 581 5337 mandavi,
615 5268 951 5341 perstiteris,
979 5268 1282 5341 aliquando
1302 5274 1431 5341 post
1457 5267 1665 5335 venies,
1687 5274 1778 5323 at-

170 5387 282 5444 que
328 5368 526 5424 eadem
554 5366 918 5424 tabernacula
948 5372 1004 5424 et
1032 5368 1291 5423 eamdem
1315 5367 1569 5424 laetitiam
1589 5384 1651 5423 ac
1661 5366 1779 5439 gloc

170 5470 317 5525 riam
343 5468 721 5541 consequeris,
756 5483 1088 5541 mecumque
1118 5468 1178 5524 in
1205 5467 1611 5540 sempiternum
1641 5466 1770 5521 eris.

172 5568 544 5643 Experrectus
566 5572 757 5627 autem
776 5567 1065 5642 Josaphat,
1089 5568 1344 5625 animum
1353 5567 1453 5624 illa
1470 5568 1594 5629 luce
1604 5571 1773 5639 amue

170 5669 325 5727 omni
351 5668 625 5728 sermonis
653 5670 922 5731 facultate
950 5668 1265 5731 sublimiori
1281 5670 1465 5744 gloria
1482 5668 1772 5746 perfusum

1856 4588 1985 4655 rata
2009 4581 2200 4655 gloriae
2217 4598 2425 4636 corona
2452 4586 2774 4647 exornatur,
2796 4579 2966 4651 idque
2978 4577 3247 4633 divinitus
3262 4593 3462 4632 conse-

1860 4673 2070 4746 quitur,
2101 4676 2166 4739 ut
2194 4671 2480 4726 Christum
2500 4674 2713 4735 cernat,
2742 4685 2869 4723 cum
2890 4668 3114 4724 Christo
3136 4668 3230 4734 sit,
3251 4667 3460 4723 Christi

1856 4761 2276 4835 pulchritudine
2319 4764 2591 4832 perpetuo
2634 4758 2893 4824 exsultet,
2945 4757 3005 4813 in
3051 4759 3213 4830 cujus
3261 4774 3463 4815 manus

1858 4851 2253 4908 commendata
2285 4849 2493 4915 anima,
2530 4848 2603 4904 ad
2622 4848 2872 4903 vivorum
2894 4846 3185 4919 regionem
3214 4849 3459 4915 transiit,

1858 4942 1957 4998 ubi
1989 4940 2339 5014 epulantium
2369 4955 2559 5008 sonus,
2593 4938 2691 4995 ubi
2725 4938 3042 4996 laetantium
3074 4938 3349 4996 habitatio
3380 4945 3466 4995 est

1856 5035 2030 5109 (Psal.
2065 5036 2199 5100 xu).
2621 5023 2635 5033 ’
3499 5100 3507 5109 θ

1930 5122 2267 5179 Praeclarum
2289 5125 2480 5177 autem
2498 5121 2676 5195 ipsius
2704 5121 2952 5196 corporis
2973 5121 3059 5178 vir
3080 5120 3308 5193 quidam
3339 5136 3466 5177 san-

1859 5220 2002 5281 ctus,
2028 5213 2124 5286 qui
2145 5229 2257 5269 non
2276 5212 2443 5283 longe
2461 5211 2531 5268 ab
2550 5228 2617 5269 eo
2640 5212 2950 5280 habitabat,
2979 5211 3187 5284 quique
3214 5210 3324 5265 iter
3352 5210 3459 5282 ipsi

1859 5308 1932 5362 ad
1950 5304 2309 5360 Barlaamum
2323 5302 2481 5374 prius
2500 5305 2990 5369 commonstrarat,
3007 5300 3195 5355 divino
3218 5299 3462 5371 quodam

1860 5395 2171 5461 admonitu,
2204 5410 2273 5449 ea
2300 5394 2425 5465 ipsa
2449 5393 2609 5458 hora,
2634 5408 2747 5462 qua
2776 5395 2958 5446 morte
2986 5390 3213 5445 functus
3241 5394 3345 5455 est,
3370 5380 3467 5444 a'd-

1857 5486 1982 5554 fuit,
2007 5502 2073 5540 eo
2086 5483 2455 5540 sacrosanctis
2475 5480 2729 5538 cantibus
2750 5484 2969 5548 ornato,
2994 5478 3353 5551 profusisque
3384 5478 3465 5534 la-

1857 5568 2082 5649 crimis,
2110 5591 2232 5649 quae
2253 5574 2428 5648 ipsius
2443 5590 2582 5645 erga
2603 5571 2875 5646 Josaphat
2890 5569 3100 5628 amoris
3116 5568 3331 5626 indices
3370 5585 3460 5625 es-

1856 5672 2001 5737 sent,
2037 5666 2276 5741 aliisque
2312 5663 2570 5724 omnibus
2590 5662 2758 5723 rebus
2791 5676 2914 5736 qua:-
2941 5661 3094 5736 apud
3115 5659 3466 5719 Christianos
