3868 6378
455 297 563 355 603

1475 300 1568 355 DE
1605 301 1793 357 VITIS
1831 297 2127 354 PATRUM
2164 297 2379 352 LIBER
2416 293 2704 350 PRIMUS.

3621 289 3731 348 604

449 423 511 480 in
539 439 698 482 more
723 428 891 496 atque
920 423 1177 478 instituto
1208 424 1391 495 posita
1419 429 1551 478 sunt
1579 423 1841 478 confectis
1872 427 2042 493 atque
2063 417 2467 482 ALuculenter
2491 422 2680 472 autem
2710 417 2876 472 simul
2895 434 2960 472 ac
2988 416 3283 488 magniﬁce
3305 417 3362 470 in
3393 431 3462 470 ea
3491 413 3733 469 ecclesia

452 512 744 579 absolutis,
759 511 817 567 in
837 512 1013 584 patris
1029 513 1304 567 Barlaami
1327 518 1689 568 monumento
1712 529 1839 568 eum
1861 511 2046 566 condi-

451 601 552 659 dit.
587 603 698 656 Par
723 601 1002 672 siquidem
1029 607 1149 655 erat
1178 609 1242 656 ut
1271 619 1509 674 quorum
1535 603 1735 657 animae
1767 601 1824 656 in
1851 617 2046 673 perpe-

450 697 616 745 tuum
645 690 814 744 simul
837 689 1037 744 futurae
1051 696 1230 755 erant,
1247 708 1440 746 eorum
1461 691 1632 745 etiam
1651 707 1886 761 corpora
1908 707 2043 744 con-

445 778 843 848 jungerentur.

521 868 600 921 Cu
602 866 830 937 jusdam
853 873 1040 921 autem
1065 867 1398 922 formidandi
1414 869 1532 932 viri,
1559 869 1654 940 qui
1675 869 1729 921 id
1753 868 1811 922 in
1832 869 2045 922 somnis

447 955 595 1010 serio
623 955 960 1028 imperabat,
995 958 1301 1011 monachus
1345 957 1437 1012 ille
1478 957 1574 1028 qui
1623 957 1807 1028 ipsum
1848 957 2045 1012 funere

450 1044 728 1100 extulerat
746 1044 1157 1116 obtemperans,
1192 1046 1248 1100 in
1283 1047 1454 1100 India:
1476 1063 1712 1116 regnum
1730 1064 1789 1100 se
1807 1046 2040 1113 confert,

448 1150 754 1204 regemque
773 1134 1106 1188 Barachiam
1136 1135 1486 1200 conveniens,
1503 1135 1571 1188 de
1601 1135 1861 1190 omnibus
1889 1137 2042 1190 Josa-

449 1221 608 1292 phati
635 1221 804 1276 rebus
827 1222 1122 1276 certiorem
1143 1223 1328 1294 ipsum
1357 1223 1507 1278 facit.
1541 1224 1639 1278 Ille
1666 1229 1856 1278 autem
1887 1226 2044 1279 nulla

448 1312 785 1384 interposita
800 1329 960 1367 mora
977 1329 1105 1367 cum
1125 1313 1343 1382 ingenti
1359 1313 1548 1385 populi
1567 1313 1925 1369 multitudine
1937 1315 2045 1369 iter

448 1398 574 1466 init,
603 1401 854 1472 atquead
876 1401 1200 1472 speluncam
1223 1402 1448 1456 tandem
1471 1402 1742 1474 pervenit,
1770 1419 1834 1456 ac
1862 1403 2044 1474 sepul-

448 1504 610 1545 crum
636 1488 913 1558 intuetur,
940 1489 1164 1560 illicque
1192 1491 1582 1545 calentissimis
1611 1491 1873 1562 lacrymis
1909 1491 2044 1545 fusis

447 1577 902 1648 integumentum
921 1578 1086 1644 tollit,
1119 1579 1408 1650 cernitque
1436 1580 1794 1634 Barlaamum
1811 1585 1868 1634 et
1890 1581 2047 1634 Josa—

447 1666 588 1738 phat
612 1666 866 1722 membra
891 1668 1196 1739 composito
1227 1667 1422 1723 habitu
1453 1668 1560 1722 sita
1590 1669 1885 1733 habentes,
1919 1687 2043 1724 cor-

2128 525 2253 579 quae
2269 506 2340 562 ab
2351 507 2485 579 ipsis
2501 507 2879 561 fundamentis
2891 524 2924 560 a
2939 507 3209 577 Josaphat
3221 510 3506 560 exstructa
3517 503 3724 568 fuerat,

2127 613 2322 651 eorum
2353 613 2589 668 corpora
2618 596 2844 650 condita
2863 602 3014 650 sunt.
3038 596 3212 650 Multa
3240 611 3405 667 porro
3427 593 3723 648 miracula.

2126 685 2562 757 morborumque
2593 685 2967 756 depulsiones,
2984 690 3104 739 tum
3125 683 3184 739 in
3211 682 3510 755 corporum
3542 690 3729 736 trans-

2127 775 2392 840 vectione,
2429 782 2549 828 tum
2595 773 2653 827 in
2693 791 2887 828 eorum
2925 773 3332 838 inhumatione,
3385 779 3511 827 tum
3551 771 3726 825 etiam

2127 864 2366 934 posteris
2393 863 2759 934 temporibus,
2781 863 3050 917 Dominus
3067 879 3166 934 per
3195 863 3314 934 pios
3336 862 3578 916 famulos
3595 877 3726 915 suos

2127 953 2604 1023 ell‘ecit.Viditque
2617 970 2710 1005 rex
2722 969 2785 1005 ac
2797 952 2999 1021 vulgus
3011 969 3204 1006 omnes
3223 952 3453 1006 virtutes
3473 968 3573 1004 eas
3603 967 3726 1020 quae

2128 1060 2227 1114 per
2252 1043 2400 1114 ipsos
2425 1041 2754 1098 edebantur.
2775 1043 2854 1094 Ac
2876 1041 3127 1112 plerique
3144 1059 3174 1096 e
3193 1041 3445 1095 finitimis
3471 1039 3723 1094 nationi-

2127 1131 2228 1186 bus
2251 1131 2602 1185 inﬁdelitatis
2618 1148 2681 1185 ac
2696 1131 3066 1201 ignorationis
3079 1131 3179 1185 Dei
3191 1130 3385 1186 morbo
3401 1129 3724 1184 laborantes

2123 1237 2224 1293 per
2245 1237 2311 1274 ea
2340 1220 2501 1290 signa
2531 1237 2651 1283 quae
2680 1219 2737 1273 in
2769 1225 3132 1274 monumento
3171 1219 3383 1274 ﬁebant
3428 1219 3499 1272 ad
3550 1217 3724 1272 ﬁdem

2125 1317 2499 1363 accesserunt.
2524 1312 2706 1380 Atque
2727 1325 2921 1362 omnes
2937 1309 3032 1380 qui
3060 1309 3236 1380 ipsius
3259 1309 3534 1379 Josaphat
3552 1309 3724 1360 vitam

2125 1399 2192 1453 ad
2225 1399 2552 1468 angelorum
2585 1397 2956 1452 imitationem
2978 1404 3504 1469 expressam.atque
3522 1413 3557 1450 a
3575 1404 3726 1450 tene-

2127 1488 2208 1542 ris
2236 1487 2518 1558 unguibus
2549 1487 2841 1541 ardentem
2885 1486 3060 1558 ipsius
3099 1504 3232 1557 erga
3263 1488 3439 1541 Deum
3473 1500 3726 1540 amorem

2126 1583 2416 1631 cernentes
2437 1582 2606 1648 atque
2633 1576 2942 1639 audientes,
2962 1575 3334 1631 admiratione
3345 1575 3489 1629 oorri
3497 1574 3727 1646 pieban-

2129 1672 2234 1731 tur,
2262 1666 2439 1720 Deum
2461 1665 2518 1719 in
2550 1664 2808 1720 omnibus
2828 1664 3193 1730 celebrantes,
3219 1665 3388 1736 quise
3401 1663 3727 1718 amantibus

448 1771 700 1828 poraque
728 1755 868 1811 nihil
888 1773 922 1810 a
950 1757 1190 1828 pristino
1211 1758 1394 1812 colore
1412 1757 1728 1824 immutata,
1748 1775 1939 1812 verum
1961 1759 2044 1813 in-
2064 1772 2290 1838 Bopem
2320 1762 2376 1809 et
2415 1754 2684 1809 auxilium
2722 1771 3010 1825 nunquam
3055 1753 3198 1808 ferre
3239 1753 3466 1814 desinit,
3519 1769 3727 1824 eosque

445 1850 610 1916 tegra
646 1851 704 1901 et
737 1861 964 1917 prorsus
995 1846 1314 1914 incolumia,
1348 1864 1460 1901 una
1502 1865 1630 1901 cum
1677 1847 2040 1903 indumentis.

447 1933 580 1990 Hm
606 1934 781 2006 igitur
798 1941 1284 1990 sacrosanctarum
1312 1936 1630 1990 animarum
1660 1936 2038 2004 tabernacula,

445 2022 839 2079 suavissimum
861 2024 1088 2079 odorem
1109 2025 1445 2090 emittentia,
1463 2042 1565 2079 nec
1583 2025 1714 2080 fwdi
1735 2027 2044 2097 quidquam

451 2111 793 2177 exhibentia,
813 2113 1095 2184 praeclaris
1111 2113 1306 2167 loculis
1320 2113 1394 2167 im
1402 2114 1703 2185 posita,rex
1721 2115 1777 2168 in
1802 2116 2042 2187 patriam

447 2216 607 2258 suam
627 2201 916 2258 transfert.

517 2290 594 2346 Ut
618 2295 811 2346 autem
840 2306 909 2345 ea
935 2307 1024 2345 res
1064 2292 1131 2345 ad
1161 2291 1340 2364 plebis
1367 2309 1532 2347 aures
1565 2295 1833 2364 pervenit,
1883 2295 2044 2349 innu-

444 2379 732 2436 merabilis
756 2379 1059 2434 multitudo
1084 2397 1150 2434 ex
1169 2381 1429 2436 omnibus
1454 2381 1684 2437 urbibus
1698 2400 1761 2437 ac
1792 2384 2044 2438 finitimis

443 2467 682 2546 locis_ad
718 2467 1013 2522 beatorum
1032 2468 1259 2523 illorum
1281 2487 1577 2541 corporum
1606 2477 1962 2542 conspectum
1988 2477 2046 2527 et

444 2555 833 2612 adorationem
845 2557 1127 2612 conﬂuxit.
1137 2559 1181 2612 U
1191 2557 1241 2611 bi
1254 2559 1421 2612 etiam
1435 2561 1806 2615 sacrosanctis
1818 2556 2042 2632 hymnis

445 2659 645 2701 eorum
667 2662 839 2701 causa
857 2646 1188 2713 decantatis,
1223 2647 1572 2719 copiosisque
1593 2649 1942 2719 lampadibus
1959 2666 2045 2703 ac-

444 2732 647 2800 censis,
679 2738 808 2804 apte
827 2733 941 2788 illic
962 2734 1240 2805 quispiam
1253 2751 1318 2789 ac
1334 2753 1604 2807 perquam
1628 2737 2044 2792 accommodate

444 2820 694 2890 dixisset,
728 2823 968 2879 Lumina
1013 2823 1164 2878 circa
1203 2824 1433 2880 luminis
1481 2825 1624 2880 ﬁlios
1672 2832 1729 2879 et
1771 2827 2038 2880 haeredes.

2127 1843 2490 1916 amplissimis
2519 1843 2806 1898 beneficiis
2838 1850 3254 1898 remuneratur.

2196 1933 2300 1988 Hic
2329 1933 2620 2005 praesentis
2651 1932 2778 1986 libri
2809 1933 2938 1987 finis
2959 1937 3061 2000 est,
3095 1950 3260 2004 quem
3289 1949 3388 2004 pro
3422 1949 3551 1988 mea
3580 1933 3727 1987 virili

2126 2022 2452 2093 conscripsi,
2474 2021 2949 2093 quemadmodum
2970 2039 3004 2076 a
3024 2023 3306 2094 praeclaris
3321 2022 3452 2076 Viris
3466 2023 3565 2094 qui
3586 2022 3725 2076 mihi

2127 2111 2242 2165 haec
2273 2111 2422 2164 haud
2449 2111 2586 2163 falso
2629 2111 2988 2164 tradiderunt
3023 2111 3229 2182 accepi.
3263 2111 3492 2165 Utinam
3532 2116 3728 2166 autem

2125 2217 2240 2265 vos,
2272 2201 2366 2271 qui
2396 2201 2540 2254 hanc
2567 2200 2769 2254 animis
2800 2200 2996 2254 utilem
3025 2199 3317 2255 historiam
3337 2200 3526 2270 legitis
3555 2207 3729 2272 atque

2125 2289 2352 2356 auditis,
2371 2289 2442 2343 ad
2463 2306 2657 2343 eorum
2689 2294 2905 2361 partem
2935 2289 3300 2356 asciscamini,
3336 2289 3432 2361 qui
3461 2290 3578 2344 Deo
3600 2291 3728 2344 vitae

2127 2396 2240 2433 suae
2268 2379 2514 2433 rationes
2543 2378 2938 2450 probaverunt,
2959 2395 3060 2449 per
3076 2378 3358 2432 orationes
3386 2383 3443 2432 et
3461 2378 3732 2433 interces-

2126 2468 2309 2522 siones
2341 2468 2638 2522 beatorum
2663 2468 2910 2522 virorum
2942 2467 3204 2522 Barlaam
3234 2473 3291 2522 et
3330 2468 3622 2540 Josaphat,
3659 2469 3731 2521 de

2128 2557 2330 2629 quibus
2358 2558 2474 2612 haec
2503 2557 2740 2612 historia
2762 2562 3020 2611 contexta
3041 2563 3126 2612 est
3141 2556 3200 2611 in
3217 2557 3441 2612 Christo
3463 2558 3491 2612 J
3495 2574 3598 2612 esu
3613 2558 3732 2612 Do-

2129 2647 2279 2701 mino
2300 2653 2512 2713 nostro,
2532 2664 2699 2718 quem
2721 2647 2881 2701 decet
2900 2646 3098 2714 honor,
3118 2645 3439 2716 imperium,
3459 2648 3732 2718 majestas

2127 2743 2184 2790 et
2212 2736 2796 2807 magniticentia,cum
2815 2736 2981 2790 Patre
3012 2740 3067 2790 et
3101 2735 3314 2807 Spiritu
3338 2741 3552 2804 sancto,
3579 2753 3733 2792 nunc

2127 2833 2184 2881 et
2211 2843 2432 2898 semper
2460 2827 2518 2881 in
2549 2826 2750 2881 saecula
2779 2825 3134 2880 saeculorum.
3167 2826 3373 2880 Amen.

1705 2950 2089 3006 ROSWEYDI
2126 2949 2463 3005 ΝΟΤΛΤΙΟ.

518 3045 792 3119 339(1)
819 3048 953 3119 Vita.
971 3048 981 3118 1
997 3049 1076 3102 De
1097 3048 1332 3102 historia
1344 3049 1446 3102 hac
1475 3048 1656 3118 placet
1675 3048 2039 3103 illustrissimi
2057 3049 2100 3112 C

447 3117 750 3192 gardinalis
773 3117 1098 3192 Bellarmini
1113 3120 1408 3192 judicium,
1435 3117 1550 3192 qui,
1572 3119 1714 3174 libro
1743 3121 1813 3174 de
1835 3121 2036 3192 Script.

447 3189 675 3262 Eccles,
691 3188 756 3262 in
773 3190 989 3262 Joanne
1008 3188 1373 3255 Damasceno,
1395 3188 1471 3245 ita
1491 3191 1782 3262 disquirit:
1811 3188 2041 3247 Dubita-

443 3258 522 3314 tio
543 3259 733 3335 existit
747 3277 819 3335 an
835 3261 1210 3335 haeenarratio
1232 3263 1306 3335 sit
1325 3279 1454 3316 vera
1472 3258 1725 3335 historia,
1751 3279 1824 3318 an
1849 3264 2037 3335 potius

443 3331 680 3405 conficta
708 3332 779 3405 ad
810 3334 1145 3405 erudiendos
1175 3333 1386 3388 nobiles
1417 3333 1823 3400 adolescentes,
1849 3331 2037 3405 qualis

443 3407 528 3476 est
554 3402 684 3476 Vita
705 3403 836 3474 Cyri
867 3406 1014 3475 apud
1045 3405 1492 3476 XenOphontem.
1537 3406 1816 3462 Caeterum
1846 3402 2033 3460 veram

445 3473 737 3547 historiam
755 3473 890 3547 esse
903 3473 1138 3530 'constat
1163 3473 1228 3530 ex
1260 3493 1325 3530 eo
1355 3476 1502 3547 quod
1531 3483 1756 3532 sanctus
1793 3477 2037 3532 Joannes

445 3544 753 3600 Damascen
761 3561 825 3600 us
840 3546 900 3600 in
916 3547 1026 3602 ﬁne
1037 3547 1284 3602 historiae
1296 3544 1517 3603 invocat
1533 3554 1755 3602 sanctos
1777 3548 2039 3603 Barlaam

444 3620 503 3697 et
527 3615 815 3700 Josaphat,
851 3634 1090 3700 quorum
1115 3635 1204 3700 res
1221 3624 1416 3700 gestas
1439 3618 1758 3700 scripserat,
1783 3625 1836 3673 et
1859 3620 2040 3700 Eccle-

443 3686 527 3762 s_i_a
551 3687 817 3762 catholica
941 3686 1338 3762 Illartyrolo'gio
1385 3686 1692 3760 descriptos
1740 3697 2040 3746 veneratur

441 3758 533 3884 dif
557 3757 638 3884 37
669 3759 994 3814 Novembris
1019 3757 1497 3816 eosdem—sanctos
1519 3757 1778 3816 Barlaam
1804 3769 1860 3816 et
1885 3764 2040 3817 Josae

441 3846 479 3884 ι)
521 3846 552 3884 a
587 3871 598 3882 .

461 3836 598 3885 )hat.

441 3846 710 3977 ﬁngimus
739 3902 1018 3977 interpres
1045 3903 1128 3977 ita
1152 3904 1560 3977 ratiosinatur:
1591 3903 1750 3968 Quod
1765 3905 1838 3959 ad
1855 3905 2038 3977 ipsam

441 3971 688 4046 historiae
717 3971 1010 4046 veritatem
1030 3974 1252 4041 attinet,
1267 3975 1336 4030 ob
1365 3975 1634 4046 quasdam
1649 3971 2033 4046 causasﬂquas

441 4042 582 4097 nihil
611 4043 715 4098 hoc
733 4044 853 4098 loco
868 4062 1306 4102 commemorare
1341 4042 1560 4108 attinet,
1594 4046 1769 4100 videri
1798 4042 2033 4102 fortasse

439 4114 726 4188 nonnullis
756 4116 1184 4188 potuissetthoc
1203 4133 1342 4188 opus
1373 4134 1486 4171 non
1508 4125 1626 4171 tam
1656 4133 1844 4188 veram
1864 4119 2035 4172 histo-

440 4184 584 4239 riam
613 4184 952 4259 esse,'quam
985 4187 1088 4242 sub
1134 4184 1381 4242 hist—oriae
1417 4189 1600 4259 specie
1640 4187 1869 4243 tacitam
1907 4191 2031 4245 vitae

441 4257 767 4330 monasticae
787 4257 956 4330 atque
976 4259 1047 4313 ad
1077 4257 1463 4314 Christianam
1471 4259 1867 4330 perfectionem
1894 4279 2030 4316 exa-

344 4377 348 4382 .
441 4331 543 4381 cta:
555 4328 1041 4396 collaudationem,
1074 4330 1184 4384 nisi
1205 4336 1400 4385 auctor
1428 4328 1531 4384 sub
1553 4331 1719 4384 finem
1740 4348 1862 4386 eam
1880 4349 1938 4387 se
1958 4332 2028 4387 ab

2192 3048 2267 3118 (2)
2298 3051 2581 3120 Barlaam,
2614 3047 2749 3120 etc.]
2783 3048 3251 3120 Martyrologium
3279 3048 3620 3120 Romanum,
3659 3045 3728 3100 ‘27

2121 3119 2454 3174 Novembris
2486 3139 2497 3174 :
2536 3140 2558 3170 ι
2585 3119 2756 3184 Apud
2787 3119 2954 3175 Indos
2979 3121 3164 3174 Persis
3193 3119 3482 3184 ﬁnitimos,
3502 3127 3730 3172 sancto-

2120 3207 2247 3245 rum
2274 3191 2532 3245 Barlaam
2555 3197 2612 3245 et
2639 3189 2928 3262 Josaphat,
2963 3207 3205 3262 quorum
3243 3197 3400 3245 actus
3431 3189 3725 3262 mirandos

2120 3269 2345 3316 sanctus
2377 3263 2620 3316 Joannes
2664 3261 3042 3317 Damascenus
3081 3262 3430 3333 conscripsit.
3469 3281 3492 3312 υ
3530 3261 3724 3333 Flora-

2121 3333 2268 3387 rium
2310 3338 2631 3388 sanctorum
2674 3351 2802 3400 ms.,
2841 3333 2910 3390 ‘29
2942 3331 3333 3404 Septembris}
3377 3351 3403 3384 ι(
3447 3331 3726 3404 Josaphat

2120 3405 2268 3474 regis
2297 3411 2352 3458 et
2382 3405 2730 3459 confessoris.
2767 3425 2793 3458 ι
2828 3406 2896 3460 Et
2927 3405 2993 3460 ‘27
3015 3402 3289 3459 Decemb.
3325 3423 3338 3457 :
3371 3423 3394 3454 ι
3445 3402 3724 3474 Josaphat

2120 3477 2270 3546 regis
2298 3483 2356 3530 et
2389 3477 2639 3530 eremitae
2671 3493 2820 3531 anno
2844 3476 3041 3530 salutis
3070 3476 3192 3532 383.
3227 3494 3251 3528 ››
3285 3475 3465 3539 Quam
3495 3480 3723 3528 aetatem

2120 3548 2268 3602 unde
2298 3547 2611 3602 Florarium
2633 3549 2898 3614 hauserit,
2919 3547 3125 3618 nescio.
3148 3547 3361 3602 Menaea
3391 3562 3616 3618 quoque
3634 3563 3722 3599 so-

2118 3618 2248 3690 lius
2273 3619 2543 3690 Josaphat
2587 3620 2910 3685 meminere,
2966 3617 3035 3676 ‘26
3082 3618 3321 3690 Augusti
3363 3636 3374 3672 ε
3409 3617 3540 3672 ‘Toe‘
3584 3617 3722 3670 ὁσίου

2131 3688 2351 3761 Ἰωαὶσαφ
2381 3688 2484 3742 υἱοῦ
2524 3689 2736 3762 ’Λεενὴρ
2763 3697 2850 3744 τοῦ
2884 3691 3143 3761 βασιλέως.

2139 3778 2269 3851 f__(3)
2309 3781 2522 3834 Joanne
2562 3780 2938 3851 Damasceno.]
2981 3780 3256 3834 Joannem
3303 3779 3720 3851 Damascenum

2118 3849 2258 3921 _Vitae
2285 3851 2453 3921 hujus
2474 3867 2572 3906 seu
2593 3851 2838 3906 historia:
2871 3849 3158 3906 auctorem
3181 3867 3321 3916 esse,
3354 3850 3442 3906 his
3474 3851 3724 3907 rationi-

2075 3975 2092 3983 _
2117 3919 2222 3975 bus
2252 3919 2444 3976 tuetur
2472 3923 2668 3978 Billius
2702 3942 2713 3976 :

2185 4011 2394 4077 Primo,
2431 4012 2563 4083 quia
2589 4013 2996 4083 Trapezuntius
3013 4013 3098 4067 vir
3123 4013 3354 4068 natione
3383 4013 3637 4078 Graecus,
3664 4020 3720 4068 et

2117 4083 2307 4152 magni
2333 4099 2446 4137 non
2462 4084 2750 4138 intersuos
2771 4083 3115 4150 tantum,sed
3135 4085 3306 4139 etiam
3323 4084 3472 4140 inter
3494 4092 3717 4141 nostros

2117 4154 2378 4218 nominis,
2411 4172 2522 4280 nlon
2553 4155 2727 4210 alium
2745 4172 2916 4229 quam
2931 4157 3345 4212 Damascenum
3373 4158 3498 4229 ejus
3520 4165 3718 4212 aucto-

2117 4241 2232 4279 rem
2261 4233 2430 4280 nrotu
2453 4233 2517 4280 1t.

2113 4241 2232 4279 rem
2261 4233 2517 4297 protulit.

2183 4316 2908 4390 SecundoLipsaphrasis,
2947 4318 3180 4390 reliquis
3219 4319 3396 4390 ipsius
3446 4318 3713 4390 operibus

439 4398 759 4474 hominibus
771 4417 804 4454 a
819 4387 1090 4456 mendacii
1105 4401 1336 4474 crimine
1357 4401 1555 4456 alienis
1571 4403 1846 4474 accepisse
1865 4409 2028 4459 testa-

2129 4403 2279 4457 juam
2307 4387 2611 4455 simillima,
2637 4387 3045 4444 Damascenum
3064 4387 3350 4446 auctorem
3373 4387 3643 4446 testatur.

437 4475 612 4560 retur.
636 4473 726 4554 ,Εἰ
773 4473 1304 4560 ergo,“pra;s‘erti‘m_
1330 4464 1719 4560 asseveranti;
1750 4464 2094 4560 diﬂidere,l)
2179 4476 2393 4560 Tertio,
2432 4477 2503 4560 ad
2543 4495 2667 4532 eam
2709 4479 3526 4560 opinionem_con_ﬁrmandam
3573 4481 3712 4560 illud

437 4541 999 4616 hominisesse'mihi
1027 4545 1314 4599 videretur
1329 4545 1453 4616 plus
1473 4545 1590 4600 suis
1623 4546 2033 4616 suspieionibus

436 4615 968 4737 1quamehristianae
997 4616 1280 4683 charitati,
1310 4612 1432 4689 quae
1461 4618 1653 4672 omnia
1694 4612 2034 4686 credit,'tri-

479 4702 586 4737 uen
617 4705 683 4737 IS.

479 4687 683 4743 uentis.

512 4757 629 4828 Ego
656 4759 745 4813 vix
773 4759 968 4815 dubito
987 4760 1124 4828 quin
1142 4759 1315 4814 totius
1334 4759 1583 4816 historia:
1602 4760 2034 4818 fundamentum

441 4830 765 4903 verumsit.
794 4831 962 4886 Forte
981 4830 1391 4903 disputationes
1413 4833 1669 4902 quaedam
1699 4833 1769 4888 de
1799 4833 2032 4903 quibus-

436 4898 568 4954 dam
598 4901 729 4955 ﬁdci
761 4902 1045 4972 mysteriis
1070 4898 1140 4957 ab
1162 4909 1389 4958 auctore
1405 4898 1490 4958 vel
1527 4904 1750 4967 additae,
1778 4898 1866 4960 vel
1895 4905 2034 4960 dila-

436 4975 586 5026 tata).
603 4972 861 5055 Nam-qui
881 4974 1064 5055 potuit
1081 4975 1367 5055 J_osaphat,
1391 4991 1589 5029 recens
1606 4976 1677 5055 ad
1708 4975 1880 5055 fidem
1903 4993 2033 5031 con-

379 5061 385 5072 -
435 5059 647 5110 versus,
677 5049 763 5119 tot
778 5045 1079 5119 Scripturae
1105 5046 1241 5101 locis
1270 5062 1328 5100 se
1357 5047 1728 5114 communire,
1759 5047 1854 5119 qui
1891 5064 2031 5104 nun-

439 5129 608 5188 quam
639 5132 707 5170 ea
735 5115 984 5188 legerat?

502 5186 689 5262 Habes
714 5183 894 5262 totam
927 5187 1078 5262 hanc
1097 5187 1374 5262 Vitam_et
1404 5189 1700 5245 historiam
1729 5191 1879 5262 apud
1893 5183 2054 5245 Vini

429 5259 698 5334 centium,
731 5259 792 5315 in
825 5261 984 5334 Spec.
1027 5260 1224 5334 histor.
1273 5258 1387 5334 lib._
1418 5275 1509 5328 xv,
1545 5277 1648 5334 per
1684 5258 1869 5334 capita
1905 5276 2031 5316 thv

431 5329 771 5456 itiistiqctam,
803 5329 900 5404 qui
929 5332 1222 5405 antiquam
1246 5329 1566 5388 versionem
1588 5329 1880 5404 paululum
1901 5350 2032 5391 con-

459 5416 574 5456 raxi
609 5444 620 5456 .

499 5444 686 5560 ﬁagis‘
707 5477 988 5560 sontraxit
1010 5477 1210 5560 Petrus
1230 5477 1287 5531 in
1307 5474 1560 5560 catalogo
1579 5479 1902 5560 sanctorum
1923 5475 2039 5559 Ιὶῥμ

427 5543 631 5626 κιρεψ.
669 5543 787 5603 114.
821 5547 1008 5604 Habes
1037 5549 1319 5631 integram
1348 5543 1670 5630 exantiqua
1687 5549 1941 5632 versione
1969 5549 2029 5604 in

427 5613 570 5670 Viue
594 5616 830 5695 Patrum
859 5635 926 5695 ex
954 5621 1276 5679 Colomensx
1303 5620 1568 5690 editione,
1596 5626 1654 5680 et
1681 5621 1831 5695 apud
1858 5622 2028 5694 Lipo-

428 5700 678 5758 manum,
705 5691 842 5747 tom.
876 5691 947 5747 ν.

2115 4547 2253 4622 mihi
2282 4549 2472 4622 magni
2492 4547 2764 4604 momenti
2788 4556 2890 4616 est,
2917 4551 3065 4622 quod
3086 4557 3148 4606 ut
3167 4552 3223 4605 in
3240 4551 3397 4606 libris
3424 4552 3506 4606 De
3525 4553 3715 4607 ortho-

2115 4619 2258 4704 doxa
2285 4620 2440 4704 Fide,
2475 4638 2546 4704 ae
2569 4623 2802 4704 reliquis
2845 4619 2988 4704 pene
3019 4622 3278 4704 omnibus
3329 4623 3712 4704 Damascenus

2115 4691 2294 4776 multa
2319 4709 2349 4744 e
2381 4693 2607 4776 Basilio,
2626 4691 2896 4776 Gregorio
2913 4694 3280 4759 Nazianzeno,
3311 4694 3551 4776 aliisque
3571 4697 3715 4766 ejus-

2115 4761 2241 4816 dem
2257 4775 2402 4816 notaa
2424 4763 2702 4838 Patribus,
2719 4761 2959 4838 libenter
2971 4772 3251 4838 corrogat,
3275 4771 3444 4838 atque
3456 4761 3711 4838 intcgms

2113 4851 2261 4905 saepe
2287 4852 2498 4908 versus,
2529 4835 2644 4890 imo
2675 4837 2845 4908 etiam
2875 4842 3022 4890 totas
3042 4835 3299 4908 periodas
3327 4835 3398 4891 ab
3427 4837 3566 4908 ipsis
3587 4835 3713 4892 inu-

2112 4911 2336 4980 tuatur;
2357 4907 2554 4962 eodem
2581 4907 2746 4980 modo
2777 4908 2836 4964 in
2869 4909 2976 4963 hac
3005 4907 3228 4980 quoque
3250 4907 3505 4972 historia,
3531 4910 3710 4964 multa

2115 4994 2180 5051 ex
2195 4977 2398 5051 iisdem
2413 4977 3064 5050 auctoribus,suppresso
3083 4977 3310 5034 interim
3331 4980 3710 5051 nomine,pro-

2113 5049 2240 5138 ὠιξὶ
2271 5051 2661 5138 animadverti:
2695 5067 2768 5138 aq
2784 5049 3102 5138 praeserth
3129 5069 3199 5107 ex
3237 5049 3711 5138 Nazianzeno,‘ut

2110 5137 2159 5246 ἰ).
2194 5121 2244 5203 ἶ,
2272 5124 2326 5189 8,
2361 5121 2443 5190 10,
2482 5121 2563 5188 11,
2596 5123 2684 5189 15,
2751 5121 2834 5190 i7,
2889 5122 2980 5189 2D,
3027 5121 3116 5189 24,
3166 5140 3231 5177 ac
3269 5122 3549 5196 plerisque
3586 5123 3709 5177 aliis

2134 5209 2269 5246 oens.

2134 5209 2269 5247 OCIS.

2183 5265 2416 5331 Quarto,
2439 5282 2552 5320 non
2582 5265 2763 5320 solum
2792 5264 2862 5319 ab
2887 5265 3000 5322 illis
3019 5263 3278 5322 lubenter
3299 5273 3496 5324 mutuo
3509 5265 3702 5331 sumit,

2111 5335 2209 5409 sed
2241 5337 2413 5392 etiam
2442 5338 2622 5409 multa
2654 5353 2874 5409 quoque
2903 5338 3068 5393 affert
3107 5355 3173 5394 ex
3223 5338 3380 5394 libris
3411 5341 3492 5395 De
3522 5338 3706 5392 ortho-

2110 5407 2391 5492 doxa‘tide
2417 5408 2487 5463 ad
2778 5407 3134 5492 transcripta,
3161 5416 3231 5492 ut
3260 5428 3325 5492 ea
3355 5409 3551 5492 omnia
3569 5425 3702 5492 ,ψιίὲ

2111 5496 2231 5551 cap.
2266 5478 2330 5555 i5
2359 5481 2428 5534 de
2460 5479 2679 5535 arbitrii
2699 5480 2968 5555 libertate
2989 5478 3255 5555 disputat.
3275 5482 3432 5555 Quod
3453 5478 3697 5555 quidem,

2110 5550 2422 5627 ut’0p_i_nor,
2454 5568 2567 5627 non
2588 5558 2704 5606 tam
2719 5559 2914 5624 aperte
2939 5550 3166 5620 faceret,
3190 5553 3297 5609 nisi
3311 5550 3584 5627 tanquam
3602 5567 3700 5606 suo

2107 5621 2256 5696 jure
2272 5621 2362 5696 iis,
2389 5627 2452 5678 ut
2478 5623 2613 5696 suis,
2639 5621 2915 5680 uteretur.

2184 5693 2408 5764 Quinto,
2432 5712 2556 5770 cap.
2581 5695 2667 5767 19,
2691 5696 3000 5771 disputatio
3023 5712 3089 5756 ea
3109 5697 3178 5756 de
3197 5695 3554 5770 imaginibus,
3579 5710 3698 5770 quae
