3868 6372
462 297 566 357 607
1491 305 1584 360 DE
1619 305 1808 362 vrrxs
1846 306 2142 363 PATRUM
2177 309 2393 366 LIBER
2431 307 2720 366 ramus.
3641 292 3747 353 608

461 425 568 480 ctis
579 425 806 498 quidem
823 425 1098 497 magicam
1112 427 1496 483 curiositatem
1521 429 1867 484 sectantibus
1881 431 2116 495 ﬁnemA
2135 433 2245 490 Sed
2273 434 2364 489 hic
2393 435 2686 507 episcOpus
2715 430 2882 486 variis
2912 428 3116 484 dicitur
3141 425 3398 481 Ecclesiae
3430 439 3547 477 suae
3576 436 3746 475 occu-

461 514 752 587 imposuit,
773 515 994 570 Judaeos
1022 532 1152 570 vero
1179 533 1282 571 nec
1305 518 1782 590 nuncupationem
1805 519 2053 574 nominis
2137 521 2458 592 pationibus
2485 521 2741 576 detineri.
2764 518 2864 573 His
2893 521 3085 572 autem
3112 513 3208 586 qui
3236 513 3295 568 in
3324 510 3532 566 divinis
3559 508 3744 564 laudi-

464 602 672 659 habere
697 603 970 675 permisit,
1005 604 1354 660 Christianos
1384 612 1574 661 autem
1600 609 1793 679 procul
1823 607 1894 662 ab
1921 610 2054 663 Ale-
2141 609 2242 665 bus
2263 617 2478 678 vacant,
2493 610 2851 666 Theodorum
2871 605 3172 679 quemdam
3191 602 3590 675 presbyterum
3616 613 3743 652 con-

461 693 702 748 xandria
735 696 959 748 tantum
1007 693 1210 750 debere
1241 711 1362 750 esse
1408 696 1720 751 constituit.
1753 698 1879 768 Ipse
1926 715 2054 752 vero
2141 690 3742 772 stituit,cujustantamiraculanarrantur,utetiamceecos

462 782 590 854 plus
619 781 752 838 licet
777 783 1239 856 philosophorum
1259 786 1473 840 amicus
1489 803 1656 858 quam
1686 785 1870 841 fautor
1883 787 2058 842 idolo-
2141 789 2258 843 suis
2290 788 2638 844 orationibus
2667 787 2966 843 illuminet.
3001 789 3060 838 et
3097 783 3377 838 daemones
3419 779 3651 849 elfuget,
3688 783 3743 831 et

459 887 606 938 rum,
632 870 900 927 Romanis
920 877 1109 927 tamen
1130 874 1642 944 superstitionibus,
1671 891 1735 929 ac
1757 876 1805 929 si
1832 875 2055 946 religio-
2138 877 2554 933 inﬁrmantibus
2571 878 2770 932 afferat
2784 875 3116 930 sanitatem:
3135 887 3270 926 sane
3284 870 3357 924 ad
3368 866 3740 924 diversorium

459 976 554 1014 sus
586 960 787 1026 cultor,
811 960 1076 1028 instabat,
1109 978 1222 1016 non
1250 963 1474 1029 rationi,
1502 964 1598 1017 sed
1618 964 1910 1019 traditioni
1929 981 2059 1019 con-
2140 967 2310 1037 hujus
2349 965 2819 1038 congregationis,
2855 964 2912 1018 in
2944 979 3054 1034 quo
3096 962 3214 1016 Deo
3247 960 3491 1022 canitur,
3526 956 3738 1011 nullam

463 1051 722 1106 cordans.
2140 1057 2354 1128 patitur
2391 1057 2579 1110 venire
2617 1054 2974 1110 feminarum.
3017 1051 3136 1104 Hoc
3174 1065 3306 1119 ergo
3351 1043 3736 1110 considerans,

529 1140 663 1197 CAP:
697 1141 768 1196 II.
796 1171 860 1181 —
884 1139 1564 1214 Eugeniamigiturﬁliam
1580 1161 1742 1200 suam
1764 1146 1900 1200 dum
1913 1145 2058 1200 litte-
2138 1146 2372 1201 tondere
2399 1163 2488 1200 me
2515 1144 2777 1209 arbitror,
2807 1148 2869 1198 ut
2897 1140 3144 1195 crastina
3163 1141 3442 1192 nocturna
3471 1133 3740 1206 profectio

461 1228 541 1282 ris
561 1228 886 1285 liberalibus
910 1231 1310 1302 perfectissime
1331 1233 1628 1297 docuisset,
1645 1242 1703 1290 et
1721 1240 1838 1289 tam
1859 1235 2057 1290 Latino
2139 1235 2399 1290 ordinata
2427 1251 2528 1306 per
2567 1235 2717 1305 ipsos
2746 1231 2907 1287 nobis
2932 1229 3235 1285 transitum
3265 1225 3537 1298 praebeat.
3572 1222 3740 1276 Vobis

465 1332 592 1372 eam
623 1335 794 1390 quam
823 1320 1016 1375 Graeco
1047 1321 1269 1392 eloquio
1293 1322 1664 1386 instruxisset,
1693 1324 1860 1378 etiam
1883 1325 2059 1395 philo-
2140 1323 2332 1395 itaque
2357 1323 2574 1378 duobus
2595 1325 2756 1393 juxta
2783 1321 3108 1375 bastemam
3125 1314 3201 1385 (6)
3219 1311 3664 1378 ambulantibus,
3685 1316 3741 1365 et

464 1405 723 1479 sophiam
743 1408 929 1464 doceri
947 1410 1220 1481 permisit.
1246 1411 1379 1466 Erat
1399 1411 1549 1466 enim
1579 1413 1722 1466 acris
1746 1413 1976 1484 ingenii,
2001 1419 2060 1468 et
2139 1413 2354 1466 caeteris
2367 1409 2808 1484 pragcedentibus
2832 1409 2899 1463 ad
2923 1409 3106 1462 locum
3132 1406 3384 1477 deponar
3409 1419 3444 1457 a
3467 1400 3626 1456 vobis
3649 1419 3662 1466 ;
3683 1405 3740 1454 et

464 1499 586 1551 tam
612 1497 901 1552 memoriae
928 1515 1118 1570 capax,
1165 1505 1228 1554 ut
1257 1501 1530 1571 quidquid
1568 1502 1846 1556 audiendo
1884 1502 2057 1556 semel
2139 1518 2315 1556 vacua
2355 1507 2783 1573 pertranseunte
2829 1498 3112 1563 basterna,
3142 1511 3245 1550 nos
3285 1499 3403 1548 tres
3457 1489 3528 1564 (7)
3572 1489 3764 1560 herili

465 1585 552 1639 vel
590 1585 826 1656 legendo
850 1587 1126 1660 potuisset
1155 1589 1422 1660 arripere,
1457 1597 1728 1661 perpetuo
1769 1591 2054 1645 retineret.
2142 1589 2336 1646 habitu
2368 1591 2536 1645 simul
2574 1589 2645 1644 ad
2679 1588 2779 1644 Dei
2815 1587 3070 1642 homines
3101 1598 3490 1656 properemus.
3523 1579 3742 1634 Placuit

463 1674 600 1730 Erat
614 1677 1057 1748 autemEugenia
1075 1678 1305 1749 pulchra
1321 1679 1459 1738 facie
1474 1686 1531 1734 et
1551 1680 1791 1749 eleganti
1804 1697 2054 1752 corpore,
2143 1680 2394 1752 utrisque
2424 1679 2750 1746 consilium;
2770 1681 2828 1731 et
2855 1674 3110 1747 sequenti
3133 1679 3315 1739 nocte,
3338 1671 3488 1726 sicut
3514 1669 3740 1724 ordina-

465 1762 564 1818 sed
601 1765 890 1836 pulchrior
919 1772 1126 1833 mente,
1161 1773 1216 1821 et
1246 1768 1542 1823 formosior
1567 1769 1843 1824 castitate.
1875 1769 2058 1839 Igitur
2069 1794 2118 1854 Β
2141 1776 2313 1837 verat,
2349 1769 2706 1840 adimpletur.

463 1869 593 1912 cum
621 1854 1034 1926 quintodecimo
1081 1857 1260 1911 aetatis
1309 1875 1422 1912 suae
1479 1875 1628 1912 anno
1684 1858 1754 1912 ab
1811 1847 2114 1930 Aquilio,—
2212 1859 2346 1913 CAP.
2370 1859 2464 1912 IV.
2497 1879 2553 1898 ε
2578 1859 2818 1912 Tantam
2847 1859 3038 1910 autem
3066 1850 3420 1908 credentibus
3448 1848 3559 1904 sibi
3585 1847 3742 1904 Chri-

461 1941 672 2015 Aquilii
704 1942 770 2012 (5)
803 1945 1044 2000 consulis
1074 1945 1188 1999 ﬁlio
1205 1951 1490 2017 peteretur
1508 1964 1732 2018 sponsa,
1749 1947 2059 2017 interroga-
2140 1954 2260 2002 stus
2290 1947 2534 2018 gratiam
2565 1945 2828 2001 exhibere
2856 1944 3121 2014 dignatus
3149 1947 3251 2007 est,
3281 1946 3346 1995 ut
3374 1939 3577 1994 eadem
3605 1937 3742 1992 hora

461 2035 611 2088 tura
628 2036 790 2102 patre
819 2037 1008 2088 utrum
1055 2035 1266 2105 petenti
1293 2035 1486 2105 juveni
1517 2035 1914 2089 illustrissimis
1934 2041 2057 2088 orto
2140 2054 2253 2109 qua
2278 2037 2350 2091 ad
2379 2035 2784 2090 monasterium
2813 2037 3207 2105 pervenerunt,
3233 2033 3462 2084 sanctus
3491 2026 3742 2081 Helenus

462 2121 746 2178 natalibus
769 2124 1143 2178 consentiret?
1171 2125 1272 2180 Illa
1293 2126 1599 2198 respondit:
1625 2126 1860 2182 Maritus
1881 2125 2055 2180 mori-
2139 2125 2526 2198 superveniret
2547 2124 2855 2196 episcopus.
2879 2123 2949 2178 Et
2973 2120 3106 2192 quia
3123 2136 3246 2174 mos
3275 2123 3363 2174 est
3392 2115 3543 2188 apud
3570 2115 3742 2186 Egy-

463 2209 588 2278 bus,
612 2228 726 2268 non
742 2213 1024 2269 natalibus
1047 2215 1336 2284 eligendus
1365 2221 1477 2282 est;
1503 2215 1624 2287 ipso
1643 2215 1812 2282 enim,
1827 2232 1940 2270 non
1962 2231 2058 2287 pa-
2139 2221 2322 2288 ptum,
2348 2214 2571 2286 quando
2592 2208 3295 2267 circumeuntmonasteria
3307 2205 3576 2279 episcopi,
3599 2203 3743 2275 psal-

461 2300 714 2357 rentibus
743 2303 866 2374 ejus
915 2303 1187 2359 utendum
1231 2310 1333 2359 est.
1368 2304 1550 2376 Igitur
1577 2321 1705 2359 cum
1734 2305 1859 2359 aliis
1887 2311 2056 2376 atque
2138 2305 2376 2359 lentium
2420 2321 2514 2358 eos
2539 2309 2836 2386 .sequatur
2873 2299 3186 2365 exercitus;
3225 2294 3551 2368 supervenit
3591 2293 3742 2348 idem

459 2389 585 2446 aliis
614 2391 973 2463 poscentibus
1000 2393 1188 2448 animo
1221 2395 1496 2450 castitatis
1517 2399 1696 2462 34]
1738 2394 2052 2459 obsisteret,
2139 2395 2385 2450 Helenus
2436 2384 2743 2464 Heliopolis
2796 2391 3108 2463 cpiscopus,
3143 2393 3202 2444 et
3229 2404 3356 2442 cum
3395 2403 3460 2442 eo
3495 2384 3743 2456 amplius

462 2481 718 2550 pervenit
752 2482 824 2537 ad
852 2499 1054 2537 manus
1091 2485 1214 2555 ejus
1261 2484 1571 2540 beatissimi
1614 2485 1774 2540 Pauli
1815 2482 2056 2556 apostoli
2139 2501 2308 2556 quam
2337 2484 2530 2538 decem
2551 2482 2728 2536 millia
2755 2481 3023 2547 virorum,
3061 2477 3424 2552 psallentium
3450 2493 3514 2530 ac
3543 2475 3740 2530 dicen-

464 2568 740 2638 doctrina;
764 2575 824 2624 et
848 2570 980 2627 licet
1007 2571 1110 2626 sub
1138 2574 1531 2644 paganissimis
1560 2573 1888 2646 parentibus
1918 2587 2052 2641 age-
2135 2573 2308 2628 tium:
2329 2573 2435 2627 Via
2443 2574 2725 2643 justorum
2748 2575 2902 2626 recta
2919 2569 3066 2625 facta
3087 2575 3191 2636 est,
3210 2572 3269 2623 et
3285 2567 3395 2622 iter
3415 2571 3745 2621 sanctorum

459 2662 565 2725 ret,
590 2673 712 2714 esse
739 2663 930 2714 tamen
956 2661 1125 2733 coepit
1152 2662 1339 2718 animo
1385 2664 1732 2722 Christiana.
2136 2660 2796 2735 praeparatum.Audiens
2826 2660 2942 2714 haec
2960 2658 3230 2729 Eugenia,
3251 2657 3392 2711 dixit
3421 2655 3492 2710 ad
3516 2655 3700 2710 socios
3728 2671 3740 2704 :

535 2747 667 2802 CAP.
699 2748 947 2804 llL—Et
971 2751 1234 2822 quoniam
1247 2753 1392 2823 jussi
1407 2753 1633 2808 fuerant
1653 2755 1959 2814 Christiani
1983 2761 2052 2817 ab
2137 2753 2498 2808 COﬂSidemte
2524 2752 2635 2806 Vim
2663 2751 2998 2818 carminum,
3015 2755 3074 2805 et
3101 2749 3301 2804 Videtis
3330 2747 3401 2802 ad
3425 2763 3530 2802 nos
3558 2745 3742 2816 ι’θδΡί’

461 2835 801 2892 Alexandria
828 2837 966 2894 urbe
995 2839 1300 2908 discedere,
1354 2849 1516 2912 rogat
1543 2850 1806 2914 parentes
1836 2852 1901 2901 ut.
1927 2866 2054 2922 spe-
2137 2859 2262 2897 cere
2293 2841 2567 2914 quidquid
2596 2840 2900 2896 modulatis
2928 2838 3152 2894 vocibus
3182 2837 3449 2916 psallunt.
3482 2835 3742 2906 Denique

457 2925 841 2998 ctandigratia
864 2929 1285 3000 permitteretur
1304 2931 1512 3002 praedia
1533 2949 1634 2987 sua
1648 2933 1705 2988 in
1725 2935 2048 2993 suburbano

2141 2948 2264 2986 cum
2291 2931 2361 2986 de
2390 2931 2504 2985 Deo
2533 2945 2662 2984 vero
2708 2936 2900 2984 noster
2929 2932 3210 2983 tractatus
3260 2927 3320 2982 in
3367 2924 3744 2998 dispositione

459 3015 810 3072 Alexandriae
839 3017 1020 3089 posita
1049 3019 1304 3074 circuire.
1353 3023 1607 3092 Cumque
1635 3024 1826 3078 statim
1861 3030 1925 3080 ut
1949 3045 2051 3099 po-

2134 3021 2317 3076 mutui
2337 3020 2612 3074 sermonis
2641 3018 2966 3084 haberetur,
2998 3017 3313 3072 audivimus
3334 3015 3442 3072 hoc
3460 3019 3696 3070 cantare
3731 3033 3741 3066 :

457 3111 716 3177 posceret
738 3105 1116 3179 impetrasset,
1151 3115 1207 3164 et
1233 3109 1303 3164 ab
1332 3111 1470 3164 urbe
1495 3119 1822 3183 properaret
1849 3116 1921 3170 ad
1947 3117 2057 3171 vil-
2075 3119 2119 3180 C
2135 3110 2414 3174 Quoniam
2438 3125 2633 3164 omnes
2662 3108 2740 3162 dii
2770 3108 3026 3178 gentium
3049 3105 3342 3171 daemonia,
3375 3105 3527 3159 Deus
3547 3110 3739 3158 autem

457 3192 592 3262 lam,
623 3195 786 3252 audit
833 3197 1180 3253 Christianos
1208 3199 1510 3270 psallentes
1541 3206 1710 3272 atque
1751 3203 2001 3260 dicentes
2034 3225 2047 3262 :

457 3284 664 3340 Omnes
683 3285 760 3341 dii
769 3286 1025 3358 gentium
1045 3287 1340 3355 daemonia,
1361 3291 1512 3344 Deus
1528 3296 1719 3345 autem
1739 3299 1932 3348 noster
1943 3311 2052 3349 coe-

453 3372 538 3429 los
566 3373 697 3431 fecit
734 3378 907 3448 (Psal.
939 3381 1084 3445 xcv).
1117 3379 1247 3432 Haec
1304 3379 1388 3444 ita
1413 3379 1648 3436 audiens
1677 3382 1978 3453 suspiravit
1997 3390 2055 3440 et

454 3463 626 3532 flevit,
653 3471 711 3520 et
732 3464 869 3522 dicit
892 3466 963 3522 ad
987 3468 1273 3522 eunuchos
1290 3485 1493 3539 pueros
1510 3469 1735 3524 nomine
1751 3472 1983 3527 Protum
1996 3480 2054 3528 et
2075 3465 2088 3474 “

457 3551 875 3625 Hyacinthum:
922 3556 1046 3611 Scio
1074 3573 1169 3612 vos
1203 3573 1424 3612 mecum
1471 3558 1674 3614 litteris
1701 3560 1951 3616 eruditos
1996 3568 2054 3619 et

455 3641 626 3714 digna
643 3643 810 3699 simul
830 3649 887 3699 et
906 3645 1138 3716 indigna
1159 3647 1452 3703 hominum
1475 3648 1717 3718 legimus
1727 3656 1907 3720 gesta,
1925 3651 2051 3723 phi-

453 3731 813 3806 losophorum
835 3751 1056 3808 quoque
1067 3735 1420 3808 syllogismos
1434 3754 1577 3792 vano
1597 3738 1788 3793 labore
1802 3746 2054 3796 constru-

453 3825 570 3877 ctos
579 3823 766 3880 studio
782 3826 1266 3898 scrupulosissimo
1283 3827 1679 3898 transegimus:
1695 3822 2066 3886 Aristotelica'

455 3919 789 3984 argumenta
825 3920 883 3970 et
914 3916 1164 3971 Platonis
1203 3916 1380 3984 ideas,
1418 3923 1475 3971 et
1503 3917 1727 3989 Epicuri
1764 3923 1965 3986 sectas,
1998 3926 2056 3974 et

457 3999 702 4058 Socratis
729 4003 943 4059 monita
957 4011 1016 4059 et
1043 4004 1394 4073 Stoicorum;
1427 4011 1565 4062 etut
1591 4007 1836 4063 breviter
1854 4015 2054 4065 cuncta

457 4093 814 4162 complectar,
839 4093 1109 4165 quidquid
1136 4099 1327 4150 cantat
1350 4102 1532 4166 poeta,
1564 4097 1835 4168 quidquid
1863 4104 2054 4154 orator

456 4180 691 4248 invenit,
713 4181 985 4253 quidquid
1007 4183 1372 4256 philosophus
1403 4185 1632 4256 cogitat,
1650 4202 1766 4241 una
1794 4187 1898 4242 hac
1927 4204 2054 4242 sen-

457 4269 641 4326 tentia
685 4271 1077 4340 excluduntur,
1139 4289 1248 4344 qua
1289 4273 1660 4345 tripudiantes
1704 4275 2052 4334 Christianos

460 4360 722 4416 audimus
767 4361 1043 4433 psallere:
1087 4362 1296 4418 Omnes
1339 4363 1418 4418 dii
1457 4364 1713 4434 gentium
1755 4365 2048 4435 daemonia,

2133 3204 2328 3254 noster
2357 3199 2525 3253 caelos
2553 3199 2702 3252 fecit.
2728 3197 2796 3252 Et
2824 3213 2949 3252 ecce
2970 3212 3118 3251 nunc
3148 3193 3548 3266 arripientibus
3575 3192 3741 3248 nobis

2133 3288 2263 3353 iter,
2292 3304 2405 3358 quo
2441 3287 2699 3342 recedere
2727 3286 2986 3358 cupimus
3015 3302 3050 3340 a
3088 3283 3322 3340 culturis
3351 3283 3654 3348 idolorum,
3687 3289 3742 3338 et

2133 3384 2199 3432 ut
2226 3377 2298 3431 ad
2330 3377 2708 3432 Christianam
2736 3377 3017 3431 culturam
3046 3373 3456 3446 perveniamus,
3488 3373 3738 3444 gratiam

2134 3465 2466 3539 promereri,
2504 3483 2628 3519 ecce
2678 3465 2854 3519 millia
2894 3464 3186 3520 hominum
3224 3462 3384 3517 nobis
3413 3467 3740 3527 occurrunt,

2133 3572 2249 3612 una
2277 3573 2406 3610 voce
2435 3555 2799 3610 clamantium
2831 3559 2887 3609 et
2927 3553 3234 3610 dicentium
3265 3570 3278 3606 :
3319 3552 3427 3606 Via
3449 3553 3741 3624 justorum

2133 3649 2288 3702 recta
2312 3645 2573 3712 factaest,
2589 3649 2648 3700 et
2673 3644 2790 3700 iter
2810 3649 3131 3700 sanctorum
3153 3648 3554 3716 praeparatum.
3573 3643 3744 3698 Intel-

2135 3735 2376 3806 ligamus
2407 3752 2540 3806 ergo
2574 3751 2684 3806 quo
2715 3739 2913 3806 pergat
2939 3734 3029 3789 hic
3063 3733 3336 3806 populus;
3369 3736 3428 3787 et
3451 3732 3499 3786 si
3524 3731 3598 3786 ad
3633 3731 3742 3786 hoc

2136 3825 2516 3880 habitaculum
2530 3824 2742 3879 vadunt
2761 3840 2870 3896 quo
2891 3840 2993 3879 nos
3010 3823 3092 3878 ire
3111 3822 3507 3896 disposuimus,
3528 3823 3742 3894 junga-

2136 3932 2266 3970 mur
2289 3914 2618 3970 canentibus
2638 3913 2838 3980 turbis,
2871 3918 2929 3970 et
2955 3912 3376 3969 advenientibus
3403 3912 3738 3984 computati,

2136 4003 2523 4076 ingrediamur
2549 4009 2614 4059 ut
2641 4003 3100 4076 socii,quousque
3119 4002 3350 4058 notitias
3381 4001 3736 4072 colligamus.

2205 4094 2342 4149 CAP.
2373 4095 2441 4148 V.
2468 4119 2526 4132 -
2551 4093 2734 4164 Igitur
2762 4109 2891 4148 cum
2913 4110 2975 4149 se
2997 4092 3318 4165 junxissent
3338 4091 3737 4163 psallentibus,

2133 4182 2430 4254 inquirunt
2453 4183 2550 4256 qui
2575 4188 2724 4238 esset
2755 4186 2966 4245 senior.
2987 4181 3084 4256 qui
3123 4181 3275 4237 solus
3302 4179 3558 4236 vehiculo
3581 4180 3739 4235 aselli

2133 4278 2389 4328 uteretur
2417 4273 2477 4328 in
2506 4273 2690 4328 medio
2713 4272 2904 4345 populi
2933 4271 3220 4343 sequentis
3253 4274 3312 4326 et
3334 4269 3734 4342 praecedentis;

2133 4363 2375 4418 audiunt
2389 4363 2538 4434 quod
2552 4362 2644 4418 hic
2667 4369 2816 4418 esset
2828 4363 3074 4418 Helenus
3088 4359 3479 4434 episcopus,ab
3499 4359 3740 4416 infantia

459 4450 610 4507 Deus
631 4455 822 4507 autem
843 4456 1036 4506 noster
1063 4451 1230 4507 caelos
1252 4451 1400 4508 fecit.
1427 4451 1715 4508 Confessio
1735 4459 1791 4509 et
1806 4455 2052 4526 pulchri-
2066 4445 2116 4506 D
2135 4453 2486 4508 Christianus
2508 4469 2521 4505 :
2552 4452 2650 4523 qui
2675 4452 2810 4507 dum
2835 4451 3146 4508 infantulus
3167 4451 3228 4506 in
3247 4450 3600 4506 monasterio
3625 4467 3740 4505 cre-

455 4541 593 4596 tudo
613 4540 673 4596 in
697 4546 1001 4614 conspectu
1021 4542 1162 4612 ejus,
1184 4542 1450 4598 sanctitas
1475 4547 1532 4598 et
1557 4544 1976 4616 magnificentia
1992 4545 2051 4602 in

457 4632 754 4702 majestate
775 4633 917 4704 ejus.
955 4631 1136 4704 Igitur
1157 4631 1320 4703 jubet
1336 4633 1586 4687 conferre
1611 4651 1961 4690 sermonem:
1995 4641 2053 4690 et

456 4721 757 4792 Apostolus
779 4721 1003 4793 legitur,
1019 4727 1077 4776 et
1103 4722 1386 4794 Propheta
1413 4723 1708 4791 laudatur;
1737 4726 1802 4779 ﬁt
1827 4741 2053 4780 concor-

459 4809 556 4864 dia
581 4811 732 4879 fidei,
764 4817 822 4867 et
835 4829 948 4884 qua
973 4817 1094 4867 arte
1111 4812 1182 4867 ad
1201 4812 1512 4884 penetralia
1533 4813 1821 4885 sapientiae
1853 4814 2052 4870 divinae

461 4897 672 4972 absque
699 4901 785 4956 sui
813 4901 1167 4978 separatione
1187 4903 1538 4974 perveniant,
1568 4903 1802 4959 consilio
1831 4905 2052 4960 ardenti

459 4989 744 5046 deﬁnitur.
777 4990 1076 5046 Dominam
1105 5009 1216 5059 me,
1248 4992 1448 5064 inquit,
1480 4992 1634 5049 vobis
1658 4999 1934 5068 usurpata
1951 5011 2055 5067 po-

462 5084 637 5136 testas
665 5079 943 5152 attribuit,
975 5081 1074 5136 sed
1100 5098 1349 5138 sororem
1381 5083 1660 5156 sapientia
1690 5084 1841 5140 fecit.
1869 5083 2055 5140 Simus

465 5187 600 5244 ergo
639 5170 862 5238 fratres,
897 5170 1042 5226 sicut
1080 5171 1270 5228 divina
1295 5173 1573 5245 sapientia
1615 5173 1912 5240 ordinavit,
1945 5191 2059 5230 non

467 5263 614 5318 sicut
641 5278 700 5317 se
719 5263 902 5334 jactat
913 5261 1164 5318 humana
1190 5261 1498 5318 temeritas.
1517 5263 1828 5334 Pergamus
1845 5263 2060 5336 pariter

466 5351 538 5406 ad
555 5352 922 5420 Christianos,
947 5355 1006 5408 et
1022 5353 1167 5408 sicut
1188 5352 1538 5418 ordinavero,
1561 5353 2061 5425 properemus.He~

464 5442 660 5520 lenum
675 5441 844 5499 audio
861 5441 972 5497 dici
997 5443 1341 5516 episc0pum,
1372 5443 1535 5513 cujus
1553 5443 1640 5496 est
1665 5441 1944 5497 habitatio
1964 5441 2061 5498 illa

467 5531 526 5587 in
544 5546 656 5602 qua
665 5530 754 5586 die
773 5536 1054 5606 noctuque
1074 5532 1384 5590 audiuntur
1399 5533 1516 5590 Deo
1535 5548 1636 5588 suo
1662 5537 2060 5606 cantare,quos

441 5620 642 5681 etiam
670 5637 789 5691 nos,
824 5622 1043 5698 quoties
1080 5623 1404 5693 transimus,
1438 5622 1743 5699 psallentes
1771 5622 2055 5683 audimus.

2134 4547 2334 4608 sceret,
2357 4547 2528 4598 tantae
2555 4541 2870 4597 sanctitatis
2899 4540 3200 4596 virtutibus
3228 4538 3566 4610 augebatur,
3601 4545 3668 4595 ut
3693 4539 3738 4592 si

2135 4632 2358 4704 quando
2385 4631 2588 4688 missus
2616 4631 2814 4686 fuisset
2839 4631 3028 4702 ignem
3049 4627 3169 4700 (8)e
3197 4629 3376 4684 vicino
3407 4632 3625 4700 petere,
3649 4645 3739 4682 ar-

2132 4722 2329 4777 dentes
2356 4737 2568 4794 prunas
2607 4721 2942 4776 vestimento
2969 4721 3217 4776 deferret
3256 4719 3450 4774 illaaso.
3483 4717 3736 4790 Denique

2133 4818 2286 4880 ante,
2317 4811 2521 4884 inquit,
2554 4827 2760 4883 paucos
2793 4811 2913 4866 dies
2943 4809 3097 4866 venit
3129 4808 3358 4882 quidam
3385 4823 3610 4878 magus,
3645 4807 3737 4879 qui

2134 4901 2435 4958 verborum
2451 4900 2800 4972 argumentis
2827 4901 3100 4973 populum
3127 4898 3234 4954 Dei
3251 4896 3562 4953 conabatur
3587 4912 3741 4952 ever-

2136 4997 2275 5060 tere,
2291 4991 2480 5047 dicens
2502 4993 2709 5046 falsum
2732 4991 2905 5046 istum
2923 5006 3044 5045 esse
3064 4988 3408 5060 episcopum,
3424 5003 3484 5043 se
3504 4987 3737 5042 missum

2140 5098 2262 5138 esse
2289 5099 2325 5136 a
2351 5081 2572 5137 Christo
2599 5081 2670 5134 ad
2701 5079 3033 5134 docendum.
3050 5077 3154 5132 IIic
3181 5081 3372 5132 autem
3401 5081 3528 5131 erat
3554 5091 3738 5131 versu-

2139 5172 2408 5238 tissimus,
2425 5171 2568 5226 etde
2591 5169 2893 5242 Scripturis
2903 5167 3104 5223 divinis
3124 5167 3395 5240 populum
3410 5164 3731 5222 seducebat.

2139 5262 2396 5334 Denique
2405 5260 2587 5316 omnis
2597 5259 2768 5316 turba
2778 5258 3225 5315 Christianorum
3240 5255 3469 5312 accessit
3480 5254 3553 5310 ad
3567 5255 3731 5318 hunc,

2141 5368 2310 5424 quem
2338 5350 2556 5418 videtis,
2589 5350 2818 5406 Patrem
2837 5353 3113 5415 nostrum,
3137 5351 3196 5402 et
3225 5345 3360 5401 dicit
3384 5345 3436 5400 ei
3470 5362 3481 5398 :
3506 5343 3736 5400 Audivi-

2142 5458 2268 5498 mus
2281 5443 2530 5508 Zaream,
2549 5439 2697 5512 quod
2727 5439 2848 5510 ipse
2877 5437 2950 5492 sit
2977 5437 3182 5492 missus
3201 5452 3236 5490 a
3255 5433 3476 5490 Christo
3495 5451 3507 5486 :
3531 5432 3709 5488 consti
3724 5456 3739 5472 -

2143 5539 2239 5588 tue
2262 5531 2412 5587 diem
2426 5531 2486 5586 in
2502 5547 2612 5604 quo
2638 5545 2768 5586 eum
2788 5532 2886 5584 aut
2907 5526 3146 5600 recipias
3167 5523 3270 5581 tibi
3291 5523 3522 5590 socium,
3546 5528 3666 5592 aut,
3687 5523 3731 5576 si

2143 5627 2322 5698 potes,
2355 5621 2649 5680 convincas
2673 5620 2814 5679 falsa
2836 5618 3134 5677 dicentem.
3164 5615 3346 5691 Igitur
3372 5611 3732 5674 constituitur
