3868 6398
132 424 230 479 609

875 421 1044 476 VITA
1082 420 1380 475 SANCTxE
1421 414 1785 481 EUGENl/E,
1830 412 2155 469 VIRGINIS
2194 416 2284 468 AC
2327 415 2705 474 MARTYRIS.

3317 420 3423 478 610

132 546 248 599 dies
276 551 335 599 et
354 545 512 600 locus
532 546 589 600 in
614 544 800 599 medio
819 545 1124 615 Heliopolis
1159 545 1382 599 civitate
1419 563 1432 599 :
1467 543 1616 597 venit.
1634 541 1804 598 Za-A
1824 538 2108 606 Cognosce
2126 545 2180 593 te
2198 550 2515 598 creaturam
2532 544 2629 597 Dei
2655 562 2796 611 esse,
2832 552 2888 599 et
2916 545 3274 609 descende,et
3304 545 3421 600 noli

132 652 258 691 reas
288 652 495 707 magus
517 652 642 692 cum
663 635 879 691 artibus
907 635 1239 701 suis,342
1253 633 1405 689 venit
1421 640 1477 689 et
1493 634 1737 688 Helenus

130 725 425 797 episcopus
445 742 573 780 cum
588 724 935 781 orationibus
946 724 1344 795 suis.Cumque
1363 724 1628 796 populum
1653 740 1737 777 sa-

131 815 500 880 lutasset,ait:
527 816 688 870 Nunc
712 814 1019 887 probabitis
1042 814 1273 885 spiritus
1295 815 1390 885 qui
1408 819 1541 869 sunt
1560 832 1593 867 a
1622 814 1735 867 Deo

135 904 181 957 (Ι
192 906 355 957 Joan.
376 908 473 972 1v).
505 905 573 958 Et
592 920 893 958 conversus
911 904 982 957 ad
1001 903 1425 975 Zaream,ccepit
1437 903 1735 957 verborum

133 990 326 1062 ingens
351 992 561 1047 habere
588 994 872 1047 luctamen
902 1012 913 1061 ;
949 993 1043 1047 sed
1070 992 1200 1064 quia
1230 999 1489 1047 versutus
1517 997 1639 1047 erat
1658 991 1738 1045 ni-

134 1081 321 1146 mis,et
338 1081 672 1137 concludere
693 1099 820 1137 eum
839 1099 1160 1137 sermonum
1178 1082 1394 1153 ratione
1407 1098 1517 1136 non
1531 1082 1731 1153 potuit,

134 1169 439 1241 respiciens
459 1172 726 1243 populum
740 1172 960 1226 fortiter
970 1172 1111 1237 laedi,
1122 1152 1472 1242 quodzareas
1484 1152 1739 1243 superior

133 1256 456 1313 abscederet
476 1260 531 1313 in
563 1259 764 1326 verbis,
788 1260 1071 1315 modicum
1100 1261 1383 1315 silentium
1416 1260 1734 1332 postulavit,

138 1352 193 1400 et
217 1345 296 1402 ait
326 1348 397 1402 ad
429 1349 738 1420 populum:
772 1349 932 1403 Pauli
963 1350 1201 1421 apostoli
1225 1350 1281 1404 in
1314 1350 1418 1404 hac
1432 1356 1591 1421 parte
1623 1364 1740 1403 mo-

135 1435 251 1489 nita
273 1435 505 1490 omnino
536 1436 780 1490 tenenda
801 1440 934 1490 sunt
958 1453 969 1501 ;
1006 1433 1143 1487 dicit
1167 1433 1317 1486 enim
1338 1433 1633 1487 Timotheo
1656 1432 1736 1487 di-

136 1523 346 1595 scipulo
367 1540 472 1578 suo
501 1543 511 1578 :
562 1524 691 1580 Noli
722 1524 900 1578 verbis
920 1523 1292 1589 contendere;
1327 1522 1399 1576 ad
1427 1522 1565 1576 nihil
1585 1523 1737 1577 enim

134 1613 267 1667 utile
295 1619 401 1679 est,
435 1614 544 1668 nisi
567 1615 638 1668 ad
670 1614 1088 1669 subversionem
1107 1612 1459 1667 audientium
1495 1614 1567 1680 (Il
1593 1614 1734 1666 Tim.

138 1706 218 1769 ιι).
252 1702 361 1756 Sed
399 1719 473 1756 ne
502 1703 606 1757 hoc
635 1703 1019 1758 testimonium
1066 1719 1177 1756 non
1231 1702 1391 1773 quasi
1441 1702 1607 1767 cauti,
1639 1701 1738 1755 sed

140 1791 293 1861 quasi
320 1791 509 1845 timidi
538 1794 907 1863 proferamus,
930 1792 1269 1847 accendatur
1296 1792 1443 1862 ignis
1469 1793 1528 1847 in
1552 1792 1740 1846 media

1819 632 1874 681 te
1903 629 2229 699 permittere
2258 632 2803 699 adorari.Atilla,his
2818 635 3423 703 auditis,descendit,et

1819 723 2013 772 secuta
2031 726 2117 773 est
2137 721 2442 787 me,dicens
2465 739 2479 777 :
2506 723 2629 778 Non
2648 730 2701 778 te
2719 725 2970 778 deseram
2984 741 3297 797 ,quousque
3332 741 3423 780 me

1818 808 2060 861 creatori
2092 826 2215 863 meo
2246 811 2513 866 restituas
2535 818 2592 866 et
2622 814 2916 867 conditori.
2951 814 3131 884 Igitur
3159 831 3285 869 cum
3312 814 3424 870 ista

1818 895 1875 948 in
1908 897 2096 951 animo
2130 898 2375 970 episcopi
2406 901 2777 967 volverentur,
2804 903 3037 956 accessit
3064 904 3134 957 ad
3155 920 3284 959 eum
3316 904 3421 959 Eu-

1818 985 2189 1056 tropius,cum
2208 1006 2317 1059 quo
2341 991 2527 1044 locuta
2555 990 2735 1045 fuerat
2780 992 3049 1061 Eugenia,
3082 998 3139 1046 et
3159 993 3299 1048 dixit
3318 993 3370 1048 ei
3404 1011 3414 1048 :

1818 1074 1953 1128 Tres
1998 1076 2157 1146 pueri
2180 1076 2382 1131 fratres
2412 1079 2759 1134 unanimiter
2777 1081 3056 1135 culturam
3085 1081 3415 1137 simulacro-

1820 1180 1946 1217 rum
1962 1165 2594 1236 relinquentes,Christo
2608 1170 2965 1223 servientium
2979 1186 3215 1225 numero
3235 1170 3293 1225 in
3312 1172 3420 1226 isto

1822 1254 2163 1308 monasterio
2192 1271 2250 1308 se
2283 1255 2482 1310 sociari
2514 1256 2984 1324 desiderantes,et
3002 1258 3168 1314 hodie
3183 1260 3420 1331 vestigia
3527 1261 3534 1269 ’

1821 1346 1922 1396 tua
1948 1349 2372 1415 prosequentes,
2417 1345 2526 1399 huc
2544 1345 2782 1416 ingressi
2807 1353 2939 1402 sunt
2973 1365 2983 1401 :
3017 1354 3422 1421 poscentesque

1823 1447 1933 1497 me,
1967 1448 2093 1486 cum
2117 1433 2380 1505 lacrymis
2409 1435 2856 1506 postulaverunt,
2888 1442 2953 1491 ut
2972 1441 3297 1492 mereantur
3325 1453 3423 1493 no-

1818 1520 1954 1576 titiae
1983 1526 2094 1576 tuae
2115 1521 2453 1577 beatissima:
2474 1525 2726 1579 revelari.
2759 1526 2914 1581 Tunc
2951 1525 3148 1581 beatus
3173 1526 3419 1581 Helenus

1819 1610 1988 1664 dixit:
2013 1612 2238 1666 Gratias
2261 1611 2383 1678 tibi,
2408 1613 2436 1666 J
2442 1629 2541 1667 esu
2565 1613 2729 1679 bone,
2767 1615 2966 1681 refero,
2999 1615 3095 1685 qui
3110 1632 3200 1670 me
3219 1632 3425 1687 praeve-

1820 1699 1940 1754 nire
1963 1700 2139 1755 fecisti
2169 1702 2338 1771 hujus
2367 1702 2445 1755 rei
2463 1703 2738 1757 notitiam.
2767 1705 2923 1759 Tunc
2951 1704 3331 1759 convocariad
3361 1722 3422 1759 se

1820 1790 2085 1861 praecepit
2102 1807 2337 1862 pueros:
2370 1797 2425 1846 et
2452 1793 2880 1863 apprehendens
2893 1810 3124 1849 manum
3156 1794 3421 1866 Eugeniae

140 1879 1968 1956 civitate,etingrediamurpanterflammas:etquiustusBlUdit
2010 1880 2346 1935 orationem-
2396 1881 2577 1945 Qllam
2626 1898 2753 1935 cum
2783 1883 3136 1953 complesset,
3169 1884 3300 1938 tulit
3339 1900 3423 1939 se-

144 1985 247 2023 non
278 1968 467 2034 fuerit,
498 1971 793 2025 credamus
840 1973 987 2043 quod
1020 1973 1166 2027 hunc
1212 1974 1430 2028 miserit
1459 1974 1733 2029 Christus.

141 2059 289 2112 Tunc
332 2058 596 2115 omnibus
648 2060 925 2115 sententia
976 2062 1206 2133 placuit.
1263 2063 1465 2118 Statim
1493 2063 1737 2133 denique

146 2147 281 2217 ignis
306 2148 567 2219 copiosus
603 2165 870 2223 accensus
916 2157 1020 2204 est.
1074 2152 1231 2206 Tunc
1260 2151 1459 2207 beatus
1492 2153 1738 2207 Helenus

141 2235 295 2304 jubet
329 2238 563 2292 Zaream
591 2238 824 2293 introire
845 2240 1123 2294 flammas.
1154 2241 1257 2296 Cui
1278 2243 1478 2296 Zareas
1504 2242 1689 2313 inquit
1720 2259 1731 2294 :

148 2326 443 2396 Ingredere
489 2332 553 2382 tu
597 2328 832 2399 primus,
884 2329 980 2399 qui
1011 2331 1114 2385 hoc
1151 2332 1509 2403 proposuisti.
1545 2331 1738 2386 Consi-

150 2430 320 2482 gnans
349 2433 409 2470 se
432 2416 611 2487 igitur
636 2416 994 2474 beatissimus
1013 2425 1178 2491 pater
1202 2422 1461 2487 Helenus,
1480 2420 1735 2492 expansis

150 2503 399 2560 manibus
426 2505 685 2576 ingentes
714 2508 971 2563 ﬂammas
997 2510 1174 2564 intrat
1215 2510 1319 2580 (9);
1354 2516 1411 2565 et
1438 2515 1594 2565 stans
1623 2510 1737 2565 illic

149 2592 375 2648 dimidia
384 2594 500 2649 fere
518 2596 864 2668 hora,neque
877 2599 1301 2670 capillis,neque
1318 2599 1660 2654 vestimentis
1674 2616 1739 2653 ex

150 2680 329 2752 aliqua
356 2688 519 2754 parte
547 2684 789 2753 violatis,
818 2692 883 2741 ut
919 2689 1119 2742 Zareas
1150 2706 1370 2760 quoque
1395 2689 1634 2743 intraret
1660 2689 1739 2742 si-

151 2769 351 2826 militer
378 2770 713 2845 imperabat.
740 2776 847 2830 Sed
859 2776 1061 2831 Zareas
1074 2778 1349 2832 reluctare
1374 2779 1542 2849 cmpit
1565 2784 1622 2833 et
1648 2778 1739 2833 fu-

1825 1969 2156 2041 questratim
2188 1987 2304 2035 eos,
2335 1976 2391 2024 et
2438 1971 2770 2041 gravissimo
2805 1972 2963 2026 vultu
2983 1971 3254 2044 quidnam
3274 1972 3421 2027 dice-

1823 2064 2019 2113 rentur
2040 2059 2367 2130 interrogat,
2396 2061 2480 2115 vel
2501 2063 2661 2132 cujus
2691 2062 2935 2116 nationis
2976 2067 3163 2116 essent
3181 2061 3422 2116 credidit

1823 2148 2331 2220 inquirendum.Ad
2344 2150 3218 2223 haecEugeniarespondit:Cives,
3236 2150 3425 2222 inquit

1823 2238 2061 2293 Romani
2090 2255 2311 2293 sumus:
2351 2255 2497 2293 unus
2528 2256 2593 2293 ex
2612 2240 2700 2293 his
2730 2239 2947 2295 duobus
2990 2239 3255 2295 fratribus
3281 2239 3424 2294 meis

1819 2330 2021 2384 Protus
2047 2328 2272 2394 dicitur,
2304 2329 2448 2383 alius
2469 2330 2838 2401 Hyacinthus,
2872 2346 3112 2400 egovero
3134 2330 3421 2401 Eugenius

1819 2435 2130 2490 nuncupor.
2157 2418 2260 2473 Cui
2288 2418 2485 2473 beatus
2508 2419 2754 2474 Helenus
2772 2419 2941 2473 dixit:
2968 2420 3139 2474 Recte
3158 2424 3215 2474 te
3243 2420 3423 2491 Euge-

1818 2507 1976 2562 nium
2003 2524 2203 2575 vocas;
2240 2507 2478 2561 viriliter
2495 2507 2645 2562 enim
2670 2508 2811 2579 agis,
2844 2513 2901 2562 et
2943 2509 3289 2563 conforteLur
3326 2525 3423 2564 cor

1821 2602 1983 2652 tuum
2012 2613 2113 2669 pro
2154 2597 2264 2651 ﬁde
2290 2597 2514 2652 Christi.
2539 2597 2684 2668 Ergo
2704 2602 2855 2652 recte
2875 2598 3092 2652 vocaris
3113 2598 3417 2670 Eugenius.

1823 2688 1968 2741 Nam
1991 2697 2049 2741 et
2085 2687 2189 2741 hoc
2207 2687 2367 2754 scias,
2402 2687 2536 2758 quia
2556 2686 2770 2758 Spiritu
2786 2693 2979 2741 sancto
3003 2704 3106 2742 nos
3135 2693 3193 2741 et
3219 2693 3276 2742 te
3306 2688 3421 2743 Eu-

1820 2776 2046 2847 genium
2090 2793 2321 2848 corpore
2348 2781 2480 2830 ante
2508 2776 2885 2847 praevidimus,
2938 2781 2995 2830 et
3044 2776 3287 2847 qualiter
3312 2776 3424 2832 huc

149 2874 291 2927 gere.
317 2862 392 2915 At
411 2861 511 2916 ubi
539 2861 776 2918 invitum
805 2864 962 2919 illum
980 2866 1221 2938 populus
1239 2867 1298 2922 in
1317 2867 1540 2938 ignibus
1568 2868 1740 2923 tradi-
1821 2865 2059 2932 veneris,
2094 2870 2151 2920 et
2172 2866 2321 2937 quod
2343 2865 2434 2920 isti
2463 2865 2692 2932 tuisint,
2717 2882 2830 2921 non
2847 2882 2934 2920 me
2955 2882 3154 2937 passus
3185 2872 3270 2920 est
3283 2882 3423 2937 prae-

150 2948 242 3013 dit,
274 2951 469 3005 statim
498 2967 625 3006 eum
654 2953 1011 3010 circumdans
1042 2956 1271 3011 ﬂamma
1296 2957 1464 3029 coepit
1482 2974 1735 3012 exurere.
1821 2955 2012 3011 terire.
2047 2955 2156 3010 Sed
2185 2956 2291 3009 hoc
2310 2954 2451 3009 mibi
2465 2954 2737 3010 Dominus
2759 2956 3007 3009 revelare
3033 2955 3298 3026 dignatus
3316 2961 3422 3023 est,

151 3036 213 3092 Et
231 3039 545 3098 immittens
573 3060 634 3098 se
662 3050 889 3100 sanctus
910 3046 1179 3113 Helenus,
1227 3047 1359 3102 licet
1380 3048 1733 3113 semiustum,
1822 3045 1972 3117 quod
2011 3045 2397 3115 gratissimum
2451 3044 2503 3098 ei
2545 3044 2930 3099 habitaculum
2962 3045 3020 3100 in
3046 3060 3282 3115 corpore
3322 3050 3425 3100 tuo

152 3127 318 3183 vivum
353 3135 549 3186 tamen
565 3132 789 3205 eripuit,
825 3152 991 3206 quem
1023 3153 1149 3191 cum
1180 3137 1452 3191 dedecore
1480 3138 1739 3191 elimina-
1758 3191 1798 3206 Α
1822 3135 2169 3206 praeparasti,
2229 3133 2594 3190 custodiendo
2639 3134 2979 3204 virginitatis
3022 3133 3339 3205 premium,
3367 3139 3427 3189 et

150 3216 222 3271 vit
251 3220 495 3291 populus
533 3221 604 3276 de
637 3191 860 3278 finibus‘
871 3226 1117 3295 regionis
1150 3226 1340 3297 hujus.
1375 3228 1557 3293 Hunc,
1594 3191 1800 3283 sicutc
1822 3191 2117 3295 presentis
2138 3191 2407 3295 temporis
2426 3191 2813 3277 blandimenta
2832 3191 3054 3277 fallacia
3080 3191 3417 3294 respuendo.

152 3304 358 3375 videtis,
405 3310 654 3381 quotidie
684 3328 1014 3385 quocunque
1044 3321 1371 3385 perrexent,
1401 3315 1459 3370 in
1491 3316 1593 3371 Dei
1623 3317 1740 3371 lau-
1823 3314 1973 3369 Scito
1996 3317 2187 3368 autem
2215 3319 2271 3367 te
2303 3329 2405 3384 pro
2442 3312 2701 3367 castitate
2736 3312 2915 3366 multa
2952 3327 3286 3383 passuram:
3320 3312 3422 3367 sed

152 3394 303 3452 dibus
328 3400 573 3470 populus
592 3402 913 3458 comitatur.

216 3485 342 3542 Cap.
372 3488 470 3543 VI.
503 3490 827 3547 —Audiens
846 3492 962 3547 haec
983 3491 1149 3547 beata
1171 3493 1439 3564 Eugenia,
1464 3493 1742 3565 ingemuit

152 3578 205 3628 et
212 3577 451 3646 procidit
464 3578 536 3633 ad
548 3580 718 3651 pedes
735 3582 877 3652 ejus,
894 3582 989 3653 qui
1010 3582 1116 3637 sibi
1135 3583 1408 3637 retulerat
1421 3584 1550 3649 ista,
1570 3590 1629 3638 et
1638 3584 1734 3638 ait:

153 3661 386 3722 Obsecro
415 3673 473 3722 te
490 3673 556 3723 ut
582 3686 673 3724 me
701 3669 782 3725 illi
800 3686 915 3726 una
944 3688 1071 3726 cum
1092 3672 1217 3726 istis
1235 3672 1453 3727 duobus
1473 3672 1741 3728 fratribus

152 3754 285 3809 meis
314 3756 591 3827 insinues,
624 3776 690 3814 ex
729 3759 893 3815 idolis
940 3760 1091 3815 enim
1135 3762 1654 3817 convertivolumus
1668 3762 1741 3817 ad

153 3838 454 3900 Christum.
476 3846 546 3901 Et
573 3847 706 3919 quia
727 3847 893 3903 simul
921 3849 1027 3904 hoc
1053 3849 1428 3916 definivimus,
1463 3856 1519 3905 et
1538 3850 1742 3905 fratres

154 3944 356 4002 sumus,
390 3936 563 3991 etiam
598 3936 705 3991 hoc
730 3937 799 3992 ab
828 3939 1025 3993 eodem
1044 3939 1348 4011 impetrare
1375 3940 1651 4007 volumus,
1680 3945 1746 3995 ut

154 4033 435 4094 nunquam
455 4042 556 4081 nos
584 4026 833 4098 patiatur
859 4027 929 4082 ab
958 4028 1194 4083 invicem
1225 4030 1495 4101 separari.
1529 4030 1598 4085 Et
1618 4030 1731 4084 ille:

156 4107 1016 4190 Nunc,inquit,silete,quousque
1032 4118 1315 4189 ingressus
1329 4121 1738 4174 monasterium

156 4199 220 4253 ad
239 4205 385 4273 quod
416 4205 603 4276 pergit
627 4206 916 4278 paululum
948 4208 1278 4279 requiescat,
1303 4214 1360 4264 et
1384 4225 1512 4263 cum
1533 4226 1738 4281 oppor-

155 4291 346 4348 tunum
372 4293 562 4358 fuerit,
593 4295 864 4351 intimabo
893 4297 943 4351 ei
966 4298 1157 4352 omnia
1171 4300 1481 4354 secundum
1508 4299 1740 4354 verbum

155 4383 325 4436 tuum.
357 4384 581 4439 Interea
606 4385 741 4441 dum
770 4386 1275 4459 appropinquasset
1298 4389 1641 4444 monasterio
1669 4389 1740 4443 ad

157 4470 295 4538 quod
324 4473 612 4545 pergebat,
646 4492 770 4530 ecce
800 4482 857 4531 et
882 4476 962 4531 illi
993 4478 1360 4549 egrediuntur
1393 4478 1613 4533 obviam
1638 4495 1741 4551 pa-

1821 3420 1934 3458 non
1962 3408 2019 3458 te
2060 3402 2283 3457 deseret
2310 3402 2403 3457 ille
2428 3402 2518 3457 cui
2557 3407 2613 3456 te
2658 3418 2724 3456 ex
2752 3401 2973 3471 integro
2999 3400 3304 3457 tradidisti.
3331 3400 3423 3456 Ad

1823 3493 2054 3548 Protum
2112 3498 2302 3547 autem
2351 3497 2407 3546 et
2434 3491 2815 3563 Hyacinthum
2854 3505 3174 3557 conversus,
3206 3490 3325 3545 ait:
3355 3490 3424 3546 In

1824 3599 2055 3655 corpore
2081 3581 2367 3636 servitutis
2388 3580 2886 3652 positi,ingenuam
2899 3579 3233 3651 dignitatem
3246 3578 3423 3634 animi

1822 3672 2085 3727 tenuistis
2105 3671 2326 3726 fortiter
2354 3678 2411 3725 et
2436 3670 2661 3726 tenetis.
2696 3670 2853 3726 Unde
2880 3669 3054 3736 vobis,
3082 3686 3174 3724 me
3194 3673 3421 3725 tacente

1826 3762 2083 3817 Christus
2107 3761 2379 3816 Dominus
2426 3759 2696 3831 loquitur,
2728 3759 2918 3813 dicens
2950 3777 2961 3812 :
3023 3760 3224 3824 Amen,
3255 3773 3423 3813 amen

1825 3851 1948 3906 dico
1986 3850 2159 3917 vobis,
2188 3852 2309 3923 jam
2338 3865 2451 3904 non
2478 3849 2659 3904 dicam
2712 3866 2809 3903 vos
2836 3864 3043 3914 servos,
3080 3848 3180 3902 sed
3210 3846 3423 3902 amicos

1828 3945 2003 4013 (Joan.
2037 3942 2143 4011 xv).
2196 3940 2354 3995 Unde
2373 3944 2432 3994 et
2454 3956 2550 3993 vos
2570 3938 2764 3993 beatos
2792 3937 3083 4004 annuntio,
3137 3935 3271 4008 quia
3294 3950 3424 3991 con-

1820 4031 2093 4087 cordastis
2118 4029 2351 4101 Spiritui
2365 4028 2719 4099 sancto,quia
2734 4033 2923 4095 843
2937 4026 3282 4082 unanimiter
3291 4040 3423 4081 con-

1821 4121 2074 4177 sensistis
2102 4119 2330 4174 monitis
2356 4118 2678 4184 Salvatoris,
2729 4117 2897 4172 simul
2931 4117 3002 4170 ad
3030 4115 3270 4187 gloriam
3295 4132 3421 4188 per-

1820 4211 2093 4266 vcnientis
2145 4210 2303 4264 illam
2359 4208 2696 4281 percepturi.
2732 4209 2860 4263 Haec
2901 4206 3097 4261 beatus
3153 4205 3418 4271 Helenus,

1822 4301 1978 4357 nullo
2008 4301 2119 4355 alio
2147 4305 2291 4354 teste
2321 4305 2529 4371 praeter
2555 4299 2753 4359 Deum,
2778 4299 2999 4352 locutus
3027 4301 3114 4351 est
3141 4295 3200 4351 in
3232 4295 3421 4350 medio

1824 4396 1881 4445 et
1898 4391 2068 4462 jussit
2090 4406 2215 4445 eam
2246 4390 2325 4444 sic
2353 4389 2412 4444 in
2433 4388 2577 4443 virili
2610 4387 2806 4443 habitu
2830 4402 3161 4460 permanere
3194 4389 3283 4453 ;et
3309 4400 3422 4440 non

1825 4497 1955 4536 eum
1997 4481 2385 4545 deseruerunt,
2416 4494 2707 4549 quousque
2733 4476 3088 4549 baptismatis
3112 4475 3424 4530 sanctifica-

155 4558 244 4625 tri,
266 4560 540 4627 hymnum
566 4565 683 4619 Deo
707 4565 956 4621 dicentes
990 4584 1002 4619 :
1036 4567 1413 4639 Suscepimus,
1438 4568 1605 4635 Deus,
1639 4562 1976 4626 mi-Dtione
1996 4568 2273 4636 instructi,
2308 4567 2652 4623 monasterio
2699 4566 2770 4620 ad
2814 4566 2965 4637 quod
3017 4564 3423 4620 festinaverunt

157 4648 505 4708 serieordiam
525 4659 682 4709 tuam
712 4654 771 4710 in
799 4656 987 4710 medio
1005 4656 1204 4728 templi
1219 4658 1304 4712 tui
1335 4658 1497 4723 (Psal.
1523 4662 1737 4725 xnvm).

158 4735 597 4809 lngredientibus
652 4744 909 4817 episcOpo
939 4750 997 4801 et
1022 4746 1248 4817 populo,
1293 4747 1464 4801 etiam
1493 4746 1743 4818 ingredi-

157 4828 247 4881 tur
264 4827 535 4903 Eugenia,
559 4849 687 4889 cum
704 4833 1018 4906 Hiacyntbo
1040 4840 1097 4890 et
1111 4836 1280 4891 Proto
1296 4836 1591 4891 comitibus
1603 4836 1738 4903 suis,

158 4918 369 4975 tantum
400 4922 452 4977 ei
483 4927 619 4977 nota
642 4939 769 4978 cum
791 4939 901 4996 quo
921 4940 1237 4990 sermonem
1266 4925 1560 4981 habuerat.

224 5006 454 5067 ΟΑΡΝΙΙ
468 5039 513 5051 ο
523 5012 792 5068 Perfectis
806 5013 983 5085 igitur
995 5015 1287 5070 matutinis
1302 5015 1584 5083 laudibus,
1611 5032 1746 5088 pau-

160 5089 329 5154 lulum
359 5101 637 5174 requievit
666 5103 977 5176 episcopus,
1012 5109 1070 5159 et
1092 5105 1265 5175 jussit
1295 5104 1401 5161 sibi
1429 5105 1500 5160 ad
1530 5111 1745 5161 sextam

161 5191 470 5260 praeparari,
517 5197 583 5247 ut
636 5192 824 5248 divina
876 5195 1148 5267 mysteria
1174 5194 1501 5263 celebraret,
1525 5201 1592 5251 ut
1610 5196 1745 5251 dum

161 5281 365 5334 sextam
392 5281 669 5354 coepisset,
712 5299 864 5339 nona
891 5284 962 5339 ad
989 5284 1349 5340 refectionem
1364 5286 1745 5357 jejunantium

161 5375 460 5435 Opportune
476 5371 810 5443 perveniret.
849 5374 1227 5445 Requiescens
1248 5380 1440 5431 autem
1458 5375 1749 5447 episcopus

160 5457 430 5515 somnium
445 5461 600 5529 vidit,
624 5462 683 5517 in
707 5479 817 5534 quo
846 5463 917 5518 ad
942 5463 1309 5519 simulacrum
1337 5465 1557 5519 feminae
1586 5465 1751 5519 duce-

161 5536 404 5616 batur,ut
417 5550 500 5606 illi
514 5550 877 5607 sacrificaret.
894 5550 1054 5608 Tunc
1074 5553 1212 5622 dixi,
1228 5553 1432 5625 inquit,
1453 5554 1512 5609 in
1532 5554 1750 5609 somnio

163 5627 244 5687 his
261 5639 355 5707 qui
383 5657 472 5697 me
499 5642 768 5699 tenebant
800 5668 813 5700 :
850 5643 1171 5699 Permittite
1196 5660 1285 5698 me
1309 5650 1373 5698 ut
1392 5644 1591 5715 loquar
1619 5659 1749 5698 cum

166 5718 266 5779 dea
281 5734 479 5787 vestra.
514 5730 584 5787 Et
602 5749 729 5789 cum
750 5750 842 5791 me
861 5731 1248 5805 permisissent
1270 5730 1444 5804 loqui,
1478 5733 1621 5788 dixit
1646 5732 1697 5787 ei
1732 5751 1744 5789 :

1826 4660 2194 4716 sociarentur.

1897 4745 2580 4803 CAp.VIII.—Redeamus
2598 4749 2790 4801 autem
2811 4741 2881 4799 ad
2896 4742 3035 4799 illud
3062 4747 3424 4816 tempus,quo

1828 4838 2030 4892 Protus
2079 4842 2135 4891 et
2179 4834 2530 4908 Hyacinthus
2557 4834 2874 4890 auferentes
2914 4832 3244 4906 Eugeniam,
3267 4832 3424 4890 abie-

1827 4933 1977 4983 runt.
1999 4928 2272 4983 Basterna
2286 4925 2754 4997 igitur,jumentis
2774 4923 3194 4981 ambulantibus
3216 4929 3273 4980 et
3291 4939 3425 4997 pue-

1827 5019 1905 5074 ris
1935 5016 2027 5089 qui
2046 5016 2519 5089 praeibant,vacua
2532 5014 2787 5089 pervenit
2800 5015 2871 5070 ad
2889 5019 3128 5071 matrem
3138 5013 3425 5069 .Videntes

1828 5113 2017 5164 autem
2034 5106 2255 5161 eminus
2267 5111 2635 5177 properantes
2656 5121 2879 5178 pueros,
2903 5109 2960 5161 et
2986 5103 3310 5160 basternam
3323 5119 3422 5159 ve-

1828 5198 2097 5263 nientem,
2130 5199 2495 5249 occurrerunt
2508 5209 2634 5249 cum
2656 5190 3148 5266 gaudiouniversi;
3181 5195 3241 5245 et
3264 5187 3426 5244 inve-

1828 5287 2047 5342 nientes
2091 5282 2397 5339 vectorinm
2426 5296 2685 5349 vacuum,
2719 5296 2914 5336 omnes
2947 5279 3116 5335 simul
3143 5276 3426 5349 mugitum

1832 5375 2217 5439 reddiderunt,
2242 5372 2308 5427 fit
2335 5388 2557 5443 quoque
2577 5375 2808 5442 repente
2828 5368 3000 5424 totius
3018 5367 3259 5424 civitatis
3287 5371 3426 5423 stre-

1830 5465 1999 5537 pitus.
2034 5462 2171 5529 Quis
2216 5461 2367 5517 enim
2396 5459 2591 5515 audire
2630 5462 2853 5531 poterat
2899 5456 3223 5529 praefectum
3249 5456 3426 5512 tiliam

1831 5552 2219 5607 charissimam
2249 5548 2595 5623 perdidisse?
2624 5548 2759 5603 Erat
2787 5547 2976 5619 itaque
3002 5548 3260 5619 planctus
3284 5548 3426 5603 ina:-

1833 5640 2150 5708 stimabilis,
2176 5641 2341 5696 fletus
2367 5639 2700 5694 immensus:
2736 5636 3007 5709 lugebant
3023 5636 3269 5693 universi
3288 5652 3425 5694 oon-

1832 5731 1971 5787 fusi:
2002 5735 2263 5803 parentes
2310 5731 2502 5797 filiam,
2539 5744 2787 5785 sororem
2817 5728 3039 5798 fratres,
3078 5730 3224 5785 servi
3251 5729 3429 5787 domi-
