3868 6406
465 394 567 451 611

1468 391 1563 446 DE
1600 390 1790 446 VITIS
1829 390 2126 448 PATRUM
2163 392 2377 449 LIBER
2417 391 2704 450 PRIMUS.

3645 397 3748 457 612

460 537 620 588 nam;
645 524 703 574 et
721 517 949 574 tenebat
973 516 1262 572 universos
1285 531 1510 583 mceror,
1545 523 1602 571 et
1630 517 1853 572 inﬁnita
1883 516 2057 571 animi
2079 521 2126 577 A
2143 518 2291 588 quod
2337 518 2532 573 infima
2560 518 2776 574 solebat
2803 533 3057 574 exercere
3095 535 3335 591 persona
3363 523 3651 594 suscepit;
3690 525 3746 578 in

458 608 768 665 tribulatio.
801 607 1004 678 Fitque
1033 623 1132 678 per
1163 611 1342 660 totam
1373 607 1716 678 provinciam
1746 606 2055 676 inquisitio,

455 698 876 768 interrogantur
917 695 1221 766 aruspices,
1260 695 1622 766 inquirantur
1643 695 1902 766 pithones
1929 714 1941 763 ;
1974 712 2060 749 sa-

459 786 682 842 crificiis
731 801 954 857 quoque
1001 789 1058 838 et
1110 784 1398 839 sceleratis
1427 785 1920 855 superstitionibus
1955 785 2062 839 dae-

461 875 654 930 monia
682 875 1120 944 interrogantur,
1155 878 1219 926 ut
1248 889 1357 944 quo
1378 873 1622 926 venisset
1649 873 1899 944 Eugenia
1923 873 2064 926 indi-

461 970 672 1020 carent.
708 965 826 1018 Hoc
871 964 1052 1018 solum
1083 979 1277 1017 omnes
1326 961 1606 1028 dicebant,
1638 963 1786 1032 quod
1817 979 1943 1016 eam
1984 963 2061 1016 dii

458 1053 528 1109 de
547 1055 686 1110 coelo
705 1051 1040 1124 rapuissent.
1074 1051 1330 1105 Credidit
1355 1051 1566 1105 factum
1583 1055 1771 1122 pater;
1797 1057 1854 1106 et
1871 1053 2064 1104 ﬂetum

462 1143 534 1198 ad
561 1143 1005 1198 consolationem
1033 1157 1319 1201 revocans,
1352 1141 1450 1195 dat
1499 1140 1642 1194 festa
1681 1141 1984 1212 responsis,
2009 1147 2064 1194 et

461 1233 699 1288 deorum
727 1247 963 1287 numero
982 1247 1335 1296 consecrans,
1361 1247 1426 1284 ex
1455 1245 1593 1284 auro
1622 1246 1764 1300 puro
1793 1231 1916 1299 ejus
1933 1229 2064 1282 fecit

461 1323 584 1377 ﬁeri
609 1321 1005 1376 simulacrum:
1033 1319 1183 1391 quod
1202 1319 1282 1373 ita
1311 1319 1480 1390 coepit
1509 1319 1705 1386 excoli,
1730 1323 1794 1372 ut
1824 1335 1938 1372 non
1963 1317 2064 1371 mi-

459 1427 656 1466 norem
683 1411 957 1465 honorem
986 1425 1154 1480 quam
1201 1408 1309 1462 diis
1339 1407 1455 1462 suis
1502 1407 1848 1462 exhiberent.
1882 1407 2064 1462 Mater

464 1505 659 1556 tamen
689 1501 812 1571 ejus
842 1498 1094 1565 Claudia,
1131 1501 1188 1552 et
1217 1497 1418 1552 fratres
1461 1497 1658 1552 Avitus
1709 1502 1766 1552 et
1811 1496 2058 1566 Sergius,

463 1590 621 1646 nulla
658 1593 920 1661 poterant
949 1587 1165 1642 ratione
1195 1586 1634 1642 consolationem
1661 1587 1931 1658 accipere,
1964 1585 2060 1640 sed

466 1684 632 1734 erant
657 1676 1088 1732 intolerabiliter
1113 1677 1370 1746 lugentes
1399 1692 1544 1730 eam.

541 1769 674 1823 CAP.
707 1767 802 1822 IX.
829 1797 894 1807 —
915 1766 1093 1820 Beata
1122 1770 1311 1819 autem
1341 1765 1593 1835 Eugenia
1620 1764 1765 1818 virili
1785 1763 1981 1818 habitu
2011 1767 2069 1818 et

2141 607 2400 662 omnibus
2422 625 2626 679 aquam
2647 615 2890 679 portare,
2916 609 3070 678 ligna
3096 610 3410 677 concidere,
3437 612 3751 666 munditias

2142 697 2422 750 adhibere.
2447 699 2509 752 In
2525 714 2590 751 eo
2612 698 2854 768 denique
2887 699 3006 752 loco
3028 697 3413 754 habitaculum
3423 700 3535 754 sibi
3560 701 3743 773 elegit,

2144 785 2239 839 ubi
2267 787 2528 840 ostiarius
2558 788 2886 841 monasterii
2909 787 3190 854 manebat,
3225 806 3296 842 ne
3315 790 3405 843 vel
3425 789 3555 862 ipso
3583 808 3644 845 se
3664 809 3752 845 su-

2143 875 2424 945 periorem
2445 876 2782 930 ostenderet.
2809 878 2974 940 Sane,
3002 876 3361 932 refectionem
3385 878 3634 934 fratrum
3649 881 3753 934 sol-

2144 964 2295 1018 licite
2316 963 2565 1028 curabat,
2587 971 2645 1019 et
2662 965 2951 1036 psallendo
2968 965 3083 1020 Deo
3103 966 3361 1020 ordinem
3385 967 3608 1022 fortiter
3634 985 3752 1023 cus-

2147 1052 2428 1120 todiebat;
2473 1059 2531 1107 et
2584 1055 2782 1120 tertiae,
2817 1061 3002 1118 sextae,
3054 1071 3232 1116 nonze,
3286 1056 3630 1127 vespertinis
3667 1058 3746 1112 vel

2147 1143 2437 1196 nocturnis
2469 1147 2637 1213 amne
2667 1143 2959 1197 matutinis
2987 1143 3140 1198 horis
3164 1148 3280 1198 tam
3311 1145 3643 1200 cautissime
3664 1147 3749 1200 in-

2149 1231 2399 1294 sistebat,
2433 1237 2497 1286 ut
2525 1231 2810 1286 videretur
2831 1234 2952 1302 jam
2997 1233 3208 1304 perisse
3238 1234 3376 1300 Deo,
3406 1235 3454 1288 si
3477 1236 3746 1290 horarum

2146 1320 2232 1373 vel
2273 1319 2563 1391 quidpiam
2593 1320 2760 1391 spatii
2800 1320 3008 1392 absque
3037 1321 3238 1376 divinis
3266 1322 3532 1378 laudibus
3558 1324 3750 1396 aliqua

2145 1410 2523 1480 praeteriisset.
2547 1411 2632 1465 Ita
2646 1410 2886 1480 denique
2915 1411 2973 1465 in
3001 1411 3106 1465 hoc
3131 1427 3298 1482 opere
3331 1429 3454 1467 esse
3484 1413 3604 1468 Deo
3625 1414 3749 1468 cha-

2143 1499 2260 1553 rior
2298 1499 2483 1570 coepit,
2520 1503 2584 1554 ut
2613 1499 2894 1554 daemones
2918 1517 2985 1554 ex
3013 1499 3252 1555 obsessis
3275 1502 3610 1573 corporibus
3627 1504 3748 1574 pel-

2147 1587 2307 1654 leret,
2340 1594 2397 1642 et
2433 1604 2704 1642 caecorum
2726 1589 2916 1642 oculos
2956 1589 3218 1660 aperiret.
3267 1591 3377 1644 Sed
3407 1591 3544 1662 quia
3569 1593 3751 1646 multa

2148 1677 2474 1746 singulatim
2513 1694 2746 1732 narrare
2776 1678 3007 1732 intendo
3045 1695 3146 1750 per
3169 1679 3445 1746 ordinem,
3471 1687 3748 1751 quantum

2148 1766 2426 1837 permittit
2453 1766 2709 1833 brevitas,
2743 1767 3092 1822 accedamus.

468 1857 678 1924 animo,
700 1855 759 1910 in
773 1855 1038 1927 praedicto
1048 1854 1297 1908 virorum
1311 1853 1655 1908 monasterio
1671 1852 2065 1924 permanebat:
2081 1882 2130 1941 B
2224 1857 2361 1910 ΟΑΡ.
2385 1857 2480 1911 XI.
2509 1885 2566 1896 -—
2591 1857 2848 1911 Matrona
2872 1857 3127 1928 quaedam
3155 1859 3554 1925 Alexandrina,
3582 1866 3750 1915 caete-

465 1950 634 2018 atque
663 1944 745 2000 ita
772 1944 833 1998 in
861 1943 1062 1997 divinis
1091 1942 1502 1998 eruditionibus
1538 1942 1792 2014 profecit,
1827 1947 1892 1996 ut
1919 1941 2068 1996 intra
2150 1945 2229 1998 ris
2283 1946 2556 2000 matronis
2603 1946 2975 2016 praestantior,
3022 1948 3250 2002 nomine
3300 1949 3623 2014 Melanthia,
3656 1966 3750 2004 au-

465 2035 774 2090 secundum
805 2049 1016 2088 annum
1049 2049 1244 2087 omnes
1284 2032 1590 2103 scripturas
1607 2031 1927 2086 Dominicas
1957 2047 2069 2084 me-
2149 2033 2308 2088 diens
2337 2034 2656 2106 opinionem
2685 2036 2827 2104 ejus,
2863 2037 3017 2090 venit
3044 2037 3114 2090 ad
3135 2053 3280 2105 eam,
3313 2038 3448 2109 quia
3471 2045 3754 2109 quartana

463 2124 646 2180 moria
663 2123 954 2178 retineret.
974 2121 1228 2192 Tantazin
1249 2137 1316 2176 ea
1330 2127 1452 2175 erat
1470 2121 1645 2175 animi
1665 2119 2064 2190 tranquillitas,
2148 2123 2476 2193 gravissime
2504 2129 2562 2178 et
2583 2124 2703 2194 jam
2745 2141 2846 2195 per
2883 2141 3095 2180 annum
3125 2132 3181 2181 et
3211 2143 3278 2181 eo
3306 2129 3556 2199 amplius
3585 2146 3752 2183 vexa-

464 2219 530 2269 ut
561 2230 734 2268 unam
758 2213 914 2267 illam
941 2227 1136 2266 omnes
1163 2211 1414 2266 dicerent
1453 2227 1518 2265 ex
1550 2227 1784 2266 numero
1815 2226 1934 2263 esse
1966 2225 2067 2263 an-
2149 2211 2334 2267 batur.
2365 2213 2546 2276 Quam
2576 2229 2705 2267 cum
2736 2212 2903 2268 beata
2928 2215 3180 2284 Eugenia
3207 2216 3329 2271 oleo
3371 2219 3751 2288 perunxisset,

461 2304 740 2375 gelorum.
761 2301 897 2367 Quis
919 2301 1071 2356 enim
1092 2300 1541 2372 deprehenderet
1563 2299 1710 2371 quod
1733 2305 1880 2354 esset
1905 2298 2069 2352 femi-

463 2410 557 2460 na,
577 2391 938 2465 quamjvirtus
959 2389 1167 2446 Christi
1184 2397 1241 2444 et
1252 2388 1542 2459 virginitas
1565 2388 1928 2444 immaculata
1945 2404 2071 2458 pro-

463 2481 710 2554 tegebat,
735 2487 801 2536 ut
819 2479 1093 2535 mirabilis
1111 2485 1259 2534 esset
1279 2485 1337 2532 et
1362 2479 1533 2532 viris?
1556 2479 1751 2532 Sermo
1776 2479 1926 2532 enim
1948 2479 2070 2546 ejus

446 2577 597 2642 .erat
623 2570 856 2636 humilis
873 2569 932 2623 in
951 2568 1244 2633 charitate,
1261 2569 1445 2622 clarus
1475 2568 1533 2622 in
1568 2567 1972 2630 mediocritate,
1996 2565 2071 2619 vi-

471 2660 566 2716 tiis
590 2657 1201 2725 carens,etfacundiam
1215 2656 1656 2726 fugiens,omnes
1675 2657 1731 2710 in
1751 2654 2071 2710 humilitate

470 2747 792 2821 superabat.
811 2747 1014 2802 Nullus
1035 2746 1132 2800 illa
1149 2745 1219 2800 ad
1234 2745 1545 2800 orationem
1563 2743 1952 2799 inveniebatur
1970 2760 2071 2798 an-

464 2838 661 2902 terior,
695 2835 1042 2892 efﬁciebatur
1082 2840 1271 2888 autem
1301 2833 1560 2888 omnibus
1593 2833 1816 2888 omnia:
1850 2833 2073 2888 tristem

469 2924 882 2992 consolabatur,
907 2925 1034 2979 laato
1056 2923 1465 2994 congaudebat,
1485 2923 1820 2977 irascentem
1833 2939 1946 2976 uno
1960 2939 2073 2976 ser-

469 3032 638 3073 mone
662 3031 764 3070 suo
787 3012 1115 3085 mitigabat;
1147 3011 1562 3084 superbientem
1595 3011 1674 3066 ita
1705 3028 1806 3066 suo
1835 3011 2071 3066 aediﬁca-

467 3107 569 3163 bat
587 3103 858 3176 exemplo,
882 3109 947 3159 ut
965 3119 1123 3158 ovem
1143 3102 1328 3158 subito
1349 3119 1380 3157 e
1399 3102 1532 3174 lupo
1553 3102 1756 3156 factam
1772 3119 1831 3155 se
1843 3101 2070 3156 credere

2152 2317 2376 2355 omnem
2419 2302 2686 2357 continuo
2712 2307 2900 2369 344
2939 2304 3261 2360 violentiam
3289 2306 3434 2360 fellis
3480 2308 3750 2364 evomuit.

2152 2390 2222 2444 Et
2240 2391 2536 2445 sanissima
2566 2391 2804 2456 reddita,
2823 2391 3059 2462 pedibus
3087 2394 3157 2448 ad
3185 2411 3350 2450 suum
3379 2395 3750 2450 diversorium

2151 2481 2487 2551 prOperavit,
2525 2480 2672 2551 quod
2707 2480 2766 2534 in
2813 2481 2992 2535 vicino
3041 2484 3366 2538 monasterii
3402 2484 3750 2555 possidebat.

2154 2568 2393 2622 Ordinat
2417 2569 2632 2623 interea
2660 2585 2914 2636 munera,
2938 2572 3174 2642 scyphos
3194 2579 3494 2643 argenteos
3513 2580 3633 2628 tres
3651 2575 3753 2628 im-

2155 2657 2270 2727 plet
2297 2657 2506 2724 solidis,
2539 2663 2597 2712 et
2623 2658 2725 2712 hos
2752 2660 3059 2714 sanationis
3100 2677 3214 2716 suae
3254 2662 3443 2732 gratia
3466 2663 3646 2717 mittit
3682 2665 3750 2718 ad

2153 2745 2375 2800 beatam
2402 2747 2730 2816 Eugeniam.
2757 2748 2859 2803 Cui
2877 2754 3170 2818 gratanter
3196 2752 3495 2806 remittens
3513 2755 3754 2822 queami-

2156 2837 2326 2898 serat,
2357 2831 2462 2886 ait:
2493 2831 2880 2899 Abundamus,
2925 2840 2982 2888 et
3013 2835 3539 2906 superabundamus
3569 2839 3752 2892 omni-

2157 2919 2262 2974 bus
2292 2919 2471 2974 bonis.
2505 2921 2664 2976 Unde
2707 2927 2783 2988 te,
2816 2939 3020 2994 parens
3056 2925 3387 2980 charissima
3422 2926 3749 2982 Melanthia.

2150 3015 2216 3064 ut
2244 3009 2352 3063 ista
2371 3009 2664 3080 egentibus
2692 3012 2876 3081 magis
2903 3029 2967 3066 ac
2995 3015 3390 3068 necessitatem
3406 3014 3752 3085 patientibus

2151 3097 2384 3164 dividas,
2421 3099 2615 3154 hortor
2643 3105 2700 3155 et
2727 3117 2946 3156 moneo.

469 3195 864 3254 delectaretur.
888 3195 1128 3249 Tantam
1147 3209 1183 3247 a
1200 3192 1314 3246 Deo
1335 3196 1392 3246 et
1403 3191 1646 3262 gratiam
1665 3195 1982 3256 consecuta,
2006 3196 2070 3245 ut
2092 3203 2134 3260 ί]
2223 3188 2354 3243 CAP.
2388 3187 2583 3243 XII.—
2612 3189 2862 3244 Audiens
2895 3191 3210 3260 Melanthia,
3243 3194 3581 3250 contristata
3637 3203 3750 3260 est;

475 3300 887 3356 quemcumque
908 3283 965 3337 in
985 3281 1174 3336 dolore
1187 3281 1433 3353 positum
1447 3279 1743 3347 visitasset,
1767 3279 1948 3334 omnis
1959 3285 2072 3334 sta-

467 3375 573 3429 tim
605 3374 765 3428 dolor
785 3372 1090 3436 recederet,
1127 3376 1184 3426 et
1213 3370 1394 3425 omnis
1417 3369 1719 3425 salubritas
1759 3368 2068 3424 adveniret.

467 3463 715 3518 Comites
724 3468 914 3518 autem
933 3462 1056 3531 ejus
1077 3459 1426 3532 Hyacinthus
1439 3464 1495 3513 et
1507 3459 1710 3513 Protus
1730 3456 2072 3512 comitaban-

464 3559 564 3608 tur
582 3569 726 3619 eam,
759 3557 815 3606 et
842 3554 1005 3605 erant
1031 3549 1090 3603 in
1120 3548 1381 3604 omnibus
1409 3547 1862 3618 obtemperantes
1890 3545 1959 3600 ei.

540 3641 672 3698 CAP.
715 3640 784 3696 X.
817 3667 881 3680 -—
921 3638 1112 3693 Tertio
1136 3637 1312 3707 igitur
1341 3652 1488 3691 anno
1515 3634 1895 3690 conversionis
1923 3635 2063 3704 ejus,

465 3729 637 3786 abbas
666 3729 762 3802 qui
781 3733 1024 3802 praeerat
1057 3725 1324 3781 fratribus
1344 3725 1404 3780 in
1421 3725 1783 3792 monasterio,
1804 3723 2068 3795 migravit

467 3820 539 3876 ad
562 3819 886 3876 Dominum.
907 3819 1043 3873 Post
1060 3816 1220 3888 cujus
1255 3815 1576 3870 abscessum
1599 3812 1857 3870 omnibus
1885 3813 2064 3868 visum

441 3957 448 3960 .
467 3915 629 3966 estut
643 3909 749 3964 sibi
761 3908 985 3963 beatam
1007 3906 1314 3977 Eugeniam
1335 3905 1608 3976 eligerent
1626 3903 2068 3959 abbatem.Tunc

433 4046 442 4053 .
466 3999 636 4054 beata
655 3997 908 4068 Eugenia
927 4002 1186 4051 metuens
1209 4011 1270 4050 se
1298 3994 1566 4049 feminam
1589 3998 1784 4049 contra
1815 3993 2068 4064 regulam

468 4088 603 4142 viris
621 4085 898 4158 praeponi;
921 4085 1057 4138 item
1073 4084 1277 4138 timens
1289 4100 1360 4138 ne
1390 4100 1584 4138 omnes
1607 4082 1948 4138 unanimiter
1976 4082 2070 4140 dc-

470 4179 764 4248 precantes
819 4177 1127 4246 sperneret,
1162 4173 1242 4227 ait
1286 4171 1358 4226 ad
1400 4189 1494 4226 eos
1529 4191 1540 4225 :
1577 4171 1818 4227 Obsecro
1863 4188 1960 4225 vos
2006 4177 2070 4225 ut

470 4265 836 4335 Evangelium
851 4263 910 4317 in
924 4262 1186 4334 praesenti
1203 4259 1531 4316 adhibeatis.
1555 4261 1713 4326 Quod
1734 4277 1860 4315 cum
1873 4261 2070 4315 fuisset

472 4353 891 4420 allatum,dixit:
910 4351 1381 4422 Quotiescumque
1395 4349 1725 4404 Christianis
1737 4350 1950 4421 aliquid
1968 4351 2069 4405 eli-

469 4443 719 4516 gendum
749 4448 854 4510 est,
889 4441 1144 4496 Christus
1174 4445 1260 4494 est
1278 4445 1408 4494 ante
1430 4440 1620 4495 omnia
1647 4440 2067 4495 auscultandus.

2153 3280 2210 3329 et
2236 3277 2484 3344 veniens,
2510 3279 2679 3350 coepit
2697 3295 2895 3350 rogare
2917 3286 2974 3334 et
2997 3281 3271 3353 ampliora
3294 3285 3650 3354 promittere.
3665 3285 3754 3339 Fit

2153 3365 2379 3420 assidua
2411 3366 2557 3421 circa
2585 3366 2809 3423 beatam
2839 3369 3169 3440 Eugeniam,
3202 3378 3259 3426 et
3286 3372 3347 3426 in
3375 3373 3532 3428 nullo
3554 3374 3752 3444 depre-

2151 3454 2402 3509 hendens
2431 3456 2578 3527 quod
2609 3463 2757 3512 esset
2781 3457 3008 3528 femina,
3043 3460 3323 3530 elegantia
3350 3461 3632 3534 decipitur
3655 3465 3750 3533 ju-

2151 3543 2414 3598 ventutis.
2447 3545 2659 3600 Videns
2679 3563 2824 3614 eam,
2851 3548 3115 3617 juvenem
3140 3566 3242 3620 per
3269 3550 3562 3606 veritatem
3589 3559 3754 3623 puta-

2150 3631 2248 3687 bat
2274 3649 2395 3687 esse
2421 3639 2746 3700 terrenum;
2788 3654 2847 3691 se
2891 3643 3078 3692 autem
3115 3655 3226 3693 non
3264 3641 3562 3696 sanctitate
3601 3643 3746 3711 ejus,

2149 3723 2248 3776 sed
2275 3722 2466 3794 aliqua
2490 3730 2611 3779 arte
2639 3725 2962 3780 existimans
2994 3727 3166 3782 fuisse
3207 3728 3498 3798 salvatam,
3529 3731 3586 3785 in
3618 3747 3751 3785 con-

2149 3810 2490 3882 cupiscentia
2519 3815 2640 3884 ejus
2669 3814 2910 3870 elabitur
2933 3823 3023 3883 ;et
3040 3822 3245 3888 putans
3273 3819 3562 3891 amplioris
3581 3835 3752 3892 pecu-

2149 3899 2256 3954 niae
2286 3901 2652 3973 cupidiorem,
2685 3905 2852 3976 coepit
2885 3905 3108 3961 infinita
3135 3907 3354 3973 offerre,
3384 3913 3443 3962 et
3470 3909 3753 3980 ampliora

2151 3991 2500 4063 promittere.
2534 3993 2788 4064 Cumque
2829 3995 3030 4066 saepius
3070 3997 3266 4052 eadem
3292 4003 3638 4068 prwaretur,
3695 4007 3753 4052 et

2149 4086 2312 4150 grato
2341 4080 2528 4136 animo
2560 4081 2748 4137 oblata
2776 4083 2882 4138 sibi
2911 4085 2980 4139 ab
3008 4087 3259 4157 Eugenia
3287 4094 3542 4142 cerneret
3562 4087 3746 4152 reddi,

2151 4167 2397 4224 declinat
2423 4170 2494 4225 ad
2513 4172 2786 4242 majorem
2816 4174 3129 4242 interitum,
3161 4176 3552 4246 aagritudinem
3577 4177 3750 4232 simu-

2151 4257 2294 4312 lans.
2323 4258 2503 4323 Quam
2524 4277 2653 4315 cum
2681 4261 2845 4317 beata
2875 4263 3128 4335 Eugenia
3143 4272 3342 4335 rogatu
3366 4265 3637 4333 visitaret,
3656 4283 3751 4320 se-

2151 4347 2305 4401 denti
2325 4353 2456 4403 ante
2474 4350 2680 4405 lectum
2701 4369 2867 4407 suum
2896 4359 3102 4408 sancta:
3122 4355 3383 4426 Eugeniae
3413 4355 3553 4410 talia
3579 4357 3751 4428 coepit

2152 4436 2461 4508 producere
2488 4457 2500 4492 :
2531 4439 2899 4496 intolerabilis
2920 4442 3065 4498 circa
3083 4450 3138 4498 te
3160 4460 3318 4498 amor
3337 4451 3530 4515 pectus
3559 4461 3750 4500 meum

470 4533 774 4589 Videamus
796 4549 928 4602 ergo
949 4531 1009 4586 in
1029 4530 1133 4584 hac
1151 4529 1422 4584 electione
1442 4536 1626 4584 vestra
1646 4529 1779 4600 quid
1800 4529 1918 4600 ipse
1939 4547 2076 4600 prm-
2090 4522 2137 4582 D
2158 4526 2422 4596 exagitat,
2447 4544 2548 4582 nec
2569 4529 2746 4584 ullum
2769 4532 3080 4587 remedium
3109 4533 3420 4604 fatigationi
3443 4551 3583 4589 mea;
3596 4551 3751 4605 repe.

470 4623 661 4696 cipiat,
688 4627 753 4678 ut
778 4627 835 4676 et
864 4619 1060 4676 vestris
1077 4619 1270 4690 jussis,
1296 4624 1354 4674 et
1374 4619 1549 4690 ipsius
1571 4619 1800 4673 monitis
1819 4619 2072 4673 intenda-

469 4729 617 4768 mus.
639 4713 707 4766 Et
726 4711 1010 4766 revolvens
1032 4709 1310 4775 Codicem,
1334 4709 1488 4763 venit
1505 4708 1576 4762 ad
1598 4709 1800 4770 locum,
1827 4714 1884 4762 et
1906 4708 2074 4777 ccepit

471 4803 679 4870 legere,
720 4800 944 4855 dicens:
990 4799 1140 4854 Dixit
1177 4799 1338 4854 Jesus
1367 4797 1654 4870 discipulis
1708 4797 1826 4852 suis
1860 4817 1871 4851 :
1907 4797 2072 4852 Scitis

476 4891 609 4962 quia
627 4889 906 4961 principes
925 4889 1180 4959 gentium
1201 4889 1443 4958 majores
1474 4891 1608 4942 sunt
1629 4887 1716 4941 his
1747 4887 1950 4958 quibus
1972 4887 2074 4940 do-

472 4979 782 5045 minantur,
803 4981 861 5032 et
890 4977 1265 5048 principatum
1283 4993 1479 5031 eorum
1495 4982 1704 5048 gerunt
1724 4978 1936 5044 (Matth.
1954 4973 2069 5048 xx).

467 5067 637 5142 Apud
676 5085 774 5123 vos
820 5070 1010 5121 autem
1039 5082 1153 5120 non
1183 5070 1268 5120 est
1293 5065 1406 5132 sic;
1457 5065 1556 5120 sed
1585 5066 1631 5120 si
1663 5065 1787 5136 quis
1816 5065 1875 5119 in
1918 5064 2072 5120 vobis

475 5159 592 5227 vult
618 5157 838 5231 primus
857 5171 1001 5222 esse,
1022 5153 1096 5209 sit
1124 5159 1306 5209 vester
1323 5153 1558 5208 ultimus
1583 5171 1599 5219 ;
1623 5158 1678 5208 et
1701 5153 1750 5208 si
1771 5153 1894 5224 quis
1923 5153 2074 5208 inter

469 5266 566 5305 vos
594 5246 836 5304 voluerit
861 5260 984 5300 esse
1025 5242 1306 5311 dominus,
1335 5243 1409 5298 sit
1452 5247 1635 5298 vester
1671 5259 1870 5297 servus
1901 5243 2072 5314 (Luca:

471 5341 652 5409 xvm).
674 5315 746 5394 Et
762 5337 851 5392 his
871 5333 1051 5400 dictis,
1086 5331 1326 5404 adjecit:
1359 5332 1518 5398 Ecce,
1551 5331 1754 5403 inquit,
1789 5336 1846 5386 et
1873 5333 2070 5388 vestris

465 5428 638 5498 jussis
664 5420 1332 5498 obtemperans..decrevi
1359 5421 1666 5494 primatum
1685 5421 1988 5494 suscipere,
2015 5428 2072 5478 et

427 5563 435 5572 .
472 5517 697 5572 Domini
741 5513 1090 5588 jussionibus
1137 5511 1385 5576 obedire,
1420 5511 1684 5566 ultimum
1735 5529 1826 5566 me
1873 5517 2070 5568 vestrae

473 5605 736 5660 cbaritati
749 5601 1414 5660 constituu.Exhilaratur
1425 5600 1673 5656 omnium
1691 5618 1862 5656 causa
1876 5602 1934 5657 in
1947 5619 2074 5657 con-

473 5709 643 5749 sensu
669 5694 791 5764 ejus
817 5713 828 5748 :
854 5695 978 5766 ipsa
997 5696 1188 5748 tamen
1208 5697 1339 5747 ante
1370 5708 1566 5748 omnes
1588 5709 1728 5763 opus
1747 5691 2072 5747 monasterii

2154 4614 2264 4669 rire
2293 4617 2468 4686 potui,
2493 4618 2601 4672 nisi
2622 4626 2686 4674 ut
2705 4625 2760 4675 te
2799 4622 3051 4676 omnium
3079 4639 3268 4677 rerum
3291 4639 3545 4678 mearum
3577 4624 3750 4678 domi-

2152 4719 2286 4758 num
2311 4704 2625 4762 instituam.
2640 4709 2784 4773 Quid
2801 4710 3042 4781 teipsum
3057 4711 3214 4766 vanis
3235 4717 3292 4766 et
3308 4711 3570 4768 inanibus
3585 4713 3750 4768 absti-

2154 4793 2361 4847 nentiis
2383 4796 2636 4850 crucias?
2664 4798 2800 4853 Ecce
2831 4801 3239 4871 possessionem
3265 4802 3627 4873 locupletatio
3663 4804 3747 4857 in-

2156 4881 2336 4952 ﬁnita,
2372 4889 2428 4938 et
2465 4903 2589 4939 ecce
2629 4887 2753 4941 auri
2791 4889 3009 4960 pondus
3053 4889 3413 4956 immensum,
3446 4895 3506 4946 et
3531 4892 3748 4963 argenti

2154 4971 2533 5028 ministerium
2563 4975 2872 5046 copiosum,
2903 4984 2960 5032 et
2986 4978 3213 5034 familiae
3245 4980 3502 5035 infinitus
3533 4988 3624 5036 est
3645 4998 3748 5036 nu-

2155 5075 2344 5115 merus
2385 5078 2398 5115 :
2430 5063 2675 5134 dignitas
2711 5067 3106 5136 generositatis
3142 5076 3228 5123 est
3254 5069 3430 5136 mihi;
3461 5070 3570 5126 hoc
3607 5087 3748 5126 anno
3814 5059 3826 5071 ’

2153 5148 2362 5222 absque
2385 5151 2514 5206 filiis
2535 5153 2762 5210 viduata
2782 5173 2928 5224 sum,
2953 5158 3185 5214 succede
3213 5175 3313 5230 pro
3335 5159 3415 5214 eis
3435 5159 3496 5214 in
3517 5160 3746 5216 faculta-

2152 5237 2302 5292 tibus
2333 5241 2488 5308 meis,
2515 5248 2572 5298 et
2599 5260 2710 5299 non
2731 5246 2914 5301 solum
2940 5264 3128 5302 rerum
3159 5264 3435 5316 mearum,
3463 5249 3564 5305 sed
3593 5268 3746 5306 meus

2153 5332 2272 5382 esto
2283 5329 2401 5400 jam
2419 5331 2700 5388 dominus.
2729 5335 2982 5407 Cumque
2999 5337 3115 5391 haec
3135 5342 3192 5392 et
3212 5337 3300 5394 his
3321 5338 3531 5394 similia
3547 5339 3746 5412 loque-

2153 5422 2327 5484 retur,
2352 5418 2578 5476 dixitad
2607 5440 2731 5478 eam
2762 5425 3042 5496 Eugenia:
3068 5426 3236 5482 Recte
3266 5443 3472 5482 nomen
3492 5433 3660 5484 tuum
3675 5431 3748 5484 ni-

2151 5507 2402 5575 gredinis
2418 5515 2660 5568 testatur
2677 5513 2992 5586 perﬁdiam;
3015 5531 3284 5587 magnum
3304 5516 3520 5572 enimte
3532 5517 3746 5573 diabolo

2153 5594 2538 5655 habitaculum
2568 5605 2897 5675 praeparasti
2925 5623 2937 5659 :
2975 5604 3198 5660 discede
3224 5622 3260 5660 a
3286 5606 3461 5661 servis
3489 5607 3612 5672 Dei,
3661 5607 3746 5661 de-

2155 5691 2370 5761 Ceptrix
2391 5691 3118 5764 etillecebrosaMelanthia;
3150 5712 3252 5751 nos
3283 5695 3432 5751 enim
3455 5691 3624 5752 aliter
3650 5697 3746 5751 mi-
