3868 6386
137 420 237 475 613

868 421 1037 485 vim
1078 418 1376 476 suam
1417 417 1778 483 EUGENIzE,
1822 416 2157 475 vmems
2195 417 2287 472 AC
2325 417 2705 476 MARTYRIS.

3316 424 3419 482 6M

134 544 387 599 litamus.
416 543 671 599 Habeant
698 562 830 616 epes
848 551 955 599 tua:
976 546 1059 599 tui
1098 545 1307 599 similes
1329 544 1609 610 dominos,
1637 546 1800 605 nosA
1819 559 1931 599 non
1974 544 2030 597 in
2060 559 2184 596 eam
2213 541 2392 613 ipsam
2422 544 2794 614 retorqueatis
2826 546 3185 614 sententiam,
3220 554 3278 604 et
3305 548 3422 605 haec

136 633 382 689 delectat
408 634 725 689 mendicare
750 652 877 689 cum
911 634 1150 688 Christo.
1186 634 1417 688 Affatim
1446 634 1598 687 dives
1630 640 1731 699 est,

138 722 230 793 qui
261 740 391 778 cum
423 724 642 779 Christo
666 741 879 795 pauper
906 730 1008 777 est.
1044 724 1286 793 Fugiant
1315 742 1348 776 a
1380 728 1432 775 te
1462 723 1735 791 imagines

140 813 622 884 concupiscentiae,
650 830 763 866 non
789 818 875 866 est
918 813 1064 865 enim
1115 812 1311 865 salutis
1340 818 1450 865 tua:
1481 812 1589 864 ista
1614 828 1735 881 quae

139 906 195 955 te
226 901 437 955 invasit
466 902 704 960 insania.
739 902 1007 956 Draconis
1039 900 1420 954 habitaculum
1451 900 1610 963 facta,
1643 916 1738 953 ve-

141 1007 353 1044 nenum
385 991 622 1045 effundis
646 1010 658 1058 ;
684 991 782 1044 sed
814 1007 934 1055 nos,
966 990 1173 1044 Christi
1203 989 1456 1043 invocato
1489 988 1733 1053 nomine,

141 1096 482 1134 venenorum
529 1086 756 1134 tuorum
798 1079 948 1133 virus
990 1078 1293 1144 evadimus,
1329 1084 1384 1131 et
1429 1077 1739 1131 misericor-

141 1168 290 1222 diam
319 1168 543 1223 Domini
572 1169 906 1223 invenimus.
1152 1224 1159 1231 ,

210 1258 347 1313 CAP.
371 1258 524 1313 XIII.
550 1290 603 1299 -
629 1259 784 1313 Tunc
811 1258 910 1311 illa
937 1256 1279 1328 deceptionis
1309 1272 1423 1309 suae
1464 1256 1734 1326 pudorem

142 1363 249 1400 non
273 1346 477 1413 ferens,
503 1364 735 1418 sperans
759 1364 816 1401 se
831 1346 1038 1416 detegi,
1064 1346 1170 1399 nisi
1194 1346 1346 1417 prior
1366 1344 1485 1416 ipsa
1507 1345 1735 1415 detege-

142 1444 244 1501 ret,
269 1452 494 1490 reversa
510 1435 925 1497 Alexandriam,
963 1435 1119 1488 adire
1159 1434 1480 1505 przefectum
1515 1434 1732 1501 statuit,

144 1523 245 1577 hoc
275 1524 474 1578 ordine
495 1524 713 1579 dicens:
750 1526 1055 1579 Scelestum
1072 1522 1735 1592 juvenem,simulantem

148 1613 529 1667 Christianam
576 1614 905 1684 religionem
936 1613 1180 1675 incurri;
1214 1617 1270 1665 et
1298 1612 1433 1665 dum
1471 1611 1734 1665 medendi

140 1703 339 1773 gratia,
367 1721 479 1775 qua
504 1704 709 1758 dicitur
727 1720 888 1775 posse
908 1700 1333 1756 infirmitatibus
1357 1701 1639 1772 prodesse,
1663 1702 1734 1756 ad

145 1809 228 1846 mc
261 1793 451 1847 venire
479 1793 883 1865 permitterem,
899 1808 1068 1846 unam
1087 1808 1175 1844 me
1192 1808 1255 1843 ex
1276 1791 1383 1843 illis
1407 1791 1733 1845 existimans

143 1882 207 1933 de
236 1899 476 1952 quarum
506 1883 719 1953 pudore
744 1882 1067 1945 bacchatur,
1089 1897 1258 1933 ausus
1278 1886 1360 1933 est
1378 1880 1735 1951 impudenter
1749 1902 1800 1963 Β

144 1970 367 2041 alloqui,
399 1978 455 2025 et
482 1970 660 2025 verbis
700 1970 1023 2042 procacibus
1052 1970 1121 2024 ad
1147 1969 1357 2023 crimen
1390 1970 1604 2023 hortari
1630 1988 1640 2035 ;
1676 1976 1733 2023 et

141 2058 244 2112 nisi
272 2060 551 2115 dedissem
594 2076 783 2114 vocem
830 2060 888 2114 in
927 2059 1209 2130 praesenti,
1245 2064 1302 2112 et
1349 2058 1563 2112 ancillae
1593 2075 1730 2113 mea:

140 2147 363 2203 fuissem
397 2150 633 2203 liberata
654 2149 872 2215 solatio,
898 2166 1055 2203 more
1084 2148 1376 2201 barbarico
1410 2164 1523 2201 sua:
1552 2164 1641 2201 me
1669 2148 1729 2200 li-

140 2239 308 2294 bidini
333 2240 688 2310 captivasset.
714 2239 961 2293 Audiens
982 2240 1097 2292 haec
1119 2237 1431 2309 praefectus,
1451 2237 1625 2290 nimio
1648 2236 1731 2290 fu-

141 2345 258 2383 rore
288 2329 695 2396 inflammatur,
721 2333 777 2383 et
800 2328 962 2398 jubet
989 2328 1059 2381 ad
1082 2328 1203 2381 loca
1219 2326 1544 2381 monasterii
1565 2326 1731 2379 desti-

144 2419 277 2479 nari,
300 2418 398 2489 qui
430 2435 559 2473 eum
580 2418 830 2472 vinctum
868 2418 1015 2471 ferro
1045 2434 1172 2472 cum
1200 2416 1458 2471 omnibus
1489 2431 1730 2470 commo-

143 2506 391 2561 rantibus
421 2507 784 2579 deponerent.
816 2508 1187 2577 Deponuntur
1226 2506 1415 2575 itaque
1446 2521 1640 2558 omnes
1671 2505 1730 2558 in

151 2596 375 2651 vinculis
392 2616 404 2663 ;
429 2603 487 2651 et
503 2596 810 2669 quiaunius
822 2595 1061 2649 carceris
1074 2612 1167 2649 eos
1188 2611 1300 2648 non
1320 2594 1534 2647 ferebat
1554 2594 1724 2659 locus,

148 2702 243 2756 per
262 2686 511 2740 diversas
526 2685 807 2740 custodias
826 2686 1168 2739 dividuntur.
1193 2685 1456 2738 Postharc
1469 2683 1736 2737 statuitur

148 2774 259 2830 dies
270 2775 565 2841 funeris,in
579 2792 687 2848 quo
703 2775 798 2829 alii
816 2774 1350 2839 adbestias,aliivero
1362 2774 1432 2827 ad
1447 2774 1624 2842 ignes,
1640 2772 1734 2826 alii

150 2865 212 2918 ad
235 2865 455 2920 diversa
475 2865 749 2936 supplicia
763 2865 1185 2918 damnarentur.
1204 2863 1290 2917 Fit
1302 2862 1735 2916 rumorimmen-

147 2969 253 3018 sus,
286 2954 584 3026 impudens
614 2970 836 3025 quoque
864 2953 1015 3009 fama
1042 2958 1299 3007 cunctam
1321 2951 1547 3023 [Egypti
1578 2967 1735 3022 pera-

146 3050 265 3114 grat
275 3043 851 3116 provinciam.0mnes
864 3043 1117 3108 credunt,
1127 3059 1321 3096 omnes
1335 3042 1730 3109 condemnant,

1818 633 1984 686 fallax
2021 633 2180 686 testis
2218 631 2360 685 nihil
2393 632 2643 703 patiatur
2685 633 2835 698 mali,
2872 652 3020 691 nunc
3059 636 3420 708 probabimus

1816 722 2025 776 crimen
2052 722 2199 791 quod
2230 720 2387 774 nobis
2418 720 2625 790 objicit,
2663 723 2976 777 redundare
3007 725 3062 779 in
3088 742 3233 782 eam.

1822 884 1829 890 ν
1889 856 1964 909 At
1992 854 2087 908 ubi
2116 859 2353 908 testatus
2374 859 2460 907 est
2490 870 2591 924 per
2616 854 2927 926 principum
2951 858 3189 913 salutem
3219 860 3416 931 praefe-

1819 947 1959 1008 ctus,
1986 943 2318 1013 promittens
2348 942 2418 996 ad
2441 943 2631 996 omnia
2650 961 2771 1014 quae
2795 946 3114 1014 postulabat
3133 948 3412 1018 effectum,

1820 1030 1959 1084 dixit
1979 1032 2226 1099 Eugenia
2252 1048 2262 1083 :
2291 1032 2336 1086 Ο
2370 1032 2676 1086 Melanthia
2692 1033 2997 1103 nigredinis
3022 1053 3247 1102 nomen,
3264 1045 3322 1093 et
3339 1044 3419 1094 te-

1819 1119 2058 1173 nebrosa
2072 1120 2395 1184 Melanthia,
2413 1121 2679 1191 applicari
2698 1122 2872 1176 fecisti
2894 1125 3133 1193 aculeos,
3153 1128 3419 1199 suspendi

1820 1209 2075 1279 prmenpis
2133 1210 2501 1264 Christianos.
2552 1210 2788 1277 Damna,
2848 1220 3094 1283 percute,
3160 1216 3413 1284 incende,

1819 1296 1959 1351 bene
1990 1314 2092 1351 nos
2134 1299 2374 1369 accipis;
2423 1315 2535 1353 non
2562 1304 2754 1354 tamen
2796 1302 2938 1355 tales
2977 1302 3147 1357 habet
3181 1305 3419 1362 famulos

1818 1386 2093 1453 Christus,
2119 1387 2312 1459 quales
2339 1392 2401 1442 tu
2432 1388 2678 1442 testaris.
2711 1389 2923 1444 Tamen
2949 1391 3152 1447 adduci
3179 1395 3418 1468 praecipe

1818 1476 2098 1541 ancillam,
2116 1493 2285 1547 quam
2306 1482 2507 1531 testem
2523 1477 2701 1532 nostri
2723 1478 2974 1533 criminis
2995 1498 3116 1536 esse
3134 1482 3420 1549 dixisti,ut

1819 1581 1884 1618 ex
1901 1582 1996 1619 ore
2019 1566 2140 1636 ejus
2165 1566 2342 1636 possit
2365 1566 2639 1620 denudari
2660 1569 3033 1623 mendacium.
3053 1572 3307 1644 Cumque
3327 1589 3421 1646 ap-

1816 1654 2021 1724 plicata
2045 1653 2242 1708 fuisset
2270 1655 2329 1709 in
2366 1662 2664 1726 conspectu
2707 1657 2933 1727 judicis,
2980 1660 3149 1731 C(Bpit
3187 1661 3411 1718 dicere:

1817 1743 1994 1797 Istum
2009 1744 2274 1812 juvenem
2295 1744 2820 1815 impudicissimum,
2847 1746 3170 1818 frequenter
3189 1751 3417 1822 quidem

1816 1831 1965 1885 circa
1993 1832 2129 1887 viles
2160 1849 2425 1903 personas
2446 1833 2728 1888 detectum
2746 1834 2806 1889 in
2832 1836 3144 1905 adulteriis,
3160 1839 3282 1911 ipsa
3305 1841 3416 1897 im-

1813 1921 2039 1992 punitas
2058 1922 2128 1976 ad
2159 1923 2262 1977 hoc
2284 1939 2412 1977 eum
2436 1922 2714 1993 perduxit,
2737 1929 2801 1977 ut
2816 1924 2986 1979 etiam
3010 1926 3251 1984 domina:
3274 1946 3413 1985 meae

1813 2011 1960 2064 circa
1988 2011 2228 2081 primam
2257 2012 2454 2065 horam
2482 2012 2593 2065 diei
2616 2011 2932 2068 cubiculum
2956 2014 3314 2087 impudenter
3334 2020 3418 2075 im

1810 2116 2059 2169 gressus,
2074 2100 2255 2171 primo
2272 2100 2499 2172 quidem
2521 2118 2777 2156 sermone
2796 2104 2955 2173 quasi
2973 2121 3073 2175 pro
3092 2106 3272 2163 salute
3290 2108 3413 2180 ejus

1814 2187 2024 2242 veniret
2046 2189 2317 2244 indicaret
2346 2209 2358 2258 ;
2392 2191 2635 2245 secundo
2665 2208 2766 2263 pro
2796 2209 2899 2246 sua
2927 2195 3410 2267 concupiscentia;

1813 2282 1870 2331 et
1889 2278 2057 2332 tertio
2081 2278 2248 2333 etiam
2274 2280 2343 2333 ad
2372 2280 2711 2345 violentiam,
2736 2282 2783 2335 si
2803 2282 3007 2337 cursim
3035 2300 3138 2354 ego
3162 2285 3418 2357 ingressa

1812 2366 2084 2422 familiam
2115 2385 2225 2423 non
2273 2385 2577 2435 vocassem,
2613 2386 2735 2441 quae
2767 2371 2929 2425 hodie
2959 2372 3128 2443 hujus
3165 2374 3415 2431 criminis

1812 2456 1972 2510 testis
1995 2462 2099 2510 est.
2119 2458 2274 2511 Tunc
2290 2458 2584 2529 praefectus
2606 2475 2671 2512 ex
2693 2458 2905 2514 familia
2923 2461 3117 2516 adesse
3130 2462 3294 2534 jubet
3318 2465 3416 2520 ali-

1814 2545 2074 2617 quos,qui
2084 2546 2164 2600 ita
2174 2552 2396 2617 gestum
2410 2564 2529 2602 esse
2544 2565 2645 2602 suo
2662 2549 2982 2604 testimonio
2992 2553 3411 2611 conﬁrmarent.

1817 2635 2070 2705 Cumque
2092 2636 2507 2707 applicarentur
2526 2637 2731 2708 singuli
2750 2637 2830 2692 ita
2847 2656 2966 2693 esse
2989 2645 3051 2695 ut
3070 2640 3169 2696 illa
3193 2642 3415 2699 dixerat

1814 2723 2187 2779 testabantur.
2206 2725 2360 2780 Tunc
2375 2726 2546 2796 judex
2564 2726 2926 2782 vehementer
2944 2736 3276 2798 commotus,
3297 2732 3377 2788 ait
3398 2753 3409 2785 :

1817 2813 1961 2877 Quid
1992 2814 2061 2868 ad
2095 2815 2232 2883 haec,
2265 2815 2524 2880 infauste,
2551 2816 2803 2871 dicturus
2821 2834 2901 2884 es,
2924 2834 3092 2889 quem
3121 2825 3207 2875 tot
3235 2823 3414 2876 revin-

1817 2908 1950 2957 cunt
1979 2909 2169 2970 testes,
2202 2909 2471 2975 tantaque
2499 2905 2707 2959 indicia
2732 2907 3128 2963 manifestant?

1889 3039 2025 3091 CAP.
2058 3038 2175 3092 XV.
2208 3069 2265 3083 ς·-
2297 3038 2382 3093 Ad
2405 3038 2519 3093 haec
2539 3038 2704 3094 beata
2732 3038 2983 3112 Eugenia
3010 3042 3093 3097 ait
3122 3062 3133 3097 :
3169 3043 3412 3118 Tempus

148 3140 197 3188 et
216 3133 472 3188 omnibus
494 3132 793 3187 verisimile
821 3133 1043 3186 videtur
1061 3131 1425 3186 Melanthiam
1456 3131 1734 3185 illustrem
1816 3126 2079 3197 loquendi
2097 3133 2201 3191 est,
2225 3127 2357 3198 quia
2377 3133 2599 3199 ternpus
2615 3130 2835 3183 tacendi
2852 3130 3081 3185 transiit
3099 3131 3281 3201 (Eccli.
3305 3138 3411 3204 ιιι).

150 3222 410 3277 feminam
433 3222 661 3277 mentiri
691 3239 802 3277 non
824 3238 1005 3293 posse.
1026 3221 1170 3285 Quid
1191 3220 1407 3274 multa?
1427 3220 1595 3274 Venit
1615 3220 1735 3274 dies
1754 3226 1799 3287 ο
1815 3215 2152 3286 Optaveram
2167 3215 2393 3286 quidem
2403 3216 2616 3270 crimen
2634 3216 2914 3287 objectum
2928 3219 2984 3274 in
3000 3219 3189 3275 futuro
3198 3222 3413 3291 judicio

148 3310 402 3367 funerum
421 3312 777 3379 constitutus,
804 3317 859 3365 et
880 3311 937 3365 in
968 3327 1078 3381 qua
1100 3310 1372 3364 universae
1401 3309 1653 3363 civitates
1674 3310 1733 3363 in
1814 3304 2109 3371 denudari,
2132 3310 2189 3359 et
2216 3305 2533 3359 castitatem
2552 3322 2736 3361 meam
2757 3306 2840 3360 illi
2861 3307 2963 3361 soli
2982 3309 3295 3378 ostendere,
3313 3327 3411 3369 cu-

146 3399 317 3455 vicino
345 3401 543 3471 positae
572 3399 927 3465 conveniunt,
956 3406 1020 3453 ut
1043 3399 1295 3452 viderent
1312 3399 1558 3452 ferarum
1586 3398 1734 3452 tradi

148 3489 416 3545 morsibus
444 3495 823 3561 corruptores:
857 3488 1291 3543 introducuntnr
1317 3487 1376 3542 in
1415 3487 1647 3553 catenis,
1679 3491 1736 3541 et

150 3593 179 3630 a
205 3577 502 3633 collaribus
555 3578 752 3633 ferreis
801 3595 927 3632 cum
968 3578 1133 3631 beata
1182 3578 1554 3647 Eugenia;et
1581 3577 1733 3631 nullo

151 3675 479 3738 agnoscente
510 3668 657 3740 quod
674 3674 824 3721 esset
856 3667 1081 3733 femina,
1106 3667 1317 3720 clamor
1339 3666 1529 3737 populi
1550 3665 1734 3719 diver-

150 3752 219 3806 sis
231 3754 523 3808 sententiis
540 3752 856 3824 ingruebat.
874 3754 1029 3807 Tunc
1043 3752 1276 3823 jubetur
1294 3750 1494 3805 adduci
1510 3750 1734 3821 propin-

151 3842 324 3912 quius,
342 3849 409 3897 nt
425 3860 537 3899 non
564 3860 665 3914 per
684 3842 1059 3897 internuntios
1092 3858 1218 3896 eam
1245 3841 1536 3912 praefectus
1570 3839 1733 3894 audi-

150 3936 248 3998 ret,
280 3935 379 3988 sed
402 3950 469 3988 ex
488 3948 584 3987 ore
609 3934 731 4004 ejus
767 3932 1083 3987 addisceret
1107 3931 1424 3985 veritatem.
1456 3932 1736 4001 Aptantur

153 4022 363 4091 equulei
387 4027 445 4077 et
461 4021 711 4088 verbera,
744 4023 1003 4087 flammae,
1027 4026 1287 4087 tortores,
1322 4026 1378 4074 et
1393 4026 1597 4075 cartera
1613 4036 1735 4091 quae

151 4110 323 4166 solent
349 4111 679 4166 abscondita
701 4112 882 4166 cordis
903 4112 1240 4183 exsculpere,
1256 4117 1663 4182 praeparantur.

217 4199 343 4256 CAP.
361 4201 509 4257 XIV.
541 4229 599 4239 --
624 4201 780 4256 Tunc
799 4201 1089 4272 praefectus
1111 4200 1400 4271 Philippus
1421 4200 1591 4253 dixit:
1615 4200 1733 4264 Dic,

153 4288 573 4344 sceleratissime
620 4289 1089 4355 Christianorum,
1130 4290 1236 4343 hoc
1286 4288 1440 4343 vobis
1480 4289 1736 4343 Christus

150 4383 324 4433 vester
350 4379 585 4434 tradidit
604 4379 663 4433 in
692 4379 994 4445 mandatis,
1024 4385 1087 4433 ut
1116 4395 1343 4449 operam
1366 4378 1737 4449 corruptioni-

151 4462 248 4519 bus
266 4468 430 4534 datis,
463 4474 519 4522 et
548 4468 817 4539 pudorem
844 4473 1013 4539 atque
1034 4468 1426 4522 verecundiam
1457 4473 1737 4522 matrona-

1809 3394 1903 3464 jus
1925 3410 2115 3448 amore
2132 3394 2405 3448 servanda
2416 3399 2519 3448 est.
2534 3395 2744 3449 Tamen
2766 3413 2835 3450 ne
2854 3396 3130 3467 glorietur
3145 3398 3203 3453 in
3225 3416 3414 3457 servos

1817 3483 2023 3537 Christi
2046 3483 2210 3537 fallax
2232 3483 2483 3550 audacia,
2510 3490 2568 3539 et
2588 3484 2778 3556 paucis
2807 3486 3050 3557 pandam
3070 3487 3254 3543 verbis
3276 3491 3415 3547 veri-

1815 3576 2011 3639 tatem,
2031 3572 2222 3628 nonad
2239 3572 2568 3643 jactantiam
2592 3573 2851 3629 humanae
2867 3576 3415 3648 declamationis,sed

1816 3662 1885 3715 ad
1922 3660 2161 3731 gloriam
2188 3662 2430 3716 nominis
2461 3662 2687 3717 Christi.
2717 3663 2900 3720 Tanta
2938 3665 3091 3721 enim
3120 3674 3206 3722 est
3231 3670 3411 3725 virtus

1817 3751 2060 3805 nominis
2081 3752 2222 3821 ejus,
2243 3757 2307 3805 ut
2336 3752 2506 3805 etiam
2524 3751 2745 3807 feminae
2767 3753 2824 3808 in
2844 3754 3046 3809 timore
3071 3757 3194 3827 ejus
3218 3759 3413 3829 positae

1815 3840 2032 3895 virilem
2060 3840 2352 3895 obtineant
2378 3841 2709 3913 dignitatem
2734 3861 2747 3910 ;
2772 3850 2831 3897 et
2856 3860 3038 3914 neque
3060 3846 3110 3899 ei
3140 3863 3305 3902 sexus
3332 3849 3414 3904 di-

1815 3930 2053 3985 versitas
2095 3930 2204 3984 fide
2248 3936 2432 4002 potest
2463 3930 2698 3986 inveniri
2729 3933 3005 4004 superior,
3038 3951 3165 3990 cum
3212 3935 3411 3993 beatus

1818 4020 2027 4075 Paulus
2051 4021 2355 4091 apostolus,
2375 4020 2646 4089 magister
2664 4022 2917 4076 omnium
2937 4022 3409 4095 Christianorum,

1820 4109 1970 4164 dicat
1988 4110 2136 4181 quod
2164 4109 2311 4181 apud
2332 4109 2633 4164 Dominum
2652 4126 2764 4165 non
2794 4112 2868 4166 sit
2888 4112 3150 4169 discretio
3178 4118 3415 4172 masculi

1820 4204 1878 4253 et
1922 4199 2161 4266 feminae,
2205 4216 2399 4254 omnes
2437 4200 2588 4253 enim
2638 4199 2698 4254 in
2739 4201 2960 4256 Christo
3004 4219 3182 4259 unum
3220 4222 3414 4262 sumus

1823 4290 2021 4358 (Galat.
2046 4292 2145 4357 ιιι).
2172 4289 2354 4359 Hujus
2374 4305 2507 4359 ergo
2522 4305 2778 4345 normam
2804 4291 2993 4346 animo
3019 4292 3265 4350 fervente
3286 4313 3412 4351 sus-

1818 4379 1959 4450 cepi,
1974 4383 2030 4433 et
2056 4395 2123 4433 ex
2150 4378 2489 4433 conﬁdentia
2507 4395 2676 4451 quam
2704 4379 2763 4433 in
2795 4380 3017 4435 Christo
3046 4382 3236 4449 habui,
3260 4386 3415 4441 nolui

1819 4484 1939 4523 esse
1960 4467 2183 4533 femina,
2202 4467 2300 4521 sed
2320 4467 2700 4537 virginitatem
2718 4468 3140 4525 immaculatam
3156 4476 3277 4527 tota
3295 4474 3417 4528 ani-

152 4552 252 4609 lem
273 4556 632 4612 fraudulenta
651 4556 862 4612 astutia
889 4556 1154 4628 capiatis?
1179 4557 1279 4611 Dic
1294 4573 1461 4622 nunc,
1488 4556 1730 4625 furcifer,
1750 4550 1800 4609 D
1817 4558 1895 4611 mi
1916 4556 2227 4611 intentione
2252 4572 2610 4621 conservans,
2634 4556 2812 4610 virum
2842 4557 2990 4627 gessi
3016 4564 3341 4615 constanter
3353 4562 3411 4616 in

154 4658 268 4713 qum
298 4653 349 4701 te
385 4647 669 4700 temeritas
698 4646 897 4718 coegit,
930 4652 996 4701 ut
1024 4646 1299 4700 illustrem
1328 4646 1595 4701 feminam
1617 4647 1734 4701 Me-

153 4730 419 4790 lanthiam
448 4741 833 4807 appeteres,et
862 4736 1146 4806 ingressus
1178 4735 1281 4789 sub
1304 4736 1487 4807 specie
1508 4736 1728 4801 medici,

155 4825 460 4881 castitatem
485 4827 976 4898 generosissimam
1014 4827 1084 4881 ad
1113 4826 1467 4898 lupanariam
1494 4824 1733 4896 ignomi-

153 4911 296 4969 niam
338 4918 703 4988 provocares?
723 4916 973 4971 Audiens
1002 4916 1119 4971 haec
1148 4915 1311 4970 beata
1339 4915 1604 4985 Eugenia,
1640 4931 1733 4969 ca-

153 5001 260 5071 pite
274 5005 531 5072 demisso,
550 5023 621 5061 ne
640 5007 816 5079 possit
834 5005 1078 5077 agnosci,
1097 5006 1289 5061 taliter
1307 5005 1462 5059 dedit
1480 5004 1734 5076 praefecto

152 5104 471 5164 responsum
493 5114 504 5149 :
525 5096 799 5151 Dominus
829 5112 987 5151 meus
1015 5097 1176 5152 Jesus
1197 5095 1473 5161 Christus,
1509 5094 1598 5148 cui
1631 5110 1734 5163 ego

154 5182 339 5251 servio,
384 5185 701 5239 castitatem
733 5184 940 5251 docuit,
989 5191 1046 5240 et
1073 5185 1454 5257 integritatem
1485 5183 1733 5255 corporis

152 5273 755 5343 custodientibusvitam
775 5274 1351 5346 promittitaaternam.
1369 5274 1526 5328 Hanc
1544 5278 1733 5327 autem

152 5353 503 5417 Melanthiam
518 5364 717 5418 falsam
731 5370 935 5419 testem
953 5381 1102 5419 nunc
1112 5380 1409 5435 possumus
1422 5363 1727 5428 declarare,

153 5448 242 5501 sed
263 5453 464 5508 melius
484 5460 569 5508 est
595 5459 660 5509 ut
678 5470 778 5509 nos
800 5454 1085 5525 patiamur
1111 5454 1260 5508 mala
1280 5470 1448 5524 quam
1465 5453 1582 5519 illa,
1597 5453 1729 5507 dum

154 5540 391 5596 convicta
418 5543 605 5610 fuerit,
638 5543 850 5614 aliquid
876 5544 1147 5615 patiatur,
1176 5559 1247 5597 ne
1273 5548 1332 5597 et
1373 5542 1588 5597 fructus
1633 5557 1732 5614 pa-

120 5624 123 5625 ⁷
156 5623 350 5686 tientia:
378 5638 582 5687 nostra;
630 5633 920 5705 depereat;
953 5633 1051 5688 sed
1077 5638 1286 5697 tamen,
1321 5632 1367 5685 si
1413 5649 1514 5703 per
1559 5632 1734 5686 victo-

156 5712 289 5775 riam
301 5721 616 5794 principum
624 5728 1049 5778 testeturvestra
1066 5722 1380 5778 sublimitas
1393 5722 1735 5792 quod346

1817 4645 2057 4701 Christo.
2089 4646 2215 4700 Non
2244 4644 2395 4699 enim
2418 4644 2749 4699 infrunitam
2765 4644 3073 4700 honestatis
3103 4648 3413 4705 simulatio-

1815 4752 1946 4789 nem
1973 4734 2273 4805 assumpsi,
2301 4739 2368 4787 ut
2394 4733 2477 4787 vir
2505 4732 2770 4788 feminam
2809 4734 3163 4806 simularem;
3201 4739 3300 4794 sed
3328 4739 3412 4795 fe-

1816 4824 1970 4879 mina
1986 4824 2222 4877 viriliter
2239 4822 2474 4893 agendo,
2503 4822 2685 4877 virum
2700 4822 2867 4893 gessi,
2886 4824 3267 4895 virginitatem
3289 4846 3413 4902 quae

1817 4912 1874 4967 in
1900 4912 2125 4968 Christo
2152 4918 2238 4966 est
2266 4911 2488 4966 fortiter
2518 4911 2925 4983 amplectende.
2957 4914 3026 4969 Et
3060 4916 3411 4987 haec'dicens,

1816 5002 1977 5056 scidit
2005 5018 2037 5056 a
2060 5001 2242 5073 capite
2262 5000 2532 5065 tunicam,
2555 5017 2670 5072 qua
2687 5007 2812 5056 erat
2830 5002 3046 5073 induta,
3071 5011 3130 5061 et
3151 5010 3417 5080 apparuit

1815 5092 2044 5147 femina.
2075 5092 2144 5145 Et
2159 5090 2349 5145 statim
2372 5091 2442 5145 ad
2460 5091 2783 5163 prmfectum
2804 5092 2885 5147 ait
2901 5111 2912 5146 :
2926 5094 3010 5149 Tu
3030 5095 3167 5150 mihi
3186 5096 3414 5167 quidem

1816 5181 2126 5237 secundum
2139 5197 2364 5235 carnem
2381 5181 2806 5252 pater,Claudia
2823 5188 3005 5238 mater
3025 5189 3194 5250 est,et
3210 5185 3413 5242 fratres

1815 5273 1875 5328 hi
1895 5272 2005 5326 duo
2036 5270 2131 5343 qui
2146 5276 2333 5325 tecum
2360 5270 2576 5335 sedent,
2596 5269 2793 5324 Avitus
2817 5275 2875 5324 et
2903 5271 3149 5341 Sergius.
3176 5272 3292 5344 Ego
3310 5291 3413 5330 au-

1816 5368 1931 5417 tem
1946 5360 2195 5431 Eugenia
2212 5358 2325 5415 ﬁlia
2336 5364 2453 5425 tua,
2463 5376 2585 5430 quae
2601 5374 2700 5429 pro
2717 5375 2908 5413 amore
2922 5359 3129 5415 Christi
3141 5364 3416 5421 mundum

1816 5469 2041 5507 omnem
2070 5458 2203 5505 cum’
2226 5448 2438 5503 deliciis
2486 5448 2603 5503 suis
2632 5448 2819 5518 respui
2869 5454 3139 5519 tanquam
3178 5458 3412 5509 stercus.

1818 5541 1954 5596 Ecce
1971 5541 2172 5595 Protus
2190 5545 2247 5593 et
2279 5538 2629 5610 Hyacinthus
2658 5536 2903 5590 eunuchi
2924 5538 3052 5603 mei,
3073 5556 3201 5595 cum
3216 5543 3420 5614 quibus

1817 5632 2065 5686 scholam
2095 5629 2304 5685 Christi
2333 5628 2588 5699 ingressa
2616 5640 2774 5679 sum:
2801 5625 3060 5682 Christus
3081 5636 3273 5687 autem
3301 5638 3422 5690 tam

1818 5720 2053 5775 idoneus
2074 5719 2148 5773 ibi
2171 5719 2475 5784 exstitit,ut
2491 5714 3085 5774 victricemlibidinum
3106 5722 3288 5776 omnis
3308 5723 3425 5795 pol-
