3868 6378
452 391 561 450 615

1497 391 1590 447 DE
1627 391 1816 447 VITIS
1856 388 2150 446 PATRUM
2188 388 2402 445 LIBER
2439 387 2728 444 PRIMUS.

3629 385 3740 442 6Ιῦ

451 521 684 577 lutionis
721 535 812 574 me
860 519 1066 574 faceret
1105 533 1206 589 per
1246 515 1689 571 misericordiam
1737 531 1917 580 suam,
1957 515 2050 570 cui
2070 517 2116 576 Α
2137 513 2418 581 exhibeas,
2448 515 2552 580 vel,
2584 515 2838 586 deposita
2858 513 3151 583 dignitate.
3183 513 3355 568 etiam
3383 512 3630 585 propriis
3665 511 3740 566 fa-

454 611 620 666 credo
648 625 825 681 usque
852 608 910 664 in
941 608 1109 663 ﬁnem
1141 623 1230 662 me
1253 606 1468 678 jugiter
1492 621 1941 678 permansurum.

523 746 656 801 Car.
685 743 832 800 XVI.
868 773 931 784 --
970 743 1350 814 Agnoscentcs
1380 741 1571 813 itaque
1600 745 1760 812 pater
1780 739 1973 805 ﬁliam,
1998 745 2055 793 et

449 849 698 888 sororem
720 831 941 898 fratres,
984 832 1130 886 servi
1152 830 1461 896 dominam,
1495 834 1731 883 currunt
1759 829 1952 882 statim
1983 828 2053 882 ad

451 938 576 977 eam
604 941 617 988 ;
651 926 709 976 et
735 921 1084 976 eﬁundentes
1107 920 1384 991 lacrymas
1419 918 1478 972 in
1507 923 1807 989 conspectu
1838 916 2049 988 populi,

448 1009 796 1082 amplexibus
815 1009 937 1080 ejus
957 1007 1308 1062 incumbunt.
1329 1005 1643 1061 Nuntiatur
1661 1005 1872 1060 factum
1896 1005 2058 1058 Clau-

449 1097 554 1155 dite
586 1097 774 1165 matri,
816 1103 874 1152 et
900 1097 1093 1152 statim
1121 1113 1290 1151 cursu
1317 1095 1535 1150 concito
1576 1095 1646 1148 ad
1679 1093 2058 1166 spectaculum

447 1187 620 1244 venit.
653 1187 996 1244 Deferuntur
1025 1185 1362 1241 vestimenta
1387 1200 1526 1239 auro
1547 1189 1720 1250 texta,
1744 1189 1801 1238 et
1829 1183 1954 1237 licet
1976 1181 2060 1236 in-

449 1272 584 1340 vita,
615 1271 890 1339 induitur,
923 1276 1092 1343 atque
1131 1271 1190 1325 in
1221 1270 1436 1324 excelso
1464 1267 1736 1324 tribunali
1765 1267 1964 1338 posita,
1997 1265 2056 1320 in

452 1359 690 1417 sublime
704 1361 1000 1428 attollitur,
1018 1365 1076 1414 et
1093 1358 1163 1414 ab
1179 1358 1333 1412 omni
1353 1357 1560 1430 populo
1576 1357 1852 1412 clamatur
1872 1374 1884 1410 :
1899 1355 2056 1410 Unus

454 1450 733 1518 Christus,
767 1466 915 1506 unus
947 1455 1004 1505 et
1027 1465 1190 1504 verus
1222 1449 1374 1504 Deus
1410 1446 1875 1503 Christianorum.
1904 1444 2052 1500 Sane

453 1539 772 1596 sacerdotes
802 1544 860 1594 et
887 1539 1151 1611 episcopi,
1169 1537 1265 1610 qui
1293 1553 1422 1592 cum
1451 1537 1631 1592 multo
1659 1535 1864 1608 populo
1894 1533 2053 1590 Chri-

451 1628 636 1684 stiano
651 1633 782 1684 ante
802 1627 1280 1700 amphitheatrum
1296 1630 1475 1691 erant,
1494 1630 1552 1679 et
1564 1625 1698 1680 dum
1714 1623 1953 1679 fuissent
1968 1623 2052 1678 in-

453 1717 670 1773 terfecti
690 1717 748 1772 hi
769 1717 864 1789 qui
883 1715 1308 1782 accusabantur,
1327 1714 1398 1770 ab
1419 1715 1629 1768 eisdem
1654 1702 2045 1786 sepelirentur,

455 1807 868 1878 ingrediuntur,
903 1807 1018 1860 Deo
1047 1806 1320 1878 hymnum
1349 1804 1616 1864 dicentes,
1657 1809 1826 1874 atque
1857 1818 2052 1856 omnes

453 1913 568 1952 una
594 1913 725 1950 voce
754 1896 1062 1950 clamantes
1085 1913 1096 1949 :
1123 1895 1362 1949 Dextera
1381 1892 1608 1948 Domini
1627 1892 1943 1964 gloriﬁcata
1969 1896 2056 1945 est

451 1986 511 2041 in
557 1986 781 2053 virtute,
822 1985 1052 2040 dextera
1092 1999 1294 2040 manus
1341 1989 1460 2050 tua,
1493 1981 1749 2048 Domine,
1783 1980 2058 2050 confregit

453 2074 725 2130 inimicos.
757 2075 996 2129 Tollitur
1022 2091 1156 2144 ergo
1182 2073 1242 2127 in
1261 2072 1553 2144 triumpho
1585 2071 1838 2142 Eugenia
1863 2089 1876 2138 ;
1899 2075 1959 2124 et
1987 2085 2057 2124 ne

452 2169 610 2226 tanto
627 2163 834 2235 gaudio
853 2163 1044 2236 populi
1065 2164 1115 2233 ej
1124 2178 1190 2217 us
1203 2160 1475 2216 defuisset
1490 2160 1746 2233 probatio
1757 2159 2053 2225 castitatis,

450 2254 601 2310 visus
630 2260 717 2309 est
742 2252 890 2325 ignis
917 2253 987 2307 de
1015 2252 1153 2306 calo
1179 2251 1543 2316 descendens,
1574 2249 1670 2321 qui
1709 2249 1790 2304 ita
1820 2248 2060 2304 circum-

453 2343 610 2400 dedit
629 2343 860 2399 domum
889 2341 1226 2408 Melanthiae,
1258 2347 1324 2396 ut
1352 2357 1454 2395 nec
1489 2339 1783 2409 vestigium
1822 2338 2060 2408 alicujus

452 2434 535 2490 rei
559 2450 682 2506 quia
704 2433 778 2488 ad
805 2449 930 2487 eam
947 2430 1267 2504 pertinebat
1287 2428 1641 2485 remanserit.
1669 2429 1760 2483 Fit
1784 2427 2057 2499 gaudium

452 2523 646 2596 populi
673 2539 802 2578 cum
828 2522 1032 2577 timore
1056 2520 1177 2588 Dei;
1207 2519 1442 2574 ecclesia
1470 2535 1594 2590 qua;
1615 2519 1758 2588 jam,
1789 2517 1951 2588 quasi
1982 2515 2058 2570 vi-

452 2613 648 2677 duata,
678 2617 872 2667 octavo
901 2627 1050 2665 anno
1079 2611 1270 2664 clausa
1298 2609 1504 2675 fuerat,
1537 2612 1844 2662 reseratur.
1878 2607 2056 2660 Revo-

454 2705 616 2757 catur
629 2699 1072 2756 Christianorum
1088 2697 1668 2771 pepulus,baptizatur
1684 2694 1977 2767 praefectus
1997 2694 2056 2750 in

456 2788 699 2845 fascibus
719 2788 1075 2854 constitutus,
1091 2787 1444 2858 baptizantur
1463 2785 1563 2840 ﬁlii
1581 2786 1722 2857 ejus,
1742 2784 2057 2856 baptizatur

456 2885 642 2934 mater
669 2880 792 2950 ejus
816 2877 1068 2935 Claudia.
1102 2876 1370 2932 Restituit
1389 2875 1681 2947 privilegia
1702 2874 2054 2941 Christianis,

457 2973 515 3022 et
547 2967 724 3022 mittit
761 2967 1094 3022 relationem
1126 2966 1195 3020 ad
1243 2965 1510 3020 Severum
1546 2964 1946 3035 imperatorem
1988 2963 2057 3018 de

459 3057 812 3124 Christianis,
837 3061 895 3112 et
922 3060 1196 3111 memorat
1212 3055 1350 3109 satis
1371 3053 1690 3126 reipublicae
1712 3053 2060 3108 Christianos

457 3147 742 3220 prodesse,
755 3147 880 3202 ideo
905 3145 1107 3201 debere
1129 3161 1222 3200 eos
1243 3143 1452 3216 absque
1465 3143 1850 3215 persecutione
1871 3142 2058 3213 aliqua

456 3237 515 3292 in
525 3235 757 3292 urbibus
765 3234 1343 3290 habitare.Consentit
1352 3231 1717 3288 relationibus
1729 3233 2058 3304 imperator,

457 3332 516 3382 et
560 3327 623 3381 ﬁt
651 3330 773 3382 tota
800 3324 1176 3380 Alexandrina
1211 3323 1406 3378 civitas
1451 3321 1610 3394 quasi
1652 3338 1766 3376 una
1805 3321 2060 3376 ecclesia.

457 3415 700 3488 Eratque
743 3414 1004 3470 omnibus
1051 3414 1368 3470 civitatibus
1395 3415 1684 3486 gaudium,
1717 3419 1774 3468 et
1815 3411 2061 3482 dignitas

459 3503 766 3560 Christiani
796 3503 1038 3560 nominis
1068 3503 1416 3559 ﬁorescebat.

531 3641 662 3695 CAP.
688 3639 862 3696 XVII.
889 3667 958 3683 -
987 3639 1098 3695 Sed
1116 3638 1251 3710 quia
1269 3653 1494 3710 semper
1511 3636 1866 3692 sanctitatem
1890 3651 2060 3690 aemu-

457 3729 594 3785 latio
625 3728 879 3801 sequitur
922 3727 1156 3795 inimici,
1189 3732 1246 3783 et
1274 3732 1472 3782 contra
1497 3725 1810 3782 bonitatem
1845 3731 2060 3797 pugnat

457 3819 676 3875 malitia
697 3841 709 3876 :
733 3817 966 3874 consilio
986 3817 1195 3873 diaboli
1215 3817 1392 3889 aliqui
1420 3833 1488 3872 ex
1510 3815 1800 3872 honoratis
1823 3815 2060 3870 Alexan-

453 3909 861 3974 driaa,cultores
875 3907 1174 3974 idolorum,
1190 3907 1527 3979 accipientes
1540 3901 1734 3972 M0
1747 3920 1894 3975 aegre
1909 3903 2058 3976 quod

456 3997 792 4054 Christianis
807 3996 1100 4068 privilegia
1111 3995 1418 4062 tribuisset,
1439 3995 1728 4050 venientes
1749 3994 1820 4048 ad
1843 4009 2051 4064 regem,

455 4086 719 4142 dixerunt
744 4091 956 4141 statum
972 4084 1288 4156 reipublicae
1308 4083 1704 4140 conturbatum
1721 4099 1756 4137 a
1773 4081 2051 4154 Philippo,

459 4176 557 4246 qui
587 4191 718 4230 cum
746 4191 894 4230 nono
923 4190 1072 4228 anno
1113 4174 1171 4228 in
1222 4173 1462 4228 fascibus
1491 4171 2058 4244 irreprehensibiliter

459 4263 957 4330 administraverit,
974 4279 1121 4318 nunc
1139 4263 1355 4318 decimo
1375 4279 1523 4318 anno
1547 4261 1653 4331 (10)
1670 4261 1914 4333 perdidit
1933 4279 2054 4317 om-

457 4355 571 4410 nia.
612 4353 867 4425 Denique
904 4353 1138 4408 deorum
1175 4352 1582 4407 immortalium
1611 4351 1859 4407 deseruit
1886 4368 2056 4407 caere-

458 4443 694 4510 monias,
720 4449 778 4498 et
802 4458 1027 4498 omnem
1047 4441 1332 4498 civitatem
1359 4441 1432 4496 ad
1457 4442 1736 4497 culturam
1765 4442 2056 4513 cujusdam

2135 603 2436 660 cultatibus
2466 605 2651 659 cedas.
2681 624 2706 655 ι)

2207 696 2339 750 Car.
2373 695 2578 750 XVIII.
2601 725 2666 736 —
2693 697 2933 766 Accepta
2965 693 3136 771 igitur
3154 692 3258 748 hac
3281 692 3527 764 Augusti
3549 704 3717 747 aucto

2135 783 2324 850 ritate,
2347 783 2577 838 simulat
2597 783 3007 854 aegritudinem,
3033 799 3323 855 quousque
3339 781 3613 837 universa
3628 782 3740 836 dis-

2135 873 2404 938 traheret,
2441 879 2498 927 et
2525 873 2761 927 donaret
2790 889 2889 943 per
2917 888 3139 926 omnem
3173 870 3516 942 provinciam
3559 871 3741 924 eccle-

2139 961 2238 1014 siis
2269 967 2326 1014 et
2353 961 2712 1033 pauperibus.
2755 963 2880 1032 Ipse
2903 965 3092 1014 autem
3123 959 3415 1031 praefectus
3445 959 3502 1021 in
3532 959 3742 1013 timore

2139 1050 2241 1104 Dei
2266 1055 2324 1104 et
2349 1050 2408 1104 in
2435 1051 2658 1105 cultura
2686 1049 2894 1104 Christi
2925 1049 3096 1104 etiam
3130 1049 3269 1102 alios
3298 1046 3657 1102 confortahat
3685 1047 3742 1101 in

2141 1139 2384 1194 Christo.
2418 1139 2644 1194 Interea
2663 1139 2846 1193 omnis
2866 1137 3205 1194 Alexandria
3231 1137 3520 1210 conspirat
3540 1137 3602 1190 in
3622 1135 3743 1208 epi-

2090 1259 2094 1262 -
2141 1233 2431 1300 scopatum
2463 1230 2584 1299 ejus
2614 1227 2746 1296 (13),
2771 1235 2828 1282 et
2842 1227 3009 1299 cmpit
3037 1243 3169 1282 eum
3198 1225 3515 1298 respublica
3533 1225 3744 1280 habere

2139 1318 2481 1389 praefectum,
2536 1318 2669 1389 quia
2695 1334 2981 1372 successor
3017 1317 3068 1371 ei
3113 1316 3364 1372 nondum
3403 1322 3660 1382 venerat,
3690 1322 3746 1369 et

2139 1407 2374 1462 ecclesia
2417 1405 2623 1462 habere
2675 1407 3017 1478 episcopum,
3057 1405 3191 1478 quia
3221 1405 3422 1460 merito
3448 1405 3582 1460 ﬁdei
3638 1404 3744 1459 sibi

2135 1513 2265 1552 eum
2293 1498 2549 1568 elegerat
2592 1497 2958 1552 sacerdotem.
3012 1495 3245 1551 Duravit
3283 1500 3474 1550 autem
3516 1495 3579 1549 in
3630 1494 3745 1566 epi-

2138 1591 2374 1658 scopatu
2404 1603 2582 1641 unum
2612 1602 2823 1641 annum
2853 1591 2912 1640 et
2941 1601 3162 1640 menses
3182 1591 3314 1640 tres.

2203 1677 2339 1730 CAP.
2373 1676 2517 1732 XIX.
2553 1706 2618 1718 —
2649 1675 2784 1730 Post
2806 1675 2922 1731 haec
2949 1681 3139 1730 autem
3171 1674 3353 1746 spatia
3393 1681 3739 1746 temporum.

2137 1765 2366 1820 veniens
2403 1765 2720 1820 Perennius
2747 1765 3040 1837 praefectus
3065 1762 3195 1833 (14),
3226 1764 3359 1818 dum
3388 1763 3744 1818 Alexandriae

2079 1841 2416 1926 Bquaareret
2435 1859 2729 1925 percutere
2759 1870 2911 1920 eum,
2943 1859 3001 1909 et
3027 1870 3138 1908 non
3159 1858 3364 1926 posset,
3393 1852 3531 1923 quia
3557 1853 3744 1907 omnis

2137 1944 2332 1998 civitas
2362 1944 2420 1999 in
2450 1959 2642 1998 amore
2671 1945 2792 2014 ejus
2823 1943 3082 2008 durabat,
3109 1943 3344 1998 immisit
3360 1942 3412 1996 ei
3435 1942 3534 2013 qui
3555 1959 3622 1996 se
3646 1943 3745 1996 ﬁn-

2137 2039 2338 2103 gerent
2382 2033 2751 2098 Christianos,
2800 2038 2859 2088 et
2904 2032 3302 2104 ingredientes,
3341 2039 3746 2104 percusserunt

2141 2139 2269 2176 eum
2298 2122 2411 2193 (15)
2465 2122 2522 2177 in
2563 2123 2817 2178 oratione
2847 2122 3139 2176 Dominica
3186 2121 3577 2176 constitutum.
3615 2120 3750 2175 Post

2142 2210 2448 2266 traduntur
2463 2227 2820 2282 percussores
2834 2211 3092 2283 praefecto
3115 2209 3412 2266 Perennio.
3429 2210 3531 2265 Ille
3552 2215 3746 2264 autem

2143 2301 2398 2356 conscius
2418 2301 2692 2371 jussionis
2720 2317 2834 2356 sua:
2862 2307 2919 2355 et
2949 2299 3108 2372 quasi
3139 2299 3449 2354 audiendos
3476 2299 3749 2354 custodia:

2143 2390 2504 2462 mancipavit,
2522 2395 2647 2462 post
2661 2407 2866 2462 paucos
2879 2395 3069 2444 autem
3089 2389 3208 2444 dies
3229 2388 3546 2461 principum
3561 2388 3750 2442 indul-

2139 2480 2335 2550 gentia
2357 2479 2636 2534 relaxatos
2657 2479 2891 2534 dimisit.
2918 2479 3285 2534 Beatissimus
3313 2483 3504 2532 autem
3533 2477 3750 2550 Philip-

2140 2585 2245 2640 pus
2276 2575 2401 2640 post
2432 2584 2829 2640 percussuram
2851 2567 3033 2623 tribus
3061 2567 3257 2622 diebus
3281 2567 3342 2622 in
3370 2582 3606 2639 corpore
3629 2583 3752 2622 esse

2138 2659 2445 2730 permissus
2477 2663 2582 2724 est,
2625 2674 2739 2713 non
2777 2657 2849 2712 ad
2876 2657 3047 2724 aliud,
3096 2656 3204 2712 nisi
3251 2657 3321 2711 ad
3375 2655 3546 2711 corda
3572 2655 3752 2711 dubia

2139 2747 2541 2810 conﬁrmanda;
2559 2763 2690 2802 nam
2702 2754 2767 2802 ut
2778 2747 3050 2818 migraret
3062 2745 3132 2802 ad
3145 2746 3466 2812 Dominum,
3483 2745 3748 2818 martyrii

2140 2853 2200 2891 se
2231 2837 2415 2893 noluit
2445 2853 2652 2892 corona
2675 2835 2944 2904 fraudari,
2973 2842 3030 2890 et
3057 2835 3176 2908 ipse
3203 2835 3348 2890 hanc
3375 2841 3440 2890 ut
3465 2834 3750 2906 reciperet

2143 2925 2340 2981 oravit.
2358 2927 2502 2980 Nam
2519 2925 2615 2997 qui
2635 2925 2693 2980 in
2709 2941 2940 2998 corpore
2961 2925 3176 2998 positus
3195 2924 3472 2979 damonis
3488 2923 3750 2994 fugabat,

2143 3020 2201 3069 et
2228 3013 2585 3070 illuminabat
2609 3015 2861 3070 oratione
2891 3031 3080 3081 caecos,
3109 3018 3317 3086 quanto
3345 3012 3527 3083 magis
3556 3029 3617 3066 se
3657 3029 3750 3068 no-

2144 3103 2344 3161 luisset
2371 3104 2560 3176 palma
2588 3104 2832 3176 privari?
2860 3105 3090 3160 Poterat
3114 3103 3310 3176 utique
3349 3101 3496 3174 quod
3525 3100 3751 3157 volebat

2082 3206 2126 3267 C
2145 3191 2450 3264 impetrare
2478 3193 2598 3248 sine
2619 3191 2817 3259 dubio;
2841 3199 2902 3247 et
2917 3192 2998 3248 ita
3023 3191 3236 3264 recepit
3261 3197 3327 3246 ut
3349 3191 3631 3264 particeps
3647 3208 3746 3246 no-

2146 3281 2316 3337 minis
2341 3282 2603 3354 Philippi,
2635 3287 2785 3337 esset
2822 3281 3101 3354 particeps
3128 3287 3186 3336 et
3211 3297 3456 3349 coronae;
3488 3285 3548 3335 et
3573 3281 3751 3335 susci-

2145 3376 2344 3443 perent
2362 3377 2640 3444 martyres
2651 3371 2946 3442 collegam,
2969 3387 3136 3442 quem
3146 3369 3347 3425 merito
3368 3367 3614 3426 Ecclesia
3623 3386 3750 3426 sus-

2143 3466 2370 3533 ceperat
2412 3461 2780 3518 sacerdotem.
2827 3461 2995 3515 Juxta
3036 3459 3183 3515 atria
3210 3459 3400 3531 itaque
3427 3458 3505 3513 ibi
3543 3465 3744 3514 sancta

2143 3550 2396 3620 Eugenia
2437 3549 2555 3605 ﬁlia
2589 3551 2714 3622 ejus
2757 3548 3161 3604 monasterium
3189 3547 3397 3603 Christi
3435 3548 3752 3619 virginibus

2140 3639 2524 3706 collocaverat,
2559 3639 2670 3693 illic
2691 3655 2854 3694 suum
2862 3639 3034 3709 jussit
3053 3637 3311 3692 collocari
3324 3637 3741 3710 corpusculum,

2139 3727 2200 3784 in
2231 3745 2341 3801 quo
2354 3727 2475 3783 loco
2491 3727 2816 3783 beatissima
2838 3727 3073 3783 Claudia
3087 3725 3495 3782 xenodochium
3511 3726 3748 3782 fabrica-

2139 3817 2256 3885 bat,
2279 3823 2334 3874 et
2351 3817 2643 3874 constituit
2667 3817 2879 3890 praedia
2899 3833 3022 3888 qua:
3041 3814 3489 3888 susceptionibus
3499 3817 3748 3888 peregri-

2140 3907 2402 3964 nantium
2423 3907 2790 3975 deservirent;
2807 3907 2930 3978 ipsa
2946 3911 3138 3962 autem
3155 3921 3282 3960 cum
3300 3905 3462 3960 Avito
3474 3905 3746 3976 etSergio

2141 3997 2289 4065 ﬁliis,
2323 4003 2382 4052 et
2411 4014 2540 4052 cum
2572 3996 2739 4052 beata
2769 3996 3019 4067 Eugenia
3071 4011 3328 4066 regressa
3355 4000 3441 4049 est
3481 3995 3744 4050 Romam.

2210 4088 2344 4142 CAP.
2362 4087 2481 4142 XX.
2507 4117 2572 4128 —
2586 4087 2768 4157 Igitur
2785 4087 2930 4140 ﬁlios
2953 4085 3193 4158 Philippi
3207 4101 3338 4140 cum
3355 4084 3512 4140 omni
3532 4085 3744 4155 gaudio

2139 4182 2368 4232 senatus
2391 4175 2601 4248 recepit
2627 4176 3029 4242 Romanorum,
3052 4180 3109 4230 et
3139 4189 3313 4228 unum
3341 4173 3742 4245 proconsulem

2139 4265 2560 4336 Carthaginem,
2602 4265 2778 4320 alium
2803 4264 3073 4320 vicarium
3105 4263 3304 4318 Africa;
3337 4262 3618 4333 dirigunt.
3658 4262 3741 4316 Ad

2138 4355 2365 4412 beatam
2389 4361 2580 4412 autem
2603 4355 2913 4427 Eugeniam
2935 4371 3062 4410 cum
3093 4353 3286 4408 multae
3317 4345 3590 4408 matronae
3611 4367 3742 4406 con-

2137 4445 2412 4512 venirent,
2444 4452 2502 4501 et
2531 4461 2674 4517 pene
2704 4461 2898 4500 omnes
2929 4443 3192 4515 virgines,
3244 4458 3609 4515 quascunque
3647 4458 3744 4513 po-

457 4533 699 4589 hominis
726 4549 893 4605 quem
931 4530 1114 4587 Judaai
1143 4531 1466 4586 occiderunt
1491 4531 1782 4586 convertit.
1818 4531 1942 4586 Non
1971 4527 2355 4602 estDtuisset,
2387 4541 2552 4590 notas
2573 4540 2674 4590 aut
2694 4534 2925 4598 amicas,
2949 4533 3158 4588 faceret
3186 4533 3356 4587 etiam
3383 4531 3609 4587 Christo
3626 4547 3744 4586 cre-

458 4622 676 4694 legibus
697 4623 896 4678 vestris
913 4621 1030 4677 ulla
1048 4621 1380 4676 reverentia.
1397 4621 1612 4676 Passim
1634 4619 1872 4692 quisque
1889 4625 1954 4675 ut
1969 4637 2060 4676 vo-

455 4712 626 4769 luerit
667 4713 880 4784 templa
907 4711 1212 4767 reverenda
1241 4710 1573 4782 ingreditur,
1605 4727 1719 4766 non
1747 4718 1812 4766 ut
1839 4711 2059 4767 colendi

459 4800 900 4857 benevolentiam
933 4800 1263 4873 pmtendat,
1287 4806 1346 4856 et
1369 4817 1482 4856 non
1509 4807 1574 4857 ut
1600 4802 1735 4857 deos
1765 4819 1885 4857 esse
1919 4817 2058 4874 quos

457 4889 693 4947 colimus
720 4890 942 4959 credat;
979 4890 1077 4946 sed
1101 4896 1166 4946 ut
1195 4890 1344 4946 dicat
1371 4891 1623 4947 inﬁnitas
1652 4889 2054 4963 blasphemias,

457 4996 594 5036 saxa
611 4985 711 5036 aut
739 4980 970 5036 metalla
996 4980 1183 5052 potius
1211 4997 1382 5052 quam
1402 4980 1576 5036 divini
1603 4980 1849 5037 nominis
1873 4981 2052 5052 signa.

455 5069 588 5126 Haec
615 5081 670 5126 et
698 5068 910 5125 similia
935 5069 1116 5125 multa
1133 5069 1283 5125 dicta
1312 5075 1447 5125 sunt
1467 5070 1671 5126 Severo
1697 5075 1754 5124 et
1771 5069 2056 5125 Antonino

454 5159 742 5232 Augustis.
777 5159 885 5225 Qui
916 5159 1184 5216 commoti
1210 5159 1339 5229 (11),
1359 5159 1686 5215 direxerunt
1707 5159 1779 5214 ad
1800 5175 1931 5214 eum
1954 5159 2055 5214 hu-

450 5249 764 5321 jusceinodi
791 5250 1056 5306 decreta:
1085 5268 1113 5304 α
1134 5249 1306 5305 Divus
1335 5264 1536 5321 parens
1556 5253 1766 5316 noster,
1799 5249 2055 5304 Commo-

457 5339 562 5396 dus
590 5340 875 5413 quondam
907 5341 1213 5412 Augustus,
1245 5355 1358 5394 non
1385 5345 1451 5394 ut
1487 5338 1830 5411 praefectum,
1863 5338 1961 5394 sed
1991 5343 2056 5394 ut

457 5446 648 5500 regem
671 5429 778 5502 (l2)
802 5436 859 5485 te
875 5429 1226 5486 Alexandriae
1244 5428 1525 5484 ordinavit
1550 5435 1719 5500 atque
1744 5429 2051 5497 constituit,

457 5524 524 5573 ut
548 5518 685 5574 dum
706 5519 766 5574 in
785 5521 901 5574 vita
919 5535 1196 5586 maneres,
1238 5535 1614 5574 successorem
1644 5518 1862 5574 nullum
1886 5518 2057 5574 susci-

457 5623 638 5678 peres.
652 5607 812 5664 Unde
822 5608 912 5664 his
920 5607 1206 5664 beneﬁciis
1217 5609 1340 5680 ejus
1355 5609 1730 5681 superaddere
1745 5609 2050 5682 cupientes,

455 5696 756 5754 statuimus
784 5702 850 5755 ut
875 5697 984 5754 diis
1013 5699 1491 5770 omnipotentibus
1519 5700 1745 5756 solitam
1774 5700 2054 5758 culturam

2139 4625 2294 4694 dere,
2310 4630 2367 4680 et
2381 4625 2442 4679 in
2457 4624 2780 4695 virginitate
2810 4623 3092 4678 dominica
3107 4637 3454 4694 permanere;
3483 4620 3744 4692 quaedam

2141 4731 2207 4768 ex
2228 4714 2380 4785 regio
2411 4713 2801 4785 generevirgo,
2828 4713 3035 4767 Basilla
3055 4711 3304 4774 nomine,
3326 4709 3589 4783 cupiebat
3613 4726 3740 4764 eam

2140 4803 2436 4875 attingere.
2457 4803 2566 4858 Sed
2579 4802 2714 4874 quia
2735 4818 2906 4858 causa
2930 4800 3175 4856 nominis
3187 4799 3492 4856 Christiani
3510 4799 3582 4854 ad
3614 4815 3741 4854 eam

2139 4892 2221 4947 ire
2251 4909 2364 4948 non
2388 4897 2628 4966 poterat,
2672 4889 2908 4962 rogabat
2935 4907 3036 4962 per
3061 4889 3473 4946 internuntium
3493 4888 3738 4953 ﬁdelem,

2138 4986 2203 5037 ut
2213 4999 2336 5037 eam
2357 4982 2426 5038 de
2445 4981 2716 5053 religione
2733 4980 3054 5036 Christiana
3064 4979 3387 5036 instrueret.
3400 4978 3556 5034 Tunc
3575 4977 3743 5032 beata

2139 5071 2393 5142 Eugenia
2437 5075 2707 5126 convocat
2748 5069 2818 5124 ad
2848 5087 2908 5124 se
2951 5068 3304 5125 beatissimos
3346 5068 3578 5124 comites
3607 5083 3741 5122 suos

2137 5161 2372 5216 Protum
2408 5166 2464 5216 et
2510 5159 2908 5234 Hyacinthum,
2953 5165 3011 5215 et
3040 5158 3177 5214 dicit
3204 5158 3284 5214 eis
3318 5175 3333 5214 :
3364 5155 3737 5229 Accingimini

2137 5251 2340 5307 militia
2369 5251 2442 5307 ad
2471 5267 2642 5323 quam
2669 5265 2768 5305 vos
2785 5254 3050 5305 convocat
3063 5247 3318 5304 Christus
3339 5265 3352 5316 ;
3377 5263 3488 5318 quo
3504 5262 3602 5301 vos
3624 5245 3734 5301 Ba-

2135 5341 2272 5396 sillaa
2301 5341 2532 5396 oﬁ‘eram
2553 5339 2658 5397 sub
2669 5339 2853 5412 specie
2869 5337 3140 5405 muneris,
3163 5344 3230 5393 ut
3253 5353 3351 5391 vos
3367 5352 3492 5391 eam
3513 5335 3572 5390 in
3585 5333 3739 5390 Chrio

2137 5436 2222 5485 sto
2246 5430 2463 5486 faciatis
2485 5430 2767 5486 ancillam.
2779 5428 2872 5484 Fit
2882 5429 3073 5500 itaque
3085 5428 3254 5499 hujus
3266 5425 3516 5483 muneris
3531 5424 3734 5496 gratia;

2137 5525 2194 5576 et
2215 5519 2448 5592 suscipit
2475 5519 2684 5575 Basilla
2701 5518 2863 5591 quasi
2881 5517 3140 5585 famulos,
3156 5516 3254 5572 sed
3283 5532 3380 5570 eos
3412 5513 3572 5587 quasi
3601 5529 3735 5585 apo-

2136 5611 2310 5665 stolos
2321 5609 2650 5666 honorabat.
2680 5608 2925 5665 Vacabat
2939 5614 3128 5665 autem
3139 5623 3268 5662 cum
3290 5605 3372 5661 eis
3397 5604 3550 5660 omni
3572 5603 3730 5668 hora;

2137 5706 2194 5756 et
2221 5699 2382 5772 quasi
2409 5700 2694 5758 eunuchos
2719 5699 2946 5757 servitio
2973 5697 3204 5764 habens,
3238 5712 3351 5752 non
3376 5693 3592 5762 diebus,
3620 5709 3731 5748 non
