3868 6408
119 340 217 400 617

819 334 990 391 ἮΤΑ
1028 334 1329 396 SANCTE
1366 334 1725 405 EUGENIE,
1766 336 2096 397 VIRGINIS
2132 339 2228 396 AC
2264 340 2650 400 MARTYRIS.

3262 350 3368 411 618

119 466 354 527 noctibus
385 481 419 520 a
444 463 734 535 colloquiis
780 463 883 518 Dei
913 468 971 517 et
1018 461 1365 518 orationibus
1405 462 1679 518 cessabat.
1700 465 1751 526 A
1766 464 1907 520 tivos
1928 467 2184 534 ﬂores,ut
2203 468 2567 524 marcidiores
2593 475 3016 541 perseverantes
3036 473 3360 532 advectent:

120 559 280 630 Igitur
306 554 591 611 Cornelius
617 570 745 608 cum
773 558 922 608 esset
948 553 1008 607 in
1038 552 1176 607 urbe
1205 553 1385 607 Roma
1409 569 1581 607 sacrae
1606 553 1688 607 le-
1770 556 2124 611 mentiuntur
2136 557 2494 612 securitatem
2515 560 3229 634 transeuntistemporis,ut
3245 582 3370 638 per-

118 648 194 721 gis
217 646 459 711 antistes,
491 643 747 716 pervenit
774 643 845 698 ad
898 659 1022 698 eam
1065 643 1327 709 latenter,
1361 648 1419 697 et
1447 642 1690 715 baptiza-
1770 646 1926 715 petui
1954 646 2744 704 sazculicrueiatibustradant.
2770 650 3010 722 Ideoque
3028 654 3368 713 charissima
3464 720 3471 727 ,

120 738 191 791 vit
208 753 344 791 eam.
377 734 720 789 Confirmata
745 738 936 788 autem
968 732 1135 787 beata
1163 732 1371 787 Basilla
1398 733 1458 787 in
1488 732 1689 788 timore
1772 735 2035 805 virgines,
2058 753 2182 807 quae
2211 753 2432 791 mecum
2460 737 2519 791 in
2548 754 2727 808 agone
2746 739 3083 810 virginitatis
3113 760 3261 799 nunc
3279 762 3369 801 us-

121 826 228 891 Dei,
251 828 577 895 procurante
597 822 980 878 misericordia
1007 822 1236 889 Christi,
1264 839 1405 893 pene
1435 822 1694 878 omnibus

121 913 355 970 noctibus
407 912 617 967 mutuis
669 929 729 966 se
765 911 1100 966 fruebantur
1131 911 1447 983 aspectibus
1488 911 1610 983 ipsa
1637 918 1694 967 et

122 1005 269 1059 beata
288 1001 552 1072 Eugenia.
1112 1064 1124 1073 ⁸

182 1094 309 1147 CAP.
335 1091 480 1146 XXI.
512 1120 574 1131 —
604 1089 881 1145 Omnibus
928 1091 1120 1162 itaque
1146 1090 1327 1145 viduis
1358 1090 1693 1145 Christianis

122 1186 400 1236 conventus
424 1183 547 1235 erat
567 1179 637 1233 ad
658 1178 880 1235 beatam
904 1179 1282 1243 Claudiam,et
1293 1180 1552 1234 omnibus
1580 1180 1693 1233 vir-

122 1270 327 1342 ginibus
336 1274 639 1327 conventus
654 1275 778 1324 erat
794 1270 865 1324 ad
882 1269 1106 1324 beatam
1120 1269 1696 1338 Eugeniam.Sanctus

124 1366 297 1415 autem
337 1359 629 1414 Cornelius
670 1375 817 1430 papa
842 1358 1000 1413 urbis
1030 1359 1241 1425 Romae,
1275 1358 1429 1412 omni
1470 1375 1697 1430 vespere

123 1448 330 1505 Sabbati
358 1465 480 1519 quae
506 1448 739 1503 lucescit
764 1448 823 1502 in
848 1447 1140 1502 Dominico
1168 1447 1276 1513 die,
1301 1448 1473 1502 dabat
1501 1448 1582 1502 eis
1601 1464 1698 1503 no-

123 1544 250 1593 ctem
278 1537 496 1609 hymnis
525 1537 870 1608 pervigilem,
900 1542 957 1592 et
977 1538 1259 1608 pullorum
1278 1537 1574 1592 canoribus
1603 1553 1699 1592 no-

122 1628 213 1681 ctis
240 1626 418 1698 quiete
439 1626 643 1698 agebat
668 1627 791 1697 ejus
821 1632 1176 1681 sacrosancta
1213 1626 1501 1697 mysteria,
1534 1632 1589 1680 et
1618 1627 1700 1680 ita

121 1714 469 1772 conﬁrmabat
491 1732 587 1770 eas
614 1714 864 1770 sabbato.
889 1716 1139 1786 Eugenia
1159 1721 1348 1770 autem
1377 1720 1431 1769 et
1464 1716 1691 1779 Basilla,

1776 820 1883 894 que
1912 825 2252 891 accurristis,
2285 832 2609 897 permanete
2629 827 2688 881 in
2717 845 2909 883 amore
2927 831 3168 901 Domini,
3202 851 3369 906 quem

1774 913 2037 983 coepistis.
2070 915 2317 985 Tempus
2346 915 2518 969 ﬂendi
2548 918 2953 987 temporaliter,
2988 920 3107 975 sine
3146 923 3371 980 fastidio

1775 1006 1833 1055 et
1869 1001 2100 1057 horrore
2136 1004 2384 1071 suﬂ‘erte,
2418 1010 2483 1059 ut
2522 1010 2779 1077 tempora
2803 1009 2996 1078 gaudii
3025 1012 3220 1066 aeterni
3244 1030 3373 1069 cum

1775 1090 1928 1143 omni
1966 1091 2191 1160 possitis
2235 1092 2534 1147 dilectione
2558 1095 2859 1165 suscipere.
2893 1097 3008 1168 Ego
3045 1100 3194 1154 enim
3226 1118 3372 1157 com-

1776 1175 2035 1228 mendavi
2063 1192 2160 1229 vos
2190 1176 2425 1247 Spiritui
2453 1183 2665 1244 sancto,
2688 1185 2745 1233 et
2771 1180 2936 1234 credo
2949 1184 3094 1252 quod
3113 1202 3206 1238 vos
3236 1186 3375 1241 mihi

1776 1261 2027 1332 integras
2040 1281 2240 1320 omnes
2267 1264 2623 1337 illibatasque
2652 1268 3169 1325 constituat.Nolite
3188 1273 3376 1345 itaque

1777 1350 1979 1406 faciem
2042 1370 2227 1408 meam
2285 1371 2352 1408 ex
2402 1354 2509 1409 hoc
2555 1358 2921 1426 corporaliter
2964 1376 3241 1431 quaerere,
3276 1364 3375 1420 sed

1779 1446 1939 1508 gesta
1966 1447 2020 1496 et
2050 1447 2209 1498 actus
2237 1459 2338 1514 per
2367 1443 2630 1514 spiritum
2673 1448 3149 1518 contemplamini.
3195 1452 3263 1506 Et
3291 1453 3379 1508 his

1780 1530 1963 1595 dictis,
1996 1532 2247 1585 osculata
2274 1538 2360 1587 est
2387 1533 2697 1611 universas,
2725 1540 2784 1589 et
2828 1537 3027 1592 ﬂentes
3072 1539 3379 1596 fortissimo

1780 1619 1970 1673 animo
1992 1620 2404 1675 consolabatur.
2434 1622 2760 1678 Dicentibus
2791 1630 2980 1681 autem
3011 1627 3118 1682 sibi
3150 1631 3269 1684 vale
3297 1630 3380 1686 in-

1782 1709 1955 1763 vicem
2004 1709 2211 1764 Basilla
2249 1717 2307 1765 et
2363 1712 2634 1782 Eugenia,
2694 1714 2948 1769 oratione
3001 1718 3149 1772 facta
3204 1719 3380 1776 disce-

122 1809 179 1860 ut
212 1804 525 1871 memoravi,
547 1803 809 1859 omnibus
836 1822 897 1858 se
928 1821 1071 1876 pene
1090 1804 1347 1859 noctibus
1366 1804 1699 1859 fruebantur
1715 1782 1759 1841 Β
1783 1797 1942 1852 dunt.

123 1895 173 1948 in
190 1894 417 1960 Christo,
434 1899 493 1948 et
511 1894 729 1949 alterno
752 1911 812 1949 se
835 1894 1056 1966 eloquio
1084 1893 1498 1949 renovabant.0
1519 1910 1699 1965 quan-

123 1990 199 2037 tas
219 2000 313 2055 per
336 1983 644 2054 Eugeniam
673 1983 918 2054 virgines
947 1984 1204 2039 Salvator
1222 1983 1471 2037 invenit!
1508 1987 1694 2048 34'!

125 2078 344 2144 quantas
364 2072 535 2128 etiam
565 2089 667 2144 per
695 2072 961 2127 Basiliam
992 2073 1249 2128 Christus
1279 2088 1513 2144 sponsas
1557 2071 1698 2126 obti-

125 2162 269 2216 nuit!
328 2169 552 2233 quantai
598 2179 700 2234 per
749 2162 1044 2217 Claudiam
1085 2161 1414 2216 viduitatem
1442 2167 1704 2232 prompta

123 2251 384 2306 voluntate
409 2252 739 2306 servarunt!
774 2252 972 2322 quanti
997 2252 1234 2322 juvenes
1264 2268 1364 2322 per
1383 2252 1616 2305 Protum
1646 2255 1705 2305 et

124 2340 480 2413 Hyacinthum
501 2340 723 2395 Christo
744 2340 983 2395 Domino
1013 2341 1368 2395 crediderunt
1396 2341 1407 2393 l

184 2430 304 2484 CAP.
329 2431 583 2486 XXII.—
606 2430 903 2485 Valeriano
936 2430 1125 2500 iterpw
1161 2436 1207 2481 ίι⁴
1246 2430 1499 2484 Gallieno
1524 2429 1702 2500 impe-

123 2517 372 2582 rantibus,
396 2524 525 2574 orta
547 2519 748 2574 seditio
769 2520 837 2573 de
859 2518 1192 2573 Christianis
1222 2525 1325 2583 est,
1343 2536 1409 2572 eo
1431 2519 1578 2589 quod
1601 2519 1707 2590 Cy-

122 2608 334 2677 prianus
344 2608 743 2680 Carthaginem
758 2613 1115 2673 everteret,et
1134 2609 1425 2662 Cornelius
1442 2608 1701 2664 Romam.

122 2696 250 2751 Data
276 2703 358 2751 est
385 2715 521 2769 ergo
550 2698 853 2752 auctoritas
874 2697 944 2752 ad
961 2699 1267 2753 Paternum
1289 2698 1699 2769 proconsulem,

123 2791 179 2839 nt
217 2788 554 2859 Cyprianum
601 2787 896 2841 occideret.
934 2788 1226 2842 Cornelius
1266 2794 1455 2841 autem
1487 2787 1619 2858 quia
1665 2804 1700 2841 a

124 2875 296 2930 multis
324 2876 594 2932 Romanis
624 2877 796 2932 etiam
825 2876 1138 2931 illustribus
1167 2877 1475 2941 fovebatur,
1495 2883 1618 2930 erat
1640 2876 1697 2930 in

123 2963 320 3021 abditis.
352 2967 511 3021 Tunc
530 2964 697 3020 beata
731 2966 985 3037 Eugenia
1011 2966 1206 3021 videns
1255 2966 1540 3032 Basiliam,
1575 2965 1657 3019 ait
1687 2985 1699 3019 :

121 3052 422 3110 Revelatum
453 3060 544 3110 est
567 3055 705 3109 mihi
744 3071 778 3110 a
807 3056 1045 3110 Domino
1077 3055 1226 3127 quod
1259 3072 1358 3126 pro
1388 3055 1708 3124 virginitate

1854 1889 1991 1942 CAP.
2034 1889 2231 1946 XXIV.
2278 1918 2336 1931 --
2371 1890 2509 1946 Ect-e
2538 1893 2734 1947 eodem
2762 1893 2854 1948 die
2887 1896 3132 1965 perrexit
3174 1914 3287 1952 una
3316 1915 3384 1954 ex

1779 1977 1995 2032 ancillis
2014 1978 2085 2031 ad
2104 1978 2431 2050 Pompeium
2453 1997 2721 2050 sponsum
2740 1983 2977 2050 Basillae,
3010 2002 3133 2055 quae
3151 1992 3207 2041 et
3221 1987 3380 2042 dixit:

1784 2065 1927 2129 Quia
1957 2071 2012 2119 te
2051 2067 2337 2121 dominam
2359 2074 2610 2123 nostram
2634 2071 2901 2127 Basiliam
2918 2074 3176 2129 novimus
3190 2075 3260 2129 ab
3275 2076 3384 2131 im-

1785 2162 2043 2226 peratore
2072 2158 2366 2223 meruisse,
2391 2164 2579 2213 sextus
2614 2165 2669 2214 et
2711 2177 2777 2215 eo
2806 2162 3048 2233 amplius
3079 2170 3167 2219 est
3202 2182 3386 2223 annus

1786 2260 1953 2314 quam
1987 2250 2047 2299 tu
2082 2245 2139 2299 in
2169 2251 2364 2301 tenero
2393 2249 2575 2303 aetatis
2604 2265 2752 2305 anno
2783 2257 2847 2305 ut
2877 2257 3072 2322 postea
3103 2255 3385 2327 acciperes

1786 2333 2088 2398 distulisti;
2124 2336 2221 2390 sed
2276 2338 2588 2407 patruelem
2619 2340 2742 2409 ejus
2779 2340 3057 2397 Helenum
3094 2344 3235 2400 scies
3264 2363 3387 2402 esse

1787 2421 2191 2489 Christianum,
2223 2429 2279 2477 et
2298 2425 2442 2479 hanc
2460 2426 2538 2479 ita
2566 2426 2772 2482 factam
2798 2429 3268 2498 Christianam,ut
3284 2435 3387 2490 tibi

1787 2511 2013 2566 omnino
2042 2528 2154 2566 non
2185 2513 2377 2568 nubat.
2413 2515 2561 2569 Nam
2591 2521 2649 2569 et
2675 2516 2814 2572 duos
2840 2521 3125 2576 eunuchos
3155 2523 3387 2581 Protum

1787 2605 1844 2654 et
1864 2600 2241 2671 Hyacinthum
2263 2603 2543 2658 simulavit
2564 2621 2624 2659 se
2650 2605 2731 2659 illi
2757 2607 2965 2663 donum
2997 2611 3196 2666 olferre
3217 2614 3392 2685 Euge-

1786 2694 1899 2759 nia,
1923 2712 2062 2766 quos
2092 2696 2190 2750 illa
2210 2697 2374 2768 quasi
2406 2698 2666 2754 dominos
2704 2701 2925 2769 excolit,
2950 2708 3007 2757 et
3027 2705 3275 2775 quotidie
3296 2724 3389 2778 pe.

1782 2784 1880 2837 des
1903 2801 2097 2839 eorum
2114 2802 2178 2838 ac
2195 2787 2243 2839 si
2268 2786 2502 2842 deorum
2524 2788 2929 2846 immortalium
2949 2794 3392 2868 osculatur,quia

1789 2873 1895 2943 ipsi
1927 2879 2185 2929 auctores
2214 2881 2348 2930 sunt
2394 2877 2534 2931 artis
2585 2879 2835 2949 magicae,
2869 2897 3040 2951 quam
3082 2884 3390 2939 Christiani

1789 2964 2167 3017 committunt.
2198 2965 2299 3019 His
2330 2966 2556 3033 auditis,
2590 2967 2892 3039 Pompeius
2917 2971 3109 3026 statim
3147 2974 3395 3029 cucurrit

1793 3052 1863 3106 ad
1884 3053 2156 3106 Helenum
2174 3055 2486 3124 patruelem
2500 3057 2650 3125 ejus;
2676 3057 2772 3127 qui
2794 3063 2852 3113 et
2867 3059 3111 3115 nutritor
3127 3063 3248 3132 ejus
3271 3069 3395 3119 erat

125 3158 340 3213 passura
366 3146 465 3200 sis.
495 3145 564 3200 Et
602 3144 807 3200 Basilla
826 3145 898 3199 ad
928 3145 1241 3216 Eugeniam
1274 3145 1564 3216 respondit
1597 3163 1608 3197 :
1636 3145 1704 3199 Et
1723 3136 1764 3198 C
1787 3146 1845 3195 et
1872 3146 2044 3208 tutor,
2067 3148 2124 3195 et
2139 3142 2276 3197 dicit
2292 3143 2343 3197 ei
2377 3162 2388 3197 :
2416 3145 2573 3198 Intra
2597 3145 2701 3199 hoc
2729 3146 2982 3203 triduum
3002 3150 3227 3221 nuptias
3243 3169 3397 3207 meas

122 3232 263 3300 mihi,
308 3234 510 3306 inquit,
567 3234 832 3306 dignatus
881 3241 967 3289 est
1004 3235 1276 3289 Dominus
1320 3235 1711 3289 demonstrare

123 3322 255 3392 quod
307 3324 566 3396 martyrii
618 3340 885 3379 coronam
931 3324 1211 3395 deplicem
1264 3324 1487 3395 capias:
1538 3340 1710 3378 unam

124 3426 278 3481 quam
304 3413 451 3484 apud
482 3413 878 3468 Alexandriam
902 3431 1003 3485 pro
1019 3414 1189 3483 justis
1208 3412 1494 3468 laboribus
1523 3412 1712 3484 acqui-

123 3499 267 3569 sisti;
300 3506 354 3556 et
383 3503 578 3569 aliam,
616 3519 788 3573 quam
841 3504 900 3557 in
962 3503 1234 3557 effusione
1288 3502 1370 3556 tui
1420 3502 1712 3573 sanguinis

124 3596 473 3647 consecutura
523 3609 603 3646 es.
663 3593 821 3647 Tunc
878 3591 1044 3646 beata
1089 3592 1335 3662 Eugenia
1389 3592 1711 3663 cxpandens

126 3693 310 3735 manus
338 3698 491 3747 suas,
526 3681 665 3736 dixit
695 3700 706 3735 :
740 3680 979 3737 Domine
1007 3682 1162 3747 Jesu,
1195 3681 1467 3735 Altissimi
1516 3680 1706 3747 Filius,

126 3767 213 3837 qui
254 3768 323 3823 ad
350 3770 595 3825 salutem
642 3775 896 3825 nostram
944 3770 1145 3825 venisti
1193 3787 1293 3841 per
1330 3769 1710 3839 virginitatem

128 3856 329 3923 matris,
373 3864 438 3914 tu
484 3875 589 3931 per
623 3858 963 3931 virginitatis
1004 3858 1297 3930 przemium
1348 3874 1543 3913 omnes
1573 3875 1712 3930 quas

127 3944 254 4000 mihi
281 3947 575 4003 credidisti
603 3948 813 4020 perduc
842 3949 913 4003 ad
941 3965 1181 4019 regnum
1208 3947 1402 4019 gloriae
1432 3953 1558 4002 tuae.

193 4035 316 4091 CAP.
338 4037 546 4093 XXIII.
576 4067 642 4080 -
682 4036 1077 4093 Residentibus
1106 4042 1294 4092 autem
1325 4036 1531 4092 sanctis
1550 4036 1717 4107 virgi-

129 4121 280 4180 nibus
315 4126 546 4194 Christi,
578 4143 700 4198 quze
744 4132 910 4182 erant
949 4144 1079 4182 cum
1125 4126 1377 4197 Eugenia
1403 4132 1460 4181 et
1488 4125 1712 4192 Basilla,

130 4211 258 4268 dixit
288 4216 551 4272 omnibus
572 4215 739 4271 beata
765 4216 1018 4288 Eugenia
1051 4234 1063 4269 :
1095 4216 1233 4271 Ecce
1254 4215 1545 4271 vindemiae
1574 4221 1714 4271 tem-

130 4316 225 4371 pus
249 4309 351 4371 est,
393 4305 455 4360 in
492 4321 603 4377 quo
638 4305 1003 4361 succiduntur
1034 4304 1198 4369 botri,
1234 4310 1292 4359 et
1319 4304 1554 4376 pedibus
1579 4320 1711 4359 con-

129 4387 425 4461 culcantur,
486 4394 583 4449 sed
634 4398 763 4465 post
799 4394 919 4449 haec
962 4394 1246 4465 regalibus
1301 4394 1563 4448 conviviis
1609 4410 1713 4465 ap-

1794 3230 2077 3284 celebrare
2105 3231 2378 3302 disposui,
2412 3249 2514 3303 pro
2545 3250 2655 3304 qua
2684 3250 2744 3288 re
2783 3235 2871 3290 fac
2896 3253 2987 3291 me
3017 3238 3203 3293 videre
3229 3258 3396 3313 spon-

1793 3336 1913 3373 sam
1944 3336 2147 3385 meam,
2183 3337 2354 3391 quam
2382 3321 2520 3375 mihi
2545 3321 2758 3377 domini
2803 3339 2995 3380 rerum
3045 3326 3395 3386 invictissimi

1794 3409 2074 3482 principes
2104 3410 2227 3464 ﬁeri
2252 3411 2549 3481 conjugem
2579 3420 2982 3484 praeceperunt.
2998 3416 3117 3484 Ille,
3133 3418 3221 3473 his
3240 3420 3398 3475 audi-

1794 3498 1886 3565 tis,
1902 3499 2130 3569 agnovit
2156 3498 2441 3569 proditum
2465 3500 2771 3570 negotium.
2790 3501 2872 3557 ait
2890 3503 2961 3558 ad
2982 3521 3114 3560 eum
3146 3525 3157 3560 :
3184 3507 3399 3573 Quous-

1796 3605 1904 3659 que
1932 3588 2065 3642 anni
2097 3587 2405 3642 transirent
2432 3589 2682 3645 infantia
2706 3592 2849 3661 ejus,
2885 3609 3072 3650 meam
3096 3596 3243 3652 circa
3270 3615 3396 3655 eam

1792 3678 2029 3732 tutelam
2058 3694 2159 3748 pro
2189 3677 2564 3746 germanitate
2592 3680 2767 3750 patris
2794 3682 2934 3752 ejus,
2955 3690 3013 3738 et
3038 3702 3140 3757 pro
3160 3687 3281 3758 ipso
3297 3704 3399 3744 nu-

1793 3767 2061 3840 trimento
2090 3767 2310 3821 exercui
2342 3786 2355 3835 ;
2390 3783 2540 3822 nunc
2560 3785 2690 3824 vero
2710 3771 2843 3841 quia
2862 3774 3032 3844 erepit
3055 3774 3143 3829 sui
3169 3794 3290 3832 esse
3308 3794 3398 3833 ar-

1794 3856 1965 3922 bitrii,
1990 3856 2050 3910 in
2075 3872 2178 3910 sua
2189 3856 2307 3910 vult
2329 3873 2449 3911 esse
2470 3863 2766 3928 potestate.
2786 3860 2945 3915 Unde
2962 3880 3010 3917 Si
3032 3863 3184 3920 illam
3208 3867 3396 3924 videre

1796 3946 2099 4009 desideras,
2133 3946 2255 4016 ejus
2291 3947 2403 4000 erit
2429 3946 2666 4015 arbitrii,
2698 3965 2812 4004 non
2832 3951 2943 4006 mei
2970 3952 3212 4025 imperii.

1870 4037 2001 4090 Car.
2033 4036 2202 4090 XXV.
2236 4060 2297 4072 -
2324 4036 2574 4091 Audiens
2604 4038 2724 4093 haec
2751 4039 3071 4113 Pompeius,
3103 4046 3397 4104 vehemen-

1800 4126 1910 4180 tius
1940 4124 2108 4196 cmpit
2136 4124 2364 4192 ardere;
2398 4129 2454 4179 et
2480 4142 2720 4197 pergens
2739 4129 2808 4183 ad
2828 4130 3046 4187 Basillae
3075 4134 3398 4205 domum,ut

1795 4215 2155 4269 nuntiaretur
2176 4213 2517 4284 janitoribus
2545 4216 2880 4288 imperabat.
2934 4223 3035 4277 Cui
3064 4223 3173 4279 ista
3203 4233 3335 4282 sunt
3362 4246 3396 4284 a

1795 4303 2308 4360 Basillamandata:
2329 4305 2569 4359 Causam
2600 4312 2657 4360 te
2684 4307 2910 4364 videndi
2931 4312 3155 4382 penitus
3181 4318 3395 4374 nullam

1795 4411 1886 4447 me
1910 4392 2119 4448 habere
2146 4410 2467 4464 cognoscas,
2509 4411 2693 4467 neque
2720 4398 3003 4463 audiendi,
3028 4419 3211 4473 neque
3240 4406 3411 4462 salu?

127 4489 423 4548 ponuntur.
458 4484 685 4556 Absque
714 4501 908 4539 eorum
957 4484 1233 4555 sanguine
1275 4485 1431 4539 nulla
1471 4474 1781 4556 potestasD
1800 4484 1978 4537 tandi.
2004 4482 2104 4537 IIis
2129 4482 2621 4549 auditis,turbatus
2636 4491 2721 4540 est
2742 4488 3144 4559 vehementius;
3163 4501 3219 4548 et
3239 4498 3392 4552 omni

128 4565 351 4640 imperii,
405 4573 566 4628 nulla
604 4574 839 4629 illustris
882 4573 1127 4644 dignitas
1155 4574 1495 4628 decoratur:
1533 4580 1590 4628 et
1615 4590 1711 4626 vos

128 4657 374 4725 palmites
404 4662 539 4729 mei,
563 4668 619 4717 et
646 4679 900 4718 meorum
930 4663 1203 4717 viseerum
1225 4662 1392 4727 botri,
1423 4668 1600 4716 estote
1621 4677 1715 4732 pa-

128 4746 228 4801 rati
255 4749 314 4804 in
340 4750 603 4806 Domino.
638 4752 946 4822 Virginitas
975 4752 1124 4806 enim
1146 4758 1231 4806 est
1269 4751 1461 4823 prima:
1489 4748 1709 4804 virtutis

124 4830 379 4894 indicium
403 4841 520 4895 Deo
550 4840 1091 4912 proximum,similis
1106 4841 1550 4912 angelis,parens
1563 4838 1706 4904 vitae,

126 4924 295 4981 amica
347 4929 685 4995 sanctitatis,
720 4930 810 4985 via
854 4931 1195 4995 securitatis,
1223 4930 1453 4985 domina
1492 4926 1705 4999 gaudii,

125 5010 225 5068 dux
244 5015 811 5085 virtutis,fomentum
834 5025 892 5075 et
909 5036 1115 5075 corona
1152 5017 1710 5086 fidei,adminiculum

124 5107 175 5154 et
200 5104 511 5162 subsidium
526 5108 834 5163 charitatis.
856 5109 1005 5164 Nihil
1030 5109 1109 5163 ita
1131 5108 1292 5163 nobis
1319 5106 1707 5171 laborandum,

125 5189 256 5248 nihil
281 5194 361 5250 ita
389 5202 480 5251 est
506 5197 853 5264 enitendum,
883 5198 992 5254 nisi
1047 5216 1175 5253 cum
1205 5196 1527 5268 virginitate
1569 5194 1713 5249 viva-

125 5294 258 5349 mus,
292 5290 392 5340 aut
417 5287 568 5357 quod
596 5292 685 5342 est
709 5287 1028 5358 gloriosius,
1056 5306 1158 5359 pro
1186 5287 1510 5359 virginitate
1540 5285 1710 5340 etiam

124 5371 441 5429 moriamur.
459 5375 594 5439 Quae
615 5382 748 5431 sunt
769 5377 938 5448 hujus
966 5378 1162 5433 mundi
1194 5376 1583 5432 blandimenta
1613 5375 1712 5429 fal-

122 5455 411 5532 lacissima,
447 5471 505 5519 et
530 5481 657 5520 cum
685 5466 892 5537 gaudio
921 5468 1220 5540 temporali
1246 5466 1563 5531 veniunt,et
1582 5481 1710 5519 cum

123 5557 380 5623 perpetuo
406 5553 601 5610 dolore
629 5556 925 5614 discedunt
948 5577 960 5611 :
1011 5557 1222 5612 faciunt
1250 5560 1707 5611 momentaneum

122 5637 307 5711 risum,
334 5650 400 5700 ut
416 5650 692 5703 aeternum
722 5648 917 5704 ﬂetum
946 5648 1243 5719 inﬂigant;
1275 5644 1531 5701 tribuunt
1559 5644 1707 5716 fugi-

360 5746 627 5808 PATROL.
676 5747 950 5809 LXXIII.

1792 4590 1934 4643 pene
1953 4577 2279 4626 senatorum
2299 4572 2485 4626 favore
2520 4590 2671 4639 usus,
2694 4578 3065 4645 prostravitse
3080 4598 3268 4638 coram
3288 4585 3391 4641 im-

1795 4668 2072 4732 peratore,
2105 4660 2294 4714 dicens
2320 4680 2331 4713 :
2363 4659 2664 4715 Subvenite
2696 4664 2964 4720 Romanis
2984 4670 3391 4737 vestris,sacra—

1796 4750 1999 4804 tissimi
2030 4749 2326 4820 principes,
2343 4755 2401 4804 et
2422 4750 2555 4805 deos
2579 4767 2746 4806 novos
2766 4769 2904 4824 quos
2933 4756 3184 4828 Eugenia
3203 4780 3393 4821 secum

1791 4838 2023 4893 adduxit
2050 4837 2119 4891 ab
2170 4838 2409 4909 IEgypto
2439 4839 2683 4906 veniens,
2714 4840 2783 4895 ab
2809 4842 2911 4898 hac
2940 4847 3077 4901 urbe
3109 4859 3387 4922 separate.

1792 4927 1899 4982 Diu
1929 4931 2015 4981 est
2041 4926 2193 4981 enim
2223 4927 2368 4997 quod
2392 4927 2448 4981 hi
2471 4927 2566 4999 qui
2596 4930 2901 4988 Christiani
2921 4935 3187 4995 dicuntur
3207 4944 3389 5016 reipu-

1793 5016 1947 5071 blicze
1976 5022 2211 5070 nocent:
2245 5017 2343 5086 qui
2366 5016 2605 5072 irrident
2632 5019 2819 5091 legum
2850 5034 3171 5084 nostrarum
3198 5051 3386 5090 sacro-

1793 5112 1985 5162 sancta
2007 5105 2354 5171 caeremonia,
2387 5112 2444 5160 et
2467 5108 2877 5181 omnipotentes
2907 5114 3040 5170 deos
3061 5127 3299 5189 nostros,
3321 5141 3387 5180 ac

1793 5195 1841 5250 si
1886 5212 2029 5250 vana
2071 5194 2388 5260 simulacra,
2422 5194 2754 5267 despiciunt.
2788 5201 2925 5257 Jura
2950 5222 3171 5276 quoque
3208 5210 3385 5281 ipsius

1792 5291 2011 5340 naturae
2048 5288 2395 5356 pervertunt,
2452 5294 2719 5356 separant
2762 5292 3105 5362 conjugium,
3141 5299 3387 5366 gratiam

1792 5391 2124 5447 sponsarum
2145 5373 2252 5428 sibi
2272 5373 2583 5428 associant:
2614 5382 2672 5430 et
2695 5377 2888 5433 dicunt
2905 5379 3161 5452 iniquum
3185 5391 3388 5455 esse,si

1793 5481 2058 5537 sponsum
2077 5480 2240 5518 suum
2262 5463 2731 5536 sponsaaccipiat.
2766 5467 2907 5531 Quid
2931 5469 3215 5541 faciemus,
3248 5479 3386 5548 piis-

1792 5553 1919 5608 simi
1949 5554 2317 5626 imperatores
2335 5553 2360 5606 ?
2378 5554 2593 5609 Inventi
2616 5558 2803 5621 348
2824 5565 2957 5611 sunt
2980 5560 3056 5615 dii
3080 5565 3175 5633 qui
3200 5566 3385 5624 homi-

1788 5660 1885 5699 nes
1915 5643 2264 5716 prohibeant,
2297 5648 2354 5697 et
2368 5642 2570 5715 quibus
2597 5643 2707 5699 ista
2740 5645 3023 5716 videbunt,
3055 5651 3101 5705 si
3130 5657 3251 5711 nati
3273 5675 3387 5717 non

3072 5754 3150 5814 20
