3868 6378
530 320 637 383 619

1540 317 1635 375 DE
1670 316 1861 375 VITIS
1899 310 2196 374 PATRUM
2233 310 2447 372 LIBER
2483 314 2773 373 PRIMUS.

3703 324 3818 383 6‘20

526 450 738 507 fuerint
765 447 967 521 quibus
993 445 1175 501 valeat
1215 445 1528 518 imperari?
1555 447 1663 505 Ubi
1707 448 1989 521 reparatio
2018 447 2126 501 Ro-
2143 440 2349 514 Anihil
2372 441 2525 496 aliud
2553 443 2908 510 remanserit,
2944 445 3052 499 nisi
3076 445 3199 501 'sola
3224 462 3342 513 ara,
3380 466 3507 522 quae
3538 449 3647 509 fuit
3677 461 3816 511 ante

525 553 821 595 manarum
863 534 1111 591 virium?
1138 533 1235 589 ubi
1272 535 1512 592 Romani
1558 538 1835 593 exercitus
1880 534 2128 591 rediviva

521 625 874 683 certamina?
901 625 1009 680 Pro
1040 622 1242 696 quibus
1269 624 1523 681 victrices
1544 627 1751 681 dextrae
1765 631 1961 681 vestrae
1989 624 2123 679 hos-

518 716 662 771 tium
699 714 939 771 cervices
979 712 1354 780 inclinabunt,
1401 713 1447 768 si
1469 715 1591 785 jam
1618 730 1818 769 uxores
1850 712 2119 767 habenda:

514 822 628 861 non
658 809 842 872 erunt,
875 804 922 859 si
950 820 1185 877 sponsas
1206 803 1540 870 amittimus,
1570 810 1628 859 et
1652 803 1937 859 tacemus?

584 894 717 952 CAP.
742 894 940 950 XXVI.
958 922 1015 935 —
1051 894 1182 948 Haec
1202 898 1259 947 et
1272 893 1360 947 his
1379 892 1585 947 similia
1599 894 1733 948 dum
1754 906 2118 965 prosequere—

509 989 623 1051 tur,
649 989 708 1039 et
736 983 919 1039 omnis
939 986 1168 1037 senatus
1198 998 1266 1037 ea
1284 981 1457 1037 ﬂebili
1480 983 1712 1053 querela
1739 982 2113 1053 depromeret,

510 1073 757 1130 decrevit
798 1072 1086 1128 Gallienus
1122 1073 1410 1142 Augustus
1444 1070 1572 1140 (16),
1612 1076 1679 1125 ut
1704 1076 1805 1126 aut
1841 1085 2111 1142 sponsum

508 1178 678 1219 suum
705 1162 915 1218 Basilla
941 1161 1237 1233 acciperet,
1270 1166 1370 1215 aut
1394 1161 1581 1230 gladio
1610 1161 1896 1224 interiret;
1926 1161 2109 1229 Euge-

507 1251 663 1307 niam
679 1267 811 1307 vero
821 1256 921 1306 aut
939 1250 1250 1306 sacriﬁcare
1278 1250 1511 1316 diis,aut
1526 1250 1827 1305 crudeliter
1854 1248 2106 1314 interire;

508 1346 566 1396 et
585 1340 742 1397 dedit
763 1340 1050 1396 licentiam
1072 1346 1139 1395 ut
1165 1340 1503 1411 quicumque
1527 1339 1909 1395 Christianum
1936 1354 2108 1409 penes

507 1447 567 1487 se
606 1428 975 1488 absconderet
1021 1429 1339 1502 puniretur.
1391 1429 1735 1484 Convenitur
1787 1428 2014 1495 Basilla,
2045 1432 2110 1482 ut

507 1536 781 1592 sponsum
802 1518 1210 1591 recipiat.Dicit
1232 1534 1294 1573 se
1323 1518 1423 1573 illa
1442 1519 1653 1590 Regem
1682 1534 1879 1589 regum
1900 1516 2107 1571 habere

504 1625 795 1681 sponsum,
828 1608 923 1680 qui
958 1613 1043 1664 est
1088 1608 1344 1663 Christus
1369 1608 1545 1664 Filius
1576 1608 1697 1663 Dei.
1732 1609 1801 1662 Et
1827 1623 1955 1663 cum
1988 1608 2104 1661 haec

502 1698 754 1766 dixisset,
783 1698 972 1769 gladio
1004 1696 1314 1753 transfossa
1342 1702 1447 1753 est.
1481 1698 1645 1752 Tenti
1671 1698 1864 1752 statim
1896 1698 2100 1752 Protus

2204 529 2439 599 januam
2468 531 2683 603 templi,
2709 532 2779 587 ad
2797 548 2966 604 quam
2990 533 3180 590 stabat
3204 535 3370 593 beata
3396 539 3813 612 Eugeniallxec

2205 617 2265 673 in
2289 618 2475 675 insula
2504 622 2786 693 Lycaonia
2832 630 2994 694 gesta
3030 629 3164 679 sunt
3192 643 3379 682 coram
3419 630 3683 688 omnibus
3712 635 3813 706 qui

2202 709 2582 780 sequebantur
2605 728 2845 783 agonem
2863 712 3145 785 Eugeniae.
3166 715 3256 770 Fit
3282 733 3588 775 concursus
3612 724 3813 796 populi

2201 796 2459 868 Romani,
2492 807 2550 856 et
2597 802 2754 856 varia
2793 803 3141 858 acclamatio.
3167 805 3277 859 Alii
3315 805 3515 862 dicunt
3538 810 3813 867 innocen-

2200 894 2337 956 tem,
2368 891 2463 945 alii
2491 908 2736 964 magam.
2764 892 3114 947 Nuntiantur
3151 894 3261 947 ista
3288 895 3568 966 praefecto,
3600 900 3808 970 praefeo

2200 984 2322 1034 ctus
2374 980 2703 1052 imperatori
2734 982 3070 1037 manifestat.
3106 984 3423 1054 Imperator
3461 1003 3589 1042 eam
3631 989 3803 1059 jubet

2198 1068 2362 1138 ligari
2408 1087 2559 1139 saxo,
2600 1077 2658 1126 et
2685 1072 3021 1143 praecipitari
3048 1072 3107 1125 in
3130 1072 3412 1142 Tiberim;
3466 1076 3563 1130 sed
3596 1078 3797 1133 statim

2193 1174 2390 1213 saxum
2419 1160 2739 1232 disruptum
2768 1168 2869 1216 est.
2906 1161 3081 1215 Beata
3126 1179 3255 1217 vero
3284 1164 3539 1233 Eugenia
3576 1166 3659 1221 ita
3704 1185 3797 1223 se-

2192 1246 2349 1314 dens,
2380 1264 2549 1320 super
2589 1250 2799 1304 ﬂuviali
2856 1266 3002 1321 aqua
3032 1249 3386 1318 eﬂ'erebatur,
3435 1258 3502 1308 ut
3529 1255 3797 1312 omnibus

2191 1336 2525 1392 Christianis
2557 1345 2857 1409 appareret
2886 1339 3048 1393 illum
3069 1339 3238 1394 fuisse
3265 1358 3398 1396 cum
3437 1342 3696 1413 Eugenia
3736 1346 3795 1400 in

2189 1426 2441 1494 ﬂumine,
2465 1444 2536 1482 ne
2566 1426 2963 1484 absorberetur
2996 1430 3093 1500 qui
3130 1428 3315 1485 fuerat
3355 1447 3486 1487 cum
3533 1432 3705 1490 Petro
3736 1437 3793 1490 in

2187 1516 2351 1584 mari,
2384 1533 2455 1571 ne
2485 1525 2859 1588 mergeretur.

2258 1607 2389 1659 CAP.
2418 1607 2618 1667 XXIX.
2653 1638 2719 1655 -
2746 1610 2889 1664 Item
2917 1608 3048 1663 inde
3076 1608 3315 1677 sublata,
3346 1610 3405 1664 in
3433 1611 3790 1669 thermarum

2186 1694 2614 1751 Severianarum
2653 1696 2971 1752 fornacibus
2994 1698 3243 1752 mittitur
3274 1718 3285 1752 :
3323 1716 3447 1770 quae
3482 1702 3563 1755 sic
3592 1704 3788 1759 statim

501 1793 560 1844 et
588 1786 956 1860 Hyacinthus,
987 1786 1293 1842 trahuntur
1320 1787 1392 1841 ad
1420 1787 1695 1858 templum
1724 1807 1739 1858 ;
1762 1787 1861 1841 sed
1893 1787 2104 1841 oratio-
2123 1776 2171 1837 Β
2190 1784 2473 1840 exstinctae
2502 1791 2651 1853 sunt,
2684 1793 2750 1841 ut
2798 1787 3151 1841 thermarum
3179 1788 3333 1843 calor
3369 1789 3783 1861 refrigesceret,

498 1893 631 1933 nem
654 1876 766 1933 illis
794 1875 1142 1942 facientibus,
1164 1876 1530 1931 simulacrum
1557 1877 1586 1932 J
1592 1876 1707 1931 ovis
1726 1876 1797 1931 ad
1824 1876 1972 1948 quod
1999 1876 2098 1930 du-

495 1964 767 2022 cebantur
792 1966 1128 2033 sacriﬁcare,
1161 1965 1362 2021 cecidit
1388 1966 1461 2021 ad
1482 1965 1652 2037 pedes
1672 1982 1867 2022 eorum
1889 1985 1905 2037 ;
1936 1971 1993 2020 et
2017 1966 2098 2020 ita

495 2056 907 2111 comminutum
938 2060 1042 2123 est,
1073 2059 1140 2111 ut
1167 2054 1264 2110 ubi
1305 2054 1494 2122 fuerit,
1535 2071 1649 2110 non
1696 2059 1938 2127 pareret.
1970 2055 2096 2110 Non

490 2144 688 2200 virtuti
715 2144 935 2211 divinae,
961 2143 1058 2199 sed
1087 2144 1317 2215 magicae
1345 2143 1455 2199 arti
1478 2143 1584 2199 hoc
1602 2144 1905 2217 imputans,
1934 2141 2098 2214 jubet

490 2250 585 2290 eos
605 2232 872 2291 decollari
898 2234 1147 2289 Nicetius
1170 2232 1325 2288 urbis
1354 2232 1663 2306 praefectus.

558 2323 920 2380 CAP.XXVII.
949 2351 1009 2363 -
1034 2322 1142 2388 Qui
1166 2322 1337 2377 etiam
1367 2324 1694 2378 accersitam
1723 2323 1795 2378 ad
1824 2340 1883 2379 se
1909 2323 2093 2393 Euge-

483 2413 638 2469 niam
661 2412 831 2486 cmpit
848 2412 917 2468 de
938 2412 1173 2483 magicis
1192 2412 1409 2467 artibus
1425 2411 1494 2467 ab
1518 2429 1585 2467 ea
1604 2412 1863 2485 ﬂagitare
1883 2428 2093 2467 sermo-

482 2518 641 2560 nem.
686 2503 761 2558 At
785 2502 885 2558 illa
911 2507 1235 2557 constanter
1267 2519 1329 2558 os
1381 2519 1548 2557 suum
1578 2502 1857 2574 aperiens,
1898 2501 2040 2556 dixit
2071 2521 2087 2557 :

481 2591 759 2648 Polliceor
769 2590 873 2646 tibi
896 2590 1043 2663 quod
1056 2608 1148 2646 ars
1166 2596 1361 2646 nostra
1374 2591 1761 2646 vehementior
1772 2591 1955 2661 magis
1972 2596 2074 2646 est:

481 2694 616 2735 nam
634 2680 905 2750 magister
922 2685 1116 2735 noster
1129 2679 1297 2735 habet
1322 2680 1548 2736 Patrem
1579 2680 1700 2735 sine
1730 2680 1847 2735 ulla
1873 2686 2075 2747 matre,

478 2774 537 2824 et
564 2774 804 2824 matrem
832 2767 1043 2840 absque
1070 2774 1248 2841 patre.
1309 2769 1562 2841 Denique
1600 2770 1679 2824 sic
1712 2786 1839 2824 eum
1882 2770 2079 2841 genuit

476 2857 664 2924 Pater,
693 2868 759 2913 ut
772 2856 1000 2913 omnino
1021 2857 1289 2912 feminam
1304 2874 1595 2930 nunquam
1625 2860 1811 2925 sciret;
1846 2860 1924 2913 sic
1946 2876 2075 2913 eum

471 2950 672 3019 genuit
696 2952 895 3014 mater,
910 2953 975 3002 ut
993 2947 1305 3002 masculum
1332 2948 1560 3003 omnino
1588 2964 1702 3003 non
1732 2954 1955 3003 nosset:
1984 2949 2075 3003 hic

471 3038 591 3110 ipse
616 3036 786 3093 habet
812 3053 1042 3093 uxorem
1071 3037 1364 3107 virginem,
1391 3055 1513 3109 quae
1539 3037 1621 3092 illi
1652 3038 1902 3109 quotidie
1928 3038 2072 3092 ﬁlios

2179 1878 2237 1927 et
2258 1875 2449 1929 omnia
2466 1876 2725 1931 incendia
2752 1876 3034 1946 lignorum
3059 1876 3131 1931 ad
3155 1876 3399 1932 nihilum
3428 1880 3782 1938 devenirent.

2180 1962 2271 2017 Sic
2292 1963 2531 2035 denique
2558 1965 2727 2019 chaos
2748 1965 3017 2032 fecerunt,
3032 1971 3098 2020 ut
3121 1967 3360 2022 ulterius
3387 1968 3644 2025 exhiberi
3670 1988 3784 2027 non

2179 2058 2427 2122 possent.
2455 2053 2697 2108 Mittitur
2707 2061 2833 2126 post
2850 2054 2967 2109 haec
2995 2055 3052 2109 in
3065 2054 3378 2110 custodiam
3388 2057 3778 2127 tenebrarum,

2179 2146 2237 2195 et
2259 2158 2362 2212 per
2388 2142 2581 2197 decem
2610 2143 2730 2198 dies
2774 2142 3007 2214 jubetur
3035 2144 3251 2199 nullum
3279 2144 3467 2201 cibum
3495 2149 3776 2222 accipere,

2178 2236 2237 2284 et
2255 2230 2448 2286 lumen
2475 2233 2701 2303 penitus
2728 2249 2841 2288 non
2875 2234 3081 2288 videre.
3101 2233 3186 2289 Ibi
3208 2241 3399 2290 autem
3422 2241 3625 2293 tantus
3644 2257 3780 2311 quo-

2175 2319 2313 2374 tidie
2341 2320 2647 2376 abundavit
2668 2322 2947 2394 splendor,
2964 2328 3029 2377 ut
3055 2323 3190 2378 dum
3220 2324 3588 2395 egrederetur
3610 2326 3779 2384 beata

2175 2409 2446 2481 Eugenia,
2477 2411 2638 2482 quasi
2667 2412 2858 2466 lumen
2908 2412 3138 2483 aliquod
3187 2414 3457 2469 radiaret.
3488 2416 3775 2488 Apparuit

2172 2503 2362 2553 autem
2392 2500 2474 2554 illi
2509 2501 2781 2567 Salvator,
2817 2501 3001 2556 ferens
3043 2503 3103 2556 in
3147 2518 3321 2557 manu
3370 2520 3579 2575 panem
3623 2507 3771 2562 nivei

2166 2589 2424 2643 candoris
2437 2595 2494 2643 et
2522 2590 2811 2645 immensae
2822 2590 3115 2645 suavitatis
3136 2598 3193 2646 et
3213 2593 3429 2663 gratim,
3444 2599 3502 2648 et
3521 2595 3671 2650 dixit
3698 2598 3767 2651 ei:

2165 2678 2435 2747 Eugenia,
2453 2680 2641 2750 accipe
2658 2680 2844 2735 cibum
2863 2680 2933 2734 de
2954 2697 3123 2735 manu
3140 2697 3285 2750 mea;
3305 2699 3407 2753 ego
3429 2699 3555 2738 sum
3581 2685 3774 2740 Salva-

2158 2770 2254 2821 tor
2279 2773 2430 2835 tuus,
2457 2784 2624 2839 quem
2648 2774 2770 2823 tota
2788 2770 2994 2824 mentis
3022 2770 3309 2842 animique
3338 2771 3659 2829 intentione
3681 2774 3772 2830 di-

2158 2856 2359 2922 lexisti,
2390 2863 2448 2911 et
2464 2858 2670 2929 diligis.
2692 2859 2900 2913 Eodem
2916 2859 3006 2914 die
3026 2864 3082 2913 te
3096 2859 3155 2914 in
3176 2861 3329 2915 caelis
3344 2862 3638 2933 recipiam,
3656 2881 3766 2936 quo

2158 2962 2260 3015 ego
2303 2947 2563 3002 descendi
2588 2948 2657 3001 ad
2683 2953 2914 3002 terram.
2948 2949 3017 3004 Et
3054 2949 3173 3004 haec
3198 2949 3407 3017 dicens,
3457 2950 3755 3009 abscessit.

2155 3036 2283 3106 Ipso
2312 3042 2501 3091 autem
2526 3036 2616 3091 die
2640 3037 2856 3091 Natalis
2886 3038 3111 3093 Domini
3129 3038 3334 3094 missus
3346 3044 3432 3094 est
3448 3040 3757 3111 gladiator,

471 3130 643 3194 creat,
677 3125 848 3181 etiam
900 3124 1339 3181 innumerabiles
1369 3126 1421 3180 ei
1450 3126 1595 3181 ﬁlios
1624 3127 1789 3198 parit,
1816 3128 2127 3211 quotidiec
2154 3125 2248 3196 qui
2279 3140 2403 3179 eam
2433 3125 2491 3179 in
2519 3126 2774 3180 custodia
2794 3127 3034 3197 positam
3062 3128 3365 3199 percussit;
3391 3136 3450 3184 et
3468 3128 3759 3188 sublatum

468 3232 629 3271 suam
659 3231 887 3271 carnem
904 3216 1026 3286 ejus
1055 3214 1317 3271 carnibus
1347 3215 1656 3287 conjungit.
1702 3216 1905 3272 Oscula
1944 3219 2067 3288 ejus

466 3306 614 3360 circa
654 3321 781 3361 eam
828 3306 950 3361 sine
991 3304 1408 3360 intermissione
1450 3305 1753 3371 sociantur,
1783 3306 1842 3360 in
1873 3322 2066 3360 amore

464 3411 567 3451 suo
595 3395 832 3451 invicem
857 3395 1087 3455 omnino
1112 3395 1439 3467 perdurant,
1476 3400 1533 3449 et
1550 3399 1711 3449 tanta
1740 3394 2065 3467 integritate

462 3483 796 3552 subsistunt,
817 3489 883 3539 ut
910 3484 1094 3539 omnis
1117 3484 1431 3555 virginitas,
1451 3490 1508 3539 et
1529 3485 1710 3539 omnis
1736 3484 2065 3553 charitas,et

461 3573 646 3629 omnis
673 3572 970 3645 integritas
994 3589 1061 3628 ex
1090 3589 1287 3629 eorum
1315 3573 1577 3645 conjugio
1604 3562 1945 3632 dirimatur:

534 3663 1001 3720 CAP.XXVIII.—
1030 3662 1282 3718 Audiens
1304 3663 1422 3718 haec
1451 3663 1723 3730 Nicetius,
1748 3663 2058 3735 obstupuit;

459 3758 518 3810 et
544 3769 618 3809 ne
645 3754 718 3809 ad
743 3753 1145 3826 imperatorem
1168 3752 1487 3825 perveniret
1503 3752 1651 3825 quod
1676 3769 1802 3808 eam
1823 3752 2065 3808 libenter

457 3843 701 3912 audiret,
728 3842 900 3916 jussit
930 3859 1054 3899 eam
1084 3842 1152 3897 ad
1182 3842 1459 3915 templum
1483 3842 1613 3897 duci
1641 3842 1862 3910 Dianae;
1899 3848 1956 3897 et
1983 3842 2064 3898 ita

456 3933 763 4005 spiculator
788 3932 1113 3994 imminens.
1146 3932 1288 3987 dixit
1312 3932 1391 3985 ei:
1418 3932 1653 3986 Redime
1680 3932 1852 3987 vitam
1881 3938 2060 4001 tuam,

455 4021 861 4093 patrimonium
874 4026 1055 4088 tuum,
1078 4021 1348 4092 Eugenia,
1368 4026 1426 4076 et
1443 4020 1695 4076 sacriﬁca
1709 4021 1825 4077 deae
1847 4022 2059 4077 Dianae.

453 4110 610 4167 Tunc
636 4109 803 4165 beata
836 4110 1088 4181 Eugenia
1115 4110 1436 4182 expandens
1479 4127 1682 4166 manus
1711 4126 1859 4179 suas,
1894 4112 2061 4184 coepit

454 4215 619 4255 orare
642 4216 707 4255 ac
733 4199 950 4254 dicere:
984 4199 1155 4267 Deus,
1188 4198 1285 4271 qui
1314 4199 1497 4255 cordis
1514 4200 1625 4255 mei
1638 4215 1843 4256 arcana
1857 4217 2058 4272 cogno-

452 4288 579 4357 scis,
603 4288 701 4361 qui
728 4288 1111 4360 virginitatem
1140 4305 1325 4343 meam
1352 4288 1631 4345 sinceram
1652 4290 1711 4345 in
1740 4295 1838 4345 tuo
1863 4307 2055 4347 amore

450 4378 706 4447 servasti,
737 4377 833 4451 qui
852 4395 943 4434 me
969 4378 1111 4435 Filio
1139 4383 1238 4435 tuo
1260 4377 1500 4435 Domino
1528 4396 1654 4435 meo
1682 4380 1711 4435 J
1716 4396 1813 4436 esu
1832 4381 2053 4437 Christo

448 4467 663 4525 sociare
683 4467 950 4540 dignatus
978 4484 1058 4539 es,
1092 4468 1188 4541 qui
1218 4468 1491 4541 Spiritum
1519 4474 1776 4525 sanctum
1803 4475 1967 4526 tuum
1993 4471 2053 4526 in

449 4575 541 4615 me
573 4574 812 4631 regnare
838 4558 1036 4626 fecisti,
1064 4559 1257 4614 adesto
1281 4558 1420 4614 mihi
1449 4575 1596 4615 nunc
1623 4560 1681 4615 in
1709 4560 2054 4616 confessione

447 4648 692 4705 nominis
720 4649 897 4717 tui,ut
919 4648 1338 4704 confundantur
1358 4665 1555 4704 omnes
1573 4649 1668 4722 qui
1685 4649 1927 4705 adorant
1948 4651 2053 4705 hoc

446 4737 680 4805 idolum,
711 4743 770 4793 et
794 4738 890 4811 qui
910 4738 1227 4809 gloriantur
1248 4737 1309 4794 in
1340 4738 1654 4794 simulacris
1673 4739 1809 4795 suis.
1825 4740 1895 4794 Et
1916 4740 2052 4795 dum

446 4831 653 4892 oraret,
685 4827 750 4882 ﬁt
776 4832 1129 4883 terraemotus
1151 4827 1211 4883 in
1237 4827 1434 4883 eodem
1474 4828 1594 4883 loco
1619 4848 1632 4896 ;
1666 4834 1723 4884 et
1750 4828 1830 4884 ita
1851 4829 2047 4901 templi

444 4915 622 4988 ipsius
648 4913 1016 4971 fundamenta
1060 4931 1246 4971 mersa
1273 4921 1407 4971 sunt
1434 4933 1563 4973 cum
1610 4918 1733 4989 ipso
1785 4918 1955 4987 idolo,
1982 4923 2047 4974 ut

2150 3221 2235 3269 est
2264 3231 2466 3287 corpus
2496 3214 2567 3271 ab
2596 3215 2858 3271 afﬁnibus
2888 3216 3239 3283 Christianis,
3268 3224 3325 3272 et
3359 3218 3608 3290 positum
3673 3233 3755 3277 est

2148 3320 2260 3359 non
2281 3304 2445 3375 longe
2470 3304 2541 3359 ab
2563 3303 2703 3359 urbe
2729 3306 2819 3359 via
2833 3305 3032 3361 Latina
3050 3307 3109 3360 in
3120 3306 3326 3378 przedio
3353 3309 3478 3379 ejus
3496 3312 3754 3381 proprio,

2146 3392 2244 3447 ubi
2273 3394 2582 3448 multorum
2631 3401 2952 3449 sanctorum
2991 3395 3115 3467 ipsa
3143 3396 3441 3468 sepelierat
3467 3398 3749 3456 membra.

2215 3483 2347 3537 CAP.
2371 3483 2540 3537 XXX.
2583 3512 2631 3523 -
2665 3483 2901 3538 Claudia
2919 3488 3110 3540 autem
3139 3492 3322 3541 mater
3347 3487 3489 3557 ejus,
3523 3504 3660 3544 cum
3682 3492 3749 3545 ad

2144 3572 2268 3643 ejus
2296 3571 2612 3643 sepulcrum
2641 3572 3158 3645 ﬂeret,apparu1tei
3186 3575 3438 3647 vigilanti
3466 3577 3526 3632 in
3556 3579 3749 3635 medio

2144 3661 2323 3715 noctis
2334 3661 2723 3727 silentio,auro
2752 3667 2907 3717 texta
2928 3662 3154 3735 cyclade
3166 3664 3385 3733 induta,
3402 3682 3532 3721 cum
3558 3668 3744 3724 multo

2144 3751 2351 3823 populo
2374 3751 2675 3823 virginum,
2706 3756 2764 3806 et
2789 3752 2930 3806 dixit
2956 3752 3008 3807 ei
3032 3772 3046 3807 :
3081 3752 3277 3809 Gaude
3303 3760 3363 3810 et
3387 3755 3746 3829 leetare,quia

2145 3846 2203 3895 et
2227 3858 2317 3896 me
2339 3842 2653 3896 introduxit
2681 3842 2939 3897 Christus
2966 3842 3025 3898 in
3052 3843 3482 3900 exsultationem
3511 3854 3743 3903 sancto—

2145 3947 2297 3998 rum,
2316 3937 2373 3985 et
2394 3936 2612 4003 patrem
2643 3947 2834 3987 meum
2863 3933 2920 3988 in
2936 3934 3385 4005 patriarcharum
3413 3951 3739 3996 numerum.

2146 4021 2286 4075 Ecce
2317 4021 2406 4075 die
2437 4020 2731 4076 Dominico
2755 4028 2812 4077 et
2838 4027 2896 4076 te
2921 4022 3186 4095 suscipiet
3207 4023 3266 4078 in
3293 4025 3565 4095 gaudium
3597 4043 3741 4083 sem-

2143 4109 2451 4181 piternum.
2519 4110 2872 4166 Commendo
2922 4112 3054 4167 ﬁliis
3099 4112 3214 4168 tuis
3260 4112 3531 4170 fratribus
3602 4117 3740 4173 meis

2139 4200 2422 4256 custodire
2487 4200 2846 4271 signaculum
2896 4201 3094 4270 crucis,
3150 4208 3209 4257 et
3270 4203 3595 4260 efﬁciantur
3644 4223 3739 4262 no-

2141 4290 2245 4346 stri
2272 4290 2595 4362 participes.
2613 4289 2769 4358 Ecce,
2786 4290 3050 4363 loquente
3078 4307 3164 4359 ea,
3195 4292 3343 4348 facta
3366 4299 3454 4349 est
3481 4294 3731 4363 claritas,

2141 4384 2333 4445 349
2357 4396 2527 4451 quam
2577 4380 2772 4435 oculus
2819 4379 2965 4436 ferre
3005 4397 3118 4437 non
3147 4388 3394 4454 poterat;
3444 4389 3505 4438 et
3548 4385 3734 4456 angeli

2137 4473 2515 4536 transeuntes,
2547 4468 2823 4541 hymnum
2842 4469 3103 4525 dicebant
3128 4472 3243 4527 Deo
3261 4472 3732 4530 inenarrabilibus

2140 4558 2382 4614 vocibus.
2416 4559 2535 4614 Hoc
2592 4558 2772 4613 solum
2824 4559 3268 4631 intelligebatur,
3324 4562 3473 4633 quod
3519 4579 3728 4620 nomen

2135 4648 2164 4703 J
2170 4664 2267 4703 esu
2299 4648 2510 4703 Christi
2536 4653 2592 4702 et
2618 4647 2859 4718 Spiritus
2887 4649 3065 4703 sancti
3094 4650 3155 4704 in
3174 4650 3314 4722 ipsis
3347 4651 3613 4709 laudibus
3639 4671 3722 4709 re-

2135 4737 2432 4793 sonabant.
2460 4736 2658 4793 Gloria
2685 4742 2741 4793 et
2782 4738 2964 4793 honor
2991 4738 3169 4808 Patri,
3196 4744 3254 4794 et
3288 4740 3446 4807 Filio,
3470 4747 3529 4795 et
3559 4743 3729 4815 Spiri-

2131 4828 2216 4883 tui
2244 4832 2457 4895 sancto,
2509 4832 2568 4881 et
2616 4842 2786 4895 nunc,
2813 4831 2871 4881 et
2898 4843 3137 4899 semper,
3172 4834 3229 4883 et
3273 4829 3332 4884 in
3377 4830 3586 4886 saecula
3625 4848 3719 4886 sae-

2127 4920 2402 4975 culorum.
2430 4918 2634 4973 Amen.

1703 5033 2089 5093 ROSWEYDI
2124 5035 2463 5093 NOTATIO.

509 5133 600 5261 (ιζ
613 5132 919 5217 [ingenia]
948 5130 1415 5216 Martyrologium.
1452 5133 1788 5215 Romanum.
1815 5131 1888 5190 25
1936 5134 2039 5189 De-
2119 5136 2464 5217 martyris-et
2486 5132 2786 5217 sociorum.
2804 5132 2933 5187 Haec
2961 5131 3067 5187 fuit
3098 5131 3201 5187 sub
3218 5130 3527 5216 Commodo
3548 5130 3718 5206 impe«

509 5225 562 5261 m
603 5223 682 5261 ris
723 5224 735 5261 :
764 5226 788 5258 ι
822 5202 1014 5261 Romae
1042 5221 1102 5260 ιιι
1133 5212 1454 5259 coemeteno
1483 5206 1792 5261 Aproniam
1829 5212 2035 5261 sanctae
2117 5213 2306 5261 ratore
2322 5206 2442 5260 ﬁlia
2457 5203 2691 5261 Tribuni
2723 5221 2782 5259 in
2801 5203 2952 5260 Urbe
2974 5205 3381 5259 Roma.Missus
3410 5209 3602 5259 autem
3627 5221 3717 5261 oa-

440 5202 682 5285 ceinbris
704 5202 735 5261 ἐ
760 5226 788 5285 μ
822 5202 1014 5285 Romae
1042 5202 1106 5260 in
1133 5202 1454 5285 coenieterig
1483 5203 1792 5285 {Aproniani
1829 5212 2035 5285 sanctae
2117 5202 2306 5285 rator:e
2322 5206 2442 5285 filia
2457 5203 2708 5285 Tribuni
2723 5203 2782 5259 in
2798 5203 2952 5285 Urbe
2974 5203 3381 5285 Roma.Missus
3410 5209 3607 5285 autem
3616 5202 3717 5285 pa-

440 5275 701 5359 Eugenie
721 5275 971 5359 virginis,
990 5293 1111 5359 quae
1133 5283 1385 5359 tempore
1410 5275 1648 5359 Gallieni
1678 5276 2033 5359 imperatoris
2116 5284 2207 5359 ter
2232 5278 2302 5333 ab
2328 5278 2669 5359 imperatore
2693 5277 2752 5331 in
2765 5276 3046 5359 civitatem
3067 5276 3434 5359 Alexandriae,
3452 5282 3519 5331 ut
3535 5275 3714 5359 tribu:

434 5349 562 5422 post
590 5349 835 5423 plurima
852 5350 1122 5404 virtutum
1136 5349 1532 5427 insignia,post
1546 5362 1735 5428 sacros
1753 5349 2031 5429 virginum

435 5422 636 5493 choros
656 5420 881 5493 Christo
910 5425 1264 5493 aggregatos,
1293 5418 1398 5473 sub
1411 5419 1643 5493 Niceno
1672 5418 1826 5493 urbis
1842 5421 2032 5489 praefe-

2165 5355 2284 5405 atus
2312 5349 2706 5419 magistratum
2734 5353 2975 5429 gereret,
3007 5349 3372 5429 secumyexit
3400 5363 3632 5403 uxorem
3660 5354 3713 5402 et

2165 5422 2529 5492 lios,quorum
2553 5436 2667 5475 una
2688 5419 2795 5493 fuit
2814 5418 2980 5493 beata
3007 5419 3288 5493 Eugenia:
3316 5435 3439 5489 quae
3469 5435 3598 5493 cum
3628 5420 3711 5473 lit-

435 5436 636 5477 cnoros
656 5436 881 5478 Christo
910 5436 1264 5493 aggregatos,
1293 5436 1398 5473 suo
1428 5436 1643 5471 Niceno
1672 5436 1826 5473 urnis
1842 5436 2032 5489 praete-
2116 5436 2529 5492 unos,quorum
2553 5436 2667 5475 una
2688 5436 2795 5476 ιωι
2817 5436 2980 5474 beata
3007 5436 3288 5490 nugema:
3316 5436 3439 5489 quae
3469 5436 3598 5475 cum
3631 5436 3707 5473 ιιι-

434 5496 524 5572 gto
552 5492 650 5572 diu
680 5492 1011 5572 aggnizans,
1040 5491 1343 5572 novissime
1370 5488 1568 5572 gladio‘
1582 5490 1839 5572 jugulata
1862 5498 1965 5546 est.
2004 5512 2027 5544 ι
2115 5498 2267 5547 teras
2322 5493 2632 5572 edisceret,‘
2648 5497 2705 5572 et
2733 5491 2792 5545 in
2819 5491 3143 5572 multorum
3160 5488 3707 5572 librorumlectione

432 5559 1067 5635 Monolongrazcorum
1106 5562 1174 5617 '24
1222 5559 1508 5627 Decemb.,
1538 5559 1678 5615 Acta
1715 5562 1837 5635 ejus
1887 5580 2034 5618 com-
2123 5562 2732 5629 versaretur,inciditin
2746 5562 3445 5635 epistolassanctiapostoli
3458 5562 3704 5635 Pauli,ex

431 5633 698 5704 pendiose
748 5640 1005 5690 retexens
1038 5651 1050 5688 :
1090 5652 1113 5686 ε
1156 5635 1457 5689 Certamen
1510 5637 1714 5687 sanctae
1770 5633 2030 5705 Eugeniae
2114 5635 2317 5707 quibus
2344 5634 2549 5691 Cﬁristi
2573 5635 2741 5691 ﬁdem
2766 5633 3181 5704 didicitJtaque
3202 5634 3414 5704 patrios
3436 5634 3702 5690 tumultus
