3868 6406
81 416 187 475 625

1045 421 1213 476 VITA
1249 422 1549 479 SANCTIE
1588 414 2035 481 EUPHRASIrE,
2079 413 2422 469 VIRGINIS.

3267 418 3368 474 6'26

80 541 193 609 tiis,
219 545 534 601 mundanis
554 545 986 618 cogitationibus
1006 545 1269 616 obligati;
1304 551 1361 602 et
1388 547 1447 603 in
1472 543 1692 601 fallacia
1711 544 1752 601 A
1770 538 2036 596 muliere
2063 542 2352 594 matronas
2366 540 2924 613 persuasitAugustae
2938 546 3003 596 ut
3017 541 3141 598 sine
3165 542 3369 598 notitia

81 633 252 706 positi
276 635 681 707 temporalium
712 634 1056 700 divitiarum,
1082 635 1202 690 dies
1231 640 1453 693 nostros
1480 636 1690 691 frustra

81 724 496 791 consumimus,
526 725 667 779 nihil
688 724 985 778 animabus
1015 725 1222 779 nostris
1253 725 1469 781 utiliter
1506 725 1692 796 acqui-

81 817 298 867 rentes.
329 813 580 869 Audiens
609 819 800 868 autem
838 814 955 868 haec
984 814 1322 885 Euphraxia,
1364 814 1508 868 dixit
1535 815 1692 868 Anti-

80 917 229 972 gono
260 902 386 956 viro
415 919 542 958 suo:
565 904 634 958 Et
659 903 794 973 quid
817 902 1001 973 jubes,
1029 902 1256 957 domine
1286 904 1385 970 mi,
1425 908 1487 958 ut
1518 903 1689 958 facia-

84 989 238 1044 mus?
263 991 376 1045 Cui
404 990 547 1045 dixit
570 991 920 1062 Antigonus:
953 991 1133 1046 Unam
1175 991 1350 1046 ﬁliam
1379 1009 1479 1064 per
1509 993 1690 1046 Deum

83 1079 512 1150 acquisivimus,
529 1097 653 1151 quae
667 1080 875 1136 sufﬁcit
894 1079 1138 1146 nobis,et
1161 1097 1518 1152 nequaquam
1539 1082 1692 1136 ultra

83 1170 488 1224 conveniamus
517 1169 832 1225 infelicitati
863 1186 927 1223 ac
950 1169 1187 1224 miseriae
1217 1169 1692 1225 saeculi.Audiens

85 1258 204 1312 hac
231 1257 579 1329 Euphraxia,
603 1275 946 1328 consurgens
976 1259 1226 1313 extendit
1251 1275 1452 1313 manus
1479 1259 1551 1313 ad
1580 1275 1690 1313 cm-

85 1347 222 1413 lum,
239 1352 300 1400 et
328 1346 704 1417 ingemiscens
728 1348 870 1402 dixit
894 1347 1012 1402 viro
1041 1364 1144 1403 suo
1171 1347 1482 1419 Antigono:
1509 1349 1689 1402 Bene-

87 1435 271 1491 dictus
312 1437 484 1503 Deus,
515 1437 611 1508 qui
640 1436 873 1508 dignum
904 1442 961 1492 te
991 1437 1122 1491 fecit
1143 1437 1349 1492 timore
1377 1453 1497 1504 suo,
1533 1442 1590 1492 et
1618 1437 1690 1491 ad

89 1525 476 1595 cognitionem
496 1527 746 1581 veritatis
775 1525 1024 1581 adduxit.
1044 1527 1198 1594 Vere,
1221 1526 1466 1593 domine,
1487 1526 1692 1597 saepius

89 1615 400 1686 supplicavi
429 1616 563 1682 Deo,
590 1619 654 1670 ut
683 1632 780 1671 cor
805 1621 968 1670 tuum
985 1616 1351 1682 illuminaret,
1370 1622 1427 1670 et
1443 1621 1692 1670 mentem

85 1709 238 1758 tuam
261 1721 368 1775 pro
391 1704 496 1758 hac
528 1721 698 1759 causa
727 1704 938 1760 faceret
965 1705 1296 1771 elucescere,
1333 1705 1429 1760 sed
1458 1705 1562 1760 hoc
1588 1703 1692 1760 tibi

1774 628 2045 701 principis
2056 627 2329 695 mitteret,
2345 634 2400 682 et
2414 628 2742 702 Euphraxiae
2757 630 3008 703 conjugii
3022 630 3194 687 verba
3220 647 3366 688 nun-

1771 718 1960 774 tiaret.
1983 719 2116 783 Quae
2139 735 2269 774 cum
2288 716 2562 784 audisset,
2588 735 2779 774 amare
2807 720 2976 786 flevit,
2991 726 3050 776 et
3069 720 3207 775 dixit
3241 736 3367 775 mu-

1773 807 2004 864 lieribus
2029 825 2154 879 quae
2173 806 2400 864 fuerant
2430 807 2753 864 destinatae:
2790 810 2884 863 Vae
2915 809 3071 864 vobis
3101 811 3157 865 in
3176 809 3366 865 futuro

1774 898 1996 963 saeculo,
2039 914 2161 970 quae
2185 896 2325 952 mihi
2345 897 2483 951 talia
2502 897 2873 969 persuadetis,
2911 906 2967 954 et
2987 899 3056 955 ad
3075 898 3212 956 talia
3240 915 3368 954 con-

1773 988 1994 1041 curritis
2021 992 2218 1041 contra
2244 985 2558 1055 mulierem,
2595 1005 2716 1058 qua“:
2747 988 3056 1045 secundum
3080 990 3259 1044 Deum
3288 989 3369 1044 vi-

1771 1092 1900 1132 vere
1929 1076 2176 1132 festinat.
2209 1075 2471 1132 Recedite
2503 1091 2536 1130 a
2585 1093 2699 1144 me,
2743 1094 3008 1150 quoniam
3040 1085 3370 1134 extraneam

1773 1165 2264 1236 congregationem
2289 1171 2533 1220 vestram
2567 1181 2716 1221 nunc
2741 1167 2954 1238 egistis.
2977 1167 3091 1222 Illae
3119 1184 3248 1224 vero
3278 1167 3371 1224 de-

1773 1255 2026 1312 formatae
2053 1254 2425 1321 discedentes,
2440 1253 2843 1311 nuntiaverunt
2851 1257 3117 1328 Augusta:
3132 1273 3256 1328 quae
3271 1274 3370 1327 ge-

1772 1351 1859 1401 sta
1887 1349 2038 1400 sunt.
2063 1345 2416 1415 Cognoscens
2443 1348 2635 1399 autem
2660 1344 2968 1417 imperator
2985 1347 3135 1419 quod
3162 1346 3372 1401 factum

1770 1433 1976 1499 fuerat,
2007 1431 2256 1503 graviter
2281 1432 2535 1488 invectus
2564 1438 2651 1486 est
2677 1433 2737 1488 in
2765 1435 3117 1505 Augustam;
3149 1439 3206 1490 et
3225 1435 3371 1489 indi-

1772 1527 1980 1594 gnatus
2008 1523 2275 1578 adversus
2309 1523 2644 1592 Augustam,
2676 1522 2816 1577 dixit
2848 1543 2861 1580 :
2894 1524 3060 1584 Vere.
3091 1525 3367 1596 Augusta,

1775 1617 2104 1668 extraneam
2148 1627 2270 1667 rem
2306 1611 2374 1666 ab
2419 1612 2523 1666 hac
2553 1610 2975 1669 conversatione
3002 1613 3199 1669 fecisti.
3244 1614 3374 1668 Haec

1774 1707 1907 1758 sunt
1933 1716 2103 1772 opera
2121 1700 2456 1756 Christiana:
2476 1701 2744 1772 Augustae
2766 1701 2894 1759 ?Sic
2920 1701 3227 1776 promisisti
3255 1703 3371 1759 Deo

89 1793 334 1864 pandere
347 1810 460 1848 non
473 1795 823 1866 praesumpsi,
847 1794 979 1866 quia
989 1811 1119 1850 vero
1137 1795 1258 1866 ipse
1271 1795 1453 1849 fecisti
1479 1795 1690 1866 princi-
1772 1789 1863 1861 pie
1879 1789 2144 1860 regnare?
2154 1788 2234 1844 sic
2245 1788 2559 1844 recordaris
2572 1789 2963 1862 Antigoni,qui
2974 1788 3135 1876 nobis
3149 1806 3374 1862 semper

90 1883 260 1953 pium,
290 1883 432 1952 jube
464 1901 554 1937 me
580 1889 644 1939 ut
667 1885 884 1956 loquar.
901 1884 1004 1940 Cui
1033 1885 1176 1938 dixit
1193 1885 1535 1956 Antigonus:
1562 1883 1685 1952 Dic,
1707 1878 1926 1966 Butilis
1955 1878 2302 1950 permansit?
2330 1878 2589 1934 Alienam
2629 1895 2748 1936 rem
2776 1885 2971 1936 nostro
2991 1879 3230 1953 imperio
3251 1880 3372 1951 egi-

89 1988 244 2025 soror
263 1973 579 2044 mea,quod
602 1973 1044 2045 vis.Respondit:
1067 1973 1247 2040 Nosti,
1263 1973 1489 2029 domine
1506 1990 1685 2029 meus.
1772 1968 1865 2036 sti,
1911 1966 2061 2041 quod
2090 1967 2386 2024 mulierem
2422 1968 2482 2022 in
2511 1967 2750 2040 puellari
2778 1973 2944 2025 aetate
2981 1969 3367 2038 constitutam,

87 2061 211 2130 quia
236 2067 373 2116 ante
395 2064 600 2118 multas
626 2063 1019 2134 generationes
1046 2063 1350 2134 Apostolus
1364 2067 1691 2132 testatur,et

88 2149 236 2205 dixit:
261 2152 511 2223 Tempus
546 2151 711 2207 breve
743 2157 854 2208 est:
881 2152 1166 2224 reliquum
1215 2158 1319 2220 est,
1353 2157 1417 2208 ut
1455 2153 1552 2224 qui
1583 2153 1688 2207 ha-

86 2238 216 2294 bent
239 2257 466 2309 uxores,
489 2247 761 2314 tanquam
778 2260 890 2298 non
911 2242 1181 2297 habentes
1210 2242 1325 2297 sint
1356 2243 1406 2314 (Ι
1425 2241 1685 2313 00r.vi1).

89 2328 276 2386 Deficit
309 2321 471 2386 enim
491 2333 661 2403 hujus
691 2334 878 2388 saeculi
901 2333 1198 2404 cupiditas.
1221 2332 1308 2388 Ad
1338 2348 1509 2403 quam
1538 2333 1688 2388 enim

97 2418 397 2475 utilitatem
451 2426 619 2476 erunt
672 2422 782 2477 ista
805 2423 1044 2494 pecunia
1073 2427 1130 2476 et
1158 2427 1320 2477 tanta
1343 2421 1691 2478 abundantia

90 2510 532 2578 possessionum?
543 2512 698 2566 Nihil
719 2527 914 2566 eorum
935 2517 1021 2567 est
1049 2512 1198 2583 quod
1210 2511 1500 2566 nobiscum
1528 2517 1688 2583 pote-

92 2597 162 2652 rit
187 2599 526 2655 descendere
553 2601 612 2656 in
640 2601 1098 2657 infernum.Cum
1118 2600 1264 2656 bono
1295 2617 1429 2672 ergo
1455 2602 1686 2658 consilio

90 2693 180 2742 tuo
224 2688 435 2745 festina
488 2691 668 2746 multa
720 2692 855 2746 dare
904 2691 1264 2763 pauperibus,
1296 2700 1360 2746 ut
1386 2707 1500 2746 non
1547 2691 1685 2747 illud

94 2777 382 2834 consilium
415 2780 565 2851 quod
594 2780 852 2835 tractasti
895 2780 1216 2835 inveniatur
1248 2779 1681 2835 infructuosum.

89 2867 330 2924 Audiens
365 2873 558 2925 autem
585 2871 922 2941 Antigonus,
952 2869 1287 2941 glorificavit
1302 2871 1501 2924 Deum.

155 2957 609 3016 CAP.III.—Cum
626 2959 803 3031 igitur
830 2960 1068 3032 adeptus
1090 2959 1522 3032 essetoptimam
1550 2976 1684 3015 con-

90 3048 476 3116 versationem,
498 3055 555 3104 et
579 3051 759 3105 multa
784 3049 1125 3121 pauperibus
1143 3051 1432 3121 erogasset
1450 3049 1684 3121 Antigo-

91 3151 206 3202 nus,
237 3153 418 3193 unum
439 3140 788 3194 solummodo
799 3156 1010 3194 annum
1030 3139 1236 3205 vivens,
1253 3144 1551 3211 postquam
1567 3155 1683 3194 suae

1772 2075 1895 2129 quae
1933 2073 2077 2130 pene
2124 2057 2479 2114 solummodo
2507 2075 2622 2114 uno
2651 2074 2800 2115 anno
2832 2075 2959 2114 cum
2981 2059 3098 2114 viro
3127 2059 3282 2126 vixit,
3313 2065 3372 2116 et

1768 2163 1898 2204 mox
1947 2164 2012 2205 ex
2065 2149 2370 2206 constituto
2399 2154 2629 2221 propter
2653 2147 2876 2205 caeleste
2925 2166 3167 2221 regnum
3210 2166 3270 2207 se
3301 2151 3371 2206 ab

1771 2239 2027 2312 utrisque
2039 2246 2462 2314 separaverunt,
2477 2247 2539 2296 tu
2559 2258 2785 2299 rursum
2813 2241 2883 2300 ad
2900 2241 3155 2299 mundun
3179 2243 3365 2300 redire

1772 2328 2094 2402 compellis?
2123 2335 2181 2386 et
2207 2344 2392 2401 neque
2418 2329 2662 2386 timuisti
2690 2332 2890 2393 Deum,
2921 2332 3067 2387 hanc
3097 2331 3369 2404 iniquita-

1771 2425 1889 2474 tem
1919 2418 2109 2474 volens
2136 2419 2355 2474 facere?
2387 2421 2525 2485 Quis
2549 2419 2860 2476 satisfaciet
2886 2420 3370 2494 hominibus,quia

1771 2525 1885 2564 non
1913 2524 2014 2581 per
2041 2525 2131 2563 me
2159 2508 2368 2565 factum
2399 2516 2486 2564 est
2513 2511 2618 2566 hoc
2637 2509 2666 2562 ?
2713 2509 3072 2566 Indecentem
3101 2516 3159 2566 et
3180 2510 3369 2567 incon-

1771 2614 1974 2668 gruam
2003 2597 2183 2653 fecisti
2210 2615 2351 2666 rem,
2385 2598 2532 2670 quod
2561 2614 2665 2656 nec
2693 2599 2940 2671 Oportuif
2962 2605 3027 2655 ut
3054 2616 3244 2657 meum
3273 2617 3368 2656 au-

1769 2686 1916 2742 diret
1942 2687 2262 2760 imperium,
2292 2693 2524 2759 prepter
2553 2687 2999 2746 sincerissimum
3024 2705 3216 2746 meum
3236 2688 3372 2746 ami-

1768 2793 1896 2832 cum
1925 2776 2168 2832 maxime
2195 2777 2562 2848 Antigonum.

1840 2866 1970 2920 CAP.
1993 2865 2060 2919 V.
2078 2895 2137 2905 —
2150 2865 2402 2922 Audiens
2421 2867 2540 2922 haec
2556 2867 2832 2939 Augusta,
2860 2873 2917 2924 et
2937 2868 3154 2927 vultum
3181 2868 3368 2926 nimiae

1770 2954 2112 3011 confusionis
2142 2961 2389 3024 mutans,
2413 2957 2560 3011 sicut
2586 2957 2732 3030 lapis
2755 2959 2871 3014 fere
2898 2975 3003 3033 per
3029 2958 3170 3016 duas
3200 2959 3369 3017 horas

1769 3045 1891 3099 sine
1915 3061 2045 3100 voce
2070 3047 2401 3117 permansit.
2429 3047 2500 3100 Et
2528 3047 2678 3102 facta
2691 3053 2779 3104 est
2800 3065 3006 3119 magna
3018 3049 3253 3104 tristitia
3284 3049 3366 3105 in-

1767 3139 1856 3190 ter
1884 3135 2284 3206 imperatorem
2310 3141 2368 3191 et
2379 3137 2714 3207 Augustam,
2732 3144 2961 3209 prepter
2986 3138 3365 3210 Euphraxiam

92 3228 428 3284 renuntiavit
455 3229 635 3296 uxori,
671 3229 842 3284 vitam
871 3246 1033 3284 suam
1061 3229 1154 3301 pic
1183 3229 1510 3301 disponens,
1528 3234 1740 3295 com-C
1764 3224 2032 3295 Antigoni
2055 3226 2373 3296 conjugem.
2398 3226 2556 3280 Tunc
2575 3227 2894 3297 Euphraxia
2908 3243 3216 3298 agnoscens
3232 3228 3368 3299 quia

90 3314 231 3383 pleto
261 3333 414 3372 anno
444 3318 739 3374 defunctus
767 3323 872 3384 est,
895 3323 953 3373 et
976 3317 1234 3389 sepultus
1259 3317 1319 3372 in
1350 3333 1506 3389 pace.
1525 3319 1680 3372 Tunc
1763 3330 1970 3384 magna
1998 3313 2231 3369 tristitia
2255 3321 2487 3386 propter
2532 3330 2661 3370 eam
2711 3315 2860 3372 inter
2883 3316 3280 3389 imperatorem
3306 3323 3364 3373 et

88 3402 386 3475 imperator
403 3407 614 3479 pariter
629 3409 1680 3478 etAugustaﬂeverunteum,tanquam
1759 3404 2076 3474 Augustam
2118 3403 2314 3460 fuisset
2355 3404 2571 3472 effecta,
2605 3403 2766 3459 vultu
2818 3405 3047 3461 omnino
3090 3405 3356 3475 demisso,

89 3507 144 3545 ex
173 3510 369 3551 eorum
388 3513 594 3566 genere
616 3497 1066 3563 descendentem,
1088 3496 1270 3551 virum
1287 3497 1507 3567 justum
1524 3502 1580 3551 et
1593 3513 1678 3552 re-

88 3581 360 3652 ligiosum.
395 3586 895 3658 Compatiebantur
915 3586 1066 3641 enim
1097 3592 1154 3641 et
1183 3586 1534 3658 Euphraxiae,
1560 3602 1675 3641 non

88 3671 255 3728 solum
284 3679 558 3747 tanquam
588 3676 826 3747 propriae
870 3676 1318 3747 consanguineae,
1373 3676 1473 3730 sed
1503 3663 1673 3730 etiam

89 3760 208 3829 quia
235 3768 360 3818 erat
371 3764 692 3834 juvencula.
717 3763 945 3819 Duobus
974 3781 1218 3836 namque
1233 3763 1396 3818 annis
1417 3768 1474 3819 et
1490 3762 1671 3819 tribus

87 3852 362 3908 mensibus
380 3853 652 3909 vixitcum
673 3855 788 3908 viro
806 3871 907 3910 suo
933 3873 946 3921 ;
992 3871 1126 3908 nam
1151 3871 1262 3909 uno
1285 3870 1431 3908 anno
1448 3870 1515 3908 ex
1535 3870 1668 3910 con-

87 3937 266 3996 stituto
295 3940 369 3997 ab
399 3942 671 3998 alterutro
713 3943 1084 4010 abstinentes,
1114 3943 1260 3998 sicut
1288 3942 1488 3997 fratres
1526 3943 1670 3998 vixe-

86 4034 222 4084 runt.
244 4032 428 4103 Igitur
443 4033 662 4104 sepulto
675 4032 978 4103 Antigono,
1002 4032 1072 4086 ab
1101 4032 1443 4104 imperatore
1471 4039 1528 4088 et
1554 4034 1668 4088 Au-

85 4123 235 4184 gusta
260 4122 507 4177 multum
537 4122 934 4177 consolabatur
965 4127 1156 4189 35g
1197 4121 1534 4193 Euphraxia.
1567 4123 1670 4178 llla

87 4221 201 4262 vero
229 4227 460 4266 sumens
514 4212 798 4284 propriam
827 4229 987 4266 suam
1021 4211 1214 4279 filiam,
1258 4211 1414 4266 dedit
1453 4228 1578 4266 eam
1607 4213 1666 4268 in

87 4309 268 4354 manus
287 4301 646 4372 imperatoris
675 4307 733 4356 ct
755 4303 1051 4372 Augustae;
1074 4306 1129 4356 et
1157 4306 1440 4374 prostrata
1472 4302 1543 4356 ad
1574 4319 1666 4374 pe-

86 4381 170 4439 des
194 4403 408 4455 eorum,
432 4407 561 4444 cum
579 4390 823 4445 clamore
859 4395 916 4445 et
937 4407 1141 4462 magno
1158 4391 1374 4462 gemitu
1395 4390 1535 4446 dixit
1557 4410 1569 4445 :
1596 4392 1663 4447 In

88 4487 268 4533 manus
307 4479 410 4534 Dei
457 4485 515 4534 et
566 4485 780 4534 vestras
807 4479 952 4534 hanc
980 4480 1293 4552 orphanam
1324 4496 1473 4535 nunc
1503 4497 1664 4536 com-

1759 3493 1938 3548 tristis
1969 3493 2116 3548 facta
2145 3500 2232 3549 est
2258 3509 2438 3566 usque
2461 3493 2534 3550 ad
2555 3499 2816 3562 mortem,
2842 3500 2897 3550 et
2926 3496 2994 3550 de
3018 3495 3244 3552 civitate
3269 3513 3362 3552 vo-

1756 3581 1908 3638 lebat
1930 3582 2235 3640 discedere.
2268 3585 2424 3639 Tunc
2453 3585 2594 3639 ﬂens
2615 3585 2840 3654 acriter,
2858 3584 2999 3640 dixit
3026 3585 3359 3658 Euphraxia:

1753 3671 1884 3728 filiae
1912 3689 2026 3728 suae
2053 3692 2064 3728 :
2094 3673 2236 3729 Filia
2263 3689 2408 3741 mea,
2437 3673 2709 3730 habemus
2728 3675 2789 3730 in
2808 3675 3048 3747 ΔΕΒ-γι)ῐο
3075 3676 3358 3748 copiosam

1753 3777 2131 3835 magnamque
2160 3762 2565 3820 substantiam:
2596 3765 2744 3833 veni,
2769 3782 2964 3820 eamus
2985 3765 3138 3830 illuc,
3155 3770 3211 3820 et
3230 3765 3359 3820 visi-

1751 3857 1937 3908 temus
1947 3853 2123 3925 patris
2135 3853 2218 3909 tui
2235 3853 2641 3926 possessiones:
2659 3859 2853 3910 etmea
2868 3854 3060 3910 omnia
3077 3859 3177 3909 tua
3195 3860 3345 3921 sunt,

1750 3943 1868 3998 filia
1896 3959 2040 3998 mea.
2073 3944 2229 4000 Tunc
2257 3960 2390 4014 ergo
2422 3960 2549 3999 cum
2573 3942 2688 4000 filia
2711 3960 2814 3998 sua
2842 3944 3161 4016 Euphraxia
3180 3945 3250 4000 de
3269 3959 3355 4002 re-

1751 4033 1848 4103 gia
1868 4033 2092 4090 civitate
2121 4031 2397 4101 discessit,
2416 4033 2666 4106 principe
2688 4033 2993 4100 nesciente,
3024 4039 3082 4089 et
3109 4034 3264 4089 venit
3291 4034 3351 4090 in

1751 4123 2057 4195 Egyptum
2083 4140 2098 4192 ;
2146 4123 2261 4179 illic
2291 4140 2512 4195 quoque
2543 4123 2890 4191 morabatur,
2922 4129 2979 4179 et
3006 4138 3109 4180 sua
3135 4124 3351 4198 praedia

1751 4211 1944 4269 crebro
1974 4212 2256 4268 visitabat.
2283 4214 2351 4268 Et
2377 4214 2625 4285 profecta
2644 4219 2731 4269 est
2759 4214 2818 4270 in
2847 4214 3178 4285 interiorem
3204 4214 3349 4271 The-

1747 4300 1972 4358 baidem
2015 4319 2145 4358 cum
2175 4303 2630 4375 procuratoribus
2669 4303 2787 4359 suis
2833 4309 3003 4376 atque
3048 4277 3341 4371 ministris,

1745 4390 2082 4448 habentibus
2107 4409 2298 4448 curam
2351 4409 2580 4449 suarum
2624 4409 2834 4449 rerum.
2875 4393 3008 4457 Qum
3031 4392 3203 4449 etiam
3233 4392 3348 4450 illic

1745 4497 1948 4540 vacans
1976 4482 2035 4537 in
2071 4483 2429 4551 sanctuariis,
2461 4488 2518 4537 et
2543 4482 2752 4538 multas
2777 4480 3086 4539 oblationes
3115 4481 3229 4538 illic
3268 4481 3346 4538 of-

85 4566 294 4626 mendo.
326 4569 656 4624 Memoriam
687 4585 820 4640 ergo
841 4569 1114 4624 habentes
1135 4569 1426 4640 Antigoni,
1445 4570 1539 4641 qui
1560 4569 1666 4625 fuit
1682 4565 1727 4624 D
1748 4571 1932 4627 ferens
1952 4589 2054 4643 per
2081 4572 2427 4627 monasteria
2452 4572 2701 4628 virorum
2749 4586 2813 4628 ac
2841 4570 3163 4639 mulierum,
3193 4570 3341 4626 mni-

87 4658 266 4724 vester,
293 4657 561 4729 suscipite
591 4673 718 4712 eam
746 4663 916 4729 atque
941 4657 1197 4724 tuemini,
1231 4663 1290 4713 et
1314 4663 1493 4713 estote
1522 4659 1574 4714 ei
1601 4660 1660 4715 in

87 4739 193 4797 loco
221 4747 393 4817 patris
408 4752 466 4802 et
476 4746 695 4802 matris.
720 4747 883 4802 Multi
912 4752 1102 4802 autem
1127 4747 1362 4803 flumina
1380 4749 1659 4820 lacryma-

86 4843 197 4886 rum
223 4841 279 4890 et
305 4853 467 4892 voces
513 4835 824 4891 emiserunt
849 4836 1219 4904 audientium,
1255 4837 1335 4892 ita
1381 4841 1446 4891 ut
1487 4837 1658 4894 etiam

85 4919 340 4996 principes
369 4926 647 4998 lugerent.

144 5010 264 5067 CAP.
296 5015 391 5072 IV.
413 5044 479 5057 -—
499 5016 636 5070 Post
655 5032 896 5088 paucum
913 5033 1044 5072 vero
1077 5021 1300 5089 tempus
1320 5032 1355 5071 a
1379 5016 1532 5071 luctu
1551 5016 1656 5071 ali-

84 5106 270 5165 quanto
291 5103 671 5176 quiescentem
689 5105 975 5176 Antigoni,
992 5106 1174 5162 suasit
1195 5107 1504 5179 imperator
1522 5106 1573 5161 ei
1592 5111 1658 5161 ut

84 5183 234 5246 ﬁliam
262 5209 423 5249 suam
455 5195 833 5266 Euphraxiam
862 5195 1084 5251 cuidam
1109 5196 1358 5252 senatori
1377 5195 1654 5251 ditissima

83 5271 222 5334 daret
266 5297 517 5339 uxorem.
550 5284 620 5339 Et
645 5284 854 5340 factum
884 5291 972 5340 est
1003 5291 1069 5340 ut
1105 5285 1303 5341 arrhas
1338 5285 1657 5358 Euphraxia

86 5366 354 5438 acciperet.
378 5372 667 5444 Susceptis
695 5374 1111 5446 arrhis,puellae
1140 5379 1275 5429 mtas
1303 5374 1656 5446 exspectaba-

87 5452 314 5515 tur.Erat
341 5461 494 5516 enim
515 5461 682 5517 nimis
710 5463 1006 5531 infantula,
1038 5464 1261 5536 quando
1295 5464 1541 5536 suscepit
1568 5482 1655 5519 ar-

1742 4666 1830 4716 tas
1857 4661 2124 4733 pecunias
2150 4660 2437 4734 erogabat.

1813 4751 1945 4809 CAP.
1960 4751 2055 4806 VI.
2090 4781 2154 4792 —
2179 4751 2513 4806 Eratautem
2534 4749 2939 4807 monasterium
2951 4749 3257 4809 mulierum
3280 4754 3342 4812 in

1742 4857 1856 4896 una
1878 4840 2119 4907 civitate,
2136 4839 2346 4896 habens
2365 4840 2633 4896 architria
2655 4839 2728 4908 (3)
2746 4844 2974 4896 centum
2990 4841 3246 4913 triginta,
3269 4845 3339 4903 de

1740 4929 1942 5002 quibus
1966 4945 2202 5001 magnas
2233 4929 2588 4984 ctmirabiles
2615 4929 2850 4985 virtutes
2866 4931 3124 4990 homines
3139 4934 3340 5006 praedi-

1739 5014 1958 5069 cabant.
2001 5016 2066 5071 In
2103 5013 2200 5070 illo
2229 5030 2472 5086 namque
2512 5014 2853 5071 monasterio
2882 5031 3050 5073 nemo
3072 5019 3338 5088 gustabat

1738 5105 1951 5174 vinum,
1983 5105 2141 5160 nulla
2167 5103 2393 5160 illarum
2436 5121 2668 5177 pomum
2693 5103 2881 5172 edere,
2917 5111 3019 5163 aut
3046 5123 3202 5174 uvas,
3234 5115 3335 5164 aut

1738 5194 1894 5262 ﬁcus,
1926 5199 2026 5248 aut
2051 5191 2266 5264 aliquid
2291 5192 2619 5265 hujusmodi
2637 5192 2929 5260 bonorum,
2955 5210 3077 5264 quae
3105 5199 3334 5251 terrena

1736 5289 2046 5339 nascuntur
2056 5283 2332 5348 ubertate,
2344 5282 2903 5354 gustabat.Quaedam
2924 5287 3115 5338 autem
3134 5299 3331 5340 earum

1737 5374 2140 5429 abrenuntians
2186 5378 2410 5440 smcuto,
2457 5387 2642 5444 neque
2675 5373 2862 5428 oleum
2891 5371 3057 5430 edere
3086 5371 3328 5442 volebat,

1736 5465 1991 5536 quaedam
2013 5479 2206 5520 earum
2238 5479 2271 5517 a
2289 5478 2523 5534 vespera
2541 5479 2717 5534 usque
2748 5462 2818 5519 ad
2840 5463 3011 5518 aliam
3037 5478 3329 5538 vesperam

85 5540 214 5610 τιιῖιε,
252 5551 408 5621 quasi
432 5568 711 5608 annorum
754 5553 1021 5626 quinque.
1051 5555 1185 5608 Post
1239 5554 1651 5626 aliquantulum
1727 5553 2010 5626 jejunium
2041 5552 2439 5628 protrahebat;
2473 5553 2595 5607 alia:
2623 5567 2753 5609 vero
2782 5559 2910 5624 post
2939 5551 3172 5610 biduum
3202 5555 3329 5610 ede-

86 5641 195 5688 Vero
213 5640 427 5712 tempus
447 5640 713 5713 cogitavit
751 5641 874 5715 ipse
899 5647 1145 5710 senator,
1167 5647 1232 5697 ut
1244 5659 1474 5698 uxorem
1493 5645 1652 5700 Anti-

1735 5644 1886 5710 bant,
1914 5643 2037 5698 aliae
2087 5658 2217 5699 vero
2266 5648 2393 5714 post
2429 5642 2699 5699 triduum.
2731 5642 2901 5698 Nulla
2927 5659 3123 5699 earum
3156 5645 3328 5716 pedes

85 5723 197 5787 8οηὶ
223 5726 322 5788 sibi
345 5731 599 5790 crederet
623 5732 874 5806 copulari
897 5749 915 5802 ;
967 5736 1025 5789 et
1059 5748 1162 5808 per
1185 5747 1378 5809 preces
1414 5737 1514 5792 aut
1549 5751 1651 5810 per
1733 5750 1864 5792 suos
1893 5731 2182 5791 abluebat:
2218 5733 2522 5810 aliquantae
2548 5749 2678 5791 vero
2707 5733 3001 5793 audientes
3029 5732 3099 5791 dc
3126 5732 3326 5792 balneo
