3868 6392
474 425 582 489 627

1492 427 1587 485 DE
1621 427 1812 487 VITIS
1848 429 2145 488 PATRUM
2179 429 2395 488 LIBER
2431 427 2721 488 PRIMUS.

3659 427 3758 486 628

480 558 654 630 loqui,
674 556 991 625 irridentes,
1023 554 1408 612 confusionem
1419 560 1478 612 et
1490 572 1754 628 magnam
1782 556 2076 613 abomina—
2096 556 2391 620 Adomum
2406 560 2584 620 tuam,
2607 570 2720 609 non
2738 556 2897 625 potes
2917 551 3009 607 hic
3027 553 3415 608 manere.Non
3436 551 3598 608 enim
3613 554 3757 625 quis-

479 647 691 703 tionem
738 664 799 702 se
849 645 1046 702 audire
1073 645 1425 717 judicabant,
1457 663 1580 717 quae
1609 663 1792 718 neque
1818 647 2076 702 auditum

478 753 642 792 suum
657 737 762 792 hoc
771 736 968 792 audire
977 735 1723 808 patiebantur.Unaquaeque
1737 753 1866 790 vero
1879 752 2075 791 earum

479 829 722 880 stratum
752 825 808 880 in
839 829 993 880 terra
1024 823 1286 890 habebat,
1310 824 1552 878 cilicium
1587 825 1884 896 parvulum
1905 825 2073 880 unius

480 913 653 969 cubiti
669 912 1442 984 latitudinis,etlongitudinis
1450 913 1625 968 trium
1639 919 1697 968 et
1711 914 2001 986 paululum
2017 914 2075 968 in

477 1002 614 1074 ipsis
641 1003 1049 1075 requiescebat.
1092 1003 1268 1057 Erant
1304 1008 1492 1057 autem
1536 1007 1593 1056 et
1633 1008 1814 1057 vestes
1857 1019 2071 1068 earum,

477 1091 548 1146 de
576 1091 753 1146 cilicio
774 1109 954 1164 usque
976 1091 1263 1157 deorsum,
1295 1091 1711 1162 obstringentes
1739 1093 1945 1163 pedum
1989 1108 2078 1145 ex-

479 1181 1354 1251 tremitates.Quantumcumque
1374 1185 1973 1252 poterat,unaquseque
2002 1181 2079 1234 la-

478 1268 814 1325 borabat.Et
822 1286 951 1324 cum
970 1269 1218 1341 aliquam
1234 1285 1430 1324 earum
1445 1269 1746 1340 aliquando
1767 1269 2081 1340 contigerat

482 1357 783 1426 inﬁrmari,
810 1374 924 1414 non
951 1358 1004 1413 ei
1034 1357 1348 1413 fomentum
1377 1363 1477 1413 aut
1489 1358 1837 1429 adjutorium
1851 1358 2079 1430 aliquod

484 1446 774 1504 medicinae
823 1445 1213 1502 conferebatur
1255 1465 1268 1514 ;
1321 1447 1418 1500 sed
1448 1447 1495 1500 si
1543 1463 1712 1518 quam
1759 1447 2080 1518 contigisset

485 1535 769 1607 mgrotari,
798 1541 1071 1608 tanquam
1103 1535 1406 1590 maximam
1436 1535 1884 1590 benedictionem
1915 1552 1948 1589 a
1966 1537 2081 1590 Deo

489 1623 818 1697 accipiebat,
839 1630 896 1680 et
905 1623 1184 1680 tolerabat
1201 1625 1552 1696 languorem,
1571 1625 1747 1680 donec
1767 1642 1890 1680 eam
1913 1625 2086 1680 medi-

487 1712 616 1769 cina
629 1712 909 1770 dominica
918 1713 1269 1786 praeveniret.
1277 1714 1444 1768 Nulla
1455 1730 1519 1768 ea
1525 1730 1648 1769 rum
1659 1715 1863 1786 januas
1877 1713 2080 1770 exibat.

490 1803 626 1858 Erat
654 1808 844 1858 autem
870 1803 1124 1874 janitrix,
1155 1819 1258 1875 per
1289 1819 1459 1874 quam
1489 1820 1760 1876 responsa
1779 1803 1970 1858 omnia
1992 1805 2087 1858 ﬁe-

486 1885 641 1959 bant,
666 1897 908 1959 matura;
938 1891 1239 1963 multaeque
1269 1891 1540 1948 sanitates
1565 1893 1643 1947 ibi
1673 1893 1904 1948 ﬁebant.

560 1981 690 2036 CAP.
724 1979 846 2037 VII.
893 2011 959 2024 —
992 1981 1208 2036 Harum
1238 1981 1470 2052 quidem
1502 1982 1822 2054 Euphraxia
1849 1982 2089 2054 diligens

487 2069 782 2126 consilium
810 2075 1136 2127 sanctarum
1163 2069 1487 2138 mulierum,
1517 2076 1748 2142 pr0pter
1773 2071 2091 2126 mirabilem

488 2159 969 2216 conversationem
992 2175 1208 2227 earum,
1233 2161 1436 2234 saepius
1471 2161 1542 2215 ad
1560 2160 1946 2231 asaipsum
1976 2177 2094 2215 mo-

489 2249 800 2304 nasterium
828 2247 1116 2321 pergebat,
1143 2251 1567 2324 thymiamaque
1595 2249 1708 2304 illic
1738 2249 2008 2305 offerebat
2037 2254 2096 2304 et

490 2351 696 2392 cereos.
725 2338 852 2393 Una
870 2337 1098 2410 quidem
1123 2339 1346 2395 dierum
1366 2339 1608 2411 rogabat
1659 2337 2004 2394 abbatissam
2033 2344 2091 2394 et

489 2425 706 2498 priores
734 2427 1082 2496 monasterii,
1116 2428 1309 2484 dicens
1325 2429 1432 2484 eis:
1479 2429 1717 2484 Parvam
1757 2427 2097 2484 benedictio-

490 2531 626 2573 nem
652 2516 778 2571 volo
807 2515 1018 2588 absque
1033 2521 1249 2573 terrore
1277 2523 1462 2574 vestro
1483 2517 1748 2590 praebere,
1770 2517 2094 2573 reddituum

493 2603 620 2658 auri
647 2603 846 2675 viginti
875 2611 975 2660 aut
999 2606 1238 2676 triginta
1259 2605 1549 2674 librarum,
1579 2613 1644 2660 ut
1671 2607 1843 2662 oretis
1873 2623 1972 2679 pro
1985 2607 2094 2662 ista

494 2691 708 2747 famula
733 2698 939 2761 vestra,
965 2699 1023 2749 et
1039 2711 1143 2766 pro
1170 2695 1454 2766 Antigono
1483 2701 1642 2767 patre
1673 2697 1814 2766 ejus.
1865 2696 1969 2751 Cui
1999 2695 2094 2750 ab-

494 2779 707 2836 batissa
726 2782 1018 2854 respondit
1047 2801 1059 2836 :
1115 2783 1356 2841 Domina
1384 2801 1511 2839 mea
1563 2790 1840 2852 matrona,
1877 2785 2092 2840 ancillae

498 2874 610 2925 tua;
629 2886 741 2925 non
762 2877 932 2942 egent
958 2870 1287 2939 redditibus,
1311 2889 1494 2944 neque
1516 2873 1812 2945 pecuniam
1841 2875 2096 2946 concupi-

498 2963 680 3014 scunt.
734 2958 1042 3032 PrOpterea
1093 2977 1339 3034 namque
1386 2962 1577 3017 omnia
1631 2963 2000 3034 reliquerunt,
2039 2968 2096 3017 et

499 3052 703 3102 cuncta
725 3047 1044 3120 despiciunt
1070 3049 1130 3106 in
1155 3051 1260 3106 hoc
1285 3051 1504 3119 saeculo,
1559 3057 1623 3106 ut
1673 3052 1897 3107 aeternis
1936 3051 2096 3108 bonis

498 3133 611 3191 frui
641 3143 986 3204 mereantur,
1019 3143 1077 3194 et
1099 3139 1240 3194 nihil
1262 3140 1552 3212 possidere
1581 3141 1792 3208 volunt,
1807 3157 1878 3196 ne
1892 3141 2096 3196 caelesti

2159 663 2330 718 quam
2360 660 2590 702 manere
2628 649 2814 714 potest
2835 642 2943 708 hic,
2976 641 3085 696 nisi
3109 659 3168 697 se
3188 643 3482 698 devoverit
3511 642 3750 697 Christo.

2158 735 2262 790 Cui
2275 735 2463 806 puella
2477 731 2899 804 responditzUbi
2913 735 2999 786 est
3016 731 3274 786 Christus
3289 732 3314 784 ?
3343 733 3452 787 Illa
3463 737 3757 801 gratanter

2157 824 2208 879 ei
2236 823 2571 878 dominicam
2599 821 2904 892 imaginem
2925 821 3350 876 demonstravit.
3383 822 3641 892 Pergens
3669 838 3756 875 au-

2157 919 2274 968 tem
2304 911 2638 984 Euphraxia,
2665 910 2916 965 osculata
2935 910 3369 964 estdominicam
3392 911 3639 981 ﬁguram
3666 927 3679 976 ;
3706 916 3756 964 et

2160 1001 2599 1069 conversa,dixit
2624 1000 3085 1054 abbatissaaNere
3101 1004 3158 1052 et
3174 1015 3278 1069 ego
3295 1015 3387 1053 me
3401 1015 3577 1052 voveo
3596 999 3756 1053 Chri-

2159 1098 2246 1146 sto
2276 1109 2420 1158 meo,
2471 1097 2536 1145 ut
2564 1090 2800 1146 ulterius
2828 1105 2958 1143 cum
3008 1088 3237 1142 domina
3275 1099 3406 1142 mea
3435 1093 3622 1142 matre
3649 1104 3754 1142 non

2159 1181 2320 1235 vado.
2353 1181 2504 1235 Dixit
2531 1179 2581 1234 ei
2611 1179 2915 1233 abbatissa:
2937 1177 3216 1242 Filia,non
3231 1175 3406 1232 habes
3423 1175 3525 1231 ubi
3541 1177 3635 1230 hic
3649 1193 3757 1230 ma-

2160 1287 2314 1335 neas,
2351 1275 2408 1324 et
2433 1286 2545 1324 non
2567 1274 2726 1340 potes
2738 1267 2828 1321 hic
2843 1283 3094 1320 manere.
3122 1267 3318 1336 Puella
3347 1266 3512 1321 dixit:
3537 1264 3645 1320 Ubi
3669 1282 3754 1318 vos

2163 1357 2422 1422 manetis,
2456 1362 2514 1410 et
2541 1373 2644 1427 ego
2671 1372 2890 1410 maneo.
2928 1355 2998 1409 Et
3023 1371 3149 1410 cum
3175 1355 3296 1425 jam
3325 1369 3568 1425 vespera
3596 1359 3754 1417 esset,

2163 1452 2221 1502 et
2247 1447 2491 1501 multum
2521 1451 2704 1499 mater
2731 1446 2851 1515 ejus
2872 1445 3148 1514 coegisset
3170 1447 3340 1514 atque
3370 1441 3663 1496 abbatissa
3697 1447 3756 1496 ut

2164 1536 2497 1600 ambularet,
2507 1550 2863 1606 nequaquam
2876 1537 3184 1604 potuerunt
3195 1549 3318 1586 eam
3339 1532 3545 1586 tollere
3564 1531 3634 1584 de
3645 1547 3760 1585 mo-

2165 1625 2430 1681 nasterio.
2491 1625 2730 1680 Multum
2775 1639 2908 1693 ergo
2937 1621 3150 1676 crebris
3199 1621 3400 1675 diebus
3430 1624 3620 1676 mater
3647 1621 3760 1691 ejus

2167 1721 2338 1786 atque
2367 1713 2650 1769 abbatissa
2670 1714 2722 1767 ei
2750 1711 3204 1775 blandiebantur,
3237 1715 3296 1765 et
3321 1710 3762 1782 persuaderene—

2168 1805 2434 1877 quierunt
2453 1809 2519 1857 ut
2535 1803 2604 1857 de
2615 1800 2958 1856 monasterio
2987 1799 3301 1872 potuissent
3315 1815 3445 1854 eam
3465 1799 3755 1871 expellere.

2110 1879 2157 1939 Β
2171 1893 2484 1948 Novissime
2507 1908 2636 1946 vero
2654 1890 2796 1945 dixit
2807 1889 3088 1944 abbatissa
3099 1889 3316 1960 puellae:
3339 1889 3506 1956 Filia,
3525 1889 3575 1944 si
3585 1889 3666 1943 vis
3681 1889 3764 1942 hic

2172 1998 2521 2055 permanere,
2547 1981 2763 2034 litteras
2791 1979 2962 2034 habes
2989 1979 3203 2034 discere
3231 1985 3288 2032 et
3313 1978 3679 2043 Psalterium,
3717 1987 3768 2034 et

2172 2088 2353 2143 usque
2380 2071 2453 2124 ad
2479 2085 2770 2141 vesperam
2816 2067 2990 2122 habes
3037 2068 3320 2139 jejunium
3367 2067 3597 2132 ducere,
3633 2067 3771 2121 sicut

2173 2161 2446 2216 universae
2474 2175 2714 2214 sorores.
2749 2157 2946 2212 Puella
2972 2156 3116 2210 dixit
3143 2157 3224 2211 ei:
3253 2157 3369 2228 Ego
3393 2163 3452 2212 et
3465 2156 3768 2227 jejunium,

2175 2257 2234 2306 et
2259 2242 2450 2304 omnia
2476 2248 2648 2314 disco,
2697 2247 3047 2302 solummodo
3088 2245 3358 2300 dimittite
3388 2263 3483 2301 me
3511 2246 3608 2300 hic
3635 2261 3771 2300 esse.

2175 2339 2327 2395 Dixit
2351 2355 2484 2410 ergo
2512 2337 2798 2392 abbatissa
2826 2336 2995 2390 matri
3025 2337 3148 2407 ejus
3180 2353 3192 2389 :
3235 2333 3477 2390 Domina
3505 2351 3641 2390 mea
3663 2351 3772 2389 ma-

2175 2433 2362 2496 trona,
2395 2427 2618 2482 dimitte
2635 2427 2782 2480 hanc
2809 2426 2929 2493 hic;
2959 2424 3118 2479 video
3145 2424 3296 2479 enim
3319 2424 3448 2495 quia
3470 2425 3667 2495 gratia
3678 2424 3771 2478 Dei

2175 2518 2360 2573 illuxit
2390 2517 2448 2570 in
2479 2533 2546 2570 ea
2577 2535 2589 2582 ;
2623 2520 2680 2569 et
2702 2515 2932 2586 justitia
2955 2513 3154 2585 patris,
3188 2517 3247 2568 et
3273 2513 3542 2568 honestas
3563 2519 3688 2580 tua,
3721 2518 3771 2566 et

2175 2607 2457 2662 orationes
2488 2611 2859 2677 utrorumque
2885 2608 3134 2658 vestrum
3162 2607 3432 2659 aternam
3449 2603 3634 2657 vitam
3655 2619 3772 2675 pro-

2173 2697 2364 2752 videre
2395 2696 2446 2751 ei
2475 2699 2804 2751 noscuntur.

2246 2787 2379 2842 CAP.
2414 2784 2508 2840 IX.
2533 2813 2600 2824 —
2631 2785 2879 2854 Surgens
2918 2783 3094 2854 igitur
3140 2782 3477 2854 Euphraxia,
3534 2786 3594 2836 et
3623 2798 3774 2836 assu-

2175 2891 2335 2930 mens
2362 2874 2538 2929 ﬁliam
2565 2889 2745 2940 suam,
2780 2873 2850 2927 ad
2861 2872 3199 2927 dominicam
3214 2871 3665 2942 eamimaginem
3683 2871 3773 2924 ad-

2175 2963 2338 3019 duxit
2361 2983 2372 3032 ;
2404 2967 2462 3018 et
2489 2963 2794 3037 extendens
2821 2977 3023 3016 manus
3053 2961 3123 3016 ad
3147 2962 3370 3026 cmlum,
3398 2977 3530 3015 cum
3569 2977 3771 3030 magno

2177 3055 2419 3109 clamore
2440 3058 2497 3107 et
2516 3053 2652 3107 ﬁetu
2679 3051 3176 3118 c1amavit,dicens:
3205 3051 3443 3105 Domine
3460 3051 3490 3105 Ι
3494 3067 3598 3104 esu
3618 3050 3776 3104 Chri-

2179 3149 2282 3209 ste,
2316 3141 2460 3197 habe
2489 3158 2684 3196 curam
2708 3141 2872 3196 istius
2899 3141 3206 3206 infantulae,
3223 3140 3358 3210 quia
3373 3145 3432 3194 te
3459 3139 3776 3210 concupivit

505 3241 684 3296 regno
713 3225 1022 3299 priventur.
1057 3229 1167 3284 Sed
1197 3245 1267 3284 ne
1287 3235 1343 3284 te
1371 3230 1718 3296 contristem,
1734 3235 1834 3285 aut
1848 3231 1968 3285 sine
1986 3231 2098 3286 fru-
2115 3239 2157 3300 (1
2180 3239 2236 3288 ct
2263 3231 2368 3286 tibi
2395 3247 2454 3286 se
2475 3231 2905 3286 commendavit.
2929 3231 2998 3285 Et
3017 3245 3300 3295 conversa,
3329 3229 3472 3284 dixit
3493 3229 3566 3283 ad
3596 3229 3774 3283 ﬁliam

501 3319 596 3370 ctu
623 3315 925 3385 dimittam,
983 3334 1224 3390 paucum
1279 3318 1465 3374 oleum
1495 3319 1567 3374 ad
1595 3321 1856 3374 candelas
1887 3327 1944 3375 et
1967 3321 2096 3392 thy-

502 3403 710 3460 miama
739 3405 798 3460 in
846 3406 1158 3464 oratorium
1187 3409 1394 3476 confer,
1441 3412 1498 3463 et
1525 3408 1632 3464 hoc
1674 3409 1780 3464 erit
1809 3408 1970 3464 nobis
1998 3427 2099 3481 pro

505 3493 764 3550 mercede
785 3495 1040 3567 justitia.
1073 3497 1145 3552 Et
1171 3496 1258 3552 his
1286 3497 1508 3564 oblatis,
1531 3497 1766 3569 rogabat
1782 3499 2101 3570 Euphraxia

505 3582 868 3653 abbatissam,
897 3590 964 3641 ut
981 3600 1178 3642 omnes
1201 3603 1419 3642 serores
1440 3592 1668 3643 orarent
1689 3603 1791 3660 pro
1819 3588 2100 3659 Antigono

505 3677 564 3728 et
594 3673 713 3728 ﬁlia
741 3674 863 3744 ejus
891 3673 1231 3748 Euphraxia.

577 3763 709 3818 CAP.
734 3763 878 3820 VIII.
899 3792 967 3807 -—
987 3763 1114 3820 Una
1139 3782 1272 3820 vero
1300 3765 1520 3822 dierum
1542 3765 1872 3838 Euphraxia:
1902 3766 2102 3820 infanti

507 3849 788 3908 abbatissa
817 3851 975 3922 dixit,
1013 3855 1317 3910 tentando:
1349 3855 1592 3911 Domina
1615 3872 1742 3911 mea
1761 3856 2098 3928 Euphraxia,

505 3941 696 4013 diligis
709 3943 1117 3999 monasterium
1137 3949 1394 4000 nostrum
1407 3949 1467 4001 et
1478 3961 1674 4000 omnes
1701 3961 1923 4000 sorores
1945 3943 1969 3999 ?
1999 3946 2105 4000 Illa

507 4031 816 4102 respondit:
836 4032 1472 4106 Etiam,domina,diligo
1481 4051 1596 4091 vos.
1616 4035 1770 4090 Dixit
1789 4035 1841 4090 ei
1857 4034 2102 4090 abbatis-

511 4135 577 4174 sa
607 4135 832 4174 rursum
858 4137 986 4176 cum
1007 4122 1133 4192 joco
1162 4140 1174 4176 :
1211 4123 1270 4178 Si
1299 4139 1402 4179 nos
1429 4124 1638 4195 diligis,
1672 4129 1792 4180 esto
1813 4124 2106 4180 nobiscum

512 4207 575 4264 in
595 4213 788 4264 nostro
808 4208 1112 4266 schemate.
1139 4210 1243 4266 Cui
1262 4211 1543 4267 infantula
1559 4213 1701 4268 dixit
1719 4230 1731 4266 :
1748 4215 1892 4268 Vere
1920 4214 1968 4269 si
1993 4231 2104 4269 non

513 4296 946 4354 contristaretur
977 4304 1162 4354 mater
1179 4317 1326 4364 mea,
1349 4301 1587 4357 ulterius
1614 4317 1730 4358 non
1757 4303 2014 4374 egrediar
2036 4304 2106 4360 de

511 4383 634 4444 loco
653 4387 782 4442 isto.
821 4387 928 4444 Cui
965 4387 1249 4444 abbatissa
1259 4389 1429 4448 dixit:
1454 4391 1610 4446 Inter
1636 4408 1738 4446 nos
1759 4397 1816 4446 et
1841 4409 2106 4465 sponsum

511 4493 680 4550 quem
709 4476 836 4549 plus
865 4493 1024 4533 amas
1055 4477 1081 4531 ?
1123 4478 1318 4534 Puella
1335 4478 1477 4534 dixit
1507 4498 1518 4533 :
1552 4480 1749 4552 Neque
1767 4481 1928 4537 illum
1957 4483 2104 4551 novi,

2181 3338 2370 3378 suam:
2407 3319 2742 3392 Euphraxia,
2785 3318 2903 3374 ﬁlia
2929 3335 3074 3385 mea,
3103 3318 3253 3373 Deus
3281 3319 3378 3388 qui
3396 3317 3657 3373 fundavit
3677 3318 3776 3372 im.

2181 3409 2416 3464 mobiles
2442 3413 2682 3476 montes,
2716 3413 2774 3464 et
2796 3413 2853 3464 te
2880 3423 3102 3480 quoque
3129 3407 3189 3462 in
3214 3423 3315 3462 suo
3343 3407 3550 3462 timore
3579 3407 3778 3460 conﬁr-

2182 3503 2316 3554 met.
2344 3499 2413 3554 Et
2433 3515 2561 3552 cum
2590 3499 2707 3552 haec
2732 3497 2979 3563 dixisset,
3013 3496 3073 3550 in
3099 3495 3361 3550 manibus
3387 3511 3512 3550 eam
3542 3495 3779 3550 tradidit

2184 3587 2504 3656 abbatissae;
2553 3592 2610 3642 et
2635 3587 2866 3652 deflens,
2927 3591 3232 3658 pectusque
3289 3602 3456 3640 suum
3506 3585 3773 3648 tundens,

2183 3678 2264 3734 ita
2287 3677 2518 3733 recessit
2546 3693 2581 3732 a
2604 3676 2966 3743 monasterio,
2993 3681 3059 3732 ut
3079 3676 3259 3731 omnis
3271 3675 3631 3746 congregatio
3647 3691 3776 3729 cum

2185 3784 2252 3822 ea
2279 3767 2524 3839 ploraret
2538 3811 2552 3825 .

2257 3856 2386 3912 CAP.
2418 3857 2486 3910 X.
2517 3887 2582 3900 —
2607 3855 2737 3911 Alia
2777 3872 2908 3911 vero
2939 3855 3029 3910 die
3069 3855 3354 3910 abbatissa
3403 3869 3636 3910 sumens
3669 3855 3778 3910 Eu-

2185 3944 2498 4029 phraxiam,
2544 3944 2854 4000 introduxit
2881 3961 3007 3999 eam
3038 3945 3098 3999 in
3127 3944 3513 4011 secretarium,
3547 3951 3606 3998 et
3632 3944 3779 3998 facta

2187 4035 2442 4090 oratione
2472 4051 2643 4106 super
2688 4050 2834 4097 eam,
2863 4034 3049 4088 induit
3068 4051 3192 4088 eam
3217 4033 3550 4088 indumento
3579 4049 3779 4087 mona-

2188 4123 2366 4187 chali;
2426 4128 2482 4178 et
2513 4123 2818 4178 extendens
2845 4139 3046 4177 manus
3073 4123 3142 4177 ad
3171 4123 3392 4188 coelum,
3425 4139 3526 4193 pro
3559 4139 3628 4176 ea
3655 4138 3781 4192 sup-

2187 4213 2432 4284 plicavit,
2460 4212 2648 4267 dicens
2674 4231 2684 4266 :
2721 4213 2836 4267 Rex
2866 4213 3217 4279 saeculorum,
3262 4213 3357 4283 qui
3378 4211 3437 4266 in
3467 4229 3536 4266 ea
3563 4211 3780 4283 ccepisti

2188 4317 2328 4373 opus
2354 4300 2583 4368 bonum,
2617 4307 2681 4357 tu
2709 4303 2912 4374 perﬁce
2934 4302 3039 4356 hoc
3067 4301 3127 4356 in
3155 4317 3290 4373 pace
3313 4319 3326 4368 ;
3353 4300 3427 4355 da
3446 4307 3513 4355 ut
3529 4299 3781 4355 ambulet

2187 4391 2496 4446 secundum
2521 4408 2728 4445 nomen
2741 4396 2924 4458 tuum,
2947 4397 3004 4445 et
3016 4391 3277 4446 fiduciam
3299 4389 3553 4444 inveniat
3572 4389 3635 4444 in
3658 4406 3784 4444 con-

2189 4485 2384 4552 spectu
2412 4484 2510 4535 tuo
2541 4497 2762 4552 semper
2789 4480 2899 4534 ista
2928 4480 3222 4535 infantula.
3251 4480 3408 4534 Tunc
3436 4485 3496 4533 et
3524 4479 3784 4550 Euphra-

511 4581 697 4639 neque
715 4566 810 4622 ille
838 4584 961 4636 me;
1003 4583 1100 4623 vos
1129 4572 1319 4624 autem
1348 4569 1496 4637 novi,
1533 4574 1589 4624 et
1612 4587 1708 4626 vos
1737 4587 1884 4630 amo.
1929 4572 2108 4627 Dicite
2127 4562 2281 4624 Dxia
2310 4574 2494 4624 mater
2513 4571 2637 4640 ejus
2659 4586 2845 4638 orans,
2877 4570 3018 4624 dixit
3043 4588 3053 4622 :
3105 4570 3246 4624 Filia
3279 4584 3423 4632 mea,
3470 4584 3635 4622 amas
3685 4569 3783 4622 hoc

511 4656 690 4712 mihi:
716 4657 830 4713 Vos
841 4661 1033 4714 autem
1047 4675 1216 4731 quem
1237 4659 1488 4732 diligitis,
1516 4676 1607 4716 me
1636 4677 1709 4716 an
1733 4660 1894 4716 illum
1922 4661 1947 4716 ’ἲ
1993 4662 2109 4718 Illa:

510 4759 642 4800 vero
691 4745 954 4802 dixerunt
987 4765 1000 4801 :
1033 4747 1148 4803 Nos
1176 4753 1234 4804 te
1263 4748 1568 4820 diligimus,
1603 4755 1660 4805 et
1687 4750 1973 4806 Christum
2003 4767 2108 4806 no-

514 4835 922 4890 strum.Puella
931 4853 1062 4892 vero
1079 4839 1398 4910 respondit:
1426 4840 1541 4910 Ego
1564 4856 1696 4896 vero
1717 4843 1774 4894 et
1787 4856 1882 4895 vos
1911 4839 2104 4911 diligo,

513 4927 572 4976 et
585 4922 871 4978 Christum
883 4929 1152 4980 vestrum.
1177 4927 1418 4982 Sedebat
1431 4944 1562 4982 vero
1579 4928 1900 5000 Euphraxia
1921 4933 2109 4983 mater

515 5011 656 5084 ejus,
693 5017 749 5067 et
763 5013 1063 5069 ﬂuminum
1081 5014 1463 5087 lacrymarum
1475 5018 1524 5089 ej
1533 5033 1598 5072 us
1609 5035 1721 5073 non
1740 5022 1866 5072 erat
1884 5017 2104 5072 modus.

509 5101 779 5158 Libenter
799 5103 949 5158 enim
962 5103 1226 5159 audiebat
1243 5105 1414 5161 verba
1427 5107 1626 5179 puellae
1641 5107 1939 5172 abbatissa,
1977 5107 2110 5178 quia

509 5205 638 5247 cum
653 5197 804 5247 esset
827 5196 994 5247 aetate
1011 5192 1450 5262 infantula,talia
1471 5195 1821 5267 loquebatur.
1843 5195 2106 5251 Nondum

507 5278 659 5336 enim
681 5286 897 5354 septem
937 5297 1114 5336 annos
1136 5281 1484 5354 impleverat,
1507 5284 1642 5338 dum
1663 5301 1790 5340 cum
1825 5283 2108 5340 abbatissa

509 5369 838 5443 loqueretur
883 5371 1273 5443 hujuscemodi
1303 5372 1491 5427 verba.
1533 5373 1688 5427 Tunc
1734 5373 2106 5443 ingemiscens

511 5464 714 5526 mater,
735 5465 793 5517 et
821 5478 1014 5516 amare
1041 5462 1275 5530 deﬂens,
1301 5462 1372 5516 ad
1392 5461 1566 5516 ﬁliam
1585 5477 1746 5517 suam
1765 5461 1936 5518 dixit:
1964 5463 2108 5518 Filia

505 5549 800 5617 mea,veni,
829 5567 1132 5623 pergamus
1173 5551 1246 5606 ad
1281 5551 1532 5618 domum,
1561 5551 1694 5622 quia
1725 5552 1845 5623 jam
1870 5569 2100 5625 vespera

506 5639 612 5690 est.
645 5637 746 5692 Cui
785 5639 974 5710 puella
1000 5639 1138 5694 dixit
1171 5657 1184 5693 :
1218 5639 1334 5712 Ego
1369 5638 1458 5694 hic
1488 5655 1689 5696 maneo
1713 5657 1842 5698 cum
1867 5643 2098 5699 domina

504 5720 806 5782 abbatissa.
824 5727 975 5784 Dixit
988 5728 1274 5786 abbatissa
1301 5729 1533 5806 puellae:
1559 5729 1733 5802 Vade,
1765 5731 2010 5802 domina,
2037 5733 2096 5790 in

2191 4659 2473 4713 schemate
2495 4659 2720 4714 vestiri?
2736 4659 2838 4714 Cui
2860 4657 3324 4730 Euphraxiadixit
3343 4657 3784 4729 :Utique,mater

2193 4763 2336 4815 mea,
2371 4748 2502 4821 quia
2523 4748 2666 4803 sicut
2685 4748 2886 4819 agnovi
2916 4748 2986 4802 ab
3015 4747 3314 4814 abbatissa,
3348 4753 3405 4800 et
3422 4747 3670 4802 domina:
3695 4764 3781 4801 so-

2190 4853 2347 4892 rores
2376 4837 2658 4903 dixerunt,
2683 4838 2789 4892 hoc
2818 4838 3048 4892 schema
3071 4853 3171 4909 pro
3199 4836 3382 4891 arrhis
3423 4835 3641 4906 praebet
3667 4836 3782 4890 dili-

2187 4926 2446 4998 gentibus
2467 4944 2526 4980 se
2555 4926 2828 4982 Dominus
2849 4928 3009 4982 Jesus
3035 4927 3310 4981 Christus.
3349 4925 3453 4980 Cui
3481 4932 3672 4980 mater
3687 4942 3783 4979 sua

2191 5017 2332 5072 dixit
2363 5035 2374 5070 :
2410 5016 2513 5072 Cui
2545 5017 2882 5088 desponsata
2903 5032 2982 5083 es,
3010 5016 3131 5088 ipse
3142 5016 3310 5070 iaciat
3327 5020 3384 5070 te
3406 5015 3666 5070 thalamo
3687 5031 3782 5070 suo

2190 5105 2439 5176 dignam.
2464 5106 2533 5160 Et
2555 5106 2660 5160 hoc
2691 5106 2898 5172 dicens,
2933 5111 2989 5160 et
3031 5122 3197 5160 orans
3221 5120 3320 5177 pro
3345 5104 3461 5158 ﬁlia
3488 5121 3610 5170 sua,
3644 5106 3783 5158 vale-

2190 5194 2332 5249 dixit
2378 5195 2673 5250 abbatissae
2697 5201 2752 5249 et
2773 5194 3076 5262 sororibus,
3112 5201 3169 5250 et
3197 5193 3450 5249 osculata
3494 5199 3583 5248 est
3613 5195 3783 5248 ﬁliam

2189 5300 2369 5340 suam.
2399 5285 2469 5340 Et
2488 5301 2731 5356 egressa,
2761 5286 2923 5355 juxta
2945 5301 3160 5339 morem
3209 5281 3496 5351 circuibat,
3533 5283 3783 5356 praebens

2187 5374 2531 5446 pauperibus
2563 5375 2712 5445 quod
2741 5373 3087 5444 indigebant.

2260 5465 2390 5518 CAP.
2415 5465 2574 5518 XI.-—
2590 5463 2808 5535 Ubique
2829 5469 3015 5518 autem
3040 5463 3434 5535 divulgabatur
3454 5463 3780 5534 Euphraxia:

2187 5553 2400 5623 optima
2427 5553 2791 5620 conversatio,
2809 5558 3081 5624 quantum
3109 5553 3323 5608 confert
3344 5558 3400 5606 et
3426 5553 3781 5606 monasteriis

2180 5645 2238 5696 et
2249 5640 2656 5697 venerabilibus
2676 5643 2830 5709 locis,
2849 5643 2930 5696 ita
2957 5647 3022 5698 ut
3040 5643 3114 5696 im
3123 5642 3778 5714 peratorsﬁdaudiret,

2179 5736 2236 5788 et
2256 5731 2438 5790 omnis
2461 5737 2690 5790 senatus
2713 5748 2837 5788 eam
2864 5732 3030 5789 nimis
3063 5737 3342 5800 amarent,
3375 5735 3546 5804 atque
3575 5733 3758 5804 gloriﬁ
