3868 6442
108 414 228 473 629
452 444 454 446 ν
1108 427 1276 482 VITA
1316 427 1622 484 SANCTIE
1661 426 2108 494 EUPHRASIZE,
2149 424 2494 480 VIRGINIS.
3331 412 3440 474 630

106 550 332 600 carent
362 546 580 602 Deum.
615 549 934 606 Audiebant
958 554 1107 608 enim
1129 555 1276 624 quod
1307 571 1408 608 nec
1430 554 1641 626 piscem
1657 554 1827 628 gu-A
1842 554 2048 626 palatio
2079 567 2369 623 nunquam
2389 566 2423 604 a
2453 553 2510 604 te
2529 545 2902 603 dividebatur.
2946 546 3162 601 Horum
3182 559 3315 616 ergo
3343 559 3438 600 re-

113 636 336 701 staret,
369 653 490 692 nec
508 639 698 694 vinum
727 640 972 710 biberet;
1006 643 1103 697 sed
1124 648 1250 715 post
1277 649 1437 698 tanta
1460 645 1608 699 dona
1638 662 1760 717 quae
1843 643 2223 699 cordationem
2238 637 2847 707 habens,substantiam
2862 635 3008 694 hanc
3021 633 3164 691 bene
3177 632 3432 708 dispone.

111 722 432 781 universis
467 729 785 784 conferebat
810 737 865 785 et
891 732 1152 801 gloriam,
1177 749 1211 786 a
1230 750 1471 804 vespera
1499 751 1676 806 usque
1690 736 1761 790 ad
1843 734 2054 790 Omnes
2071 731 2405 787 constitutos
2433 728 2536 784 sub
2546 729 2688 799 jugo
2707 725 2988 782 servitutis
3005 723 3362 790 manumitte,
3379 726 3437 778 et

113 828 446 884 vesperam
468 818 748 888 jejunium
763 805 1018 888 faciebat,
1041 822 1345 894 aliquando
1364 805 1761 895 sumenslegu-
1843 823 1924 878 eis
1953 821 2206 892 legitima
2233 819 2493 910 concede.
2513 817 2720 872 Manda
2735 813 3019 910 actoribus
3040 812 3218 910 patris
3239 811 3351 910 mei
3371 816 3438 910 ut

113 917 281 968 men,
319 905 646 976 aliquando
676 909 849 963 olera.
1842 928 2007 968 omne
2036 911 2290 965 debitum
2320 908 2610 964 dimittant
2629 905 2906 977 agricolis,
2930 903 3079 975 quod
3104 920 3137 958 a
3156 901 3436 973 diepatris

193 992 342 1047 CAP.
374 995 512 1050 XII.
537 1022 593 1036 --
624 998 756 1053 Post
784 1015 992 1070 paucos
1022 1006 1212 1056 autem
1254 1003 1372 1058 dies
1402 1019 1636 1058 evocans
1668 1003 1762 1058 ab-
1842 1001 1952 1055 mei
1981 1017 2159 1071 usque
2189 1000 2261 1054 ad
2289 999 2435 1052 hanc
2455 997 2605 1052 diem
2634 994 2963 1062 reddebant,
2995 997 3060 1048 ut
3087 993 3208 1048 sine
3227 990 3434 1046 sollici-

116 1079 351 1136 batissa
369 1089 625 1138 matrem
641 1087 856 1156 puellae,
880 1089 1019 1143 dixit
1039 1091 1088 1144 ei
1112 1097 1348 1145 secrete:
1378 1092 1635 1160 Domina,
1660 1093 1759 1148 ali-
1840 1091 2035 1147 tudine
2047 1105 2301 1144 mearum
2310 1094 2665 1143 terrenarum
2675 1101 2865 1140 rerum
2877 1081 3436 1148 consistens,Christo

117 1185 305 1240 quam
354 1189 493 1227 rem
535 1175 656 1229 volo
695 1175 797 1230 tibi
841 1177 1044 1243 dicere,
1079 1196 1190 1234 non
1220 1185 1276 1234 te
1308 1182 1621 1237 conturbet.
1655 1183 1758 1238 Cui
1841 1180 1961 1236 sine
1983 1179 2231 1252 quolibet
2257 1177 2463 1232 servire
2500 1177 2716 1231 valeam
2745 1174 3148 1246 inpedimento,
3193 1170 3283 1227 cui
3310 1170 3436 1226 ani~

118 1261 446 1331 respondit
475 1264 748 1319 :Domina
769 1283 913 1333 mea,
940 1269 1086 1338 quod
1103 1270 1270 1340 jubes
1291 1271 1397 1325 dic.
1419 1271 1571 1326 Dixit
1592 1271 1758 1326 abba-
1840 1287 1993 1324 mam
2023 1286 2207 1338 meam
2235 1267 2652 1322 commendasse
2681 1281 3004 1336 cognoscar.
3024 1263 3195 1318 Orate
3217 1277 3318 1333 pro
3334 1276 3436 1315 an-

117 1348 268 1402 tissa
296 1367 308 1402 :
345 1351 491 1405 Vidi
525 1354 673 1408 enim
697 1355 756 1409 in
779 1356 991 1411 somnis
1021 1359 1367 1430 Antigonum
1392 1360 1573 1416 virum
1590 1366 1756 1416 tuum
1841 1359 1972 1414 cilla
2003 1363 2206 1422 vestra,
2239 1362 2301 1412 tu
2315 1356 2655 1427 etAugusta,
2680 1360 2745 1410 ut
2772 1357 3057 1408 mereatur
3077 1351 3304 1407 Christo
3324 1365 3439 1403 ser-

120 1438 182 1492 in
211 1456 446 1511 magna
477 1443 660 1512 gloria
689 1446 1075 1513 constitutum,
1119 1453 1176 1502 et
1206 1450 1423 1521 rogavit
1452 1451 1757 1506 Dominum
1839 1449 1973 1515 vire,
1999 1453 2168 1520 prout
2181 1447 2447 1518 dignatur
2459 1445 2722 1499 ancillam
2737 1459 2921 1498 suam.
2943 1461 2965 1493 ι
2985 1438 3438 1538 Deindesignans

120 1527 329 1584 Jesum
354 1531 656 1586 Christum
686 1540 750 1588 ut
771 1536 1076 1605 egrediaris
1096 1537 1165 1591 de
1195 1554 1427 1610 corpore
1453 1545 1572 1607 tuo,
1607 1546 1664 1595 et
1687 1541 1756 1596 de
1839 1538 2156 1610 epistolam,
2191 1535 2480 1591 veredario
2521 1534 2696 1590 dedit.
2749 1531 2858 1597 Qui
2891 1536 3197 1596 revertens,
3236 1527 3440 1584 obtulit

124 1623 341 1672 caetero
373 1620 461 1673 sis
479 1637 606 1675 cum
635 1622 749 1688 illo,
771 1628 826 1677 et
846 1624 1166 1681 fruarisilla
1191 1627 1388 1697 gloria,
1416 1644 1586 1700 quam
1603 1628 1759 1684 Anti-
1836 1626 2164 1699 imperatori
2175 1624 2532 1696 relegendam
2544 1619 3278 1696 epistolam.Quamsolvens
3290 1623 3441 1674 etre-

122 1720 318 1774 gonus
352 1710 575 1763 meruit
587 1711 672 1764 vir
699 1716 849 1770 tuus.
875 1714 1125 1769 Audiens
1149 1722 1342 1771 autem
1373 1717 1509 1783 haec,
1534 1734 1758 1773 reversa
1838 1718 2029 1788 legens
2042 1717 2101 1772 in
2113 1721 2327 1770 secreto
2339 1712 2968 1784 cumAugusta.multas
2983 1707 3438 1783 lacrymasambo

128 1799 218 1849 est
244 1795 309 1850 in
329 1797 577 1853 domum
591 1817 750 1856 suam
773 1807 1050 1870 matrona,
1077 1809 1141 1859 ut
1163 1805 1427 1877 religiosa
1439 1807 1679 1876 femina;
1706 1814 1762 1862 et
1843 1805 2182 1872 eﬁluderunt,
2215 1804 2384 1860 nimis
2408 1807 2635 1858 orantes
2664 1817 2766 1874 pro
2793 1799 3130 1874 Euphraxia.
3155 1803 3316 1858 Mane
3343 1814 3440 1854 au-

127 1901 243 1940 non
265 1887 468 1941 solum
495 1905 605 1944 non
627 1896 711 1944 est
729 1891 976 1959 turbata,
1004 1894 1102 1948 sed
1129 1895 1323 1950 lzetitia
1343 1913 1551 1968 magna
1567 1897 1762 1970 gavisa
1781 1881 1958 1952 Btem
1988 1896 2152 1962 facto,
2185 1909 2496 1950 convocans
2511 1892 2820 1964 imperator
2848 1906 3072 1946 omnem
3099 1893 3362 1946 senatum
3383 1893 3440 1944 et

130 1979 236 2032 est.
271 1976 504 2032 Orabat
524 1979 673 2034 enim
696 1985 757 2034 ut
778 1980 848 2034 ab
864 1982 1114 2038 humana
1136 1984 1253 2039 vita
1275 1985 1669 2054 discederet,et
1689 1987 1759 2043 de

129 2069 338 2119 caetero
392 2073 549 2123 esset
592 2085 718 2124 cum
764 2071 1006 2138 Christo,
1062 2078 1119 2127 et
1165 2089 1292 2128 mox
1334 2093 1539 2130 vocans
1585 2076 1759 2132 ﬁliam

131 2171 320 2222 suam,
338 2155 495 2211 dixit
514 2157 585 2212 ad
607 2175 732 2213 eam
756 2176 767 2212 :
791 2160 935 2216 Filia
952 2178 1096 2228 mea,
1113 2163 1258 2219 sicut
1280 2165 1419 2220 mihi
1439 2165 1652 2221 dictum
1672 2171 1759 2221 est

131 2260 165 2298 a
194 2245 440 2300 domina
465 2262 595 2302 mea
619 2247 922 2317 abbatissa,
975 2253 1192 2308 vocavit
1233 2271 1325 2308 me
1374 2255 1654 2322 Christus,
1703 2261 1759 2310 et

133 2335 749 2408 apprOpinquaverunt
793 2341 911 2396 dies
957 2341 1140 2398 obitus
1174 2345 1304 2399 mei.
1348 2345 1487 2400 Ecce
1531 2362 1757 2402 omnem

133 2424 527 2482 substantiam
555 2445 738 2484 meam
768 2436 823 2485 et
848 2433 1026 2502 patris
1040 2433 1123 2487 tui
1139 2434 1267 2488 dedi
1287 2435 1347 2489 in
1363 2451 1565 2490 manus
1579 2441 1708 2491 tuas
1738 2453 1750 2489 :

134 2513 409 2587 dispensa
428 2523 562 2572 eam
580 2519 690 2590 pie,
704 2524 769 2574 ut
793 2522 1074 2576 caelestem
1096 2523 1276 2594 possis
1296 2523 1502 2579 habere
1518 2523 1756 2581 haeredi-

135 2607 337 2659 tatem.
375 2607 634 2664 Audiens
661 2609 777 2663 haec
807 2611 1124 2682 Euphraxia
1155 2629 1189 2667 a
1209 2617 1390 2668 matre
1429 2631 1550 2679 sua,
1585 2615 1756 2687 coepit

134 2693 522 2765 ingemiscere
543 2702 600 2752 et
614 2698 768 2765 ﬂere,
787 2700 1004 2756 dicens:
1023 2702 1117 2756 Vae
1141 2703 1441 2775 mihi,quia
1453 2704 1754 2776 peregrina

143 2799 271 2838 sum
302 2791 361 2839 et
401 2787 678 2858 orphana.
711 2789 858 2845 Dicit
887 2791 945 2848 .ei
990 2797 1172 2846 mater
1213 2810 1349 2848 sua:
1399 2794 1543 2848 Filia
1577 2794 1752 2850 habes

139 2873 435 2930 Christum
459 2893 563 2948 pro
585 2883 746 2949 patre
768 2884 825 2934 et
847 2897 1071 2951 sponso,
1096 2882 1222 2937 ideo
1246 2899 1348 2937 nec
1370 2885 1672 2956 peregrina
1692 2901 1751 2940 es

141 2979 241 3018 nec
261 2967 556 3036 orphana:
584 2967 759 3024 habes
779 2975 835 3024 et
846 2970 1134 3025 dominam
1156 2971 1497 3028 abbatissam
1518 2989 1620 3045 pro
1642 2991 1754 3029 ma.

139 3053 241 3108 tris
269 3054 482 3110 officio.
517 3057 678 3124 Vide,
702 3059 836 3126 ﬁlia,
861 3059 1063 3114 festina
1076 3062 1224 3132 quod
1242 3063 1554 3150 promisisti
1579 3063 1754 3119 adim-

142 3140 312 3213 plere.
346 3145 536 3200 Deum
581 3147 735 3214 time,
779 3154 835 3203 et
881 3165 1076 3205 omnes
1114 3140 1335 3206 sorores
1364 3153 1598 3220 honora,
1633 3169 1753 3209 ser-

1841 1976 2062 2058 patrem
2083 1985 2299 2059 pariter
2319 1981 2652 2055 Euphraxiae
2682 1980 2892 2053 sponsi,
2912 1978 3084 2051 jussit
3104 1993 3296 2034 coram
3323 1977 3440 2050 epi-

1841 2076 2045 2131 stolam
2076 2075 2282 2146 legere.
2304 2073 2392 2128 Illi
2423 2089 2554 2127 vero
2575 2070 2871 2126 audientes
2893 2068 3208 2141 epistolam,
3240 2083 3437 2124 omnes

1841 2169 1974 2221 sunt
2002 2164 2264 2236 lacrymis
2290 2161 2512 2235 repleti,
2547 2165 2605 2216 et
2622 2159 2776 2215 velut
2802 2176 2868 2214 ex
2892 2175 3006 2215 uno
3022 2174 3120 2214 ore
3143 2157 3432 2214 dixerunt:

1839 2256 2004 2322 Vere,
2037 2253 2264 2310 domine
2291 2254 2619 2324 imperator,
2656 2250 2774 2306 ﬁlia
2813 2254 2898 2305 est
2933 2247 3204 2321 Antigoni
3235 2252 3292 2304 et
3321 2247 3434 2304 Eu-

1837 2343 2086 2418 phraxiae
2113 2359 2296 2415 genus
2325 2349 2507 2408 tuum,
2539 2345 2596 2396 et
2624 2357 2691 2395 ex
2729 2338 3004 2411 sanguine
3045 2339 3168 2409 ejus
3192 2341 3278 2394 est
3314 2337 3433 2393 haec

1837 2435 2044 2508 puella.
2089 2433 2235 2488 Vere
2275 2431 2669 2503 religiosorum
2707 2433 3008 2502 parentum
3051 2426 3317 2500 religiosa
3351 2431 3440 2482 est

1837 2524 1971 2591 ﬁlia,
2005 2527 2212 2579 sanctae
2257 2520 2462 2577 radicis
2493 2523 2721 2574 sanctus
2769 2523 2855 2574 est
2895 2534 3088 2573 ramus
3115 2535 3128 2585 ;
3157 2521 3216 2572 et
3239 2532 3436 2574 omnes

1839 2614 2066 2686 quidem
2080 2629 2150 2669 ex
2173 2613 2418 2685 quadam
2439 2609 2738 2666 concordia
2754 2607 3212 2680 gloriﬁcaverunt
3230 2607 3434 2676 Deum,

1836 2709 1894 2760 et
1917 2720 2018 2776 pro
2048 2703 2236 2775 puella
2257 2702 2472 2774 pariter
2491 2705 2811 2766 oraverunt,
2837 2703 2895 2754 et
2910 2712 3270 2772 nequaquam
3295 2696 3438 2753 ulte-

1835 2793 1953 2850 rius
1983 2798 2211 2849 senator
2230 2793 2326 2847 ille
2344 2791 2498 2846 visus
2522 2796 2608 2846 est
2630 2790 3006 2862 importunus.

1908 2883 2278 2950 CAP.,XIV.-
2298 2883 2614 2954 Imperator
2627 2897 2760 2952 ergo
2775 2884 2977 2935 cuncta
2993 2877 3296 2952 disponens
3320 2877 3432 2950 pie,

1836 2978 1895 3029 et
1920 2989 2012 3028 res
2051 2973 2252 3046 puellae
2298 2971 2442 3027 bene
2487 2970 2852 3037 distribuens,
2887 2974 2945 3024 et
2986 2969 3106 3042 ipse
3136 2967 3434 3024 defunctus

1836 3068 1938 3128 est,
1975 3068 2032 3118 et
2061 3079 2188 3118 cum
2209 3061 2327 3117 suis
2350 3060 2604 3133 patribus
2641 3060 2896 3132 sepultus
2927 3062 3013 3114 est
3047 3058 3106 3113 in
3136 3073 3291 3130 pace.
3320 3057 3433 3113 Eu-

1833 3152 2206 3226 phraxiavero
2218 3149 2706 3222 magniﬁcabatur,
2723 3153 2782 3204 et
2790 3148 3100 3204 secundum
3114 3147 3294 3203 Deum
3305 3163 3434 3202 con-

140 3230 294 3287 viens
321 3234 404 3290 eis
435 3252 568 3291 cum
597 3237 751 3292 omni
779 3238 1118 3295 humilitate.
1162 3241 1465 3312 Nunquam
1494 3243 1554 3297 in
1582 3243 1748 3298 corde
1770 3250 1814 3311 ί]
1833 3240 2182 3308 versabatur,
2216 3240 2504 3295 abstinens
2537 3239 2688 3294 ultra
2722 3253 3046 3293 mensuram
3081 3251 3262 3292 suam.
3297 3234 3433 3291 Erat

143 3325 238 3376 tuo
270 3324 517 3395 cogites:
543 3325 612 3380 de
640 3327 915 3399 sanguine
943 3330 1100 3400 regio
1128 3347 1251 3384 sum
1277 3348 1410 3397 ;nec
1435 3331 1620 3387 dicas:
1645 3332 1750 3388 De-

142 3408 275 3467 bent
305 3413 452 3468 mihi
495 3415 719 3470 servire.
752 3418 975 3490 Pauper
1005 3425 1123 3474 esto
1153 3419 1210 3474 in
1233 3425 1403 3486 terra,
1439 3427 1503 3476 ut
1522 3437 1582 3476 1n
1607 3423 1746 3477 coelo

146 3499 360 3556 diteris.
381 3504 525 3558 Ecce
548 3505 737 3560 omnia
753 3506 856 3560 sub
878 3507 1138 3562 manibus
1155 3508 1268 3563 tuis
1293 3508 1487 3563 habes.
1519 3510 1744 3565 Posses-

142 3589 323 3646 siones
353 3597 413 3647 et
431 3595 702 3666 pecunias
725 3595 784 3650 in
803 3598 1208 3652 monasterium
1229 3598 1436 3665 confer,
1460 3615 1559 3670 pro
1582 3604 1743 3670 patre

142 3682 237 3734 tuo
267 3686 324 3736 et
351 3699 456 3754 pro
498 3700 606 3751 me,
640 3690 705 3739 ut
729 3685 1083 3742 inveniamus
1116 3688 1561 3743 misericordiam
1590 3689 1741 3760 apud

142 3767 338 3838 Deum,
364 3778 423 3827 et
449 3773 753 3829 liberemur
783 3775 852 3829 ab
881 3780 1088 3831 aeterno
1116 3778 1410 3849 supplicio.
1444 3779 1574 3832 Haec
1601 3795 1742 3850 prae-

143 3857 350 3930 cipiens
380 3863 512 3918 ﬁliae
540 3880 672 3930 suae,
705 3865 876 3919 tertia
894 3867 984 3920 die
1007 3866 1268 3921 defuncta
1298 3872 1400 3935 est,
1431 3873 1488 3922 et
1511 3868 1739 3939 sepelie~

144 3954 272 4004 runt
299 3967 424 4006 eam
457 3955 517 4006 in
547 3954 888 4010 monasterio
913 3955 971 4010 in
994 3962 1378 4011 monumento.

211 4039 340 4094 CAP.
373 4042 528 4098 XIII.
549 4074 614 4084 —
629 4044 878 4099 Audiens
893 4046 1201 4116 imperator
1212 4046 1343 4117 quia
1363 4051 1589 4102 mortua
1601 4047 1739 4102 fuis-

147 4133 227 4182 set
264 4130 589 4202 Euphraxia
613 4149 754 4187 uxor
801 4134 1088 4205 Antigoni,
1125 4152 1388 4190 revocans
1419 4142 1738 4192 senatorem

147 4218 230 4272 cui
257 4220 599 4292 desponsata
625 4223 812 4278 fuerat
839 4224 956 4278 illia
973 4226 1113 4295 ejus,
1133 4225 1398 4281 indicavit
1425 4226 1495 4296 ei,
1523 4228 1730 4282 dicens:

146 4305 281 4369 Quia
294 4312 484 4381 puella
508 4328 775 4367 conversa
804 4319 890 4368 est
915 4314 972 4368 in
990 4316 1353 4370 monasterio.
1371 4316 1474 4371 Ille
1493 4334 1624 4372 vero
1643 4334 1737 4373 ro-

143 4399 288 4465 gavit
302 4399 705 4472 imperatorem
718 4407 782 4458 ut
793 4419 894 4474 per
905 4405 1219 4459 veredarios
1230 4405 1500 4461 scriberet
1515 4408 1730 4479 puellae,

146 4486 300 4558 eique
322 4491 653 4562 praeciperet
682 4498 745 4546 ut
774 4493 846 4546 ad
867 4493 1149 4548 civitatem
1165 4495 1398 4564 veniret,
1425 4502 1481 4550 et
1509 4497 1735 4569 nuptias

1836 3332 1987 3387 enim
2015 3345 2295 3386 annorum
2317 3329 2697 3394 duodecim,et
2714 3327 2787 3382 ad
2814 3325 3124 3381 certamina
3139 3342 3200 3380 se
3211 3325 3432 3382 fortiter

1828 3419 2138 3476 exercebat.
2187 3419 2257 3473 Et
2293 3419 2540 3491 primum
2571 3417 2798 3488 quidem
2822 3431 2855 3470 a
2883 3431 3119 3488 vespera
3147 3430 3327 3488 usque
3356 3416 3428 3471 ad

1826 3526 2119 3581 vesperam
2146 3507 2492 3573 comedebat,
2539 3505 2742 3562 deinde
2771 3509 2900 3577 post
2934 3504 3188 3572 biduum,
3233 3509 3430 3576 postea

1826 3606 1954 3673 post
1980 3599 2231 3655 triduum
2246 3643 2258 3657 .
2281 3598 2450 3652 Nulla
2471 3596 2582 3652 alia
2595 3600 2800 3668 praeter
2811 3595 2968 3650 illam
2993 3595 3244 3650 triclinia
3265 3611 3427 3651 mun-

1825 3689 1996 3745 dabat
2048 3693 2106 3744 et
2155 3687 2412 3743 cubicula
2431 3701 2693 3742 sororum
2722 3684 3011 3741 sternebat
3045 3703 3056 3738 :
3102 3701 3310 3758 aquam
3353 3685 3426 3740 ad

1825 3783 2019 3846 855
2047 3778 2344 3850 coquinam
2378 3777 2503 3849 ipsa
2527 3775 2805 3848 portabat.
2831 3776 2962 3830 Haec
2983 3779 3173 3830 autem
3192 3790 3425 3831 consue-

1821 3869 1960 3924 tudo
1987 3873 2110 3923 erat
2137 3868 2196 3923 in
2220 3866 2600 3934 monasterio;
2633 3866 2682 3921 si
2711 3865 2936 3936 quando
2979 3864 3294 3936 contigerat
3315 3863 3422 3920 ali-

1823 3974 1991 4030 quam
2021 3974 2272 4013 sororem
2299 3956 2510 4012 tentari
2539 3972 2575 4010 a
2593 3953 2814 4011 diabolo
2839 3970 2942 4027 per
2985 3970 3266 4022 somnum,
3290 3971 3421 4011 mox

1822 4047 2116 4103 abbatissae
2164 4047 2466 4120 pandebat.
2498 4046 2601 4101 Illa
2625 4061 2754 4100 vero
2783 4060 2912 4100 cum
2947 4043 3213 4118 lacrymis
3238 4043 3421 4101 Deum

1821 4138 2142 4210 postulabat
2166 4144 2231 4194 ut
2257 4136 2512 4192 diabolus
2541 4135 2610 4190 ab
2640 4152 2707 4190 ea
2740 4135 3046 4190 recederet.
3071 4133 3420 4208 jubebamue

1820 4232 1885 4282 ut
1901 4227 2117 4300 lapides
2139 4232 2408 4299 portaret,
2429 4231 2487 4281 et
2506 4225 2852 4282 substratum
2872 4224 2976 4281 sub
3016 4241 3150 4297 sago
3170 4225 3416 4281 cinerem

1819 4334 1988 4390 super
2009 4318 2250 4373 cilicium
2282 4321 2594 4390 spargeret,
2636 4320 2694 4370 et
2719 4315 2796 4371 ita
2823 4314 3100 4370 dormiret
3126 4332 3305 4388 usque
3344 4317 3417 4372 ad

1818 4407 2100 4462 decimum
2131 4408 2301 4463 diem.
2321 4408 2447 4463 Una
2470 4422 2601 4461 vero
2621 4405 2842 4461 dierum
2864 4405 2987 4477 ipsa
3001 4421 3037 4460 a
3050 4404 3274 4463 diabolo
3291 4411 3413 4462 ten-

1816 4503 1937 4553 tata
1963 4504 2064 4564 est,
2084 4503 2142 4553 et
2163 4496 2523 4570 superposuit
2552 4495 2755 4551 stratui
2783 4511 2886 4550 suo
2915 4494 3182 4550 cinerem.
3200 4495 3410 4552 Videns

133 4576 462 4635 celebraret.
489 4581 810 4652 Suscipiens
823 4588 1013 4638 autem
1037 4583 1355 4654 Euphraxia
1373 4585 1728 4656 imperatoris
1748 4579 1798 4638 D
1817 4592 2007 4642 autem
2031 4587 2315 4641 abbatissa
2341 4586 2591 4640 cinerem
2608 4584 2712 4640 sub
2726 4588 2910 4640 stratu
2926 4583 3412 4656 Euphraxiaa,risit

146 4665 449 4735 epistolam,
483 4686 655 4725 manu
670 4672 894 4742 propria
918 4673 1212 4743 epistolam
1232 4674 1403 4730 aliam
1425 4675 1727 4746 rescripsit,

148 4753 221 4809 sic
241 4755 574 4814 habentem:
619 4761 909 4816 «Domine
956 4762 1280 4833 imperator,
1321 4764 1597 4820 suadesne
1636 4781 1731 4820 an-

146 4841 276 4899 cilla
306 4852 416 4903 tuae
439 4854 502 4903 ut
516 4866 778 4921 respuam
801 4851 1106 4920 Christum,
1136 4858 1193 4907 et
1204 4853 1420 4909 homini
1442 4855 1726 4925 corrupti-

146 4928 235 4987 bili
261 4940 317 4990 et
340 4938 623 4994 vermibus
660 4943 1040 4997 consumendo
1072 4945 1402 5014 conjungar,
1433 4943 1528 5014 qui
1556 4944 1724 4998 hodie

150 5025 243 5089 est,
261 5029 446 5082 etcras
475 5045 588 5083 non
606 5030 716 5084 est?
727 5030 893 5086 Absit
918 5030 988 5086 ab
1007 5032 1209 5086 ancilla
1228 5038 1329 5087 tua
1354 5039 1419 5088 ut
1446 5033 1590 5087 hanc
1620 5033 1728 5087 ini-

149 5110 407 5180 quitatem
437 5118 1352 5193 faciam.QuaprOpter,imperator
1364 5123 1727 5190 domine,non

151 5200 372 5260 ulterius
401 5225 495 5262 vos
526 5209 608 5262 vir
635 5209 729 5264 ille
759 5209 976 5281 fatiget,
1013 5228 1116 5281 ego
1149 5212 1301 5266 enim
1341 5213 1564 5268 Christo
1596 5229 1723 5267 con-

151 5292 308 5360 sensi,
344 5301 399 5351 et
425 5297 769 5369 impossibile
799 5306 886 5354 est
908 5316 1037 5354 eum
1078 5318 1166 5356 me
1195 5318 1434 5373 negare;
1471 5303 1568 5358 sed
1593 5320 1727 5374 sup-

153 5377 282 5448 plico
311 5387 571 5454 potestati
596 5393 792 5443 vestraa
820 5394 882 5444 ut
905 5391 1235 5445 memoriam
1260 5397 1560 5462 parentum
1581 5409 1729 5446 meo-

155 5482 268 5524 rum
287 5472 553 5532 habeatis.
591 5478 802 5533 Idcirco
826 5480 958 5534 tolle
982 5497 1206 5535 omnem
1245 5481 1639 5549 substantiam,
1673 5487 1731 5537 et

155 5555 396 5629 dispensa
409 5567 746 5638 pauperibus
760 5569 926 5624 simul
941 5575 998 5624 et
1018 5570 1301 5641 orphanis,
1311 5577 1367 5625 et
1378 5571 1450 5625 da
1465 5573 1725 5626 universa

158 5648 402 5709 ecclesiis.
452 5657 591 5712 Novi
638 5657 788 5714 enim
842 5660 975 5730 quia
1012 5659 1396 5715 recordaberis
1426 5667 1724 5732 parentum

159 5749 412 5817 meorum,
441 5747 682 5807 maxime
721 5748 900 5825 patris
929 5749 1062 5808 mei.
1093 5748 1299 5809 Audivi
1329 5746 1481 5809 enim
1512 5750 1646 5826 quia
1665 5751 1727 5814 in

1816 4682 1872 4731 et
1891 4678 1971 4731 ait
1989 4678 2060 4731 ad
2089 4692 2259 4731 unam
2280 4691 2532 4730 sororem
2556 4674 2835 4729 seniorem
2860 4691 2872 4726 :
2906 4673 3052 4728 Vere
3079 4673 3197 4730 haec
3215 4675 3406 4746 puella

1812 4766 2022 4820 tentari
2051 4767 2237 4837 coepit,
2273 4770 2329 4820 et
2357 4780 2525 4819 orans
2568 4761 2871 4827 abbatissa,
2901 4761 3080 4818 dixit:
3104 4763 3274 4832 Deus,
3312 4766 3409 4838 qui

1811 4854 2012 4908 creasti
2058 4871 2184 4908 eam
2231 4852 2539 4908 secundum
2576 4857 2740 4906 tuam
2775 4850 3144 4921 voluntatem,
3185 4858 3250 4910 tu
3279 4870 3406 4911 eam

1811 4944 1869 4999 in
1904 4949 2002 4998 tuo
2035 4944 2240 4998 timore
2267 4941 2537 4998 conferta.
2571 4942 2642 4998 Et
2677 4957 2881 4996 vocans
2934 4958 3060 4998 eam
3102 4942 3407 5013 abbatissa,

1812 5033 1950 5088 dixit
1969 5033 2039 5087 ad
2070 5048 2223 5087 eam:
2257 5034 2442 5097 Quare
2460 5048 2574 5088 non
2593 5031 2855 5087 indicasti
2875 5031 3014 5088 mihi
3035 5034 3406 5091 tentationem

1812 5122 2171 5178 diabolicam?
2209 5123 2314 5177 Illa
2349 5138 2482 5176 vero
2525 5122 2730 5178 cadens
2760 5122 2833 5177 ad
2877 5122 3050 5194 pedes
3090 5123 3405 5192 abbatissae,

1811 5213 1984 5268 dixit:
2009 5214 2241 5283 Ignosce
2269 5211 2427 5280 mihi,
2449 5212 2677 5267 domina
2704 5229 2849 5279 mea,
2873 5213 3008 5283 quia
3026 5213 3258 5268 confusa
3278 5231 3406 5271 sum

1810 5302 2059 5357 indicare
2084 5301 2187 5356 tibi
2212 5303 2354 5356 hanc
2374 5317 2623 5357 causam.
2664 5301 2818 5356 Dixit
2838 5302 2908 5356 ad
2930 5317 3055 5355 eam
3076 5301 3360 5358 abbatissa
3385 5322 3397 5358 :

1812 5393 1953 5448 Filia
1981 5409 2124 5458 mea,
2159 5409 2285 5447 ecce
2317 5407 2570 5462 pugnare
2598 5390 2851 5463 coepisti;
2897 5390 3135 5446 viriliter
3188 5408 3311 5464 age,
3344 5400 3410 5451 ut

1811 5482 1998 5537 vincas
2019 5487 2076 5537 et
2103 5483 2404 5537 coroneris.

1883 5573 2013 5628 CAP.
2047 5573 2163 5627 XV.
2180 5602 2240 5614 —
2265 5573 2399 5630 Post
2425 5586 2632 5643 paucos
2659 5586 2790 5625 vero
2828 5569 2948 5625 dies
2972 5570 3156 5626 denuo
3185 5576 3402 5630 tentata

1810 5667 1913 5729 est,
1951 5668 2007 5716 et
2033 5663 2284 5718 narravit
2317 5662 2500 5730 _alicui
2543 5659 2742 5729 sorori,
2781 5660 3010 5716 nomine
3051 5661 3232 5731 Julia,
3281 5681 3404 5737 qua

1808 5752 2052 5813 multum
2073 5752 2344 5827 diligebat
2361 5750 2758 5838 Euphraxiam,
2791 5767 2917 5837 quae
2939 5750 3114 5818 etiam
3140 5751 3202 5814 in
3229 5760 3404 5819 certa-
