3868 6406
426 393 524 452 631

1428 395 1522 452 DE
1559 397 1750 455 VITIS
1784 396 2083 456 PATRUM
2117 393 2334 452 LIBER
2367 391 2659 449 PRIMUS.

429 521 676 578 minibus
703 539 827 578 eam
857 522 1166 577 exercebat.
1195 520 1456 594 Dixitque
1482 523 1535 578 ei
1563 524 1742 580 Julia:
1785 521 2089 587 DominaA
2103 518 2676 591 cantem,hujusmodi
2687 516 3060 574 tentationem
3074 514 3560 590 eiimmisit,quod
3577 532 3712 588 qua-

430 627 558 666 mea
585 611 918 682 Euphraxia,
934 627 1047 666 non
1075 611 1384 666 abscondas
1411 611 1517 668 hoc
1545 613 1841 668 abbatissa
1873 633 1886 681 ;
1923 601 2021 670 sed

429 699 576 753 refer
603 699 726 763 hoc,
760 705 824 754 ut
851 705 976 754 oret
1003 717 1106 772 pro
1128 706 1204 756 te.
1234 701 1442 756 Omnes
1481 702 1633 756 enim
1659 707 1950 758 tentamur
1988 719 2023 757 a

427 787 678 854 diabolo;
713 789 812 842 scd
841 806 1133 861 speremus
1161 789 1217 844 in
1247 790 1456 845 Christi
1475 791 1722 857 nomine,
1748 792 1881 863 quia
1897 791 2024 847 vin-

425 877 602 932 cimus
633 894 782 932 eum.
806 878 953 949 Ergo
971 895 1132 933 soror
1149 895 1275 933 mea
1305 895 1417 932 non
1443 880 1699 946 moreris,
1723 881 1820 935 sed
1837 881 2025 935 indica

425 965 719 1020 abbatissa
747 983 992 1032 causam,
1026 977 1084 1022 et
1100 967 1215 1022 noli
1244 967 1530 1022 confundi.
1552 969 1802 1023 Audiens
1832 976 2022 1024 autem

361 1097 368 1105 .
424 1055 540 1110 hac
559 1055 898 1126 Euphraxia,
925 1056 1141 1126 gratias
1169 1056 1286 1127 egit
1304 1057 1486 1123 Julia,
1513 1063 1571 1112 et
1595 1057 1736 1113 dixit
1762 1059 1833 1112 ad
1855 1075 1979 1113 eam
2004 1075 2017 1112 :

424 1144 668 1214 Adjuvet
693 1150 752 1199 te
766 1146 934 1213 Deus,
959 1163 1136 1210 soror,
1161 1146 1595 1217 quiaadiﬁcasti
1619 1165 1728 1213 me,
1762 1153 1820 1202 et
1837 1164 2022 1203 meam

425 1233 673 1288 animam
698 1235 1046 1290 confortasti.
1079 1235 1223 1290 Vere
1250 1235 1553 1306 ingredior,
1585 1241 1642 1291 et
1663 1253 1890 1292 causam
1920 1237 2023 1292 do-

427 1321 594 1378 minae
615 1322 909 1378 abbatissa
929 1324 1254 1395 pronuntio.
1273 1323 1534 1396 Dixitque
1546 1325 1694 1380 Julia
1719 1345 1731 1380 :
1756 1327 1933 1381 Etiam
1945 1327 2024 1382 sic

428 1409 514 1464 fac
534 1415 600 1464 ut
625 1416 748 1464 oret
775 1427 878 1482 pro
905 1417 982 1478 te,
1006 1417 1064 1465 et
1093 1412 1324 1483 adjiciat
1347 1411 1450 1466 tibi
1473 1413 1893 1469 abstinentiam.
1922 1415 2026 1471 Illa

427 1515 562 1554 vero
573 1499 911 1570 ingrediens,
927 1499 1193 1556 indicavit
1201 1501 1495 1566 abbatissa
1509 1519 1735 1558 causam
1746 1503 2025 1575 .Dixitque

433 1588 487 1643 ei
517 1587 801 1644 abbatissa
830 1607 842 1642 :
893 1590 1019 1644 Non
1043 1589 1424 1662 pertimescas,
1449 1591 1584 1660 filia,
1608 1609 1772 1647 omne
1814 1592 2024 1648 bellum

435 1677 663 1742 diaboli,
697 1694 807 1749 quo
835 1685 1031 1733 contra
1058 1695 1160 1734 nos
1177 1679 1396 1734 nititur.
1429 1681 1596 1736 Certa
1616 1680 1789 1752 igitur
1806 1682 2028 1737 fortiter

2105 611 2152 665 si
2167 611 2261 666 ille
2270 615 2497 666 senator
2506 608 2596 663 cui
2608 608 2793 663 fuerat
2801 607 3158 678 desponsata,
3164 605 3570 678 superveniens
3581 622 3710 662 cum

2104 699 2310 755 auxilio
2323 699 2522 766 multo,
2541 696 2894 752 abstraheret
2920 711 3045 750 eam
3065 695 3136 750 de
3164 695 3534 762 monasterio,
3569 701 3630 750 et
3646 711 3713 750 ea

2105 787 2326 844 sublata
2353 787 2554 842 abiret.
2573 786 2708 852 Qua
2725 801 2851 840 cum
2869 783 3156 856 jaceretin
3185 783 3356 839 cubili
3370 783 3714 850 suo,violen-

2105 883 2192 932 ter
2215 875 2616 950 proclamabat.
2656 874 2954 930 Abbatissa
2975 890 3106 928 vero
3131 879 3191 928 et
3217 873 3340 928 alia
3359 889 3589 929 sorores
3609 890 3703 928 ex-

2106 964 2770 1038 pergefacta,audierunt
2781 963 2904 1034 ejus
2924 961 3203 1017 violentia
3221 977 3436 1016 vocem.
3472 961 3545 1016 Et
3562 962 3706 1016 exci-

2103 1061 2291 1111 tantes
2321 1071 2467 1120 sam,
2495 1053 2760 1107 dixerunt
2794 1070 2806 1106 :
2837 1051 2998 1106 Unde
3026 1056 3114 1106 est
3135 1049 3239 1106 tibi
3277 1051 3401 1106 hac
3427 1050 3706 1118 anxietas,

2105 1145 2247 1200 tilia?
2274 1143 2379 1200 Illa
2404 1159 2532 1197 vero
2553 1147 2783 1213 repente
2811 1140 3094 1196 somnium
3111 1139 3383 1196 recitavit.
3403 1138 3708 1194 Abbatissa

2105 1249 2234 1288 vero
2263 1231 2514 1286 excitans
2539 1246 2784 1295 sorores,
2813 1227 2970 1283 stetit
2990 1228 3052 1283 in
3080 1227 3354 1284 oratione.
3385 1227 3526 1282 Post
3547 1243 3708 1282 com-

2105 1321 2320 1392 pletum
2352 1335 2482 1373 vero
2512 1317 2892 1372 ministerium
2919 1333 3096 1389 usque
3115 1317 3186 1372 ad
3215 1316 3415 1374 horam
3449 1319 3702 1385 tertiam,

2105 1417 2302 1465 tenens
2331 1407 2592 1462 Codicem
2639 1406 2978 1479 Euphraxia,
3027 1405 3213 1462 stabat
3237 1407 3431 1479 legens
3457 1407 3706 1462 sedenti-

2105 1499 2230 1566 bus,
2259 1502 2318 1552 et
2341 1501 2538 1569 postea
2565 1501 2721 1551 stans
2747 1494 2819 1550 ad
2849 1495 3046 1550 horam
3076 1495 3304 1550 tertiam
3357 1495 3418 1552 in
3446 1495 3706 1552 ministe-

2106 1588 2211 1643 rio.
2241 1587 2378 1643 Post
2401 1585 2833 1658 completionem
2859 1601 2991 1640 vero
3027 1585 3362 1650 tertia,mox
3383 1585 3708 1658 Enphraxia

2109 1675 2396 1732 sororibus
2411 1673 2726 1730 necessaria
2737 1673 3593 1746 parabat,munditiam35.in
3609 1673 3709 1728 tri-

435 1765 710 1821 immobili
740 1767 947 1833 animo,
981 1773 1038 1822 et
1078 1785 1191 1823 non
1231 1769 1556 1840 praevalebit
1601 1771 1899 1826 adversum
1944 1779 2022 1828 te.
2046 1766 2276 1860 Bclinio
2297 1764 2591 1830 faciens,et
2605 1765 2777 1819 lectos
2795 1769 3282 1836 sternens,aquam
3297 1763 3706 1836 implens,etad

437 1856 675 1910 Multum
689 1856 840 1910 enim
857 1855 927 1910 ab
939 1873 1004 1911 eo
1024 1857 1294 1912 tentanda
1313 1876 1372 1912 es
1393 1877 1405 1926 ;
1431 1860 1529 1914 sed
1549 1865 1791 1926 certa,ut
1817 1861 2024 1927 vincas,

437 1950 502 1999 ut
511 1943 770 2000 victorias
791 1952 848 1999 et
857 1945 1207 2017 triumphum
1226 1947 1466 2020 accipias
1485 1965 1518 2003 a
1538 1965 1741 2020 sponso
1755 1956 1852 2004 tuo
1865 1951 2030 2006 Chri-

436 2041 542 2098 sto,
577 2039 639 2088 et
664 2041 938 2106 quantum
967 2041 1127 2106 potes
1153 2036 1333 2108 adjice
1370 2036 1724 2093 abstinentia:
1752 2045 1880 2094 tua.
1925 2039 2030 2104 Qui

437 2123 588 2177 enim
633 2123 910 2195 pracipue
940 2124 1208 2190 decertat,
1252 2125 1534 2197 pracipua
1555 2127 1703 2182 dona
1739 2129 2026 2201 percipiet.

437 2213 570 2266 Post
589 2211 1005 2284 aliquantulum
1021 2231 1152 2268 vero
1170 2215 1442 2286 temporis
1462 2215 1706 2287 spatium
1724 2217 2035 2289 interroga-

438 2301 517 2356 vit
537 2317 661 2356 eam
681 2301 982 2368 abbatissa,
1011 2303 1204 2358 dicens
1225 2322 1236 2357 :
1257 2304 1391 2358 Post
1409 2311 1547 2376 quot
1562 2305 1682 2361 dies
1716 2309 2029 2376 comedisti,

442 2390 600 2445 tilia?
625 2391 818 2446 Puella
833 2391 1005 2446 dixit:
1030 2392 1166 2446 Post
1192 2396 1306 2447 tres
1318 2392 1454 2461 dies,
1478 2394 1708 2451 domina
1719 2412 1865 2451 mea.
1882 2397 2038 2453 Dixit

439 2479 489 2533 ei
517 2479 836 2535 abbatissa:
869 2480 1063 2551 Adjice
1089 2481 1281 2547 adhuc
1322 2499 1498 2538 unum
1545 2484 1714 2539 diem.
1756 2485 1861 2542 Illa
1907 2503 2035 2543 vero

436 2569 751 2639 jussionem
797 2571 922 2640 ejus
949 2585 1075 2624 cum
1105 2571 1300 2626 latitia
1329 2588 1536 2643 magna
1556 2573 1883 2646 suscipiens,
1917 2576 2035 2631 (lis-

444 2657 630 2712 cessit.

516 2747 654 2801 Car.
687 2747 1164 2820 XVI.-Cumque
1185 2747 1332 2804 facta
1353 2754 1502 2805 esset
1517 2767 1795 2808 annorum
1811 2753 2026 2825 viginti,

445 2841 612 2890 atate
641 2835 1059 2890 confortabatur
1089 2845 1146 2892 et
1157 2837 1512 2909 praevalebat.
1539 2840 1674 2896 Erat
1694 2841 1844 2896 enim
1872 2843 2040 2898 nimis

445 2925 716 2997 speciosa,
749 2929 1021 2996 tanquam
1049 2943 1182 2982 vera
1202 2931 1480 2994 matrona,
1512 2935 1570 2984 et
1587 2931 1863 3000 sanguine
1889 2931 2040 3002 regio

449 3020 762 3087 procreata.
791 3015 986 3070 Denuo
1001 3021 1190 3070 autem
1211 3022 1448 3084 tentata,
1466 3018 1731 3075 indicavit
1745 3020 2040 3078 abbatissa

2111 1855 2409 1926 coquinam
2439 1858 2705 1926 portans;
2739 1852 2894 1924 ligna
2920 1851 3202 1924 frangens,
3237 1859 3293 1908 et
3305 1852 3595 1924 legumina
3614 1869 3708 1907 co-

2112 1962 2329 2018 quens;
2381 1944 2624 1999 farinam
2655 1942 3127 2013 confermentans,
3148 1947 3208 1998 et
3227 1959 3474 2014 coquens
3501 1957 3710 2014 panem

2110 2035 2171 2092 in
2199 2033 2437 2090 clibano.
2458 2033 2529 2088 Et
2539 2033 2674 2088 dum
2697 2032 2816 2088 hac
2841 2031 3032 2087 omnia
3049 2031 3276 2098 faceret,
3300 2048 3405 2086 nec
3415 2031 3478 2086 in
3488 2037 3713 2086 noctur-

2112 2142 2188 2182 na
2212 2122 2526 2197 psalmodia
2553 2122 2768 2189 deerat,
2785 2137 2889 2177 nec
2915 2121 2976 2176 in
2994 2121 3181 2188 tertia,
3199 2137 3303 2177 nec
3329 2121 3390 2178 in
3415 2127 3594 2186 sexta,
3611 2137 3712 2176 nec

2116 2215 2176 2272 in
2200 2230 2368 2282 nona,
2395 2229 2499 2268 nec
2516 2212 2576 2268 in
2605 2227 2856 2284 vespera.
2911 2211 3058 2266 Nam
3084 2215 3383 2284 postquam
3413 2210 3714 2283 complevit

2115 2303 2462 2376 vespertinas
2509 2301 2812 2370 orationes,
2837 2316 2939 2374 per
2974 2317 3036 2356 se
3066 2300 3449 2357 ministerium
3477 2298 3716 2355 faciebat

2116 2393 2428 2450 inferendo.
2463 2393 2608 2448 Cum
2638 2406 2753 2464 qua
2779 2389 2952 2446 etiam
2970 2395 3030 2446 et
3055 2389 3350 2446 laborabat
3372 2389 3546 2456 Julia,
3578 2389 3715 2444 satis

2117 2484 2269 2539 enim
2295 2481 2566 2554 diligebat
2593 2479 2994 2554 Euphraxiam.

2189 2575 2321 2630 CAP.
2339 2571 2761 2628 XIX.—Denuo
2779 2568 3059 2642 siquidem
3075 2567 3326 2625 diabolus
3335 2587 3440 2642 per
3453 2585 3717 2625 somnum

2117 2664 2479 2719 vehementer
2498 2678 2625 2716 eam
2652 2659 2962 2728 tentans,ei
2973 2664 3254 2716 certamen
3275 2659 3514 2716 immisit
3535 2659 3717 2714 maxi-

2119 2753 2440 2818 mum.Qua
2478 2767 2608 2806 mox
2642 2749 2942 2806 anxietatis
2973 2765 3089 2806 sua
3107 2754 3393 2806 certamen
3422 2749 3719 2806 abbatissa

2122 2842 2375 2898 confessa
2393 2846 2496 2896 est.
2527 2841 2636 2896 Pro
2654 2856 2768 2912 qua
2791 2839 2926 2894 dum
2943 2844 3134 2895 oraret
3163 2837 3616 2904 abbatissa,dixit
3629 2837 3680 2892 ei
3699 2855 3713 2890 :

2123 2931 2268 2988 Filia
2287 2947 2416 2986 mea
2444 2929 3014 3003 Euphraxia,tempus
3033 2928 3354 2985 certaminis
3374 2927 3631 2984 est.Vide
3650 2944 3719 2982 ne

2123 3021 2344 3076 molliat
2374 3019 2630 3076 diabolus
2662 3025 2910 3075 mentem
2938 3023 3118 3086 tuam,
3151 3023 3210 3074 et
3234 3017 3438 3091 perdas
3465 3015 3718 3072 laborem

448 3121 694 3160 causam.
711 3103 971 3176 Dixitque
986 3105 1037 3160 ei
1056 3105 1491 3162 abbatissa:Noli
1509 3108 1869 3178 timere,ﬁlia,
1893 3111 2044 3168 Deus
2063 3122 2108 3186 ο
2124 3115 2306 3166 tuum.
2335 3109 2533 3165 Adhuc
2551 3108 2702 3164 enim
2735 3125 2906 3181 parvo
2934 3112 3189 3181 tempore
3213 3107 3489 3163 dimicans
3507 3112 3716 3172 tecum,

447 3200 635 3250 tecum
649 3199 754 3250 est.
784 3195 917 3249 Erat
932 3199 1120 3250 autem
1143 3195 1202 3251 in
1230 3196 1362 3250 aula
1377 3199 1704 3254 monasterii
1717 3217 1948 3256 acervus
1964 3201 2044 3256 la-

447 3284 878 3356 pidum.Volens
897 3288 1088 3340 autem
1105 3283 1389 3340 abbatissa
1401 3291 1621 3343 tentare
1641 3288 2038 3360 Euphraxiam,

449 3379 507 3430 et
516 3373 588 3429 ad
603 3373 798 3429 Matris
813 3390 1114 3446 provocare
1126 3373 1502 3431 obedientiam
1511 3375 1669 3443 ,dixit
1681 3377 1728 3433 ei
1742 3378 2044 3444 :Veni,ﬁlia

449 3481 594 3530 mea,
618 3464 757 3518 istos
772 3463 987 3534 lapides
1007 3467 1333 3536 transporta
1361 3465 1578 3533 hinc,et
1595 3483 1741 3538 pone
1771 3485 1867 3524 eos
1880 3469 2045 3540 juxta

448 3553 728 3608 clibanum
738 3552 1077 3624 .Euphraxia
1087 3570 1216 3608 vero
1231 3570 1362 3609 mox
1379 3555 1616 3610 accessit
1634 3556 1850 3628 lapides
1863 3563 2046 3614 trans-

449 3647 706 3715 portare:
729 3646 896 3697 erant
921 3647 1112 3697 autem
1137 3647 1196 3698 et
1219 3643 1462 3714 grandes
1491 3645 1708 3716 lapides
1749 3645 1898 3702 inter
1924 3663 2040 3716 eos,

451 3749 592 3805 quos
612 3731 966 3787 duasorores
985 3731 1072 3786 vix
1088 3737 1351 3804 poterant
1366 3733 1714 3805 agitare.llla
1733 3751 1864 3791 vero
1877 3753 2048 3809 super

451 3823 718 3878 humeros
745 3837 878 3877 suos
911 3821 1220 3894 arripiebat
1246 3839 1362 3889 eos,
1391 3823 1545 3879 nullo
1585 3825 1868 3895 adjutorio
1902 3843 2044 3898 opus

455 3914 686 3972 habens.
720 3911 856 3967 Erat
883 3916 1076 3967 autem
1093 3911 1316 3983 juvenis
1337 3917 1395 3968 et
1421 3912 1580 3968 valde
1599 3913 1777 3981 fortis,
1794 3930 1898 3969 nec
1909 3914 2049 3970 dixit

456 4006 778 4063 abbatissa:
797 4002 878 4057 Ad
880 4003 1040 4072 juvet
1056 4017 1144 4055 me
1163 4001 1275 4056 alia
1287 4003 1586 4057 soror.Nec
1602 4003 1760 4062 dixit:
1793 4003 2048 4060 Grandes

457 4102 594 4154 sunt
618 4093 853 4167 lapides,
876 4107 986 4145 non
1010 4090 1422 4160 pravaleo.Nec
1439 4091 1604 4148 dixit:
1623 4093 1828 4164 Jejuna
1845 4109 1970 4149 sum
1993 4099 2052 4150 et

459 4183 677 4250 deﬁcio,
709 4185 769 4236 et
786 4195 926 4250 opus
948 4177 1054 4232 hoc
1073 4178 1287 4248 grande
1307 4184 1390 4234 est
1411 4179 1538 4248 gsed
1559 4195 1688 4234 cum
1707 4179 2050 4253 ﬁduciajus-

458 4275 675 4330 sionem
695 4285 798 4342 per
815 4265 1189 4323 obedientiam
1211 4267 1558 4338 adimplevit.

534 4367 665 4420 Car.
687 4360 865 4417 XVII.
877 4389 940 4403 -
955 4357 1084 4413 Alia
1098 4374 1228 4413 vero
1245 4357 1335 4413 die
1345 4357 1487 4414 dixit
1504 4357 1786 4416 abbatissa
1799 4360 1868 4416 ad
1887 4379 2011 4418 eam
2033 4382 2044 4418 :

2123 3200 2260 3256 dum
2289 3199 2462 3255 fuerit
2478 3203 2827 3271 superatusa
2855 3203 3166 3265 te,rursum
3181 3197 3430 3268 eil'ugiet.
3463 3195 3720 3252 Dicebat-

2125 3307 2234 3362 que
2245 3289 2298 3344 ei
2312 3289 2480 3344 simul
2498 3288 2650 3344 Julia
2670 3307 2683 3342 :
2715 3287 2956 3344 Domino
2990 3291 3049 3342 et
3067 3303 3227 3343 soror
3239 3302 3384 3353 mea,
3417 3286 3468 3341 si
3489 3284 3720 3341 modosi

2125 3396 2240 3436 non
2267 3395 2648 3452 repugnamus
2667 3383 2726 3434 et
2745 3377 3397 3445 vincimus,insenectute
3411 3375 3578 3448 quale
3606 3374 3722 3430 bel-

2123 3469 2246 3526 lum
2265 3485 2396 3525 cum
2406 3485 2472 3524 eo
2481 3467 2784 3525 faciemus?
2795 3469 2898 3524 Cui
2909 3466 3199 3541 respondit
3214 3467 3292 3522 Eu
3297 3465 3555 3538 phraxia:
3569 3464 3725 3520 Vivit

2127 3559 2585 3626 Dominus,soror
2599 3558 2887 3631 Julia,qua
2905 3557 2954 3612 si
2970 3557 3109 3612 mihi
3129 3555 3459 3629 praeceperit
3473 3553 3723 3610 abbatis-

2125 3667 2209 3717 sa,
2235 3665 2350 3705 non
2366 3647 2605 3720 gustabo
2618 3648 2678 3704 in
2697 3653 2818 3704 tota
2839 3647 3152 3720 septimana
3169 3662 3361 3718 panes,
3390 3644 3570 3700 donec
3587 3661 3724 3699 eum

2127 3739 2368 3797 Domino
2419 3739 2722 3810 adjuvante
2759 3737 3000 3793 vincam.
3033 3736 3138 3792 Cui
3181 3734 3331 3792 Julia
3372 3733 3538 3789 dixit:
3571 3733 3633 3789 Si
3661 3738 3726 3788 tu

2128 3830 2235 3886 hoc
2262 3833 2421 3903 potes
2448 3828 2684 3900 implere
2710 3827 2770 3883 in
2793 3831 2966 3895 terra,
2978 3824 3334 3882 beataerisiu
3362 3822 3726 3880 calanisto

2130 3935 2375 3992 namque
2396 3917 2738 3974 monasterio
2753 3917 2912 3974 nulla
2925 3915 3110 3990 potuit
3125 3915 3245 3972 sine
3256 3913 3378 3970 cibo
3400 3919 3580 3969 totam
3601 3929 3728 3985 sep-

2129 4009 2404 4064 timanam
2433 4023 2783 4080 permanere,
2805 4007 2915 4062 nisi
2947 4005 3177 4062 domina
3195 4009 3387 4061 nostra
3415 4002 3724 4058 abbatissa.

2129 4099 2286 4155 Tunc
2330 4099 2586 4170 ingressa
2639 4097 2984 4170 Euphraxia,
3023 4095 3304 4152 nuntiavit
3349 4093 3728 4150 tentationem

2129 4187 2340 4244 diaboli
2364 4203 2465 4260 per
2491 4203 2752 4243 somnum
2773 4185 3086 4254 abbatissa,
3106 4201 3342 4258 eamque
3355 4183 3579 4256 rogavit
3591 4188 3658 4239 ut
3675 4182 3729 4238 ei

2131 4276 2459 4350 praciperet
2477 4281 2755 4348 quatenus
2780 4281 2961 4332 totam
2998 4273 3410 4331 hebdomadam
3460 4273 3588 4329 sine
3605 4271 3730 4327 cibo

2135 4367 2476 4438 persisteret.
2511 4365 2615 4421 Cui
2641 4365 2924 4420 abbatissa
2953 4364 3096 4420 dixit
3124 4382 3136 4418 :
3169 4365 3280 4419 Fac
3306 4362 3586 4436 quidquid
3624 4360 3730 4417 tibi

460 4457 682 4512 Nonest
696 4453 916 4524 justum
930 4453 996 4504 ut
1010 4446 1223 4520 lapides
1237 4447 1329 4502 isti
1338 4447 1741 4519 juxtafurnum
1753 4450 1869 4506 sint
1882 4453 2050 4524 positi
2132 4457 2339 4512 videris
2391 4455 2552 4511 facile
2591 4472 2733 4523 esse,
2777 4455 2896 4510 ﬁlia
2941 4471 3088 4510 mea.
3113 4454 3266 4510 Deus
3302 4452 3401 4526 qui
3429 4452 3647 4508 creavit
3670 4456 3730 4506 te

461 4546 560 4602 sed
579 4545 804 4616 reporta
827 4555 922 4596 eos
955 4538 1016 4594 in
1033 4537 1216 4594 locum
1241 4553 1426 4593 suum.
1452 4537 1557 4594 Illa
1577 4555 1705 4594 vero
1719 4539 1906 4596 denuo
1922 4530 2117 4598 con-D
2133 4548 2428 4602 conﬁrmet
2452 4551 2530 4612 te,
2557 4551 2614 4600 et
2641 4550 2838 4601 contra
2863 4542 3149 4600 diabolum
3193 4543 3364 4599 donet
3407 4541 3517 4597 tibi
3553 4541 3731 4597 victo-

457 4636 699 4692 ﬁdenter
703 4629 1018 4704 jussionem
1032 4627 1326 4683 abbatissa
1343 4643 1458 4684 sua
1470 4629 1783 4700 complevit.
1792 4631 1909 4685 Hoc
1917 4648 2050 4702 ergo

458 4743 602 4798 opus
619 4721 816 4793 viginti
835 4719 956 4776 dies
976 4718 1146 4790 jussit
1166 4735 1288 4772 eam
1306 4717 1918 4791 facere,utpatientiam
1930 4723 2052 4792 ejus

459 4811 867 4884 comprobaret.
903 4810 1114 4864 Omnes
1139 4808 1331 4879 itaque
1361 4823 1582 4864 sorores
1611 4808 1872 4866 videbant
1899 4811 2051 4882 quod

459 4903 650 4968 ﬁebat,
681 4906 740 4956 et
779 4899 978 4972 puella
1017 4898 1399 4954 obedientiam
1438 4898 1881 4956 admirabantur.
1913 4901 2050 4958 Alia

459 5007 684 5066 quoque
705 5003 927 5044 sorores
949 4985 1298 5052 deridebant,
1322 4985 1445 5041 alia
1465 4987 1881 5044 acclamabant:
1908 4989 2054 5045 Viri-

457 5083 590 5139 liter
614 5074 1350 5152 age,Euphraxia.Triginta
1368 5093 1496 5132 vero
1518 5076 1639 5134 dies
1661 5077 1880 5150 impleti
1895 5082 2045 5134 sunt.

458 5173 656 5230 Denuo
684 5167 860 5225 divini
885 5165 1073 5239 operis
1092 5163 1465 5221 celebratione
1493 5166 1659 5234 facta,
1691 5165 1782 5222 die
1807 5167 2052 5239 quadam

459 5266 728 5336 pergente
753 5255 1072 5330 Euphraxia
1089 5261 1155 5311 ut
1181 5255 1395 5328 lapides
1422 5261 1694 5328 portaret,
1724 5256 1864 5312 dixit
1883 5257 1934 5312 ei
1961 5256 2056 5312 ab-

458 5352 667 5408 batissa
691 5369 703 5406 :
735 5347 988 5414 Dimitte,
1017 5344 1262 5413 ﬁlia,boc
1278 5344 1677 5412 ministerium,
1703 5347 1902 5402 ettolle
1924 5347 2054 5402 fari-

459 5459 592 5498 nam
621 5445 679 5497 et
709 5453 1034 5511 consperge,
1057 5440 1116 5492 et
1143 5452 1318 5508 coque
1339 5452 1514 5508 panes
1533 5434 1594 5490 in
1609 5423 1875 5504 furno,ut
1896 5437 2051 5494 inve-

458 5530 636 5586 niaris
659 5529 732 5585 ad
760 5543 1054 5601 vesperum
1071 5526 1132 5582 in
1157 5524 1474 5582 ministerio
1493 5540 1770 5582 sororum.
1803 5527 1906 5582 Illa
1917 5544 2050 5583 vero

460 5635 590 5676 cum
617 5634 824 5688 magna
851 5616 1049 5673 latitia
1077 5619 1135 5672 et
1156 5613 1366 5686 gaudio
1378 5614 1544 5686 jussa
1571 5616 1892 5688 complevit-

533 5707 671 5768 CAP.
703 5705 906 5764 XVIII.
925 5731 983 5746 -
1009 5706 1226 5764 Rursus
1241 5702 1498 5764 diabolus
1517 5703 1806 5766 inveniam
1820 5723 1945 5768 eam
1955 5725 2052 5768 va-

2133 4637 2294 4692 riam.
2339 4635 2522 4708 Capit
2574 4635 2748 4706 igitur
2772 4633 3090 4708 Euphraxia
3110 4637 3289 4689 totam
3345 4631 3730 4704 septimanam

2128 4727 2409 4798 jejunare,
2433 4729 2492 4782 et
2510 4741 2694 4796 neque
2709 4724 2984 4797 psallendi
3004 4723 3247 4779 ofﬁcium
3269 4721 3594 4793 dereliquit,
3627 4737 3732 4776 nec

2131 4827 2386 4867 sororum
2399 4809 2880 4877 ministerium,ita
2893 4815 2958 4866 ut
2967 4825 3163 4866 omnes
3175 4807 3536 4864 tolerantiam
3551 4806 3730 4880 ipsius

2131 4901 2494 4968 mirarentur,
2516 4905 2574 4956 et
2591 4900 3068 4972 pulchritudinem
3087 4899 3258 4954 simul
3285 4903 3344 4954 et
3362 4899 3727 4970 juventutem

2132 4991 2333 5048 atatis.
2347 4989 2620 5046 Dicebant
2637 4995 2828 5046 autem
2851 4987 3108 5062 quadam
3129 4988 3200 5044 de
3222 4987 3456 5060 collegio
3477 5005 3682 5044 earum
3709 5006 3723 5042 :

2133 5081 2420 5136 Habemus
2440 5079 2606 5136 hodie
2623 5095 2856 5147 annum,
2874 5077 3249 5134 custodientes
3261 5078 3730 5149 Euphraxiam,et

2133 5171 2421 5228 sedentem
2433 5186 2556 5225 eam
2569 5185 2683 5225 non
2693 5169 3145 5240 vidimus,neque
3155 5183 3258 5240 per
3267 5167 3414 5222 diem
3431 5184 3618 5241 neque
3628 5183 3730 5240 per

2133 5267 2377 5327 noctem,
2410 5259 2520 5316 nisi
2548 5258 2730 5315 solum
2744 5257 2969 5330 quando
2987 5255 3373 5330 requiescebat
3388 5256 3449 5312 in
3470 5257 3594 5313 loco
3621 5273 3728 5314 suo

2133 5351 2371 5406 nocte.N
2375 5364 2625 5421 unquam
2645 5347 2792 5403 enim
2805 5347 3062 5416 sedit,vel
3073 5345 3298 5418 quando
3317 5345 3492 5402 etiam
3513 5363 3726 5420 panem

2131 5439 2391 5496 comedit.
2409 5439 2618 5494 Omnes
2637 5454 2772 5510 ergo
2785 5453 3006 5493 sorores
3019 5435 3325 5508 diligebant
3339 5435 3727 5508 Euphraxiam

2131 5529 2265 5602 quia
2300 5545 2360 5583 se
2397 5528 2480 5584 ita
2533 5526 2827 5584 humiliter
2880 5525 3191 5601 exercebat,
3233 5530 3292 5582 et
3345 5541 3477 5582 cum
3533 5527 3726 5583 studio

2131 5619 2466 5678 famulatum
2486 5616 2770 5673 sororibus
2796 5615 3114 5685 exhibebat,
3145 5617 3280 5672 dum
3309 5615 3591 5690 pracipue
3618 5616 3728 5673 uti-

2133 5725 2244 5784 que
2279 5707 2349 5768 de
2379 5707 2657 5781 sanguine
2678 5706 2959 5782 imperiali
2977 5705 3357 5766 descenderet.
3390 5705 3503 5764 Pro
3527 5722 3645 5780 qua
3667 5723 3728 5766 re
