3868 6382
117 403 220 465 633

1046 398 1217 456 vnn
1252 396 1559 454 SANCTJE
1598 353 2048 463 EUPHRASLE,
2089 392 2435 451 VIBGINIS.

3272 381 3377 441 684

116 530 320 584 intente
336 524 504 581 nimis
530 540 631 597 pro
660 539 728 580 ea
750 529 995 589 orantes,
1020 522 1296 595 rogabant
1312 521 1617 578 Dominum
1638 526 1704 579 ut
1720 523 1892 587 Anus
1914 520 2056 591 ejus,
2093 524 2151 574 et
2174 533 2352 589 usque
2372 516 2444 570 ad
2472 515 2594 586 ejus
2620 514 2946 570 calcaneum
2974 510 3165 577 traxit,
3185 514 3244 565 et
3254 524 3377 581 per-

115 619 434 673 salvaretur.

182 707 314 761 CAP.
346 705 465 759 XX.
499 735 562 744 —-
596 702 726 759 Fuit
757 707 949 758 autem
978 704 1139 774 ,inter
1170 720 1262 758 eas
1289 704 1568 776 quaedam,
1602 721 1701 759 no-

118 795 256 850 mine
285 795 586 849 Gcrmana.
635 809 804 864 quam
854 792 1118 848 dicebant
1149 810 1215 848 ex
1263 794 1467 848 ancilla
1492 799 1695 849 ortam.

120 885 239 939 Haec
263 882 532 939 invidiam
555 881 766 936 habens
795 882 1063 936 adversus
1093 882 1489 954 Euphraxiam,
1521 883 1702 937 insur-

117 974 252 1028 rexit
295 973 561 1028 adversus
600 988 725 1026 eam
755 971 813 1026 in
843 972 1085 1042 coquina
1107 978 1338 1039 secrete,
1365 976 1423 1026 et
1450 972 1590 1027 dixit
1617 972 1695 1027 ei:

118 1063 226 1129 Dic,
250 1062 585 1134 Euphraxia,
603 1078 729 1116 ecce
750 1066 812 1115 tu
834 1062 1007 1116 semel
1027 1061 1087 1117 in
1122 1062 1438 1134 septimana
1456 1062 1703 1117 comedis

121 1152 415 1207 secundum
447 1152 700 1223 regulam
729 1149 1044 1218 abbatissae,
1068 1156 1125 1205 et
1143 1167 1246 1206 nos
1261 1152 1365 1206 hoc
1383 1168 1496 1206 non
1515 1166 1708 1222 possu-

119 1258 236 1298 mus
263 1241 588 1314 adimplere.
638 1240 697 1295 Si
748 1246 950 1295 coactm
986 1240 1258 1295 fuerimus
1300 1241 1370 1296 ab
1404 1240 1704 1307 abbatissa,

123 1330 246 1403 quid
273 1329 587 1385 faciemus?
612 1329 716 1385 Cui
743 1330 1068 1402 Euphraxia
1096 1331 1385 1402 respondit
1424 1348 1436 1384 :
1470 1331 1710 1387 Domina

124 1436 259 1486 mea,
292 1419 525 1474 domina
560 1423 756 1474 nostra
784 1419 1069 1475 abbatissa
1105 1420 1246 1475 dixit
1267 1425 1331 1475 ut
1360 1437 1710 1493 unaquaeque

126 1509 259 1564 sicut
290 1509 502 1581 poterit
531 1509 801 1564 decertet.
852 1511 978 1565 Non
1009 1509 1160 1564 enim
1205 1510 1325 1565 sine
1377 1512 1710 1568 necessitate

125 1598 251 1653 mihi
274 1598 377 1653 hoc
396 1599 599 1670 jugum
630 1598 1081 1670 imposuit.Dixit
1100 1599 1151 1653 ei
1173 1600 1484 1655 Germana:
1519 1603 1709 1674 Impo-

124 1688 249 1744 strix
267 1693 322 1743 et
343 1688 501 1743 omni
530 1687 837 1743 calliditate
864 1689 1049 1759 plena,
1075 1689 1201 1760 quis
1218 1690 1433 1745 nesciat
1448 1691 1582 1762 quia
1605 1691 1709 1747 sub

125 1776 335 1848 ingenio
364 1777 471 1831 hoc
489 1777 630 1847 agis,
658 1782 723 1831 ut
751 1783 878 1848 post
906 1778 1299 1849 pausationem
1327 1778 1622 1836 abbatissae
1647 1787 1709 1836 tu

1781 611 1935 666 venit
1959 626 2136 681 usque
2166 606 2237 662 ad
2266 606 2484 662 tibiam.
2503 605 2636 669 Qua:
2665 619 2793 658 cum
2814 601 3044 656 vidisset
3062 597 3380 655 crudelissi-

1783 718 1941 757 mum
1970 701 2169 754 vulnus
2194 692 2374 763 valde,
2409 702 2466 750 et
2496 693 2829 764 sanguinem
2854 691 3216 744 vehementer
3234 687 3376 742 effu—

1784 808 1930 857 sum,
1973 788 2273 861 projiciens
2316 784 2559 839 securim
2606 779 2928 851 angustiata
2975 784 3032 833 et
3078 778 3139 832 in
3166 782 3379 831 terram

1782 886 2067 952 prostrata
2085 883 2187 932 est.
2222 876 2373 931 Julia
2394 890 2522 928 vero
2554 870 2822 937 cucurrit,
2841 875 2899 923 et
2933 869 3204 932 clamans,
3228 881 3381 920 soro-

1785 970 1938 1025 ribus
1957 966 2237 1023 nuntiavit
2251 965 2385 1037 quia
2403 961 2721 1034 Euphraxia
2738 958 3017 1030 accipiens
3033 956 3293 1021 securim,
3310 955 3382 1009 de

1786 1060 1968 1115 securi
1994 1063 2218 1112 mortua
2246 1061 2349 1110 est.
2383 1055 2636 1124 Cumque
2666 1065 2938 1105 concursu
2962 1047 3173 1101 clamor
3201 1044 3380 1099 factus

1788 1149 1986 1204 fuisset
2000 1146 2406 1207 universarum,
2420 1139 2860 1196 circumstabant
2870 1152 2997 1190 eam
3014 1151 3203 1206 paucae
3218 1132 3386 1187 simul

1791 1244 1849 1295 et
1864 1236 2092 1292 ﬂebant.
2110 1236 2267 1291 Tunc
2287 1232 2556 1288 accedens
2574 1228 2874 1293 abbatissa,
2892 1241 3096 1297 aquam
3114 1223 3174 1277 in
3185 1221 3383 1276 faciem

1791 1330 1840 1399 ej
1850 1346 1914 1382 us
1932 1326 2086 1381 misit
2108 1325 2176 1395 (4)
2196 1344 2209 1392 ;
2226 1329 2283 1377 et
2297 1321 2631 1391 consignans
2652 1334 2777 1372 eam
2802 1320 2972 1386 atque
2984 1312 3380 1384 complectens,

1790 1418 1871 1472 ait
1888 1417 1968 1472 ei:
1994 1414 2133 1471 Filia
2166 1428 2294 1468 mea
2322 1409 2659 1480 Euphraxia,
2686 1422 2786 1461 cur
2811 1402 3133 1475 angustiata
3159 1400 3254 1455 es?
3285 1400 3390 1454 Re-

1791 1524 1919 1562 crea
1946 1512 2022 1573 te,
2047 1510 2105 1559 et
2122 1505 2353 1575 loquere
2389 1497 2695 1554 sororibus.
2735 1495 2840 1549 Illa
2873 1508 3004 1547 vero
3030 1488 3381 1563 respiciente,

1792 1595 2074 1653 abbatissa
2102 1593 2272 1648 dixit:
2297 1589 2532 1646 Domine
2543 1587 2676 1644 Jesu
2706 1583 2947 1649 Christe,
2968 1597 3108 1637 sana
3127 1577 3389 1633 ancillam

1792 1693 1969 1753 tuam,
2005 1682 2272 1756 quoniam
2323 1682 2553 1752 propter
2594 1681 2652 1730 te
2690 1672 2872 1729 multa
2900 1670 3130 1743 patitur.
3164 1668 3235 1723 Et
3262 1680 3389 1720 cum

1792 1780 2024 1851 ligasset
2051 1774 2250 1847 pedem
2282 1772 2404 1841 ejus
2437 1769 2506 1824 de
2533 1782 2719 1838 panno
2747 1762 2984 1828 cilicino,
3009 1759 3213 1815 levavit
3241 1773 3385 1812 eam:

127 1866 173 1920 ei
189 1866 493 1922 succedas?
517 1866 695 1921 Credo
716 1867 775 1920 in
797 1866 1039 1933 Christo,
1067 1868 1196 1939 quia
1225 1874 1281 1922 te
1311 1885 1599 1940 nunquam
1624 1870 1711 1924 di-
1732 1884 1779 1945 Β
1796 1846 1863 1924 et
1875 1869 2016 1922 dans
2046 1846 2098 1919 ei
2140 1877 2389 1925 manum,
2430 1856 2670 1912 ducebat
2698 1869 2821 1908 eam
2851 1852 2922 1906 ad
2948 1846 3379 1905 monasterium.

125 1955 377 2025 gnabitur
404 1955 479 2012 ad
509 1954 805 2011 abbatissae
838 1956 1024 2011 venire
1055 1958 1264 2013 locum.
1305 1959 1556 2014 Audiens
1596 1960 1713 2015 haec

130 2046 454 2119 Euphraxia,
494 2047 797 2118 prostravit
831 2064 890 2100 se
917 2047 988 2101 ad
1016 2047 1185 2119 pedes
1214 2049 1355 2120 ejus,
1388 2053 1446 2105 et
1473 2048 1613 2104 dixit
1639 2048 1711 2105 ad

129 2152 279 2190 eam:
311 2136 547 2207 Ignosce
582 2136 743 2201 mihi,
777 2135 1007 2192 domina
1029 2152 1175 2203 mea,
1208 2142 1266 2192 et
1313 2153 1414 2192 ora
1454 2154 1556 2210 pro
1586 2155 1703 2196 me.

132 2226 473 2296 Cognoscens
515 2231 708 2281 autem
740 2225 1023 2281 abbatissa
1054 2226 1203 2298 quod
1250 2226 1437 2282 fuerat
1481 2226 1709 2295 factum,

132 2314 462 2371 Germanam
492 2332 683 2371 coram
710 2315 965 2372 omnibus
981 2316 1213 2384 vocavit,
1236 2317 1489 2389 dixitque
1501 2318 1551 2372 ei
1577 2320 1716 2374 :An-

133 2405 249 2459 cilla
273 2422 538 2477 nequam,
571 2412 629 2461 et
654 2422 689 2461 a
732 2406 848 2461 Deo
895 2412 1179 2475 extranea,
1214 2407 1349 2479 quid
1375 2407 1479 2462 tibi
1524 2409 1718 2463 nocuit

135 2494 459 2565 Euphraxia,
484 2495 617 2567 quia
638 2496 915 2551 festinasti
926 2496 1177 2551 studium
1206 2498 1330 2568 ejus
1355 2496 1717 2570 obrumpere?

132 2584 316 2639 Aliena
339 2602 400 2639 es
421 2601 459 2640 a
476 2601 734 2640 sororum
754 2586 1005 2654 concilio,
1020 2585 1252 2657 indigna
1263 2604 1322 2641 es
1337 2604 1371 2640 a
1384 2586 1717 2656 ministerio,

136 2678 186 2727 et
203 2673 431 2745 collegio
453 2691 710 2730 sororum
738 2681 1023 2730 extranea.
1057 2675 1161 2730 Cui
1177 2677 1417 2731 multum
1440 2679 1722 2750 supplica-

136 2761 225 2816 bat
253 2763 587 2835 Euphraxia,
622 2770 901 2836 quatenus
930 2764 1011 2819 illi
1039 2765 1260 2819 veniam
1286 2766 1628 2836 largiretur;
1663 2774 1722 2823 et

1761 1933 1897 2017 illla
1922 1972 2049 2009 vere
2074 1950 2376 2024 respiciens
2406 1947 2563 2018 ligna
2600 1944 2870 2017 projecta,
2895 1937 3033 1993 dixit
3062 1933 3348 2024 sororibus
3375 1952 3389 1988 :

1793 2048 1944 2103 Vivit
1962 2023 2234 2101 Dominus
2248 2056 2427 2105 meus,
2450 2036 2559 2091 nisi
2570 2029 3027 2102 collegeroligna,
3052 2031 3110 2082 et
3128 2023 3393 2095 septima-

1795 2155 1928 2193 nam
1948 2150 2133 2189 meam
2153 2147 2274 2185 com
2281 2130 2500 2201 plevero
2523 2127 2616 2196 (5),
2638 2139 2749 2176 non
2766 2116 3085 2174 ascendam.
3117 2113 3221 2170 Cui
3241 2111 3392 2169 Julia

1797 2227 1973 2283 dixit:
2007 2218 2419 2288 Noli,'domina
2448 2230 2625 2281 soror,
2659 2227 2773 2267 non
2800 2208 2978 2274 vales;
3014 2204 3254 2269 dimitte,
3288 2217 3392 2271 ego

1798 2318 2057 2387 colligam
2077 2329 2162 2377 ea,
2184 2316 2248 2366 tu
2259 2306 2517 2371 ascende,
2542 2301 2828 2375 requiesce
2848 2299 3080 2370 propter
3117 2292 3391 2348 dolorem.

1798 2409 1903 2464 Illa
1929 2421 2058 2460 vero
2095 2417 2209 2456 non
2235 2395 2533 2469 acquievit,
2568 2392 2666 2447 sed
2692 2387 2978 2460 complens
3024 2398 3226 2439 manus
3256 2396 3390 2435 suas

1800 2496 1983 2569 lignis,
2009 2494 2087 2548 sic
2107 2487 2376 2546 ascendit.
2395 2484 2499 2539 Cui
2512 2489 2704 2538 tamen
2723 2476 2979 2553 diabolus
2999 2489 3113 2529 non
3124 2469 3393 2544 pepercit.

1801 2560 1946 2644 Nvam
1959 2600 2085 2641 cum
2098 2577 2438 2636 ascendisset
2447 2571 2761 2645 superiores
2769 2565 2979 2640 gradus
2992 2560 3400 2626 scalm,calcans

1800 2675 2188 2735 summitatem
2218 2666 2418 2723 tunicae
2456 2680 2589 2727 suae,
2626 2675 2796 2731 super
2821 2656 3009 2729 ipsum
3036 2653 3256 2725 lignum
3282 2648 3403 2704 ruit

1802 2766 1951 2841 quod
1975 2760 2252 2836 portabat,
2278 2761 2335 2811 et
2357 2756 2530 2810 fixum
2555 2755 2643 2806 est
2668 2748 2887 2820 lignum
2924 2744 2985 2799 in
3001 2745 3230 2815 aspectu
3254 2739 3398 2810 ejus,

138 2867 239 2906 non
265 2831 387 2907 eam
409 2854 586 2918 ﬂexit,
605 2831 782 2909 donec
802 2854 1173 2927 implerentur
1191 2855 1311 2910 dies
1332 2831 1586 2927 triginta.
1609 2831 1727 2913 'l‘ri-
1808 2831 1890 2913 ita
1905 2831 2208 2911 ut-sorores
2218 2846 2510 2903 crederent
2527 2840 2662 2915 quia
2678 2838 2898 2909 lignum
2919 2835 3042 2907 ejus
3062 2831 3284 2887 oculum
3302 2844 3403 2900 pe-

136 2940 336 3011 gesimo
356 2960 492 2998 vero
520 2943 610 2998 die
638 2943 830 2998 videns
860 2918 1179 3015 Euphraxia
1207 2944 1340 3016 quia
1362 2918 1448 2999 nil
1477 2947 1726 3017 rogando
1810 2946 2109 3001 netrasset.
2143 2940 2300 2995 Tunc
2326 2934 2646 2990 exclamans
2689 2926 2858 2993 Julia,
2886 2924 2967 2980 ait
3004 2922 3075 2978 ad
3103 2936 3256 2977 eam:
3289 2918 3405 2974 Do-

138 3032 444 3100 proficeret,
474 3049 765 3088 assumens
778 3051 966 3088 secum
991 3034 1201 3089 Juliam
1228 3040 1285 3089 et
1304 3035 1554 3091 seniores
1574 3036 1730 3091 femi-
1812 3036 1969 3090 mina
1987 3049 2132 3097 mea,
2167 3028 2270 3085 tibi
2308 3025 2423 3081 dixi
2449 3022 2581 3094 quia
2612 3036 2724 3075 non
2752 3023 2913 3091 potes
2951 3013 3320 3086 requiescere,
3351 3012 3408 3062 et

138 3136 230 3205 nas
246 3122 601 3191 monasterii,
634 3123 970 3194 deposcebat
984 3129 1048 3178 ut
1071 3130 1340 3195 rogarent
1366 3124 1730 3196 abbatissam,
1813 3142 1927 3181 non
1948 3140 2037 3178 me
2058 3096 2396 3177 audisti.Cui
2423 3113 2564 3168 dixit
2573 3106 2893 3182 Euphraxia
2914 3105 3120 3160 :Caute
3140 3096 3409 3156 subtrahe

142 3215 412 3280 quatenus
466 3211 519 3267 ei
571 3212 1046 3272 reconciliaretur.
1106 3214 1227 3278 Quo
1262 3214 1428 3283 facto,
1482 3215 1728 3270 evocavit
1748 3209 1791 3271 C
1814 3231 1849 3269 a
1873 3230 1964 3268 me
1992 3212 2230 3283 lignum,
2254 3205 2448 3262 oculus
2460 3217 2620 3257 meus
2640 3214 2811 3253 sanus
2831 3199 2936 3250 est.
2960 3190 3154 3248 Traxit
3180 3203 3314 3259 ergo
3337 3184 3408 3241 ab

142 3311 256 3351 eam
292 3296 583 3352 abbatissa
610 3314 798 3353 coram
821 3298 1097 3364 omnibus,
1142 3298 1394 3371 dixitque
1423 3300 1477 3355 ei
1500 3318 1514 3355 :
1536 3300 1733 3355 Nonne
1817 3320 1884 3359 ea
1911 3279 2149 3373 lignum,
2183 3302 2241 3352 et
2268 3290 2562 3363 sanguinis
2580 3288 2730 3343 facta
2751 3291 2837 3341 est
2868 3281 3064 3338 effusio
3082 3279 3408 3334 vehemens.

143 3384 460 3455 dijudicasti
478 3386 537 3441 in
566 3388 732 3442 corde
760 3394 858 3442 tuo
887 3393 953 3443 ut
979 3388 1232 3444 studium
1246 3368 1445 3462 puellae
1461 3389 1736 3461 hujusab-
1814 3368 2115 3449 Abbatissa
2130 3402 2255 3441 vero
2276 3383 2531 3439 deferens
2548 3379 2817 3443 oleum,et
2836 3373 2982 3428 facta
3003 3368 3411 3436 oratione,sup-

144 3474 438 3541 scinderes,
471 3493 575 3533 nec
602 3478 864 3550 cogitasti
880 3478 1014 3550 quia
1041 3477 1178 3534 dum
1205 3485 1354 3535 esset
1373 3484 1652 3547 matrona,
1678 3484 1737 3534 et
1819 3481 2007 3555 posuit
2025 3479 2076 3533 ei
2099 3491 2352 3544 manum;
2374 3483 2712 3539 rursumque
2728 3461 2948 3520 dixitad
2966 3476 3089 3516 eam
3117 3476 3128 3512 :
3153 3456 3309 3512 Vade
3339 3453 3412 3509 ad

146 3580 206 3617 ex
228 3564 507 3637 imperiali
531 3583 742 3638 genere
770 3566 1093 3635 constituta,
1126 3567 1449 3624 humiliavit
1474 3569 1738 3640 semetip—
1818 3543 2059 3626 stratum
2076 3543 2633 3634 tuum,requiesce,et
2651 3573 2753 3627 ego
2772 3549 3107 3609 dominabus
3130 3543 3417 3604 sororibus

147 3670 278 3719 sam,
317 3660 374 3710 et
404 3633 637 3728 propter
663 3655 840 3712 Deum
880 3633 1107 3713 servivit
1134 3656 1273 3713 tibi?
1302 3656 1573 3715 Omnibus
1604 3633 1737 3729 ergo
1819 3657 2197 3716 ministerium
2224 3633 2386 3709 tuum
2416 3650 2674 3721 injungo.
2719 3640 3037 3716 Euphraxia
3064 3653 3197 3693 vero
3227 3633 3371 3690 dixit
3397 3649 3408 3685 :

149 3744 473 3815 rogantibus
502 3762 604 3817 pro
633 3748 917 3801 Germana
945 3748 1168 3819 placata
1194 3752 1299 3803 est.
1821 3750 1973 3806 Vivit
1990 3746 2264 3803 Dominus
2283 3756 2465 3806 meus,
2481 3737 2615 3811 quia
2633 3752 2747 3792 non
2764 3732 3074 3805 requiesco,
3090 3727 3267 3783 donec
3296 3722 3419 3779 offi-

216 3834 337 3889 CAP.
367 3815 521 3890 XXI:
553 3866 618 3876 —
651 3837 807 3892 Tunc
834 3815 1088 3893 diabolus
1125 3841 1322 3893 contra
1364 3837 1742 3910 Euphraxiam
1823 3840 1969 3895 cium
1998 3851 2188 3892 meum
2213 3831 2580 3904 complevero.
2607 3826 2846 3882 Multum
2882 3820 3033 3876 enim
3061 3815 3419 3910 rogabatura

152 3925 452 3981 certamina
482 3942 595 3981 non
625 3927 862 3983 cessavit
889 3927 1461 3983 committere.Nimis
1478 3928 1629 3983 enim
1659 3927 1739 3982 fu-
1819 3926 2104 3985 sororibus
2123 3929 2188 3981 ut
2217 3901 2595 3993 requiesceret
2611 3918 2842 3988 propter
2858 3911 3054 3984 plagas
3084 3922 3224 3979 quas
3242 3901 3416 3960 habe-

150 4011 301 4069 rebat
328 4020 529 4071 contra
547 4032 692 4083 eam,
716 4021 774 4071 et
796 4016 906 4072 cito
942 4017 1175 4089 perduci
1202 4016 1424 4073 volebat
1451 4017 1523 4072 ad
1543 4018 1735 4072 ﬁnem.
1821 4018 1937 4085 bat,
1965 4022 2023 4073 et
2049 4032 2215 4088 passa
2236 4018 2351 4067 nan
2380 4013 2465 4065 est
2487 4026 2501 4077 ;
2534 4006 2633 4063 sed
2662 4005 2742 4060 sic
2782 4003 3051 4065 ulcerata,
3084 4013 3151 4052 ex
3177 3999 3419 4064 utraque

151 4101 269 4156 Una
315 4102 546 4176 quidem
594 4104 832 4173 dierum,
877 4122 1006 4162 cum
1032 4106 1104 4162 ad
1134 4106 1507 4163 hauriendam
1533 4123 1741 4179 aquam
1824 4081 1997 4181 plaga
2021 4081 2296 4175 sanguine
2324 4115 2493 4173 procu
2503 4100 2707 4160 rrente,
2732 4091 2920 4148 stabat
2936 4085 3313 4145 ministerium
3338 4081 3418 4137 fa-

151 4190 601 4249 descendissetad
616 4199 870 4266 puteum,
888 4195 1195 4269 arripiebat
1208 4214 1332 4252 eam
1346 4177 1605 4252 diabolus
1614 4213 1741 4251 cum
1824 4177 1977 4251 ciens
2007 4192 2312 4257 sororibus,
2360 4195 2419 4244 et
2447 4202 2631 4259 neque
2659 4184 2719 4239 in
2739 4198 2910 4255 opere
2937 4178 3039 4236 Dei
3074 4177 3285 4241 deerat,
3318 4187 3421 4229 nec

154 4280 366 4353 lagena,
416 4287 473 4338 et
518 4284 724 4355 dejccit
750 4302 877 4341 eam
906 4286 1171 4342 deorsum
1196 4287 1257 4342 in
1286 4292 1540 4359 puteum,
1571 4287 1653 4343 ita
1679 4292 1745 4341 ut
1824 4287 1884 4342 in
1922 4285 2032 4341 alio
2057 4281 2389 4339 ministerio.

157 4378 451 4428 nausearet
481 4373 817 4446 Euphraxia,
859 4381 917 4431 et
960 4377 1279 4448 perveniret
1318 4382 1487 4450 caput
1514 4378 1636 4448 ejus
1672 4377 1746 4433 ad
1899 4374 2241 4431 CAP.XXIII.
2276 4398 2327 4413 -
2348 4370 2566 4425 Rursus
2581 4361 3194 4437 itaquealiavice.cum
3224 4369 3421 4411 ascen-

154 4460 405 4518 fundum.
448 4443 675 4520 Elevata
698 4482 829 4521 vero
849 4467 918 4523 de
941 4443 1107 4538 aqua,
1142 4472 1199 4522 et
1223 4443 1423 4523 teneris
1450 4443 1643 4522 funem
1675 4468 1747 4523 si-
1767 4534 1802 4538 _
1827 4466 1989 4520 deret
2016 4480 2145 4519 cum
2176 4459 2325 4518 Julia
2346 4459 2407 4514 in
2442 4456 2714 4513 solarium
2748 4451 2982 4508 tertium
3021 4444 3112 4519 (6),
3147 4443 3425 4516 arripiens

158 4553 393 4621 tulae,ita
409 4555 672 4611 clamavit
690 4557 760 4611 de
774 4563 946 4629 puteo
962 4576 974 4613 :
991 4533 1242 4625 Christe,
1266 4558 1471 4629 adjuva
1483 4575 1594 4614 me.
1624 4558 1748 4622 Qua
1767 4534 1955 4610 Deam
1984 4552 2258 4618 diabolus,
2294 4545 2660 4621 praecipitavit
2710 4558 2835 4598 eam
2875 4539 3157 4594 deorsum.
3200 4533 3270 4589 Et
3296 4548 3426 4587 cum

155 4656 283 4697 voce
300 4641 467 4711 facta,
482 4644 770 4716 cognitum
790 4652 880 4702 est
891 4646 1025 4717 quia
1044 4646 1364 4719 Euphraxia
1379 4646 1751 4702 corruissetin

158 4737 406 4803 puteum,
423 4738 480 4788 et
516 4736 913 4793 concurrentes
941 4753 1163 4793 sorores
1190 4753 1318 4792 cum
1346 4735 1631 4792 abbatissa
1659 4735 1753 4791 ab-

160 4827 482 4879 straxerunt
509 4841 635 4880 eam
674 4825 743 4882 de
779 4831 970 4899 puteo.
996 4826 1131 4893 Quae
1179 4843 1415 4899 surgens
1441 4825 1659 4893 exinde,
1694 4830 1753 4880 et

161 4914 516 4988 semetipsam
540 4915 897 4986 consignans,
924 4915 1160 4973 subrisit
1189 4922 1247 4972 et
1275 4916 1382 4971 ait:
1412 4914 1563 4970 Vivit
1591 4913 1753 4970 Chri-

161 5006 277 5057 stus
304 5020 482 5072 meus,
515 5005 649 5077 quia
674 5022 788 5061 non
812 5023 902 5061 me
929 5006 1121 5074 vincis,
1144 5005 1382 5074 diabole,
1414 5021 1597 5077 neque
1616 5005 1751 5059 cedo

162 5088 279 5146 tibi.
312 5093 502 5165 Usque
529 5110 682 5151 nunc
710 5095 939 5167 quidem
968 5110 1139 5151 unam
1172 5095 1432 5167 lagenam
1462 5092 1755 5166 portabam

162 5195 287 5237 cum
307 5198 456 5255 aqua
476 5182 537 5239 in
577 5184 902 5256 coquinam;
935 5184 1006 5240 ab
1036 5184 1202 5240 hodie
1226 5189 1411 5252 35$
1438 5199 1569 5239 vero
1613 5182 1757 5239 dua-

164 5268 264 5326 bus
290 5271 508 5345 lagenis
532 5290 740 5347 aquam
758 5274 1014 5347 portabo.
1044 5275 1114 5330 Et
1142 5273 1224 5330 ita
1251 5274 1402 5329 fecit.

234 5362 543 5420 CAEXXII.
569 5394 634 5405 —
652 5361 866 5421 Videns
885 5365 1077 5437 itaque
1106 5363 1362 5421 diabolus
1383 5363 1516 5437 quia
1537 5379 1664 5419 eam
1695 5363 1756 5418 in

166 5456 329 5524 puteo
360 5470 559 5511 necare
580 5471 695 5512 non
713 5455 907 5521 valuit,
933 5472 1163 5512 rursum
1191 5454 1304 5511 alia
1328 5455 1447 5510 vice
1478 5470 1607 5510 cum
1636 5453 1760 5509 des-

169 5544 443 5601 cendisset
455 5545 611 5619 ligna
626 5544 893 5615 incidere,
912 5562 1153 5619 cumque
1168 5546 1290 5617 jam
1328 5561 1511 5618 pauca
1528 5542 1759 5600 incidis-

171 5637 271 5701 set,
309 5633 488 5691 astitit
508 5633 763 5693 diabolus
787 5636 1088 5693 observans
1108 5651 1254 5691 eam.
1289 5635 1359 5691 Et
1369 5635 1505 5691 dum
1520 5633 1761 5691 levasset

173 5722 410 5783 securim
429 5730 494 5785 ut
505 5723 726 5799 lignum
742 5724 1037 5797 incideret,
1059 5724 1344 5798 colligavit
1365 5722 1621 5783 diabolus
1645 5739 1762 5782 ma-

1831 4638 2372 4705 exclamassetJulia,
2392 4638 2789 4691 concurrentes
2828 4644 3048 4685 sorores
3068 4621 3431 4679 crediderunt

1831 4750 1892 4789 se
1943 4729 2324 4803 Euphraxiam
2376 4729 2662 4780 mortuam
2689 4719 2961 4776 invenire.
3000 4716 3137 4782 Quae
3167 4728 3422 4785 surgens,

1833 4821 2076 4878 occurrit
2098 4819 2197 4875 eis.
2225 4818 2405 4883 Quam
2430 4812 2816 4886 suscipientes,
2841 4806 3276 4864 introduxerunt
3303 4817 3430 4857 eam

1832 4912 1903 4968 ad
1921 4910 2284 4975 abbatissam;
2306 4907 2785 4977 interrogavxtque
2805 4916 2931 4956 eam
2943 4898 2994 4955 si
3012 4897 3071 4953 in
3089 4896 3278 4968 aliquo
3297 4891 3433 4948 fuis-

1833 5007 1920 5057 set
1946 5001 2098 5055 laesa.
2126 4998 2231 5054 Cui
2260 4995 2578 5069 Euphraxia
2607 4990 2932 5064 respondit:
2964 4987 3115 5043 Vivit
3131 4983 3426 5048 Dominus,

1838 5090 2066 5147 domina
2105 5104 2253 5158 mea,
2285 5085 2419 5159 quia
2465 5102 2569 5141 nec
2601 5081 2881 5158 quomodo
2924 5077 3098 5136 cecidi
3141 5073 3289 5139 novi,
3329 5087 3434 5127 nec

1839 5179 2117 5253 quomodo
2147 5176 2385 5234 surrexi.
2423 5175 2673 5232 Audiens
2702 5171 2985 5228 abbatissa
3013 5166 3153 5239 quia,
3174 5164 3245 5219 de
3272 5164 3435 5253 tanta

1840 5248 2137 5326 altitudine
2183 5282 2452 5324 corruens
2516 5264 2658 5320 nihil
2706 5266 2854 5319 esset
2904 5259 3055 5324 laesa,
3099 5248 3433 5326 gloriﬁcavit

1839 5362 2040 5428 Deum,
2072 5359 2296 5416 dicens:
2339 5355 2515 5423 Vade,
2568 5353 2685 5409 ﬁlia
2729 5351 2801 5409 ad
2831 5364 2971 5422 opus
3012 5349 3199 5411 tuum,
3231 5346 3290 5397 et
3325 5339 3436 5397 erit

1839 5451 2114 5509 Dominus
2143 5454 2350 5506 tecum.

1915 5542 2051 5598 CAP.
2073 5538 2270 5596 XXIV.
2298 5564 2365 5577 —
2387 5536 2602 5593 Rursus
2636 5549 2771 5605 ergo
2806 5527 3069 5586 inimicus
3090 5525 3282 5581 volens
3310 5538 3437 5579 eam

1844 5631 2117 5699 occidere,
2147 5629 2226 5685 sic
2237 5626 2616 5685 adoriebatur.
2634 5624 2777 5680 Cum
2799 5617 3120 5693 Euphraxia
3139 5615 3310 5673 ollam
3330 5614 3440 5671 fer-

1840 5725 2065 5781 ventem
2083 5723 2323 5788 teneret,
2343 5716 2404 5775 in
2431 5733 2542 5792 qua
2577 5714 2699 5773 olus
2720 5708 3015 5791 coquebat,
3046 5712 3110 5768 ut
3130 5705 3444 5767 elfunderet
