3868 6386
431 409 536 470 635
1461 402 1555 458 DE
1588 399 1778 458 VITIS
1816 397 2113 456 PATRUM
2147 398 2362 457 LIBER
2397 401 2686 459 PRIMUS.
3609 409 3714 467 636

435 533 742 590 coctionem
764 533 976 589 olerum
1001 533 1063 588 in
1092 531 1338 598 vasculo,
1361 527 1564 584 ablatis
1586 525 1822 600 pedibus
1851 541 1886 581 a
1909 525 2027 580 dia-
2043 524 2096 587 Α
2111 541 2242 580 eum
2268 526 2328 582 in
2355 531 2588 583 terram.
2619 527 2936 586 Infantulus
2970 535 3160 588 autem
3202 548 3331 587 mox
3377 549 3708 608 exsurgens,

433 621 580 691 bolo,
605 627 918 678 retrorsum
941 623 1165 688 cadens,
1193 621 1316 675 ollae
1354 618 1505 673 illius
1525 617 1832 672 coctionem
1859 616 1917 670 in
1941 617 2028 671 fa-
2111 617 2359 671 cucurrit
2380 617 2449 671 ad
2459 618 2713 688 januam,
2735 634 2991 689 quaerens
3010 625 3248 676 matrem
3261 639 3441 678 suam.
3461 624 3710 682 Currens

433 713 576 768 ciem
597 728 757 766 suam
784 711 946 767 fudit.
973 713 1042 766 Et
1069 711 1206 765 dum
1225 725 1418 764 omnes
1439 722 1658 762 sorores
1679 707 1737 760 in
1763 705 1868 759 hoc
1886 704 2029 759 facto
2112 710 2302 760 autem
2323 707 2570 775 ostiaria,
2594 697 2874 763 nuntiavit
2892 708 3190 766 abbatissae
3205 713 3352 783 quod
3366 713 3582 768 factum
3601 720 3707 769 est.

436 807 883 873 expavescerent,
917 800 1176 856 exsiliens
1219 799 1556 870 Euphraxia,
1594 795 1839 861 subrisit,
1867 800 1925 849 et
1951 795 2032 849 ait
2113 794 2247 858 Quae
2271 812 2399 850 cum
2423 805 2673 852 vocasset
2694 799 3191 866 matreminfantis,
3215 801 3353 856 dicit
3371 802 3456 857 ei:
3487 802 3591 858 Dic
3609 803 3710 858 mi-

437 891 507 946 ad
537 908 631 945 eas
663 910 674 944 :
711 891 786 946 Ut
813 890 947 962 quid
991 889 1232 944 turbatae
1261 887 1434 942 estis?
1471 886 1772 940 Abbatissa
1795 901 1926 939 vero
1956 884 2032 939 vi-
2112 883 2191 950 hi,
2223 885 2427 956 inquit,
2460 903 2636 954 soror,
2667 892 2886 942 tentare
2899 905 2998 942 nos
3024 889 3225 944 venisti
3243 890 3267 944 ?
3285 891 3597 963 Respondit
3614 908 3711 948 au-

436 981 574 1036 dens
604 979 736 1051 quia
764 997 876 1034 non
913 978 1112 1034 fuisset
1138 978 1286 1044 laesa,
1309 976 1627 1048 respexitin
1649 976 1836 1042 ollam,
1867 980 1924 1029 et
1948 974 2030 1029 vi-
2113 978 2229 1028 tem
2259 979 2441 1029 mater
2463 976 2712 1046 infantis,
2741 977 2930 1032 dicens
2952 997 2964 1032 :
2985 978 3094 1034 Per
3120 979 3422 1036 Dominum
3449 987 3710 1037 nostrum

435 1069 518 1125 dit
547 1069 679 1141 quia
703 1070 851 1142 quod
883 1073 1234 1124 remanserat
1247 1072 1393 1122 esset
1411 1067 1647 1120 fervens.
1673 1066 1742 1120 Et
1769 1081 2033 1119 conversa
2115 1063 2307 1117 Jesum
2337 1065 2643 1132 Christum,
2676 1066 2905 1122 domina
2938 1084 3082 1134 mea,
3107 1068 3240 1140 quia
3257 1085 3440 1141 neque
3460 1069 3714 1126 ambula-

437 1159 578 1214 dixit
592 1158 910 1230 Euphraxia
928 1176 939 1212 :
957 1158 1122 1224 Vere,
1145 1156 1376 1212 domina
1395 1173 1540 1222 mea,
1568 1156 1702 1228 quia
1719 1155 1871 1210 velut
1889 1171 2036 1226 aqua
2115 1152 2404 1224 vit,neque
2425 1155 2644 1210 locutus
2665 1162 2750 1211 est
2769 1157 2861 1212 hic
2889 1157 3072 1212 infans
3086 1174 3266 1230 usque
3296 1157 3356 1212 in
3377 1163 3713 1230 praesentem

438 1247 641 1318 frigida
667 1247 822 1302 venit
848 1247 909 1302 in
945 1245 1145 1301 faciem
1187 1262 1393 1300 meam.
1442 1244 1739 1299 Admirata
1783 1249 1870 1298 est
1903 1259 2034 1298 vero
2117 1241 2335 1296 horam.
2358 1243 2464 1298 Sed
2481 1261 2609 1299 cum
2633 1246 2971 1318 suscepisset
2983 1263 3110 1302 eum
3131 1247 3247 1302 haec
3269 1247 3498 1303 domina
3531 1264 3708 1315 soror,

441 1335 744 1403 abbatissa,
789 1341 845 1390 et
890 1336 1116 1392 intuens
1142 1335 1202 1390 in
1251 1351 1376 1389 eam
1411 1335 1586 1389 dixit:
1612 1333 1770 1400 Filia,
1802 1334 1950 1388 Deus
1977 1339 2033 1387 te
2117 1347 2246 1386 mox
2272 1331 2492 1387 locutus
2515 1341 2615 1390 est.
2638 1335 2740 1390 Illa
2759 1352 2886 1391 vero
2917 1336 3218 1408 projiciens
3249 1353 3378 1391 eum
3399 1337 3459 1392 in
3473 1342 3707 1402 terram,

439 1425 738 1492 custodiat,
769 1431 825 1480 et
852 1424 954 1480 tibi
985 1425 1104 1480 sine
1132 1424 1546 1480 intermissione
1574 1425 1815 1478 tolerare
1845 1423 1904 1476 in
1932 1439 2034 1478 suo
2117 1421 2272 1476 stetit
2291 1421 2690 1494 obstupefacta;
2714 1425 3024 1480 infantulus
3053 1442 3183 1480 vero
3201 1442 3457 1496 surgens,
3470 1426 3714 1482 venitad

439 1515 643 1570 timore
677 1516 962 1570 concedat.
1014 1515 1084 1570 Et
1110 1514 1363 1586 ingressa
1391 1513 1673 1568 abbatissa
1702 1512 2032 1580 oratorium,
2117 1527 2207 1566 me
2227 1511 2486 1566 ancillam
2502 1518 2680 1568 tuam.
2703 1513 2852 1568 Dicit
2872 1515 2922 1568 ei
2943 1513 3259 1568 abbatissa:
3302 1515 3440 1569 Ecce
3461 1530 3598 1586 ergo
3617 1515 3714 1570 ha-

440 1605 766 1660 convocavit
788 1605 1002 1677 priores
1031 1604 1278 1660 seniores
1311 1603 1656 1674 (7),dixitque
1691 1603 1800 1657 eis:
1846 1603 2036 1658 Nostis
2116 1599 2214 1655 bes
2243 1618 2371 1656 eum
2403 1618 2623 1670 sanum,
2653 1603 2788 1658 tolle
2831 1620 2980 1670 eum,
3038 1609 3095 1658 et
3123 1602 3263 1658 vade
3291 1603 3351 1658 in
3383 1620 3538 1675 pace.
3580 1604 3714 1668 Quae

445 1694 579 1767 quia
599 1694 917 1766 Euphraxia
939 1693 1250 1766 promeruit
1267 1692 1510 1763 gratiam
1523 1692 1661 1746 Dei?
1687 1692 2036 1762 Cognovistis
2118 1705 2411 1744 assumens
2441 1689 2618 1744 filium
2649 1707 2834 1758 suum,
2866 1689 3152 1762 pergebat,
3173 1690 3490 1762 gloriﬁcans
3511 1692 3711 1748 Deum.

439 1783 592 1840 enim
614 1783 746 1856 quia
761 1800 862 1838 nec
877 1782 1221 1855 praecipitata
1240 1781 1570 1837 contristata
1598 1786 1701 1847 est,
1745 1798 1928 1854 neque
1947 1781 2036 1836 ni-
2056 1844 2102 1856 __
2192 1779 2326 1832 CAP.
2347 1779 2570 1834 XXVII.
2594 1810 2662 1821 —
2688 1780 2935 1835 Rursum
2950 1797 3083 1851 ergo
3094 1778 3377 1836 abbatissa
3391 1780 3535 1835 dixit
3548 1780 3619 1836 ad
3635 1797 3718 1836 se-

441 1844 672 1928 mietate
701 1844 932 1928 fervoris
961 1844 1156 1928 exnista
1192 1876 1296 1927 est.
1326 1872 1401 1926 At
1424 1871 1533 1926 illa:
1557 1844 1857 1925 dixerunt:
1893 1870 2036 1926 Vere
2056 1844 2104 1906 Β
2119 1867 2305 1922 niores
2322 1885 2540 1924 sorores
2565 1887 2576 1923 :
2598 1869 2743 1934 Quid
2756 1870 2910 1926 vobis
2921 1871 2989 1926 de
3007 1844 3324 1943 Euphraxia
3337 1871 3596 1926 videtur?
3613 1871 3716 1926 Cui

441 1961 643 2018 ancilla
660 1962 762 2018 Dei
778 1966 863 2017 est
883 1961 1282 2034 Euphraxia,et
1308 1977 1501 2016 curam
1523 1962 1646 2032 ejus
1661 1959 1828 2015 habet
1842 1960 2036 2014 Domi-

440 2067 548 2108 nus
577 2070 590 2120 ;
642 2067 776 2106 nam
799 2051 860 2106 in
887 2051 1214 2122 hujusmodi
1251 2049 1656 2107 tentationibus
1687 2049 1926 2104 liberata
1953 2054 2040 2104 est

441 2157 476 2196 a
497 2140 754 2197 Domino.

515 2230 645 2287 Cap.
663 2230 833 2285 XXV.
857 2259 924 2272 —
949 2228 1146 2285 Omnis
1161 2229 1352 2302 itaque
1364 2229 1561 2284 civitas
1573 2234 1741 2300 atque
1757 2228 2041 2301 provincia

442 2319 903 2376 consuetudinem
925 2318 1165 2374 habebat
1186 2325 1247 2375 ut
1262 2319 1504 2374 infantes
1518 2319 1663 2374 male
1682 2318 1950 2373 habentes
1980 2318 2039 2373 in

442 2408 582 2464 illud
603 2409 945 2464 deducerent
963 2409 1466 2474 monasterium,ad
1488 2409 1718 2463 ancillas
1739 2407 1842 2463 Dei
1865 2407 2039 2462 mira-

443 2499 569 2555 cula
588 2498 870 2566 facientes,
885 2503 943 2554 et
966 2498 1305 2570 suscipiebat
1320 2516 1414 2553 eos
1445 2497 1748 2564 abbatissa,
1775 2502 1832 2552 et
1849 2496 2039 2568 ingre-

443 2586 744 2642 diebantur
767 2588 825 2642 in
855 2588 1183 2656 oratorium;
1209 2593 1266 2642 et
1285 2588 1678 2660 supplicabant
1702 2604 1805 2660 pro
1835 2587 1916 2640 eis
1935 2587 2042 2642 Do-

449 2675 692 2743 minum,
725 2682 783 2732 et
809 2693 939 2732 mox
986 2677 1056 2731 ab
1084 2677 1237 2732 omni
1265 2677 1534 2748 languore
1581 2675 2038 2732 sanabanturin-

444 2765 646 2833 fantes,
677 2770 734 2820 et
761 2765 1106 2838 recipiebant
1117 2783 1211 2820 eos
1233 2771 1441 2822 matres
1454 2767 1678 2839 proprie
1708 2782 1892 2833 sanos,
1915 2781 2041 2838 pro-

445 2853 758 2910 ficiscentes
807 2859 976 2926 atque
1019 2856 1400 2926 gloriﬁcantes
1436 2857 1634 2911 Deum.
1689 2856 1824 2911 Erat
1851 2860 2039 2910 autem

2119 1959 2544 2030 respondentes,
2569 1959 2831 2015 dixerunt
2864 1979 2876 2014 :
2901 1961 3046 2014 Vere
3064 1960 3268 2015 ancilla
3286 1959 3387 2016 Dei
3407 1965 3514 2016 est.
3545 1960 3718 2016 Voca-

2120 2047 2311 2119 vitque
2341 2065 2484 2114 eam,
2519 2053 2576 2104 et
2603 2049 2748 2104 dixit
2776 2050 2827 2105 ei
2852 2067 2863 2103 :
2907 2050 3051 2105 Filia
3069 2065 3195 2105 mea
3219 2050 3558 2122 Eupliraxia,
3592 2051 3716 2105 volo

2121 2141 2187 2192 ut
2214 2136 2343 2192 huic
2368 2138 2604 2209 patienti
2629 2139 2722 2208 (8),
2759 2155 2882 2211 qua:
2910 2139 2969 2194 in
2994 2139 3335 2195 monasterio
3365 2145 3468 2206 est,
3489 2156 3592 2212 per
3603 2156 3720 2195 ma-

2122 2241 2230 2281 nus
2260 2233 2386 2282 tuas
2425 2227 2611 2283 cibum
2642 2229 2864 2296 offeras,
2892 2229 2939 2283 si
2964 2245 3079 2284 non
3107 2229 3272 2284 times
3301 2245 3447 2284 eam.
3473 2229 3578 2284 Cui
3604 2229 3718 2285 Eu-

2121 2315 2356 2388 phraxia
2380 2317 2696 2389 respondit:
2740 2319 2866 2374 Non
2887 2319 3080 2386 timeo,
3114 2319 3343 2374 domina
3368 2335 3514 2385 mea,
3561 2318 3720 2390 quid-

2122 2405 2258 2478 quid
2274 2407 2412 2461 mihi
2433 2407 2704 2479 praecipis.
2723 2409 2962 2464 Sumens
2971 2425 3104 2480 ergo
3117 2407 3432 2480 Euphraxia
3449 2407 3719 2480 quiddam

2121 2496 2427 2563 vasculum,
2465 2497 2620 2552 misit
2643 2499 2701 2552 in
2726 2498 2863 2552 illud
2891 2499 3152 2569 legumen
3177 2503 3233 2552 et
3251 2498 3506 2570 fragmen
3533 2497 3719 2570 panis,

2123 2591 2180 2638 et
2201 2585 2403 2640 obtulit
2421 2586 2493 2642 ei.
2518 2587 2621 2642 Illa
2647 2603 2777 2642 vero
2807 2593 3037 2659 repente
3062 2586 3324 2643 dentibus
3349 2587 3619 2656 stridens,
3661 2593 3718 2642 et

2125 2675 2282 2730 valde
2311 2675 2574 2743 fremens,
2605 2677 2736 2732 fecit
2763 2677 3036 2750 impetum
3054 2692 3224 2750 super
3253 2693 3378 2733 eam
3404 2682 3492 2732 :et
3520 2693 3721 2750 appre-

2121 2764 2374 2820 hendens
2421 2766 2561 2821 illud
2609 2767 2915 2833 vasculum,
2955 2767 3178 2824 volebat
3203 2766 3573 2839 confringere.
3605 2767 3720 2822 Eu-

2122 2854 2358 2926 phraxia
2385 2872 2514 2910 vero
2541 2857 2968 2928 apprehendens
2989 2873 3220 2912 manum
3249 2857 3390 2929 ejus,
3417 2856 3591 2912 dixit:
3618 2855 3723 2911 Vi-

447 2945 703 3016 quaedam
733 2945 792 3000 in
819 2945 1161 3000 monasterio
1198 2946 1402 3001 mulier
1428 2961 1827 3016 energumena,
1860 2943 1929 2999 ab
1959 2944 2041 2998 in-
2123 2943 2202 2998 vit
2229 2945 2501 3000 Dominus
2519 2946 2686 3012 Deus,
2713 2946 2761 3001 si
2780 2952 2837 3001 te
2857 2963 3095 3018 posuero
3114 2947 3173 3002 in
3193 2951 3422 3013 terram,
3446 2946 3586 3002 tollo
3613 2945 3724 3000 vir-

446 3035 626 3090 fantia
653 3034 901 3107 obligata
927 3037 984 3092 in
1001 3037 1364 3103 monasterio,
1401 3043 1678 3109 quatenus
1709 3037 2035 3104 salvaretur,
2121 3050 2253 3104 gam
2282 3034 2523 3090 dominae
2552 3035 2865 3103 abbatissa),
2896 3042 2952 3090 et
2971 3037 3049 3091 sic
3067 3042 3123 3091 te
3141 3035 3452 3108 ﬂagellabo,
3487 3040 3553 3092 ut
3580 3051 3726 3090 nun-

447 3141 569 3198 quze
589 3125 830 3181 habebat
851 3126 1112 3199 spiritum
1135 3127 1490 3183 immundum
1503 3128 1832 3194 daemonem,
1848 3127 2038 3198 ligatis
2122 3140 2290 3196 quam
2316 3142 2622 3196 praesumas
2638 3127 2743 3181 hoc
2763 3143 2950 3198 agere.
2971 3127 3182 3182 Videns
3195 3131 3384 3181 autem
3415 3125 3548 3199 quia
3573 3142 3720 3198 prae-

444 3215 724 3282 manibus,
751 3221 808 3271 et
827 3233 1085 3288 spumam
1113 3217 1339 3285 faciens,
1375 3223 1432 3272 et
1467 3218 1728 3272 dentibus
1763 3218 1880 3272 suis
1910 3217 2041 3272 stri-
2059 3202 2106 3266 Ca
2125 3215 2390 3270 valuisset
2402 3215 2901 3288 patienti,quievit.
2925 3217 3230 3288 Postquam
3245 3221 3434 3270 autem
3459 3214 3718 3280 cessavit,

446 3304 602 3372 dens,
632 3306 986 3378 multumque
1019 3307 1288 3375 clamans,
1328 3307 1410 3363 ita
1437 3312 1501 3363 ut
1529 3324 1723 3362 omnes
1751 3308 2042 3362 audientes

452 3409 577 3450 eam
598 3395 799 3451 timore
826 3397 1209 3456 conciderent.
1239 3398 1308 3452 Et
1335 3413 1462 3452 cum
1510 3397 1835 3469 frequenter
1870 3397 2043 3452 abba-

443 3485 585 3540 tissa
600 3501 726 3540 cum
746 3485 1059 3542 senioribus
1069 3486 1353 3542 sororibus
1378 3503 1478 3558 pro
1491 3487 1672 3542 salute
1701 3491 1890 3554 358
1920 3489 2043 3558 ejus

450 3579 684 3642 orasset,
717 3575 854 3631 nihil
886 3576 1236 3648 promeruit:
1272 3583 1620 3648 quapropter
1653 3594 1758 3632 nec
1785 3577 2046 3632 valebant

447 3680 507 3718 se
535 3663 606 3718 ad
637 3681 760 3720 eam
780 3667 1038 3738 jungere,
1074 3671 1140 3722 ut
1167 3667 1219 3722 ei
1247 3667 1332 3722 vel
1377 3666 1562 3722 cibum
1593 3668 1876 3723 offerrent.
1911 3667 2045 3723 Erat

446 3758 636 3810 autem
664 3755 899 3826 ligatum
926 3756 1209 3828 quoddam
1233 3757 1522 3812 vasculum
1551 3757 1612 3812 in
1647 3757 1800 3825 fune,
1832 3763 1890 3812 et
1923 3757 2044 3829 ipso

444 3845 666 3900 vasculo
696 3845 982 3916 legumina
1007 3847 1090 3902 vel
1118 3863 1292 3918 panes
1323 3847 1640 3914 mittebant,
1675 3851 1732 3902 et
1771 3847 2048 3920 appende-

445 3932 612 3990 batur
639 3935 822 4008 ipsum
843 3937 1150 4005 vasculum,
1169 3942 1226 3991 et
1257 3937 1334 3992 sic
1365 3937 1417 3992 ei
1439 3937 1508 3992 de
1537 3939 1701 4010 longe
1722 3938 2042 4010 porrigeba-

446 4028 561 4092 tur,
595 4029 650 4079 et
679 4024 759 4078 ita
803 4025 1142 4081 vescebatur.
1177 4027 1526 4099 Frequenter
1552 4033 1742 4082 autem
1772 4027 2043 4098 abjiciens

446 4113 634 4184 ipsum
663 4115 970 4181 vasculum,
1003 4131 1131 4170 cum
1158 4115 1317 4187 virga
1356 4114 1714 4187 jaculabatur
1754 4116 1813 4172 in
1842 4116 2042 4172 faciem

449 4202 732 4257 offerentis
762 4202 866 4257 sibi
896 4202 1099 4258 cibum.

521 4292 858 4348 ClunXXVI.
873 4321 943 4340 -
962 4293 1087 4349 Una
1106 4309 1240 4355 vero
1263 4293 1483 4350 dierum
1521 4293 1730 4350 factum
1761 4300 1847 4350 est
1861 4299 1928 4351 ut
1955 4296 2042 4354 in-

448 4385 626 4437 traret
654 4381 902 4450 ostiaria,
925 4389 982 4439 et
1001 4383 1213 4439 diceret
1246 4383 1539 4440 abbatissae
1563 4402 1574 4438 :
1622 4385 1864 4442 Domina
1893 4404 2042 4457 mea,

447 4472 654 4528 mulier
673 4474 930 4545 quaedam
945 4473 1286 4530 infantulum
1307 4473 1620 4541 adduxit,et
1637 4481 1792 4530 stans
1809 4476 1943 4532 foris
1973 4478 2044 4532 ad

2125 3305 2300 3376 coepit
2346 3306 2664 3378 Euphraxia
2705 3305 2969 3374 blandiri,
3002 3312 3059 3360 et
3079 3306 3261 3360 dicere
3295 3305 3496 3371 :Sede,
3535 3318 3718 3370 soror,

2126 3395 2356 3450 comede
2369 3402 2427 3450 et
2442 3395 2588 3463 bibe,
2605 3400 2662 3450 et
2681 3396 2796 3450 noli
2817 3395 3037 3450 turbari
3051 3441 3063 3454 .
3097 3396 3311 3467 Illaque
3333 3393 3499 3461 sedit,
3529 3409 3722 3448 come-

2126 3484 2228 3550 dit,
2253 3491 2309 3540 et
2325 3484 2486 3552 bibit,
2519 3490 2574 3539 et
2603 3485 2896 3557 requievit.
2921 3485 3006 3540 Ab
3028 3485 3124 3540 illa
3142 3485 3282 3540 hora
3298 3485 3418 3556 jam
3451 3483 3536 3539 illi
3564 3481 3724 3538 cibus

2125 3590 2253 3628 cum
2283 3574 2439 3646 virga
2464 3574 2722 3629 dabatur.
2759 3575 2968 3630 Omnes
3012 3580 3202 3630 autem
3221 3590 3440 3629 sorores
3467 3573 3724 3629 videntes

2126 3664 2274 3736 quod
2294 3663 2502 3720 fecerat
2516 3665 3096 3736 Euphraxia,orabant
3108 3683 3208 3738 pro
3226 3666 3292 3719 e'a
3311 3663 3382 3719 ad
3391 3663 3722 3720 Dominum.

2127 3755 2270 3810 Cum
2305 3772 2439 3812 vero
2493 3755 2754 3828 coepisset
2801 3755 3011 3811 moveri
3047 3760 3105 3810 et
3127 3753 3429 3827 indignari,
3459 3753 3727 3810 dicebant

2127 3845 2198 3900 ad
2228 3861 2351 3902 eam
2381 3863 2600 3901 sorores
2625 3864 2636 3899 :
2674 3844 2908 3911 Quiesce
2926 3861 3104 3913 soror,
3136 3850 3194 3900 et
3219 3844 3336 3900 noli
3366 3843 3669 3916 malignari
3705 3862 3719 3911 ;

2127 3952 2259 3991 nam
2299 3936 2346 3991 si
2375 3936 2591 3992 venerit
2609 3935 2838 3992 domina
2863 3935 3199 4008 Euphraxia,
3231 3933 3537 4006 ﬂagellabit
3562 3938 3726 4004 te;et

2125 4030 2354 4098 repente
2385 4025 2723 4098 quiescebat.

2197 4117 2333 4171 CAP.
2355 4116 2612 4172 XXVIII.
2635 4147 2694 4158 —
2720 4116 2965 4172 Rursum
2979 4119 3170 4171 autem
3197 4114 3480 4171 Germana
3509 4113 3725 4170 invidia

2124 4206 2505 4273 mordebatur,
2529 4210 2585 4261 et
2601 4222 2696 4261 cor
2715 4207 2838 4277 ejus
2855 4205 3142 4273 urebatur,
3159 4204 3489 4278 dicebatque
3510 4203 3722 4261 sorori-

2123 4294 2257 4351 bus:
2290 4296 2412 4350 Nisi
2457 4295 2655 4350 fuisset
2678 4296 3014 4368 Euphraxia,
3047 4311 3161 4351 non
3187 4292 3576 4350 inveniebatur
3608 4294 3723 4350 alia

2127 4404 2248 4460 quae
2263 4387 2448 4442 cibum
2468 4385 2518 4442 ei
2531 4387 2758 4442 offerret
2781 4387 2806 4440 ?
2825 4385 3018 4441 tollam
3033 4384 3202 4453 cibos,
3228 4390 3286 4440 et
3313 4401 3415 4456 ego
3435 4383 3719 4439 ministro.

2128 4477 2370 4533 Sumens
2408 4495 2540 4549 ergo
2573 4476 2727 4532 cibos
2752 4478 2894 4548 ejus,
2943 4475 3177 4531 accessit
3203 4474 3275 4530 ad
3301 4474 3635 4547 patientem,
3667 4479 3724 4528 et

444 4564 698 4635 januam,
718 4563 1015 4620 deﬂet.Est
1034 4569 1224 4620 autem
1255 4562 1737 4638 infantulusquasi
1758 4566 2255 4629 annomdeicit
2275 4568 2326 4622 ei
2356 4586 2367 4622 :
2401 4567 2604 4640 Accipe
2633 4567 2805 4633 cibos,
2853 4581 3030 4632 soror,
3064 4569 3121 4620 et
3169 4563 3416 4620 comede.
3449 4563 3553 4620 Illa
3589 4580 3722 4619 vero

449 4652 670 4708 circiter
700 4660 841 4722 octo,
875 4655 1236 4728 paralyticus,
1283 4656 1486 4711 surdus
1511 4661 1566 4712 et
1594 4663 1803 4713 mutus.
1835 4658 2046 4716 Videns

452 4748 642 4797 autem
672 4743 971 4812 abbatissa,
989 4744 1192 4817 spiritu
1213 4745 1319 4800 sibi
1342 4747 1779 4820 revelante,quia
1801 4751 2044 4821 gratiam

450 4833 856 4904 promeruisset
877 4834 1161 4890 aDomino
1173 4840 1367 4890 contra
1400 4837 1680 4892 daemones
1701 4839 2037 4911 Euphraxia,

451 4921 592 4977 dixit
615 4922 855 4978 ostiariae
883 4942 895 4978 :
935 4923 1086 4979 Voca
1135 4924 1275 4979 mihi
1305 4926 1703 4997 Euphraxiam.
1746 4929 1880 4994 Quae
1914 4947 2042 4986 cum

448 5012 695 5066 venisset
725 5018 858 5067 ante
909 5011 1270 5080 abbatissam,
1303 5014 1446 5070 dixit
1473 5017 1560 5072 ei:
1593 5017 1765 5085 Vade,
1827 5020 2044 5092 suscipe

449 5101 723 5157 infantem
739 5119 772 5157 a
791 5108 973 5158 matre
984 5119 1104 5171 sua,
1142 5109 1199 5159 et
1216 5103 1370 5160 defer
1387 5105 1514 5162 huc.
1529 5107 1632 5163 Illa
1650 5125 1781 5163 vero
1795 5125 2039 5180 egressa,

449 5197 508 5248 et
533 5193 728 5248 videns
752 5192 1091 5248 infantulum
1116 5195 1485 5268 paralyticum
1504 5203 1562 5252 et
1579 5199 2046 5266 trementem,mi-

451 5288 639 5340 serata
667 5288 753 5339 est
781 5299 952 5356 super
971 5301 1100 5340 eum
1129 5304 1142 5353 ;
1177 5291 1235 5342 et
1263 5285 1636 5360 ingemiscens
1664 5289 1938 5356 dolenter,
1973 5289 2045 5344 si-

451 5375 646 5446 gnavit
676 5375 972 5443 infantem,
993 5379 1050 5430 et
1075 5373 1214 5430 dixit
1234 5375 1285 5432 ei
1317 5395 1328 5431 :
1363 5377 1471 5442 Qui
1503 5381 1561 5431 te
1587 5377 1812 5444 creavit,
1837 5377 1956 5449 ipse
1987 5383 2043 5434 te

454 5464 738 5528 sanet,fili.
772 5465 840 5520 Et
858 5482 1086 5522 sumens
1105 5483 1255 5534 eum,
1285 5465 1557 5538 pergebat
1585 5467 1655 5520 ad
1687 5465 2044 5523 abbatissam.

453 5553 643 5608 Infans
684 5571 812 5609 vero
841 5555 977 5610 dum
1024 5560 1349 5629 portaretur
1373 5555 1444 5610 ab
1473 5555 1790 5628 Euphraxia
1818 5564 2048 5615 sanatus

455 5646 622 5707 est,et
637 5643 895 5700 clamavit
919 5646 1089 5700 matri
1107 5662 1240 5702 suae.
1273 5645 1482 5702 Videns
1512 5650 1702 5702 autem
1731 5647 2052 5721 Euphraxia

459 5732 592 5806 quia
620 5731 929 5813 infantulus
967 5735 1228 5810 coepisset
1268 5736 1442 5812 loqui,
1474 5739 1777 5813 perterrita
1813 5740 2053 5816 projecit

2127 4658 2392 4713 continuo
2421 4657 2680 4714 exsiliens
2710 4657 2770 4712 in
2810 4672 2955 4724 eam,
2989 4659 3166 4711 vestes
3189 4655 3310 4726 ejus
3333 4653 3636 4722 conscidit;
3667 4659 3725 4708 et

2127 4753 2422 4804 conterens
2455 4765 2598 4814 eam,
2619 4746 2927 4818 projecitin
2957 4749 3205 4812 terram;
3230 4748 3286 4799 et
3309 4743 3529 4798 irruens
3551 4759 3724 4815 super

2125 4838 2301 4907 illam,
2322 4838 2488 4912 ccepit
2499 4837 2837 4892 manducare
2869 4852 3064 4891 carnes
3081 4835 3223 4906 ejus.
3251 4833 3508 4890 Clamore
3530 4836 3722 4888 autem

2125 4928 2290 4996 facto,
2307 4933 2364 4983 et
2382 4927 2536 4983 nulla
2555 4931 2928 4999 praasumente
2945 4924 2994 4980 ei
3015 4923 3723 4997 appropinquare,currens

2125 5019 2274 5074 Julia
2301 5018 2373 5072 ad
2417 5017 2735 5089 coquinam,
2768 5015 2908 5070 dixit
2938 5013 3266 5086 Euphraxize
3301 5030 3312 5066 :
3347 5011 3597 5078 Festina,
3627 5011 3724 5066 do-

2125 5107 2438 5180 mina,quia
2450 5107 2731 5162 Germana
2745 5121 2778 5160 a
2788 5105 3036 5177 patiente
3051 5103 3357 5158 dilacerata
3366 5107 3468 5156 est.
3477 5102 3723 5157 Currens

2126 5202 2317 5254 autem
2348 5196 2684 5269 Euphraxia,
2706 5200 2907 5250 tenens
2927 5210 3128 5248 manus
3147 5191 3410 5266 patientis
3425 5195 3484 5246 et
3499 5196 3718 5262 guttur,

2125 5288 2330 5360 eripuit
2356 5287 2426 5341 ab
2446 5303 2512 5341 ea
2533 5286 2872 5342 Germanam
2891 5287 3240 5340 cruentatam
3258 5287 3315 5337 et
3336 5281 3719 5336 dilaceratam.

2123 5375 2227 5434 Cui
2255 5375 2394 5432 dixit
2442 5376 2790 5449 Euphraxia:
2824 5375 2973 5430 Bene
3001 5373 3201 5442 fecisti,
3245 5371 3377 5444 quia
3407 5371 3487 5426 sic
3518 5371 3726 5428 contri-

2128 5468 2255 5524 visti
2286 5483 2534 5522 sororem
2560 5467 2585 5520 7
2615 5466 2720 5522 Illa
2752 5481 2882 5520 vero
2913 5463 3098 5520 stabat
3123 5477 3382 5534 spumam
3405 5460 3633 5528 faciens,
3665 5465 3724 5514 et

2129 5557 2391 5614 dentibus
2411 5557 2678 5612 stridens.
2703 5555 2855 5611 Dixit
2871 5554 2923 5610 ei
2949 5551 3267 5627 Euphraxia
3291 5569 3303 5606 :
3343 5549 3428 5606 Ab
3457 5550 3561 5605 hac
3581 5551 3723 5605 hora

2130 5649 2179 5706 si
2199 5648 2449 5720 maligna
2471 5647 2643 5705 fueris
2673 5663 2807 5718 erga
2835 5660 3076 5712 sorores,
3097 5658 3210 5699 non
3232 5640 3334 5698 tibi
3359 5639 3514 5709 cedo,
3539 5656 3720 5712 neque

2131 5739 2422 5815 misereor;
2439 5737 2538 5800 sed
2547 5738 2763 5812 virgam
2782 5734 3021 5796 dominae
3032 5749 3172 5794 meae
3181 5731 3474 5794 abbatissae
3501 5730 3717 5800 tollam,
