3868 6384
228 427 364 504 ⁵637
1200 422 1370 480 VITA
1410 419 1712 480 SANCTlE
1751 414 2210 493 EUPHRASUE,
2255 422 2599 481 VIRGINIS.
3436 425 3540 489 633

249 559 309 611 et
336 572 468 610 cum
497 570 564 609 ea
590 558 646 609 te
677 553 797 607 sine
827 550 1211 605 misericordia
1241 548 1555 621 ﬂagellabo.
1587 547 1691 604 Illa
1718 562 1848 602 vero
1866 545 2041 607 Anus
2062 549 2222 605 Jesus
2245 551 2517 607 Christus.
2543 552 2772 609 Daemon
2792 553 2956 609 dixit:
2982 555 3109 609 Non
3128 571 3358 627 possum
3391 555 3540 611 exire

251 645 477 711 sedens,
500 647 729 715 repente
758 641 1017 695 cessavit.
1937 636 2007 690 ab
2041 654 2124 705 ea,
2160 640 2293 711 quid
2324 658 2413 695 me
2444 643 2837 713 persequeris?
2865 643 2959 698 ubi
3000 643 3177 699 habeo
3208 644 3485 715 proﬁcisci
3510 646 3532 699 ’ἶ

327 735 457 787 ΟΜ».
486 730 683 786 XXIX.
710 731 958 784 —Mane
980 734 1167 783 autem
1198 728 1361 794 facto,
1388 728 1665 799 completo
1695 743 1853 781 sacro
1939 726 2256 797 Euphraxia
2285 730 2425 784 dixit
2458 749 2468 783 :
2505 732 2569 785 In
2611 731 2872 786 tenebras
2903 734 3223 800 exteriores,
3258 734 3313 788 in
3344 733 3538 804 ignem

254 822 459 887 ofﬁcio,
484 826 541 876 et
560 819 976 891 egredientibus
1000 819 1080 873 eis
1108 818 1178 871 ab
1206 818 1474 883 oratorio,
1498 817 1733 870 visitans
1753 816 1856 869 Eu-
1938 820 2229 883 aeternum,
2262 820 2320 873 in
2350 819 2567 874 inﬁnita
2597 827 2897 887 tormenta,
2933 830 3127 894 parata
3164 824 3266 878 tibi
3296 831 3351 879 et
3390 826 3537 896 patri

252 911 492 982 phraxia
534 908 860 981 patientem,
892 907 1104 961 invenit
1132 923 1255 961 eam
1285 906 1597 976 disruptam
1643 910 1855 957 vestem
1936 911 2033 959 tuo
2060 908 2299 973 Satanae,
2328 914 2385 962 et
2414 910 2743 966 facientibus
2772 913 3117 967 voluntatem
3148 914 3295 984 ejus.
3328 914 3537 969 Omnes

254 1017 419 1055 suam
449 999 508 1053 in
538 1003 747 1052 terram
778 996 1099 1068 projecisse,
1129 1002 1184 1049 et
1204 996 1491 1049 sedentem
1514 1010 1685 1065 super
1705 1009 1850 1058 eam,
1937 995 2125 1065 itaque
2157 1014 2374 1051 sorores
2406 1000 2631 1054 stabant
2678 1001 3037 1072 respicientes
3076 1002 3133 1056 in
3162 1020 3306 1070 eam,
3338 1010 3395 1059 et
3422 1022 3535 1060 non

255 1093 313 1143 et
333 1088 685 1157 colligentem
708 1080 1858 1153 stercus,etcomedentem.AtEuphraxia
1938 1086 2351 1156 praesumebant
2398 1089 2625 1159 propius
2683 1092 3153 1162 appropinquare.
3213 1093 3534 1164 Euphraxia

253 1182 322 1232 ut
347 1177 505 1234 vidit.
531 1177 699 1239 ﬂevit,
726 1180 781 1229 et
810 1192 932 1246 quae
964 1176 1110 1228 facta
1147 1174 1372 1227 fuerant
1398 1172 1690 1226 abbatissae
1720 1187 1858 1225 nun-
1937 1190 2068 1229 vero
2090 1175 2226 1230 dure
2248 1176 2499 1230 certabat
2517 1195 2643 1231 cum
2665 1180 2915 1233 daemone
2938 1182 3252 1235 resistente.
3278 1183 3347 1237 Et
3363 1184 3536 1256 respi-

256 1266 437 1321 tiavit.
473 1265 876 1320 Convenientes
914 1280 1043 1318 vero
1090 1280 1327 1327 sorores,
1367 1262 1704 1316 invenerunt
1732 1275 1856 1314 eam
1940 1263 2091 1317 ciens
2116 1264 2174 1318 in
2194 1265 2415 1331 coelum,
2439 1266 2578 1321 dixit
2602 1283 2615 1322 :
2639 1268 3023 1323 DomineJesu
3046 1270 3283 1335 Christe,
3312 1273 3426 1327 noli
3446 1290 3535 1328 me

256 1356 492 1422 nudam,
539 1361 594 1409 et
639 1354 992 1425 colligentem
1031 1354 1313 1424 phlegma,
1350 1358 1406 1407 et
1449 1352 1855 1407 comedentem.
1942 1352 2001 1407 in
2030 1353 2135 1407 hac
2163 1354 2301 1408 hora
2328 1356 2613 1421 confundi,
2637 1364 2700 1411 ut
2730 1374 2842 1411 non
2874 1358 3056 1412 vincat
3081 1376 3171 1413 me
3201 1361 3289 1414 hic
3319 1362 3536 1417 daemon

256 1445 412 1501 Dixit
438 1450 629 1499 autem
664 1444 946 1498 abbatissa
974 1447 1039 1496 ut
1066 1442 1299 1496 daretur
1326 1442 1378 1496 ei
1408 1441 1521 1496 alia
1550 1442 1762 1509 tunica,
1794 1446 1861 1497 ut
1942 1442 2283 1498 immundus.
2303 1445 2372 1499 Et
2391 1446 2656 1500 continuo
2678 1447 2895 1501 daemon
2922 1465 3207 1519 spumans,
3225 1456 3281 1504 et
3305 1451 3542 1505 stridore

258 1535 579 1589 vestiretur.
622 1534 860 1588 Sumens
907 1534 1096 1603 itaque
1136 1532 1455 1603 Euphraxia
1492 1532 1762 1600 tunicam,
1806 1536 1864 1585 et
1943 1532 2105 1599 facto,
2142 1534 2391 1588 clamans
2424 1552 2551 1589 voce
2582 1552 2805 1606 magna,
2836 1554 3093 1608 egressus
3117 1544 3202 1593 est
3224 1556 3257 1593 a
3285 1540 3537 1607 muliere,

260 1624 617 1697 parapsidem
635 1639 762 1677 cum
783 1623 1082 1693 legumine,
1103 1628 1159 1675 et
1178 1624 1432 1692 fragmen
1455 1622 1635 1693 panis,
1660 1620 1864 1676 obtulit
1944 1628 2001 1677 et
2014 1622 2083 1675 ab
2096 1638 2162 1676 ea
2180 1624 2319 1677 hora
2340 1630 2538 1677 sanata
2558 1626 3055 1682 est.Cucurrerunt
3071 1633 3260 1682 autem
3294 1645 3532 1697 sorores,

261 1714 333 1779 ei,
353 1720 411 1768 et
426 1714 566 1768 dixit
592 1731 602 1765 :
627 1714 846 1784 Accipe,
870 1728 1047 1778 soror,
1066 1717 1122 1764 et
1139 1712 1278 1766 vesti
1292 1716 1483 1778 359
1493 1717 1568 1777 te,
1599 1717 1657 1765 et
1672 1717 1857 1782 gusta,

261 1820 437 1876 quare
458 1803 534 1857 sic
554 1808 610 1857 te
622 1803 925 1873 deturpas?
946 1802 1080 1865 Quae
1100 1818 1346 1868 sumens,
1365 1802 1607 1855 comedit
1631 1806 1688 1856 et
1700 1800 1854 1855 bibit.

1940 1712 2320 1783 glorificantes
2340 1712 2398 1766 in
2427 1713 2531 1767 hoc
2551 1713 2750 1780 Deum,
2770 1731 3010 1785 magnus
3030 1716 3182 1770 enim
3210 1718 3384 1772 timor
3403 1719 3542 1774 obti-

1942 1806 2144 1855 nuerat
2189 1818 2402 1855 omnes.
2445 1803 2764 1873 Euphraxia
2792 1821 2922 1858 vero
2966 1805 3097 1859 tulit
3136 1807 3449 1875 mulierem,
3484 1816 3541 1863 et

260 1894 331 1949 Et
358 1893 598 1947 induens
626 1909 769 1959 eam,
818 1891 1155 1945 ministravit
1184 1891 1254 1944 ei.
1302 1891 1620 1961 Euphraxia
1659 1907 1788 1944 vero
1825 1908 1857 1944 a
1876 1866 1921 1926 Β
1939 1891 2118 1945 abluit
2145 1908 2269 1945 eam
2291 1908 2454 1963 aqua,
2481 1898 2537 1946 et
2565 1892 2751 1946 induit
2791 1910 2915 1947 eam
2934 1894 3289 1961 vestimento,
3308 1903 3365 1951 et
3382 1898 3541 1954 duxit

253 1982 518 2054 lacrymis
546 1998 659 2036 non
688 1981 943 2047 cessavit,
975 1997 1154 2051 usque
1186 1981 1256 2033 ad
1305 1997 1599 2051 vesperam
1647 1997 1748 2051 pro
1792 1997 1858 2034 ea

248 2090 505 2144 gemens.
528 2073 649 2138 Quo
679 2089 808 2127 cum
832 2072 1196 2143 pervenisset,
1223 2088 1349 2126 mox
1376 2070 1726 2143 supplicabat
1751 2071 1857 2125 Do-

251 2162 405 2217 mino
422 2179 549 2216 cum
568 2161 921 2233 lacrymis,ut
937 2161 1033 2214 illa
1051 2161 1267 2231 patiens
1280 2160 1856 2214 sanaretur.Diluculo

250 2269 383 2306 vero
422 2251 705 2306 abbatissa
753 2267 953 2305 vocans
1002 2250 1398 2321 Euphraxiam,
1440 2250 1580 2303 dixit
1607 2250 1658 2304 ei
1697 2269 1708 2304 :
1743 2251 1859 2304 Cur

253 2358 346 2396 me
366 2340 580 2408 celasti,
605 2357 797 2412 preces
820 2341 1058 2394 offerens
1088 2340 1202 2394 Deo
1228 2356 1329 2409 pro
1359 2340 1462 2394 hac
1481 2339 1774 2410 patiente?
1799 2339 1856 2393 Si

254 2430 672 2485 manifestasses
701 2430 857 2495 mihi,
892 2434 948 2483 et
978 2446 1080 2499 ego
1112 2429 1231 2482 sine
1260 2428 1430 2484 dubio
1458 2429 1727 2484 venirem.
1752 2430 1855 2484 Cui

253 2520 574 2592 Euphraxia
586 2520 755 2574 dixit:
774 2520 1004 2589 Ignosce
1027 2519 1182 2586 mihi,
1199 2519 1447 2585 domina,
1461 2518 1575 2572 vidi
1600 2535 1723 2572 eam
1741 2525 1860 2573 tur-

255 2611 407 2683 piter
425 2610 666 2681 positam
687 2616 743 2663 et
757 2610 1062 2675 inﬁrmam,
1080 2614 1137 2662 et
1156 2608 1309 2662 dolui
1334 2625 1503 2679 super
1525 2608 1859 2663 eam.Abba-

1941 1979 2009 2033 ab
2024 1980 2394 2037 abbatissam:
2412 1998 2532 2051 quae.
2548 1998 2657 2035 una
2667 1998 2793 2036 cum
2806 1983 3091 2038 sororibus
3105 1984 3540 2043 introduxerunt

1940 2086 2065 2123 eam
2099 2070 2155 2124 in
2186 2071 2611 2139 monasterium,
2646 2076 2701 2125 et
2720 2073 2959 2142 gloriam
2995 2074 3271 2129 dederunt
3291 2075 3407 2130 Deo
3434 2094 3535 2148 pro

1938 2159 2085 2213 facto
2124 2159 2413 2213 miraculo.

2012 2250 2142 2305 CAP.
2161 2250 2329 2303 XXX.
2351 2281 2415 2290 —
2439 2248 2523 2305 Ab
2550 2250 2648 2304 illa
2677 2268 2806 2305 vero
2824 2252 2962 2305 hora
2986 2252 3303 2309 humiliavit
3333 2271 3391 2309 se
3422 2271 3539 2310 am-

1940 2337 2085 2408 plius
2117 2339 2453 2410 Euphraxia,
2478 2345 2534 2394 et
2554 2340 2674 2395 sine
2704 2357 2900 2396 somno
2939 2346 3059 2397 tota
3084 2349 3249 2397 nocte
3271 2344 3536 2415 persiste-

1938 2426 2036 2481 bat
2066 2446 2076 2481 :
2112 2444 2338 2483 omnem
2368 2446 2496 2484 vero
2525 2430 2940 2485 hebdomadam
2965 2432 3280 2503 jejunabat,
3303 2439 3367 2488 ut
3396 2450 3529 2489 con-

1941 2525 2214 2585 sueverat,
2268 2519 2388 2573 sine
2444 2519 2662 2574 defectu
2712 2520 2919 2575 faciens
2976 2522 3190 2577 cunctis
3246 2522 3532 2578 sororibus

1939 2607 2338 2676 ministerium,
2379 2613 2435 2663 et
2463 2626 2591 2664 cum
2621 2610 2775 2667 omni
2824 2611 3010 2665 studio
3048 2616 3217 2682 atque
3256 2612 3449 2667 laetitia
3477 2613 3537 2667 in

254 2700 395 2755 tissa
416 2716 546 2753 vero
566 2698 705 2752 dixit
730 2718 741 2751 :
767 2698 957 2753 Habeo
986 2697 1087 2752 tibi
1110 2698 1323 2768 aliquid
1346 2698 1619 2764 conﬁteri,
1649 2704 1706 2753 et
1733 2698 1856 2752 vide
1940 2699 2372 2753 mansuetudine
2414 2704 2582 2771 atque
2618 2698 2935 2753 humilitate
2964 2699 3221 2771 degebat.
3259 2701 3385 2757 Una
3409 2718 3538 2757 vero

255 2807 329 2845 ne
360 2790 598 2844 Satanas
624 2793 805 2843 tentet
832 2794 909 2855 te,
945 2793 1001 2842 et
1029 2789 1197 2842 elatio
1225 2787 1329 2841 tibi
1364 2792 1686 2858 generetur.
1723 2789 1857 2842 Ecce
1940 2787 2159 2842 dierum
2192 2788 2476 2843 abbatissa
2512 2789 2653 2843 vidit
2679 2789 2970 2857 visionem,
3005 2796 3061 2844 et
3092 2789 3426 2845 conturbata
3454 2796 3540 2846 est

254 2879 360 2933 tibi
392 2878 648 2934 Christus
676 2882 1012 2950 potestatem
1053 2878 1200 2932 circa
1230 2894 1324 2932 eos
1352 2878 1526 2943 dedit,
1572 2883 1636 2933 ut
1664 2879 1856 2949 ejicias
1938 2878 2316 2933 vehementer.
2351 2880 2571 2949 Rogare
2614 2884 2804 2934 autem
2843 2886 3136 2951 coeperunt
3170 2897 3295 2934 eam
3343 2897 3537 2936 omnes

258 2986 378 3024 eos.
418 2968 667 3023 Audiens
696 2968 813 3022 haec
843 2954 1177 3039 Euphraxia,
1211 2967 1366 3021 misit
1402 2968 1647 3022 cinerem
1689 2985 1859 3040 super
1940 2985 2177 3035 sorores,
2212 2970 2592 3040 supplicantes
2623 2975 2679 3024 et
2709 2969 2959 3024 dicentes
2996 2988 3007 3022 :
3043 2971 3323 3025 Conﬁtere
3352 2970 3533 3038 nobis,

256 3065 428 3131 caput
456 3075 653 3125 suum;
678 3062 736 3111 et
762 3063 1123 3128 prosternens
1154 3058 1518 3128 semetipsam
1539 3058 1598 3112 in
1620 3063 1853 3125 terram,
1941 3060 2169 3114 domina
2198 3060 2501 3127 abbatissa,
2521 3076 2620 3114 cur
2640 3060 2717 3113 sic
2735 3059 3075 3130 ingemiscis,
3094 3065 3151 3113 et
3173 3065 3395 3115 nostras
3420 3061 3541 3116 ani-

257 3147 521 3203 clamavit
549 3146 737 3202 dicens
770 3165 781 3199 :
818 3148 952 3212 Qum
976 3164 1099 3201 sum
1125 3163 1226 3217 ego
1244 3146 1434 3201 infelix
1459 3152 1517 3201 et
1544 3148 1854 3216 immunda,
1879 3188 1922 3249 Ο
1940 3167 2062 3205 mas
2092 3150 2259 3204 simul
2287 3149 2509 3220 affligis.
2543 3149 2611 3203 Et
2634 3148 2774 3202 dixit
2804 3167 2814 3201 :
2849 3150 2974 3203 Non
3006 3165 3095 3203 me
3126 3149 3338 3220 cogatis
3359 3166 3539 3221 usque

256 3244 325 3293 ut
350 3237 662 3293 daemonem
691 3242 912 3292 tantum
943 3238 1234 3307 expellam,
1271 3254 1438 3309 quem
1486 3244 1711 3292 orantes
1760 3255 1860 3310 per
1882 3237 1922 3249 ν
1942 3241 1997 3294 in
2028 3240 2353 3293 crastinum.
2384 3239 2657 3293 Dixerunt
2692 3239 2743 3291 ei
2772 3239 3021 3293 seniores
3048 3255 3269 3293 sorores
3294 3256 3304 3291 :
3337 3239 3533 3305 Crede,

256 3333 483 3382 tantum
528 3332 751 3398 tempus
788 3343 900 3380 non
946 3327 1209 3399 potuistis
1251 3327 1560 3398 expellere?
1606 3327 1753 3383 Dicit
1809 3330 1859 3383 ei
1942 3329 2187 3395 domina,
2205 3329 2352 3399 quod
2370 3328 2416 3383 si
2442 3345 2553 3382 non
2574 3327 2997 3383 annuntiaveris
3023 3328 3202 3395 nobis,
3226 3328 3539 3384 tribulatio-

257 3416 547 3471 abbatissa
578 3417 754 3470 :Filia
785 3433 928 3483 mea,
953 3421 1008 3470 te
1041 3415 1354 3471 sustinebat
1378 3417 1483 3471 hoc
1502 3420 1746 3489 tempus,
1775 3434 1862 3472 co-
1943 3435 2070 3473 nem
2100 3434 2363 3488 magnam
2412 3417 2707 3471 animabus
2744 3416 2950 3471 nostris
2979 3416 3209 3488 ingeris.
3243 3416 3543 3473 Abbatissa

257 3508 421 3580 piosa
448 3512 534 3561 est
561 3512 659 3561 tua
694 3523 909 3561 merces
939 3506 996 3560 in
1042 3507 1197 3560 ctelo.
1232 3507 1495 3577 Ingressa
1523 3512 1713 3561 autem
1747 3508 1859 3563 Eu-
1944 3509 2117 3563 dixit:
2153 3509 2266 3578 Ego
2285 3508 2509 3579 quidem
2542 3507 2690 3578 quod
2708 3507 2961 3562 futurum
2988 3512 3091 3574 est,
3115 3506 3367 3579 usquein
3388 3508 3539 3563 diem

257 3596 495 3671 phraxia
508 3596 931 3663 monasterium,
946 3597 1183 3668 projecit
1194 3597 1555 3667 semetipsam
1574 3604 1705 3652 ante
1723 3599 1862 3653 alta-
1943 3598 2249 3653 crastinum
2268 3598 2452 3652 dicere
2476 3614 2589 3652 non
2604 3597 2885 3664 volebam;
2918 3598 3015 3651 sed
3038 3598 3169 3668 quia
3197 3597 3396 3669 cogitis
3428 3615 3537 3665 me,

256 3703 342 3755 re,
367 3686 685 3758 supplicans
706 3687 841 3754 Deo,
862 3692 924 3742 ut
939 3686 1198 3759 precibus
1223 3689 1347 3758 ejus
1369 3694 1683 3753 sanaretur,
1715 3694 1771 3742 et
1791 3689 1859 3743 de
1944 3706 2092 3745 nunc
2119 3688 2307 3742 audite
2342 3705 2356 3739 :
2389 3688 2707 3760 Euphraxia
2734 3704 2837 3742 nos
2862 3687 3088 3753 deserit,
3107 3703 3229 3742 cras
3258 3686 3409 3741 enim
3438 3687 3543 3742 hac

261 3778 482 3833 excelso
521 3777 751 3830 daretur
778 3776 1068 3831 auxilium.
1105 3778 1174 3831 Et
1213 3794 1447 3848 surgens
1476 3794 1511 3832 a
1539 3779 1862 3850 pavimento
1945 3780 2059 3834 vita
2110 3779 2461 3850 privabitur;
2520 3778 2676 3833 nulla
2714 3793 2844 3831 vero
2888 3777 3099 3831 indicet
3136 3776 3187 3830 ei
3225 3792 3295 3831 ne
3339 3776 3543 3831 contri-

262 3883 452 3933 orans,
470 3865 825 3921 rursumibat
846 3867 916 3920 ad
936 3866 1264 3937 patientem,
1274 3868 1527 3937 jussione
1545 3867 1858 3936 abbatissae,
1946 3875 2144 3925 stetur.
2178 3870 2278 3924 His
2308 3870 2499 3941 itaque
2523 3868 2706 3933 dictis,
2738 3882 2977 3937 magnus
3002 3866 3245 3936 ejulatus
3272 3881 3373 3937 per
3400 3866 3544 3920 mul-

262 3962 324 4013 et
351 3972 543 4011 omnes
585 3972 804 4010 sorores
834 3956 1215 4027 sequebantur
1243 3973 1389 4024 eam,
1423 3963 1488 4012 ut
1516 3959 1865 4013 mirarentur

263 4063 392 4119 quae
422 4046 670 4100 facienda
702 4051 881 4101 erant.
905 4047 990 4100 Ad
1014 4064 1181 4119 quam
1214 4048 1501 4116 accedens,
1530 4048 1610 4103 ait
1642 4068 1653 4102 :
1692 4049 1866 4103 Sanet

258 4142 323 4192 te
343 4136 614 4191 Dominus
642 4152 801 4189 meus
830 4136 991 4191 Jesus
1022 4137 1297 4203 Christus,
1334 4138 1430 4209 qui
1456 4144 1512 4193 te
1544 4139 1770 4193 creavit.
1797 4140 1865 4193 Et

262 4243 395 4281 mox
422 4226 647 4297 signum
678 4225 855 4280 crucis
884 4226 1015 4281 fecit
1040 4226 1099 4281 in
1128 4228 1312 4282 fronte
1351 4230 1492 4299 ejus.
1521 4229 1646 4283 Mox
1676 4233 1867 4283 autem

1944 3964 2033 4014 tas
2063 3960 2230 4015 horas
2258 3959 2438 4013 factus
2481 3964 2587 4012 est.
2615 3958 2741 4012 Una
2768 3962 2958 4011 autem
2998 3971 3256 4010 sororum
3290 3970 3416 4009 cum
3447 3971 3544 4009 co-

1943 4049 2246 4121 gnovisset,
2280 4066 2509 4104 currens
2532 4048 2604 4103 ad
2631 4048 2881 4114 furnum,
2914 4045 3128 4101 invenit
3166 4044 3544 4117 Euphraxiam

1946 4157 2120 4212 panes
2151 4144 2504 4211 coquentem,
2534 4138 2623 4193 cui
2658 4138 2798 4193 Iulia
2850 4137 3047 4191 aderat
3083 4136 3390 4191 secundum
3418 4151 3545 4189 con-

1948 4229 2323 4285 suetudinem.
2356 4229 2508 4283 Dixit
2549 4244 2681 4299 ergo
2736 4228 2835 4282 illa
2894 4242 3054 4282 soror
3101 4241 3223 4297 quae
3268 4229 3538 4281 venerat:

262 4316 527 4371 clamavit
553 4332 740 4370 coram
763 4315 1025 4371 omnibus
1052 4334 1062 4369 :
1089 4317 1203 4371 Oh!
1238 4308 1518 4389 quomodo
1539 4319 1608 4373 ab
1629 4318 1733 4374 ista
1763 4320 1866 4374 im-
1949 4321 2255 4390 Cognosce,
2292 4318 2519 4373 domina
2548 4316 2887 4389 Euphraxia,
2924 4317 3059 4387 quia
3101 4315 3254 4369 intus
3301 4331 3545 4386 magnus

264 4406 506 4480 postrice
537 4411 594 4460 et
638 4405 833 4460 fallace
881 4423 1035 4473 exeo,
1073 4407 1335 4462 habitans
1372 4408 1432 4462 in
1476 4426 1543 4463 ea
1593 4410 1864 4480 plurimos
1947 4410 2129 4486 luctus
2159 4414 2244 4463 est
2262 4409 2411 4480 apud
2435 4407 2772 4462 abbatissam
2796 4412 3026 4478 propter
3044 4411 3118 4471 te,
3149 4410 3205 4459 et
3224 4405 3373 4476 apud
3395 4422 3548 4459 soro-

263 4512 468 4562 annos,
492 4500 549 4550 et
566 4495 752 4550 nullus
773 4512 863 4550 me
888 4496 1163 4567 expellere
1184 4498 1385 4568 potuit,
1403 4504 1460 4552 et
1479 4499 1595 4552 haec
1623 4500 1864 4554 immun-
1884 4552 1932 4568 ἢ
1946 4516 2054 4555 res.
2072 4499 2377 4555 Audientes
2399 4503 2588 4553 autem
2609 4498 2725 4553 haec
2744 4494 2895 4555 Julia
2914 4500 2969 4550 et
2990 4494 3327 4565 Euphraxia,
3358 4499 3546 4565 stupe-

262 4585 339 4640 da
375 4552 543 4655 atque
572 4585 858 4639 luxuriosa
884 4552 1121 4639 conatur
1154 4552 1419 4657 p‘ersequi
1456 4604 1545 4642 me
1572 4588 1595 4642 ?
1884 4552 2349 4653 Dfactzesunt,et
2366 4552 2581 4642 diutius
2604 4552 2908 4642 steterunt.
2940 4552 3208 4638 Post‘hazc
3238 4552 3428 4637 autem
3450 4552 3544 4638 ,ἱα-

264 4674 504 4749 phraxia
531 4674 665 4728 dicit
698 4690 711 4727 :
738 4676 862 4730 Non
895 4692 996 4745 ego
1030 4680 1085 4729 te
1116 4692 1442 4747 persequor,
1476 4679 1573 4731 sed
1609 4679 1863 4734 Christus
1946 4680 2022 4733 lia
2049 4679 2221 4733 dixit:
2246 4679 2492 4733 Putasne
2520 4676 2717 4730 auditu
2746 4674 2959 4728 audivit
2987 4672 3292 4743 abbatissa,
3320 4672 3452 4745 quia
3476 4690 3542 4728 ex

266 4764 521 4821 omnium
536 4764 867 4819 Deus.Dixit
886 4765 935 4819 ei
950 4766 1167 4819 daemon
1191 4782 1202 4817 :
1224 4766 1348 4821 Non
1371 4784 1522 4833 exeo,
1546 4768 1861 4837 immunda,

263 4872 383 4911 non
427 4854 575 4909 enim
626 4855 887 4926 accepisti
932 4859 1270 4926 potestatem
1300 4856 1558 4928 ejiciendi
1608 4876 1716 4913 me.
1754 4861 1866 4915 Eu-

263 4944 502 5020 phraxia
522 4945 696 5000 dixit‘:
728 4945 842 5015 Ego
863 4946 1159 4999 immunda
1182 4964 1325 5013 sum,
1349 4953 1406 5001 et
1428 4948 1581 5003 omni
1611 4950 1867 5020 maligni-

263 5040 385 5091 tate
440 5036 624 5107 plena,
665 5039 730 5089 ut
770 5041 833 5090 tu
876 5052 1098 5107 quoque
1144 5038 1406 5106 testaris;
1455 5044 1864 5110 verumtamen,

261 5126 501 5199 jubente
531 5124 789 5191 Domino,
813 5125 1079 5195 egredere
1099 5126 1168 5180 ab
1186 5143 1270 5180 ea.
1294 5127 1440 5181 Nam
1459 5129 1505 5183 si
1522 5145 1680 5184 sumo
1702 5130 1867 5186 bacu-

264 5214 385 5270 lum
425 5213 740 5282 abbatissae,
790 5215 1084 5286 flagellabo
1123 5222 1198 5272 te.
1243 5218 1517 5274 Caeterum
1571 5220 1865 5275 resistente

262 5306 539 5371 diemone,
564 5309 621 5358 et
652 5304 801 5359 exire
822 5306 1066 5373 nolente,
1092 5323 1318 5362 sumens
1355 5310 1673 5382 Euphraxia
1701 5310 1866 5366 abba-

264 5396 419 5451 tissae
448 5394 729 5460 baculum,
761 5394 902 5448 dixit
930 5393 979 5449 ei
1016 5414 1028 5450 :
1057 5396 1175 5463 Exi,
1204 5404 1303 5452 aut
1342 5404 1490 5454 certe
1528 5407 1763 5473 torqueo
1789 5407 1862 5455 te.

264 5483 579 5555 Respondit
593 5483 643 5538 ei
671 5502 681 5537 :
709 5484 999 5548 Quomodo
1020 5485 1090 5540 ab
1112 5503 1177 5540 ea
1199 5489 1389 5559 egredi
1410 5496 1625 5561 potero,
1652 5508 1777 5545 cum
1798 5492 1867 5546 ab

266 5591 339 5631 ea
359 5574 617 5628 recedere
642 5589 752 5629 non
770 5575 1013 5646 possim?
1026 5576 1153 5632 Mox
1172 5577 1347 5648 igitur
1362 5579 1680 5651 Euphraxia
1702 5582 1899 5654 ccepit‘

227 5656 233 5661 ⁷
265 5665 501 5719 caedere.
527 5664 598 5718 Et
624 5681 753 5720 curn
780 5665 948 5720 tertio
968 5668 1361 5737 percussisset,
1390 5669 1559 5724 dixit:
1593 5672 1869 5743 Egredere

269 5771 310 5811 a
332 5755 602 5827 ﬁgmento
614 5754 736 5823 Dei,
751 5755 983 5829 spiritus
999 5757 1308 5816 immundo.
1326 5760 1584 5834 Increpet
1604 5767 1660 5819 te
1680 5764 1870 5820 Domi-

1946 4768 2211 4824 missione
2239 4768 2388 4821 illius
2421 4766 2515 4838 qui
2552 4764 2852 4837 aliquando
2893 4779 3132 4835 sponsus
3171 4762 3357 4818 fuerat
3385 4768 3536 4831 tuus,

1944 4859 2493 4931 jussitimperatorte
2515 4854 2716 4910 adduci
2745 4871 2811 4909 ex
2840 4851 3204 4920 monasterio,
3223 4859 3542 4927 etprOpter-

1951 4967 2018 5004 ea
2060 4947 2477 5003 lamentantur?
2520 4947 2624 5001 Cui
2662 4944 2981 5017 Euphraxia
3017 4944 3309 5016 respondit
3341 4963 3352 4997 :
3392 4945 3544 4999 Vivit

1950 5041 2224 5096 Dominus
2255 5057 2411 5093 meus
2436 5042 2626 5103 360
2641 5036 3107 5108 Jesus,‘Christus,
3128 5036 3261 5107 quia
3281 5034 3327 5088 si
3356 5034 3547 5090 omnia

1948 5132 2313 5187 fundamenta
2340 5134 2504 5183 terrm
2536 5132 2888 5193 moveantur,
2906 5142 3015 5181 non
3037 5125 3177 5180 mihi
3204 5125 3543 5197 persuadere

1946 5221 2343 5296 praevalebunt,
2376 5224 2441 5274 ut
2462 5218 2746 5273 Christum
2763 5216 3066 5271 Dominum
3087 5231 3277 5269 meum
3305 5214 3545 5269 derelin-

1950 5330 2137 5386 quam.
2154 5313 2557 5390 Verumtamen
2570 5308 2798 5363 domina
2816 5322 2944 5361 mea
2955 5306 3119 5371 Julia,
3133 5305 3270 5359 dum
3293 5319 3545 5375 coquun-

1948 5409 2045 5459 tur
2070 5419 2262 5474 panes,
2294 5402 2452 5467 vade,
2483 5399 2609 5454 vide
2639 5400 2803 5453 ﬂetus
2834 5397 2990 5462 istos,
3023 5394 3151 5449 vide
3194 5392 3327 5465 quid
3355 5394 3541 5449 conti-

1948 5494 2113 5564 gerit,
2148 5509 2217 5545 ne
2248 5492 2436 5545 anima
2454 5507 2582 5545 mea
2608 5486 2986 5561 perturbetur.
3013 5485 3117 5541 Illa
3146 5500 3276 5539 vero
3306 5500 3545 5556 pergens

1953 5589 2011 5637 et
2038 5588 2192 5637 stans
2218 5580 2351 5634 foris
2382 5586 2513 5634 ante
2528 5581 2751 5649 januas,
2773 5576 2985 5632 audivit
3002 5573 3283 5630 somnium
3305 5572 3546 5628 abbatis-

1952 5688 2072 5727 sam
2106 5673 2210 5727 hoc
2238 5670 2404 5725 modo
2432 5669 2795 5724 referentem:
2823 5667 2971 5733 Vidi,
2995 5664 3195 5737 inquit,
3220 5664 3381 5736 quasi
3404 5663 3546 5719 duos

1950 5763 2245 5837 cujusdam
2264 5759 2564 5818 schematis
2584 5742 2733 5815 viros
2755 5759 2866 5815 huc
2890 5756 3268 5826 advenientes,
3284 5753 3381 5828 qui
3402 5769 3546 5828 quae-
