3868 6442
357 420 462 479 639

1354 423 1451 480 DE
1486 423 1676 481 VITIS
1714 424 2011 487 PATRUH
2046 424 2261 483 LIBER
2297 424 2589 482 PRIMUS.

3516 412 3635 472 640

351 545 556 602 rebant
582 545 957 619 Euphraxiam
973 547 1191 615 tollere,
1214 547 1588 622 dixeruntque
1607 550 1747 607 mihi
1773 570 1784 606 :
1805 551 1952 607 Diri-
1966 553 2020 615 Α
2038 557 2129 608 cat
2153 556 2209 607 te
2238 551 2539 608 abbatissa.
2572 549 2676 606 Illa
2695 564 2827 604 vero
2853 562 3085 619 egressa
3104 545 3440 616 est,plorans
3454 545 3631 614 atque

350 652 422 706 ge
449 652 593 703 eam,
615 652 755 708 opus
785 634 973 692 habet.
1003 636 1251 694 Rursum
1275 654 1409 710 ergo
1435 644 1492 694 et
1521 640 1618 695 alii
1638 641 1948 706 venientes,

352 723 614 780 dixerunt
625 724 762 779 mihi
785 726 1123 782 :Assumens
1146 730 1335 783 tecum
1357 729 1756 800 Euphraxiam,
1774 729 1956 784 deduc

355 829 480 866 eam
501 818 631 867 ante
643 813 967 870 Dominum.
990 815 1172 880 Quam
1188 833 1315 870 mox
1330 833 1642 885 assumens,
1661 817 1955 889 properavi

350 918 479 956 cum
508 902 609 957 eis.
644 904 713 959 Et
733 920 863 959 cum
891 904 1108 960 venisse
1120 922 1237 960 'nus
1266 906 1337 960 ad
1372 907 1675 978 quamdam
1708 912 1950 979 portam,

352 992 513 1062 cujus
530 993 768 1063 gloriam
788 1010 1056 1050 enarrare
1072 1012 1186 1051 non
1200 997 1377 1063 valeo,
1399 1003 1597 1069 sponte
1619 996 1779 1051 nobis
1799 1013 1958 1068 aper-

351 1085 413 1134 ta
428 1087 532 1136 est.
548 1083 617 1137 Et
636 1083 903 1155 ingressae
922 1102 1137 1153 sumus,
1160 1090 1218 1140 et
1231 1085 1471 1141 vidimus
1487 1085 1563 1139 ibi
1581 1084 1958 1140 inenarrabile

356 1170 631 1241 palatium
648 1174 892 1242 cmleste,
911 1174 972 1229 in
990 1191 1102 1246 quo
1124 1180 1181 1230 et
1205 1175 1410 1230 solium
1433 1175 1686 1247 nuptiale
1706 1192 1818 1231 non
1845 1191 1961 1229 ma-

358 1274 437 1315 nu
455 1259 686 1316 factum.
719 1263 835 1334 Ego
856 1264 1084 1336 quidem
1111 1263 1350 1319 interius
1377 1265 1829 1337 apprOpinquare
1848 1280 1962 1319 non

358 1349 536 1418 potui.
561 1351 939 1422 Euphraxiam
954 1369 1085 1408 vero
1106 1358 1475 1421 assumentes,
1507 1353 1837 1409 obtulerunt
1858 1354 1965 1409 Do-

360 1437 515 1493 mino
550 1456 561 1491 :
595 1444 651 1493 et
679 1441 996 1511 procidens,
1018 1442 1270 1498 osculata
1297 1447 1383 1497 est
1408 1443 1577 1514 pedes
1607 1444 1731 1515 ejus
1756 1443 1963 1498 imma-

361 1527 597 1583 culatos.
615 1529 745 1585 Vidi
772 1529 851 1585 ibi
872 1530 1020 1586 dena
1038 1531 1219 1587 millia
1239 1533 1587 1604 angelorum,
1609 1548 1675 1586 ac
1706 1532 1966 1587 multitu-

361 1615 554 1672 dinem
572 1623 896 1675 sanctorum
911 1619 1408 1690 innumerabilem;
1434 1627 1492 1677 et
1511 1638 1708 1677 omnes
1736 1620 1964 1676 stabant

366 1705 759 1778 reSpicientes;
790 1714 847 1764 et
861 1708 993 1776 vidi,
1009 1715 1067 1765 et
1086 1726 1210 1765 ecce
1232 1716 1414 1765 mater
1427 1711 1651 1766 Domini
1669 1726 1964 1766 assumens

366 1795 763 1866 Euphraxiam,
795 1798 1027 1854 adduxit
1048 1817 1175 1854 eam
1205 1799 1276 1855 ad
1302 1801 1612 1855 thalamum
1629 1800 1960 1873 nuptialem,

2035 641 2367 698 conturbata
2397 656 2413 696 :
2460 646 2517 695 et
2544 639 2816 710 ingressa,
2849 636 3030 691 astitit
3054 634 3367 700 abbatissa,
3397 632 3619 688 deﬂens

2035 737 2205 803 atque
2234 746 2495 796 moerens,
2519 734 2576 784 et
2591 726 2896 801 gemitibus
2922 725 3092 780 nimis
3110 723 3336 778 aﬂlicta.
3368 720 3631 776 Abbatis-

2036 839 2098 876 sa
2121 839 2249 877 vero
2279 820 2581 892 respiciens
2600 836 2747 885 eam,
2774 817 2938 873 dixit:
2959 815 3106 881 Quid
3124 813 3315 879 habes,
3353 808 3634 881 ﬁlia,quia

2037 911 2116 966 sic
2141 910 2503 983 ingemiscis?
2522 907 2843 980 Euphraxia
2860 905 3027 961 dixit:
3051 905 3264 973 Plange
3313 917 3424 967 me,
3454 898 3637 954 domi-

2038 1018 2113 1056 na
2142 1018 2288 1066 mea,
2320 1000 2453 1072 quia
2471 998 2682 1053 scivisti
2706 1014 2797 1051 me
2826 994 3181 1060 morituram,
3211 996 3269 1046 et
3285 1006 3398 1045 non
3426 987 3638 1043 indica-

2038 1092 2111 1146 sti
2128 1091 2285 1157 mihi,
2304 1095 2370 1145 ut
2383 1091 2708 1162 plangerem
2731 1090 2960 1158 peccata
2978 1100 3122 1148 mea,
3143 1082 3278 1136 dum
3293 1079 3398 1133 sim
3418 1077 3490 1132 ab
3519 1093 3637 1132 om-

2039 1180 2205 1236 nibus
2224 1179 2469 1252 peccatis
2492 1176 2874 1249 coinquinata.
2908 1174 3010 1229 His
3031 1171 3213 1237 dictis,
3244 1186 3306 1224 se
3334 1166 3639 1241 prostravit

2040 1270 2098 1325 in
2118 1269 2522 1342 pavimentum,
2554 1273 2612 1322 et
2625 1266 2812 1322 tenuit
2837 1264 3005 1336 pedes
3023 1260 3336 1324 abbatissae,
3350 1274 3452 1330 per
3464 1271 3636 1328 quam

2043 1375 2209 1414 omne
2236 1357 2534 1413 consilium
2562 1358 2687 1427 ejus
2710 1354 2973 1409 alacriter
2998 1356 3084 1406 est
3118 1348 3470 1422 perductum.
3502 1345 3636 1399 Cla-

2046 1448 2331 1518 mavitque
2348 1445 2664 1519 Euphraxia
2682 1450 2739 1498 et
2761 1443 2929 1498 dixit:
2951 1440 3215 1496 Miserere
3234 1436 3365 1503 mei,
3384 1434 3633 1498 domina,

2047 1543 2104 1593 et
2122 1537 2424 1609 deprecare
2453 1534 2775 1600 Dominum,
2809 1537 2875 1586 ut
2902 1529 3040 1585 mihi
3062 1526 3329 1583 concedat
3355 1524 3441 1579 vel
3460 1538 3638 1579 unum

2044 1626 2416 1697 annum,quia
2427 1624 2549 1679 sine
2577 1620 2909 1695 pcenitentia
2936 1635 3081 1685 sum,
3114 1622 3171 1672 et
3184 1614 3370 1671 nescio
3401 1630 3525 1685 quae
3549 1628 3641 1665 me

2043 1716 2289 1771 tenebrae
2313 1713 2655 1786 cooperient.
2690 1710 2841 1766 Dixit
2868 1709 2919 1764 ei
2935 1706 3245 1763 abbatissa:
3278 1703 3431 1758 Vivit
3456 1701 3644 1757 Domi-

2046 1822 2170 1871 nus,
2207 1803 2340 1877 quia
2368 1802 2579 1859 caelesti
2620 1806 2821 1856 senatu
2856 1799 3086 1870 dignam
3123 1802 3180 1851 te
3221 1793 3355 1850 fecit
3385 1809 3483 1846 rex
3502 1796 3633 1845 tuus

365 1884 425 1939 in
452 1902 562 1956 quo
590 1885 807 1942 decoris
826 1905 1091 1944 coronam
1110 1889 1361 1962 parabat,
1389 1895 1446 1945 et
1465 1890 1653 1945 audivi
1679 1907 1869 1945 vocem
1893 1879 2026 1944 adB
2050 1895 2327 1950 Christus,
2367 1895 2436 1949 Et
2464 1891 2634 1963 coepit
2661 1887 2921 1946 omnibus
2961 1886 3220 1952 recitare,
3256 1882 3459 1955 quibus
3486 1879 3647 1935 bonis

366 1973 743 2045 Euphraxiam
771 1976 1049 2034 dicentem
1076 1997 1087 2033 :
1113 1979 1251 2035 Ecce
1280 1996 1494 2034 merces
1522 1984 1641 2035 tua.
1667 1981 1829 2034 Nunc
1856 1979 1966 2033 ita-

367 2078 476 2135 que
513 2080 703 2136 perge,
736 2072 865 2138 post
890 2068 1085 2123 decem
1115 2067 1237 2123 dies
1265 2069 1513 2137 veniens,
1542 2069 1732 2124 fruere
1777 2068 1864 2123 his
1908 2068 1968 2123 in

368 2153 588 2209 saaculis
616 2154 871 2211 infinitis.
900 2157 970 2211 Et
1006 2158 1132 2213 ideo
1164 2158 1297 2229 quia
1325 2158 1493 2213 hodie
1522 2174 1674 2213 nona
1700 2158 1821 2212 dies
1859 2161 1965 2224 est,

367 2256 434 2295 ex
463 2258 573 2313 quo
602 2243 876 2301 visionem
912 2245 1043 2314 vidi,
1075 2264 1198 2302 cras
1238 2247 1513 2302 morietur
1549 2247 1889 2319 Euphraxia.

439 2331 569 2386 CAP.
600 2332 798 2389 XXXI.
819 2335 1070 2391 Audiens
1088 2336 1207 2392 haec
1233 2337 1383 2391 Julia
1401 2337 1734 2392 recitantem
1756 2341 1972 2392 secrete

371 2418 730 2489 abbatissam,
758 2425 1003 2481 tundens
1039 2431 1234 2497 pectus
1266 2442 1432 2482 suum
1454 2433 1511 2482 et
1536 2426 1758 2494 faciem,
1780 2442 1974 2481 amare

372 2508 586 2564 deﬂens
614 2510 774 2567 venit
827 2513 900 2569 ad
937 2514 1248 2582 clibanum;
1300 2522 1358 2571 et
1403 2533 1534 2571 cum
1569 2517 1801 2572 vidisset
1848 2533 1972 2571 eam

375 2598 605 2655 ﬂentem
629 2600 965 2673 Euphraxia,
999 2603 1141 2659 dixit
1176 2605 1249 2661 ad
1281 2605 1436 2660 illam
1467 2624 1478 2659 :
1513 2606 1761 2677 Conjuro
1790 2611 1847 2660 te
1873 2622 1976 2677 per

374 2686 581 2742 Filium
610 2688 730 2757 Dei,
763 2707 925 2746 soror
940 2693 1111 2759 Julia,
1138 2692 1323 2749 indica
1349 2694 1489 2749 mihi
1512 2694 1646 2766 quid
1666 2695 1896 2760 audisti,
1920 2699 1979 2749 et

379 2791 554 2847 quare
582 2778 824 2850 plangis.
847 2780 1001 2836 Dixit
1024 2781 1076 2836 ei
1103 2783 1290 2838 Julia:
1314 2784 1548 2855 Plange,
1572 2784 1802 2840 domina
1828 2801 1973 2852 mea,

380 2865 513 2937 quia
550 2866 716 2923 hodie
745 2869 1135 2942 separabimur
1176 2888 1212 2926 a
1238 2877 1323 2942 te;
1356 2873 1503 2929 sicut
1541 2873 1691 2929 enim
1730 2873 1917 2929 audivi
1944 2892 1980 2927 a

380 2955 611 3011 domina
635 2974 763 3013 mea
793 2958 1094 3028 abbatissa,
1126 2978 1251 3016 cras
1272 2978 1337 3017 ex
1366 2963 1471 3018 hoc
1489 2980 1722 3036 corpore
1753 2965 1978 3019 exhala-

381 3042 487 3099 bis.
514 3046 675 3112 Quod
705 3047 840 3103 dum
878 3050 1199 3122 Euphraxia
1222 3052 1491 3117 audisset,
1526 3054 1847 3125 angustiata
1872 3060 1975 3121 est,

381 3139 437 3188 et
458 3135 838 3207 pusillanimis
862 3138 1025 3207 facta,
1062 3140 1282 3197 cecidit.
1324 3141 1566 3197 Sedebat
1600 3148 1791 3199 autem
1815 3146 1981 3216 juxta

2048 1984 2219 2039 habet
2246 1983 2356 2042 frui
2386 1980 2726 2054 Euphraxia.
2762 1980 2830 2034 Et
2858 1976 3095 2048 rogabat
3138 1990 3281 2040 eam,
3305 1977 3370 2028 ut
3388 1987 3490 2044 pro
3521 1970 3644 2041 ipsa

2048 2073 2356 2129 Dominum
2385 2070 2744 2144 supplicaret,
2778 2073 3054 2139 quatenus
3079 2066 3201 2136 ejus
3228 2061 3508 2135 particeps
3526 2075 3649 2112 esse

2050 2167 2381 2218 mereretur.
2428 2160 2640 2217 Orabat
2690 2157 2841 2214 enim
2879 2160 2946 2212 ut
2971 2171 3101 2210 cum
3131 2170 3198 2208 ea
3225 2152 3651 2208 conversaretur

2050 2251 2111 2306 in
2140 2251 2361 2307 Christo
2387 2269 2400 2318 ;
2426 2255 2484 2305 et
2504 2249 2638 2321 ipsis
2667 2245 2829 2302 donis
2851 2243 3052 2317 quibus
3075 2242 3199 2314 ipsa
3237 2243 3360 2295 erat
3380 2236 3640 2303 fruitura,

2058 2347 2117 2395 et
2143 2341 2267 2412 ipsa
2289 2340 2589 2394 frueretur.

2130 2411 2890 2497 CAP.XXXII.-—Euphraxia
2912 2437 3043 2478 vero
3068 2420 3261 2493 jacens
3289 2415 3360 2472 ad
3373 2414 3545 2488 pedes
3563 2411 3653 2467 ab~

2056 2518 2299 2584 batissae,
2336 2517 2504 2589 coepit
2522 2521 2716 2570 tenere
2745 2514 2923 2584 frigus
2945 2517 3003 2566 et
3017 2510 3282 2580 rigorem;
3301 2509 3429 2579 post
3446 2502 3650 2576 paulu-

2058 2609 2177 2663 lum
2195 2624 2323 2663 vero
2342 2608 2642 2661 vehemens
2657 2620 2781 2658 eam
2793 2602 2963 2657 febris
2983 2594 3513 2655 invasit.Abbatissa
3524 2607 3652 2647 vero

2059 2696 2346 2752 sororibus
2359 2696 2439 2750 ait
2462 2714 2474 2748 :
2509 2694 2727 2750 Sumite
2741 2708 2886 2758 eam,
2917 2693 2976 2745 et
2992 2686 3377 2759 ingrediamur
3394 2682 3457 2737 in
3474 2684 3659 2736 orato-

2062 2788 2231 2854 rium,
2267 2787 2399 2858 quia
2414 2786 2535 2856 jam
2578 2782 2993 2855 apprOpinquat
3008 2779 3149 2832 hora
3167 2776 3307 2846 ejus.
3338 2773 3664 2828 Posuerunt

2062 2894 2194 2948 ergo
2227 2893 2352 2931 eam
2382 2876 2443 2931 in
2467 2872 2795 2937 oratorium,
2840 2875 2896 2925 et
2916 2864 3286 2924 observabant
3311 2878 3439 2918 eam
3480 2873 3663 2931 usque

2061 2946 2706 3037 ad'vesperamNespere
2726 2963 2917 3015 autem
2927 2958 3230 3024 tacto,cum
3244 2953 3386 3007 hora
3398 2946 3660 3025 sumendi

2060 3055 2247 3110 cibum
2261 3056 2381 3127 jam
2409 3052 2749 3117 advenisset,
2772 3046 3038 3121 praecepit
3054 3049 3235 3113 ul
3273 3041 3355 3097 eis
3377 3037 3666 3095 abbatissa

2060 3151 2125 3202 ut
2152 3139 2930 3216 egrederentur,solummodo
2945 3137 3153 3193 Juliam
3185 3148 3376 3189 secum
3404 3128 3659 3185 retinens

382 3240 507 3279 eam
522 3226 671 3281 Julia
686 3228 846 3283 ﬂens.
872 3229 976 3284 Cui
992 3230 1312 3302 Euphraxia
1330 3231 1471 3286 dixit
1491 3248 1502 3284 :
1531 3233 1718 3300 Soror,
1742 3233 1817 3289 da
1839 3235 1979 3290 mihi
1997 3242 2040 3302 ο
2064 3253 2135 3291 ne
2154 3235 2345 3306 aliqua
2371 3234 2512 3288 hora
2526 3231 2907 3302 relinquerent
2927 3223 3304 3298 Euphraxiam
3326 3239 3341 3287 ;
3366 3225 3425 3274 et
3452 3216 3663 3273 clausis

380 3330 613 3414 manum
639 3321 816 3414 tuam,
845 3322 903 3373 et
930 3318 1055 3375 leva
1083 3337 1193 3387 me,
1226 3326 1284 3376 et
1300 3321 1408 3377 duc
1432 3338 1522 3377 me
1550 3321 1646 3377 ubi
1674 3322 1828 3393 ligna
1848 3329 1982 3379 sunt
2057 3324 2453 3395 januis,usque
2478 3337 2643 3376 mane
2657 3319 2888 3374 fuerunt
2911 3332 3041 3371 cum
3068 3330 3152 3368 ea.
3178 3310 3328 3367 Julia
3344 3324 3475 3363 vero
3492 3321 3655 3377 roga-

1270 3410 1304 3414 “
1590 3412 1603 3414 “
1699 3411 1752 3414 "‘
2302 3413 2305 3414 ν
2441 3412 2449 3414 -
2595 3410 2629 3414 --
2835 3407 2875 3414 _
2984 3404 2995 3414 .
3148 3402 3160 3413 .
3484 3413 3491 3414 γ
3538 3383 3636 3414 -ὶεξ

384 3404 593 3504 Ροδξιθτλ
611 3411 668 3460 et
693 3405 770 3460 ibi
796 3423 887 3504 m9
915 3424 1086 3504 ῐξοηθς
1108 3383 1188 3504 ξι*
1209 3410 1342 3504 tolle
1368 3428 1542 3483 panes
1573 3412 1642 3466 de
1666 3383 1902 3481 clibano,
1924 3419 1983 3468 et
2057 3383 2159 3468 bat
2173 3383 2773 3485 Euphraxiam,dicens
2797 3426 2807 3461 :
2835 3402 3166 3462 Dominami
3189 3415 3368 3463 soror,
3390 3413 3505 3453 non
3527 3383 3667 3450 obli-

384 3498 547 3563 porta
566 3493 626 3549 in
654 3498 1079 3555 monasterium.
1108 3499 1263 3555 Fecit
1277 3500 1427 3555 Julia
1453 3502 1587 3568 haec,
1609 3506 1664 3557 et
1684 3501 1979 3559 abbatissae
2060 3503 2291 3557 viscaris
2311 3501 2421 3557 mei
2441 3518 2451 3553 :
2479 3502 2764 3554 memento
2784 3494 2933 3567 quod
2955 3489 3405 3565 inseparabiliter
3418 3485 3519 3541 tibi
3535 3499 3669 3540 con-

385 3596 498 3637 non
528 3582 813 3645 indicavit.
845 3587 987 3642 Cum
1007 3605 1142 3660 ergo
1167 3590 1385 3660 jaceret
1405 3591 1722 3663 Euphraxia
1742 3592 1801 3647 in
1830 3592 1981 3664 pavi-

385 3677 576 3728 mento
607 3674 866 3731 clamavit
896 3696 908 3731 :
944 3678 1075 3745 Cur,
1117 3679 1375 3747 Domine,
1405 3680 1764 3737 abominatus
1802 3699 1860 3737 es
1889 3698 1980 3737 me

386 3762 745 3834 peregrinam
771 3769 829 3821 et
854 3768 1168 3839 orphanam
1188 3768 1212 3823 ?
1230 3770 1345 3824 Cur
1369 3770 1670 3843 despexisti
1700 3788 1789 3827 me
1810 3771 1982 3829 ?Ecce

386 3855 608 3951 tempus
648 3855 872 3927 quando
912 3856 1185 3914 debebam
1215 3875 1345 3915 cum
1372 3859 1596 3915 diabolo
1625 3878 1897 3934 pugnare,
1929 3867 1988 3919 et

388 3948 580 3997 anima
613 3960 739 3999 mea
772 3962 807 4000 a
853 3963 944 4002 me
973 3948 1271 4020 expetitur.
1305 3948 1622 4004 Misericors
1658 3955 1780 4006 esto
1807 3950 1866 4006 in
1895 3968 1988 4007 me

389 4031 591 4086 ancilla
608 4038 725 4101 tua,
755 4035 993 4091 Domine
1020 4038 1049 4092 J
1055 4053 1155 4093 esu
1182 4036 1420 4103 Christe,
1450 4038 1673 4093 dimitte
1702 4040 1788 4093 vel
1809 4056 1986 4095 unum

390 4135 623 4188 annum,
658 4129 936 4194 quatenus
979 4125 1221 4181 deﬂeam
1249 4132 1480 4199 peccata
1509 4143 1655 4195 mea,
1688 4128 1823 4200 quia
1865 4130 1987 4186 sine

391 4209 721 4279 poenitentia
742 4229 888 4280 sum,
904 4218 961 4268 et
987 4213 1057 4269 ab
1080 4214 1233 4270 omni
1258 4215 1590 4288 pcenitentia
1615 4217 1845 4272 nudata.
1861 4219 1986 4275 Non

2055 3594 2255 3665 juncta
2285 3607 2406 3646 sum
2428 3605 2649 3660 semper
2667 3601 2837 3658 super
2856 3590 3068 3639 terram
3091 3600 3105 3650 ;
3136 3578 3389 3652 supplice
3406 3576 3527 3632 Deo
3562 3589 3669 3646 pro

2062 3663 2242 3749 me,ut
2255 3696 2344 3735 me
2358 3695 2471 3735 non
2486 3681 2708 3750 separet
2722 3693 2755 3731 a
2774 3674 3140 3731 te.Memento
3156 3668 3288 3742 quia
3300 3683 3405 3739 ego
3419 3663 3523 3721 tibi
3541 3677 3674 3735 pro-

2066 3770 2180 3827 vidi
2208 3769 2354 3825 bona
2400 3767 2732 3823 certamina.
2779 3765 3093 3836 Deprecare
3120 3758 3444 3822 Dominum,
3475 3758 3539 3809 ut
3568 3768 3662 3806 me

2068 3859 2321 3915 absolvat
2335 3858 2404 3914 ab
2419 3859 2525 3913 hac
2544 3855 2763 3912 sarcina
2777 3852 3054 3918 carnis,ut
3068 3863 3289 3904 merear
3298 3851 3488 3902 tecum
3502 3839 3664 3897 abire

2069 3963 2200 4003 cum
2222 3946 2617 4003 ﬁduciaMane
2632 3959 2761 3998 vero
2778 3937 3234 4007 facto,abbatissa
3243 3935 3436 3991 videns
3452 3932 3586 4005 quia
3602 3932 3665 3987 in

2067 4037 2373 4092 novissima
2390 4034 2764 4108 respiratione
2786 4035 2934 4087 esset
2958 4025 3285 4101 Euphraxia
3322 4029 3389 4081 ut
3414 4037 3668 4078 morere-

2067 4130 2181 4193 tur,
2206 4126 2495 4181 mandavit
2513 4121 2797 4179 sororibus
2822 4137 2923 4193 per
2942 4118 3170 4183 Juliam,
3184 4114 3375 4170 dicens
3403 4130 3414 4166 :
3442 4111 3667 4178 Venite,

2071 4214 2199 4270 ﬁliae
2220 4212 2675 4281 meae,valefacite
2691 4211 2763 4279 ei,
2798 4209 2933 4282 quia
2941 4209 3061 4280 jam
3076 4204 3300 4261 defecit.
3332 4200 3544 4268 Quibus
3571 4216 3670 4256 ve-

505 4298 563 4353 in
695 4318 836 4398 opus
855 4302 1052 4359 salutis
1073 4322 1084 4357 :
1106 4320 1239 4398 nam
1257 4321 1423 4360 nemo
1441 4304 1501 4359 in
1530 4304 1746 4362 inferno
1767 4309 1992 4364 conﬂte—
2072 4304 2378 4371 nientibus,
2410 4302 2796 4359 valedixerunt
2810 4299 2883 4366 ei,
2915 4298 3116 4354 ﬂentes
3133 4294 3517 4364 dicentesque:
3557 4289 3672 4346 Ile-

393 4386 548 4442 bitur
575 4388 697 4445 tibi.
729 4391 854 4447 Non
885 4397 972 4448 est
990 4393 1323 4465 poenitentia
1349 4394 1409 4450 in
1428 4396 1702 4467 sepulcro,
1736 4413 1847 4451 non
1867 4414 1992 4469 pos-
2073 4401 2264 4449 mento
2285 4392 2482 4459 nostri,
2500 4391 2727 4447 domina
2744 4404 2904 4444 soror
2920 4384 3257 4458 Euphraxia,
3273 4396 3480 4438 nomen
3500 4379 3673 4436 bene-

394 4495 518 4578 sum
538 4485 665 4578 post
683 4486 923 4578 mortem
944 4483 1207 4578 lacrymis
1229 4485 1558 4557 praevalere;
1586 4502 1701 4541 non
1721 4468 1989 4559 enimiqui
2070 4483 2281 4538 dictum
2297 4500 2331 4538 a
2347 4483 2481 4549 Deo,
2514 4481 2611 4553 qui
2633 4486 2690 4536 te
2703 4478 2915 4535 dilexit.
2930 4477 3067 4532 Post
3089 4472 3281 4529 omnia
3297 4476 3487 4526 autem
3512 4468 3671 4524 venit

393 4566 452 4622 in
480 4568 699 4626 inferno
729 4577 863 4628 sunt
886 4572 1200 4631 laudabunt
1224 4578 1300 4643 te,
1324 4575 1580 4639 Domine,
1612 4576 1712 4631 sed
1738 4558 2046 4632 viventesD
2065 4573 2166 4629 illa
2192 4588 2317 4645 quae
2335 4571 2430 4627 diu
2448 4587 2615 4643 passa
2640 4586 2676 4624 a
2691 4568 2943 4624 daemone
2957 4565 3220 4631 fuerat,et
3242 4577 3343 4634 per
3370 4574 3497 4615 eam
3513 4558 3671 4613 salva

394 4656 706 4716 laudabunt
728 4679 934 4737 nomen
956 4669 1215 4720 sanctum
1234 4670 1416 4721 tuum.
1441 4666 1601 4721 Dona
1626 4666 1764 4722 mihi
1790 4667 1875 4722 vel
1895 4666 1991 4722 ad—
2068 4662 2214 4719 facta
2245 4667 2333 4717 est
2356 4680 2367 4715 :
2404 4666 2462 4716 et
2483 4662 2684 4731 lugens
2699 4658 2845 4713 sicut
2869 4660 2927 4711 et
2956 4648 3537 4720 omnes,osculabatur
3547 4664 3668 4703 ma-

396 4747 505 4802 huc
523 4765 699 4805 unum
719 4768 950 4820 annum,
970 4758 1036 4810 ut
1056 4753 1446 4826 pmnitentiam
1466 4772 1649 4826 agam,
1676 4755 1811 4826 quia
1824 4755 1989 4812 deso-

395 4836 511 4891 lata
537 4855 661 4894 sum
693 4841 838 4897 sicut
864 4843 1001 4899 ﬁcus
1029 4843 1151 4900 sine
1179 4844 1482 4915 adjutorio.
1500 4845 1641 4900 Cum
1663 4861 1796 4917 ergo
1814 4846 1991 4901 deﬂe-

394 4931 500 4994 ret,
518 4928 751 4985 audiens
767 4932 1022 5004 quaedam
1040 4932 1586 5001 sororum,indicavit
1603 4933 1898 4990 abbatissae
1910 4940 1992 4990 at-

399 5033 507 5088 que
524 5018 830 5093 sororibus,
846 5020 979 5094 quia
1006 5022 1328 5094 Euphraxia
1340 5028 1622 5095 prostrata
1641 5024 1701 5079 in
1723 5024 1994 5096 reposito-

397 5108 481 5162 rio
510 5108 814 5181 lignorum,
844 5110 926 5167 ita
953 5112 1239 5168 clamaret.
1285 5112 1547 5185 Dixitque
1581 5113 1732 5169 Julia
1765 5131 1776 5167 :
1825 5114 1989 5180 Vere,

397 5199 645 5269 domina,
665 5200 878 5257 audivit
891 5201 1025 5274 quia
1037 5202 1280 5258 moritur
1293 5220 1306 5271 ;
1321 5219 1422 5275 pro
1426 5202 1990 5275 pterealamentatur.

395 5290 548 5345 Dixit
576 5308 708 5363 ergo
726 5290 1011 5347 abbatissa
1033 5291 1318 5348 sororibus
1342 5309 1356 5344 :
1378 5292 1517 5357 Quis
1541 5291 1899 5347 annuntiavit
1915 5291 1987 5359 ei,

2070 4768 2177 4808 nus
2206 4750 2571 4824 ejus,dicens:
2606 4750 2944 4805 Istaemanus
2956 4748 3230 4817 quantum
3255 4739 3394 4795 mihi
3422 4737 3670 4809 indigna:

2072 4848 2130 4899 et
2152 4840 2447 4916 peccatrici
2477 4834 2968 4894 ministraverunt!
3000 4849 3101 4906 per
3127 4832 3308 4888 Deum
3324 4833 3381 4884 et
3397 4843 3500 4900 per
3529 4826 3670 4882 istas

2072 4949 2272 4989 manus
2325 4927 2664 4985 daemonium
2683 4925 2979 4999 expulsum
3003 4927 3090 4978 est
3110 4938 3145 4977 a
3163 4936 3277 4977 me.
3300 4919 3372 4974 Et
3403 4932 3534 4972 cum
3562 4916 3672 4971 Eu-
3716 4928 3719 4931 '

2073 5019 2311 5092 phraxia
2361 5016 2704 5089 respondere
2727 5030 2840 5069 non
2856 5017 3063 5085 posset,
3097 5007 3241 5065 dixit
3260 5007 3311 5062 ei
3340 5003 3625 5060 abbatissa
3649 5020 3665 5059 :

2073 5110 2215 5166 Filia
2228 5124 2495 5177 mea,non
2508 5104 2793 5162 misereris
2810 5103 2896 5157 vel
2916 5101 3088 5172 hujus
3105 5096 3340 5153 sororis?
3352 5094 3537 5160 Quare
3556 5109 3670 5148 non

2073 5199 2319 5273 loqueris
2338 5199 2409 5265 ei,
2434 5214 2556 5269 quae
2575 5199 2805 5268 propter
2821 5197 2879 5247 te
2899 5192 2982 5247 ita
3000 5185 3330 5244 tribulatur?
3354 5182 3671 5273 Euphraxia

2074 5270 2204 5345 vero
2220 5286 2509 5361 respondit
2524 5285 2595 5340 ad
2606 5300 2750 5339 eam:
2767 5297 2941 5354 quare
2957 5273 3470 5349 meluges,domina
3486 5270 3670 5327 soror?

394 5385 451 5435 et
479 5382 724 5436 animam
748 5382 872 5455 ejus
892 5381 1278 5448 afﬂixit7Quis
1299 5381 1567 5437 indicavit
1587 5380 1657 5450 ei,
1673 5385 1731 5435 et
1749 5397 1845 5436 cor
1870 5382 1992 5452 ejus
2073 5378 2306 5435 Dimitte
2328 5393 2417 5432 me
2446 5374 2817 5447 requiescere,
2851 5368 2983 5443 quia
3010 5366 3208 5435 deﬁcio
3238 5384 3251 5433 ;
3283 5366 3670 5417 verumtamen

398 5471 656 5526 attrivit?
684 5450 883 5529 Nonne
917 5489 1016 5529 vos
1066 5472 1279 5545 rogavi,
1310 5488 1382 5527 ne
1409 5470 1671 5527 diceretis
1711 5470 1783 5535 ei,
1816 5450 1994 5527 donec
2073 5475 2136 5525 tu
2164 5466 2401 5523 benedic
2428 5466 2630 5530 Deum,
2663 5467 2721 5519 et
2746 5463 2867 5535 ipse
2892 5465 2951 5515 te
2989 5452 3357 5513 conservabit.
3388 5458 3445 5507 et
3478 5450 3622 5506 dixit
3652 5468 3664 5506 :

399 5560 520 5631 ejus
535 5562 676 5615 hora
702 5561 1079 5619 veniret’ICur
1105 5562 1212 5618 hoc
1241 5560 1450 5617 fecistis
1473 5565 1528 5615 et
1558 5559 1835 5615 afﬂixistis
1875 5560 1994 5616 ani-
2078 5558 2192 5615 Ora
2209 5572 2310 5629 pro
2347 5572 2457 5623 me,
2507 5554 2641 5627 quia
2668 5565 2940 5623 magnum
2968 5551 3252 5602 certamen
3283 5545 3367 5597 est
3394 5540 3453 5595 in
3482 5540 3669 5595 anima

403 5629 553 5705 mam
574 5651 847 5721 ejus?Ite,
872 5657 930 5708 et
956 5650 1219 5709 adducite
1247 5667 1375 5708 eam
1402 5649 1560 5706 mihi.
1585 5649 1699 5706 Illae
1720 5666 1846 5705 vero
1869 5666 1998 5723 per-
2080 5663 2209 5704 mea
2235 5646 2295 5702 in
2339 5644 2446 5701 hac
2472 5645 2632 5701 hora.
2674 5642 2818 5698 Cum
2861 5654 2994 5711 ergo
3036 5637 3251 5692 orasset
3278 5629 3582 5696 abbatissa,
3613 5633 3669 5683 et

404 5718 623 5813 gentes,
653 5718 915 5799 dixerunt
951 5741 1004 5801 ei
1035 5759 1049 5799 :
1080 5741 1246 5815 Veni,
1276 5739 1505 5799 domina
1532 5718 1998 5815 Euphraxia,_vo-
2082 5753 2278 5797 omnes
2305 5733 2726 5812 respondissent
2742 5731 2942 5800 Amen,
2977 5724 3225 5788 reddidit
3237 5720 3512 5786 animam.
3534 5718 3669 5782 Erat
