3868 6394
215 300 312 359 641

1168 305 1336 360 VITA
1376 298 1682 358 SANCT}E
1720 295 2167 364 EUPHRASIAE,
2209 295 2555 354 VIRGINIS.

3381 306 3488 364 6i?

209 431 395 482 autem
428 441 703 481 annorum
722 425 957 496 triginta
987 445 996 478 :
1034 429 1486 500 sepelieruntque
1508 443 1632 481 eam
1650 425 1707 479 in
1722 430 1810 478 tu-
1830 424 2026 493 Aergo
2056 439 2226 477 unam
2257 440 2532 488 sororum,
2567 427 2796 482 nomine
2825 427 3222 501 Theogeniam,
3257 449 3380 504 quae
3407 435 3487 489 eis

209 516 378 583 mulo,
402 514 498 569 ubi
529 520 586 569 et
607 515 850 586 genitrix
878 517 1000 586 ejus
1032 517 1350 589 Euphraxia
1379 515 1763 588 requiescebat
1789 533 1800 581 ;

209 610 264 660 et
280 605 734 675 glorificaverunt
751 605 949 671 Deum,
981 607 1113 677 quia
1131 607 1575 678 promeruissent
1599 605 1804 659 habere

209 709 456 748 sororem
485 695 632 765 apud
663 695 860 749 Deum.

278 830 407 884 CAP.
441 829 692 883 XXXIII.
719 857 783 868 —
802 828 950 882 Julia
975 845 1106 883 vero
1137 830 1407 899 magistra
1434 832 1574 901 ejus,
1625 831 1804 885 tribus

209 917 404 972 diebus
425 918 584 981 ﬂens,
617 917 687 971 ab
709 919 832 988 ejus
852 919 1070 972 tumulo
1099 935 1210 973 non
1231 921 1492 987 recessit;
1528 921 1643 974 hazc
1654 920 1803 974 enim

209 1009 474 1062 docuerat
500 1023 623 1061 eam
646 1007 864 1061 litteras
895 1013 952 1062 et
974 1007 1304 1078 psalterium
1335 1015 1392 1063 et
1420 1009 1661 1064 multum
1680 1027 1804 1064 eam

210 1094 491 1167 diligebat,
527 1111 652 1149 cum
678 1097 801 1166 ejus
833 1101 981 1150 esset
1007 1096 1300 1168 discipula,
1321 1104 1490 1169 atque
1510 1115 1573 1152 ex
1598 1115 1804 1170 genere

209 1185 577 1257 imperatoris.
612 1184 828 1248 Quarta
851 1201 980 1239 vero
1001 1185 1091 1239 die
1113 1186 1242 1240 laeta
1266 1186 1413 1241 facta
1433 1188 1601 1254 Julia,
1626 1204 1806 1242 acces-

207 1274 280 1328 sit
301 1274 370 1328 ad
403 1273 764 1340 abbatissam,
797 1280 855 1328 et
883 1273 1023 1328 dixit
1039 1274 1118 1328 ei:
1150 1275 1392 1329 Domina
1411 1293 1554 1342 mea,
1593 1293 1692 1330 ora
1704 1294 1804 1348 pro

210 1379 316 1429 me,
348 1363 480 1434 quia
504 1363 722 1417 vocavit
745 1379 835 1416 me
866 1363 1140 1429 Christus,
1174 1364 1553 1419 intercedente
1584 1383 1684 1438 pro
1715 1383 1804 1420 me

209 1451 372 1506 beata
392 1452 727 1522 Euphraxia.
748 1452 817 1505 Et
837 1451 952 1506 haec
971 1452 1182 1517 dicens,
1204 1455 1453 1508 osculata
1473 1461 1558 1508 est
1575 1461 1804 1510 cunctas

207 1557 444 1596 sorores.
479 1541 687 1604 Quinta
717 1547 907 1595 autem
937 1541 1027 1594 die
1052 1548 1180 1612 post
1207 1541 1420 1597 obitum
1455 1543 1801 1614 Euphraxiae.

207 1630 466 1684 defuncta
495 1635 582 1684 est
607 1635 663 1684 et
685 1630 958 1701 magistra
985 1631 1108 1700 ejus
1128 1631 1295 1693 Julia,
1331 1638 1388 1686 et
1404 1634 1624 1704 sepulta
1644 1639 1729 1687 est
1746 1633 1804 1688 in

205 1718 458 1790 sepulcro
487 1717 584 1774 ubi
613 1718 796 1790 posita
824 1725 946 1773 erat
975 1719 1138 1774 beata
1164 1720 1501 1791 Euphraxia.

1888 518 2168 583 praeesset.
2203 515 2383 578 Quam
2426 532 2659 570 evocans
2701 516 2983 573 abbatissa
3012 521 3083 575 ad
3130 538 3209 587 se,
3247 523 3386 577 dixit
3416 524 3486 578 ad

1888 618 2050 655 eam:
2083 603 2217 656 Ecce
2245 604 2630 659 testimonium
2656 605 2864 661 bonum
2908 609 3056 679 quod
3098 628 3319 665 sorores
3359 630 3484 666 om-

1887 707 1987 744 nes
2017 691 2086 745 de
2114 696 2168 746 te
2197 693 2492 757 dederunt,
2528 699 2584 747 et
2611 702 2921 765 posuerunt
2938 703 2993 750 te
3017 698 3086 752 ad
3109 699 3487 771 principatum

1888 785 1944 833 et
1970 782 2329 851 praesulatum
2348 783 2666 837 traditionis
2692 784 2890 840 divinae
2911 787 3050 856 legis
3062 794 3118 842 et
3146 806 3487 861 consequen-

1885 869 1968 922 tia
1995 875 2205 924 nostra.
2241 871 2488 941 Conjuro
2517 877 2572 926 te
2602 890 2703 944 per
2730 874 3126 932 intemeratam
3153 879 3487 935 Trinitatem

1889 964 1946 1013 et
1965 959 2519 1027 consubstantialem,
2543 979 2614 1016 ne
2630 963 2794 1018 istius
2811 967 3008 1021 mundi
3029 984 3248 1038 quaeras
3268 969 3490 1024 divitias

1888 1053 1988 1102 aut
2000 1049 2431 1118 possessionem,
2452 1067 2634 1122 neque
2657 1070 2891 1125 occupes
2911 1072 3132 1111 sorores
3145 1059 3214 1111 ad
3231 1064 3488 1113 terrenas

1888 1137 2290 1192 sollicitudines
2320 1158 2330 1193 :
2365 1139 2461 1193 sed
2491 1142 2672 1211 magis
2701 1148 2766 1196 ut
2793 1150 3216 1200 contemnentes
3262 1153 3486 1220 tempo-

1886 1226 2029 1280 ralia
2057 1225 2219 1292 bona,
2247 1233 2516 1299 perpetua
2535 1237 2862 1286 mereantur
2877 1234 3146 1305 accipere.
3174 1237 3240 1290 Et
3262 1254 3488 1292 rursum

1887 1315 2174 1370 sororibus
2199 1317 2378 1372 dixit:
2422 1318 2713 1382 Quomodo
2731 1321 2973 1391 perfecte
3011 1325 3189 1378 nostis
3219 1326 3392 1379 vitam
3433 1330 3492 1380 et

1886 1405 2366 1460 conversationem
2395 1407 2743 1478 Euphraxiae,
2763 1415 2940 1466 estote
2959 1412 3244 1468 imitantes
3261 1431 3405 1480 eam,
3428 1420 3494 1469 ut

1885 1493 2186 1565 participes
2216 1496 2338 1565 ejus
2369 1495 2712 1552 efficiamini.
2744 1499 2812 1553 Et
2838 1516 2966 1554 cum
2996 1501 3266 1557 dixissent
3295 1520 3490 1558 omnes

1887 1585 2085 1649 Amen,
2120 1583 2433 1638 valedicens
2463 1586 2562 1650 eis,
2595 1586 2827 1642 intravit
2853 1591 3202 1661 oratorium;
3234 1598 3291 1647 et
3335 1594 3491 1648 clau-

1888 1673 2027 1726 dens
2048 1675 2272 1743 januas,
2305 1675 2569 1746 praecepit
2595 1680 2660 1729 ut
2686 1693 2865 1748 usque
2896 1679 2966 1734 ad
2997 1679 3306 1737 diluculum
3335 1683 3493 1736 nulla

1825 1744 1868 1806 Β
1888 1760 2112 1815 illarum
2127 1761 2383 1816 intraret.
2409 1763 2572 1818 Mane
2592 1769 2782 1818 autem
2803 1765 2950 1823 facto
2971 1767 3257 1839 ingressae,
3275 1769 3494 1824 invene-

274 1853 413 1912 CAP.
451 1852 698 1909 XXXIV.
727 1881 794 1894 —
825 1852 961 1906 Post
988 1853 1223 1922 triginta
1249 1870 1379 1907 vero
1418 1854 1535 1908 dies
1567 1871 1801 1909 evocans
1884 1856 2019 1905 runt
2042 1868 2165 1905 eam
2187 1850 2604 1906 obdormissein
2620 1853 2887 1922 Domino;
2917 1860 2976 1910 et
2994 1857 3270 1928 hymnum
3303 1860 3489 1914 dicen-

205 1941 485 1996 abbatissa
522 1941 850 1995 monasterii
899 1941 1136 2014 prieres,
1180 1943 1320 1996 dixit
1357 1943 1425 1997 ad
1464 1960 1593 1997 eas:
1652 1944 1803 1998 Filiae

205 2046 360 2097 meae,
392 2030 579 2101 eligite
606 2030 763 2084 vobis
792 2035 1050 2097 matrem,
1080 2037 1136 2086 et
1174 2032 1496 2087 constituite
1521 2033 1578 2087 in
1622 2032 1806 2087 locum

206 2137 412 2186 meum,
443 2136 566 2192 quae
601 2119 758 2174 vobis
783 2135 1023 2190 praeesse
1054 2121 1246 2191 possit.
1277 2121 1392 2176 Illae
1407 2138 1538 2176 vero
1574 2137 1809 2192 respon-

207 2210 444 2265 derunt:
477 2209 737 2274 Domina,
770 2224 870 2280 pro
899 2225 1011 2280 qua
1039 2225 1208 2264 causa
1231 2210 1336 2264 hoc
1363 2211 1502 2264 dicis
1539 2211 1811 2265 denuntia

207 2299 405 2366 nobis;
435 2315 725 2370 nunquam
749 2298 894 2352 enim
928 2297 1244 2353 famulabus
1281 2300 1396 2354 tuis
1444 2301 1550 2354 hoc
1597 2300 1805 2354 dixisti.

208 2389 359 2443 Dixit
383 2388 463 2442 eis
493 2387 808 2442 abbatissa:
839 2387 1070 2442 Vocavit
1100 2405 1190 2442 me
1210 2389 1502 2444 Dominus.
1523 2391 1808 2460 Supplica-

209 2478 285 2532 vit
311 2478 464 2532 enim
487 2493 587 2548 pro
605 2493 696 2531 me
715 2476 1296 2548 dominaJEuphraxia,
1323 2484 1379 2532 et
1395 2479 1635 2534 multum
1657 2479 1808 2535 labo-

209 2567 354 2622 ravit
379 2567 437 2621 in
459 2566 574 2620 suis
605 2565 881 2638 precibus,
915 2571 1192 2637 quatenus
1223 2583 1326 2636 ego
1353 2568 1636 2622 caelestem
1677 2569 1809 2624 tha-

209 2655 421 2710 lamum
451 2671 821 2726 promererer.
855 2655 1000 2734 Nam
1031 2661 1087 2710 et
1107 2656 1257 2709 Julia
1284 2672 1386 2727 per
1413 2663 1666 2712 sanctam
1696 2658 1808 2712 Eu-

209 2744 502 2816 phraxiam
529 2745 808 2816 particeps
840 2745 963 2814 ejus
989 2745 1185 2798 effecta
1213 2751 1315 2812 est,
1356 2751 1414 2799 et
1443 2747 1696 2818 ingressa
1724 2753 1810 2802 est

210 2834 265 2888 in
304 2833 444 2888 illud
485 2834 760 2905 palatium
789 2850 902 2888 non
932 2833 1314 2889 manufactum
1340 2855 1352 2902 ;
1385 2842 1444 2889 et
1473 2852 1574 2907 ego
1605 2836 1808 2891 festino

209 2922 380 2994 digna
408 2924 550 2990 fieri,
583 2929 640 2978 et
663 2939 790 2978 cum
812 2924 894 2977 eis
917 2924 1100 2978 locum
1121 2923 1346 2979 habere.
1380 2926 1688 2980 Audientes
1718 2944 1808 2981 so-

210 3025 366 3067 rores
395 3013 463 3067 de
492 3012 811 3083 Euphraxia
838 3018 896 3067 et
921 3013 1088 3080 Julia,
1124 3013 1257 3084 quia
1296 3014 1355 3068 in
1395 3015 1640 3070 maxima
1663 3022 1812 3070 esset

1885 1946 1971 1994 tes
1987 1941 2245 2007 Domino,
2278 1947 2652 2012 reposuerunt
2698 1959 2822 1997 eam
2839 1943 2897 1998 in
2923 1947 3180 2018 sepulcro
3212 1947 3306 2002 ubi
3321 1948 3487 2003 beata

1892 2029 2209 2100 Euphraxia
2239 2031 2464 2084 condita
2487 2037 2627 2085 erat.
2659 2031 2744 2086 Ab
2771 2033 2869 2088 illa
2904 2040 3096 2090 autem
3145 2037 3233 2091 die
3277 2053 3493 2108 nequa-

1891 2135 2060 2189 quam
2091 2119 2149 2172 in
2175 2119 2269 2174 illo
2299 2120 2517 2174 tumulo
2555 2121 2666 2175 alia
2696 2123 3038 2194 sepelierunt
3063 2141 3316 2197 corpora.

1963 2209 2094 2264 CAP.
2127 2208 2346 2266 XXXV.
2375 2239 2439 2249 -
2461 2209 2637 2264 Multa
2663 2227 2793 2264 vero
2823 2212 2989 2283 signa
3015 2219 3072 2268 et
3099 2215 3370 2270 sanitates
3392 2218 3493 2272 fie-

1891 2296 2029 2351 bant
2058 2297 2112 2352 in
2144 2303 2454 2352 memorato
2475 2299 2753 2370 sepulcro,
2783 2306 2841 2356 et
2858 2303 3071 2374 expulsi
3092 2303 3373 2360 daemones
3387 2307 3495 2360 cla-

1892 2385 2159 2441 mabant:
2191 2387 2336 2451 Quia
2359 2393 2486 2458 post
2501 2395 2740 2443 mortem
2760 2392 3026 2462 praevalet
3039 2399 3236 2448 contra
3267 2411 3369 2450 nos
3392 2396 3497 2450 Eu-

1889 2476 2141 2547 phraxia,
2178 2481 2233 2530 et
2261 2477 2620 2547 persequitur
2647 2479 2795 2532 nos?
2841 2481 2972 2536 Haec
3001 2488 3086 2536 est
3132 2500 3328 2538 revera
3367 2485 3500 2540 Vita

1891 2565 2221 2637 Euphraxite
2255 2571 2544 2632 matronae,
2574 2583 2700 2638 quae
2727 2569 2940 2624 caelesti
2972 2573 3193 2627 senatui
3222 2573 3495 2628 interesse

1890 2655 2220 2726 promeruit.
2256 2655 2608 2710 Festinemus
2655 2657 2830 2727 igitur
2866 2665 2924 2714 et
2966 2677 3090 2728 nos,
3134 2668 3251 2717 tam
3292 2663 3495 2718 fratres

1892 2761 2060 2815 quam
2083 2761 2322 2811 sorores,
2347 2745 2670 2815 hujusmodi
2695 2749 3173 2805 conversationem
3190 2752 3414 2822 habere,
3440 2760 3496 2808 et

1893 2835 2094 2889 sectari
2106 2835 2506 2901 humilitatem,
2530 2833 2928 2906 obedientiam,
2952 2838 3222 2908 laborem,
3240 2859 3498 2897 mansue-

1893 2923 2167 2991 tudinem,
2201 2924 2715 2994 longanimitatem,
2751 2932 2816 2981 ut
2845 2932 2902 2982 et
2929 2945 3032 2984 nos
3061 2929 3144 2986 ita
3169 2932 3495 3002 angelorum

1892 3015 2374 3069 conversationem
2403 3030 2742 3082 mereamur,
2775 3023 2834 3071 et
2869 3035 2998 3074 cum
3031 3021 3239 3091 gaudio
3290 3037 3495 3092 magno

211 3103 410 3173 gloria,
443 3101 784 3173 gaudebant,
821 3108 878 3158 et
907 3101 1144 3157 orabant
1176 3103 1407 3174 pariter,
1458 3109 1522 3158 ut
1569 3109 1625 3160 et
1681 3105 1871 3176 ipszeC
1893 3103 2151 3158 fruamur
2179 3103 2465 3158 Salvatore
2492 3103 2730 3158 Domino
2747 3111 2943 3161 nostro
2964 3107 3097 3163 Jesu
3119 3109 3363 3165 Christo.
3388 3110 3493 3166 Cui

209 3198 563 3248 mererentur
584 3191 654 3246 ad
676 3191 835 3246 illum
863 3191 1176 3248 thalamum
1197 3193 1479 3248 accedere.
1504 3193 1810 3264 Elegerunt

1892 3199 1979 3249 est
2003 3194 2186 3248 honor
2213 3197 2270 3246 et
2297 3192 2479 3263 gloria
2499 3192 2556 3246 in
2595 3195 2798 3249 saecula
2815 3197 3165 3254 saeculorum.
3197 3200 3399 3256 Amen.

1423 3311 1846 3373 ROSWEYDI
1891 3311 2259 3372 NOTATIO.

282 3421 473 3484 ωσι
495 3415 576 3486 (1)
600 3415 968 3485 Euphratis]
984 3414 1447 3486 Martyrologium
1468 3415 1805 3484 Romanum,

213 3486 283 3544 13
305 3488 527 3560 Martii;
564 3508 585 3539 ε
621 3486 1309 3560 IniThebaideidepositio
1329 3494 1533 3560 sanctae
1555 3489 1809 3560 Euphra-

211 3561 308 3616 βίω
328 3559 584 3631 virginis.
618 3577 641 3609 ι
667 3558 1052 3631 Usuardusde
1073 3559 1271 3631 eadem
1299 3559 1402 3613 hac
1424 3559 1532 3614 die.
1560 3558 1810 3616 Menolo-

207 3633 366 3704 gium
399 3628 816 3704 Graecorum25
844 3629 1010 3704 Julii:
1068 3630 1278 3704 Eodem
1325 3631 1415 3684 die
1445 3638 1677 3704 sanctae
1707 3633 1814 3688 Eu-

248 3704 436 3769 raxiae,
474 3702 599 3758 ﬁlia:
617 3701 884 3772 Antigoni
905 3701 1198 3772 cujusdam
1212 3701 1480 3756 senatorii
1501 3703 1730 3769 ordinis,
1757 3709 1814 3759 et

248 3722 436 3769 ranae,
474 3722 599 3758 uuae
617 3722 884 3772 antigom
905 3722 1198 3772 (“110508111
1212 3722 1480 3756 senatorii
1501 3722 1730 3769 OI'QHIIS,
1757 3722 1814 3759 et.

209 3722 502 3849 Eupraxius
526 3772 630 3828 sub
653 3772 965 3849 Theodosio
987 3772 1124 3844 imp.
1155 3775 1316 3844 cujus
1338 3778 1460 3849 e_rat
1483 3776 1815 3849 consangui-

210 3843 318 3902 nea
340 3867 351 3900 :
375 3853 598 3900 mortuo
623 3849 813 3899 autem
834 3843 1134 3916 Antigono,
1150 3850 1332 3899 mater
1346 3843 1815 3916 EupraxiaTheo-

210 3920 369 3975 dosio
399 3918 554 3972 illam
573 3915 1006 3978 commendavit,
1034 3917 1130 3986 qui
1160 3915 1675 3971 senatorio’cuidam
1696 3919 1813 3973 viro

211 3989 528 4064 despondit.
551 3989 656 4064 Illa
673 4004 804 4064 vero
821 3987 1112 4064 discedens
1139 4004 1265 4041 cum
1283 3993 1462 4064 matre
1474 3988 1542 4064 in
1571 3988 1813 4064 Thebai-

211 4058 340 4117 dem
368 4059 598 4142 Αἰξὶνρῇ
639 4058 914 4142 profecta,
939 4060 1009 4113 ad
1037 4059 1439 4142 monasterium
1472 4059 1725 4130 ingressa
1754 4061 1812 4115 in

211 4150 321 4216 quo
339 4131 772 4216 erantjrirgines
795 4135 1099 4216 centumet
1128 4136 1386 4213 quatuor,
1409 4147 1606 4216 parem
1638 4149 1812 4203 ange-

213 4201 281 4260 lis
301 4205 476 4259 vitam
503 4201 788 4268 ducentes,
819 4201 1080 4256 aemulata
1093 4218 1286 4256 earum
1318 4201 1602 4269 virtutem,
1635 4220 1669 4258 a
1689 4201 1812 4258 mo-

211 4277 462 4332 nasterio
491 4276 613 4346 ipso
643 4273 929 4346 discedere
967 4289 1133 4344 passa
1161 4289 1274 4328 non
1295 4279 1426 4346 est:
1471 4280 1594 4329 erat
1623 4281 1814 4330 autem

211 4354 348 4403 tunc
372 4345 532 4418 virgo
558 4345 837 4418 sexdecim
864 4361 1041 4400 annos
1070 4350 1222 4418 nata.
1239 4345 1437 4418 Mater
1484 4363 1614 4400 vero
1661 4347 1816 4401 illinc

211 4415 524 4484 discedens,
559 4417 806 4489 Orientis
833 4416 1178 4489 monasteria
1203 4415 1480 4489 obeundo,
1513 4419 1811 4489 possessio-

213 4508 314 4548 nes
342 4491 550 4545 multis
579 4493 637 4543 et
655 4488 928 4542 beneficia
955 4487 1337 4558 indigentibus
1381 4487 1636 4543 contulit.
1683 4491 1816 4544 Post

214 4563 333 4618 hazc
353 4579 481 4616 cum
509 4562 569 4615 in
596 4559 855 4615 morbum
871 4559 1175 4625 incidisset,
1209 4576 1430 4613 reversa
1457 4566 1543 4614 est
1569 4561 1637 4614 ad
1661 4577 1815 4615 man-

214 4635 430 4689 sionem
454 4633 513 4687 in
538 4631 856 4712 qua-ﬁliam
885 4631 1226 4712 reliquerat;
1257 4647 1494 4712 cumque
1516 4649 1713 4712 omnes
1741 4633 1817 4686 fa-

215 4707 455 4761 cultates
473 4702 604 4759 suas
617 4703 748 4757 ﬁliae
772 4702 1160 4764 commisisset.
1186 4702 1535 4773 requievitin
1556 4704 1815 4758 Domino.

1892 3417 2015 3495 bus,
2039 3415 2144 3495 ubi
2173 3416 2288 3470 haec
2319 3414 2511 3495 Graue
2539 3417 2676 3495 citat
2694 3434 2716 3495 ,ε
2749 3418 2904 3495 Λέγει
2929 3420 2960 3488 ἡ
2991 3419 3213 3495 διώιρνος
3239 3429 3314 3495 ςῷ
3341 3443 3495 3495 κορα-

1893 3481 2012 3568 die),
2038 3489 2239 3559 Ὕπαγε
2265 3489 2406 3558 κυρία
2437 3508 2530 3575 μοι)
2561 3487 2625 3575 si;
2652 3488 2737 3544 τὸν
2770 3481 2904 3543 οἶκίόν
2935 3481 3159 3570 σου,’ὅτι
3199 3492 3255 3546 οὗ
3288 3481 3498 3548 ’δύνασαι

1894 3555 1994 3637 ᾦόε
2031 3555 2334 3637 τξαραμεῖγαι
2361 3580 2372 3592 ⁸
2406 3555 2518 3612 οὖδὲ
2556 3561 2652 3637 Irim
2691 3563 2893 3637 δύναταί
2928 3581 3000 3624 τις
3039 3557 3138 3637 ᾧόε
3178 3575 3494 3637 παραμεῖναι,

1896 3630 1977 3707 £_ciw
2018 3631 2082 3707 puli
2125 3630 2787 3707 auv‘rgigntatﬁcy
2827 3632 2983 3707 Atye;
3014 3632 3134 3707 αὐτῇ
3160 3634 3217 3707 rd
3242 3630 3494 3707 iopaiatov,

1895 3699 2161 3780 Ποΰέστιν
2188 3700 2215 3753 ὁ
2243 3700 2459 3771 Χριστός
2480 3699 2506 3765 ;’
2535 3699 2848 3780 ’ῌόιάκονος
2871 3699 3249 3780 ἐτὲέόειξενάὖτῇ
3277 3699 3361 3760 τον
3389 3699 3498 3762 δεσέ

1896 3771 2093 3850 ζτοτικὸν
2145 3779 2481 3850 χαρακτῆραλ-
2511 3775 2590 3827 καὶ
2647 3785 2914 3850 στραφεῖσα
2961 3777 3092 3847 λέγει
3117 3848 3123 3850 _
3148 3771 3490 3850 tﬁvataxdvq),

1907 3841 2304 3931 Ἀληοῶςᾶέιγὼ
2331 3841 2404 3916 τῷ
2433 3844 2641 3936 Χνριστῷ
2673 3841 3133 3936 σὺνέάρσοξιαιξζιαὶ
3161 3841 3318 3902 οὖκέτι
3349 3841 3498 3936 ἀπέρξ

1896 3936 2054 3989 χομαι
2098 3913 2357 3989 μετόιτῆςῗ
2379 3913 2547 3985 κυρίας
2569 3913 2680 3989 μου
2715 3938 2725 3949 ·
2759 3917 2838 3970 καὶ
2868 3913 3015 3970 πᾶλιν
3046 3914 3297 3972 ἀναστᾶσα
3325 3922 3354 3988 ἡ
3391 3913 3496 3975 Εὖ-

1896 3980 2225 4076 ξραξςαξκκαὶ
2267 3980 2488 4072 λαξοῦσα
2533 3980 2647 4078 τῆν.⁹
2672 3990 3148 4078 Θυγατέεα’ἒαοτῆς,
3195 3980 3498 4077 παρέστησεν

1897 4055 1962 4135 εἷς
1989 4057 2073 4111 τὸν
2097 4055 2390 4135 ῥεσπςοτωιόν
2420 4065 2713 4135 χαρακςῆρα
2740 4055 2760 4092 ὀ
2794 4055 2873 4135 καὶ
2914 4055 3163 4114 ἐκτείνασα
3203 4055 3289 4125 τὰξ
3325 4055 3497 4135 κείρας

1898 4099 1962 4121 ..,
1999 4099 2070 4111 ,υ
2104 4099 2386 4110 “ww”...
2462 4099 2645 4126 --......,
2682 4099 2713 4111 υ,
2795 4099 2873 4112 η...
2914 4099 3163 4114 “ne”-.-
3213 4099 3289 4125 ιι,
3367 4099 3405 4116 ει
3441 4099 3497 4126 α,

1898 4127 2043 4197 αὐτῆς
2074 4127 2137 4191 εἷς
2165 4127 2249 4204 τρν
2281 4099 2689 4199 οὖρανῗνιὲϐὁηξε
2720 4130 2844 4204 μετὰ
2880 4132 3150 4202 κλαυθμοῦ,
3171 4099 3362 4204 ῌΚύριέ
3392 4099 3498 4204 ’ῑη-

1896 4207 1986 4254 σοῦ’
2023 4200 2228 4272 Χριστὲ,
2272 4202 2349 4254 σοὶ
2393 4201 2592 4270 μελήσει
2632 4200 2742 4272 περὶ
2780 4207 2868 4254 τοῦ
2904 4200 3120 4267 παιδίου,
3165 4200 3238 4258 ὅτι
3279 4200 3332 4258 σὲ
3377 4200 3496 4259 ἐπό-

1896 4275 2059 4340 θησεν,
2099 4273 2179 4324 καὶ
2217 4273 2294 4342 σοὶ
2334 4274 2569 4342 παρέθετο
2611 4273 2806 4340 ἑαυτήν.
2846 4290 2874 4324 α
2903 4273 3230 4331 Diaconissa
3253 4293 3383 4331 vero
3427 4279 3498 4332 ad

1935 4344 2142 4420 uellam
2169 4361 2180 4397 :
2216 4341 2558 4414 Abi,inquit,
2583 4344 3013 4420 domumtuam,
3047 4347 3182 4420 quia
3205 4365 3316 4402 non
3336 4355 3495 4420 potes

1937 4415 1987 4469 ic
2015 4431 2390 4489 permanere,
2419 4415 2781 4489 nequeenim
2812 4416 2870 4470 in
2898 4417 3006 4470 hoc
3061 4415 3354 4489 cuiquam'
3374 4420 3505 4475 licet

1896 4485 2252 4558 commorari,
2285 4485 2393 4540 nisi
2417 4485 2560 4558 cum
2594 4487 2815 4541 Christo
2857 4485 3252 4558 conjungatur.
3304 4490 3501 4545 Puella

1898 4564 2088 4612 autem
2114 4577 2125 4610 :
2162 4556 2254 4611 ubi
2284 4563 2387 4623 est,
2411 4557 2611 4628 inquit,
2645 4557 2944 4612 Christus?
2965 4556 3162 4612 ‘Ati—lla
3191 4561 3437 4616 ostendit
3449 4563 3501 4616 ei

1899 4628 2122 4683 Domini
2153 4628 2606 4699 imaginem.Cui
2647 4628 2836 4699 puella
2864 4644 3167 4684 conversa:
3204 4631 3364 4697 Vere,
3410 4633 3498 4688 in-

1901 4700 2175 4774 quit,_ego
2206 4715 2332 4754 cum
2369 4698 2591 4774 Christo
2641 4698 2971 4774 co_njungor,
3026 4717 3209 4772 neque
3257 4703 3500 4774 amplius

217 4777 671 4855 Eupraxia_vero_
685 4791 812 4855 cum
837 4773 985 4828 bona
1013 4774 1204 4855 omnia
1214 4769 1554 4855 pauperibus
1583 4780 1639 4855 et
1651 4775 1818 4855 eccle-
1835 4787 1883 4846 D
1899 4769 2028 4855 cum
2049 4771 2186 4852 hera
2191 4787 2326 4855 mea
2352 4769 2655 4824 discedam.
2690 4770 2758 4825 Et
2774 4769 2999 4855 rursum
3015 4769 3375 4855 consurgens
3389 4776 3501 4855 Eu-

217 4845 324 4903 siis
345 4847 447 4902 Dei
493 4845 888 4911 distribuisset,
938 4845 1260 4899 monasticae
1297 4845 1423 4898 vitae
1462 4845 1818 4900 exercitatio-

216 4937 349 4975 nem
375 4917 599 4990 egregie
627 4918 902 4990 amplexa,
932 4922 1169 4990 tantum
1185 4916 1243 4970 in
1264 4915 1469 4970 virtute
1488 4917 1740 4990 profecit,
1765 4924 1822 4972 et

217 4987 582 5047 necessitates
611 4987 859 5060 corporis
881 4987 1218 5059 subjugavit,
1243 4994 1308 5042 ut
1327 4989 1826 5060 periquadraginta

218 5063 469 5135 quinque
498 5062 617 5135 dies
648 5059 948 5115 immobilis
977 5060 1217 5135 steterit,
1245 5059 1475 5135 intentis
1520 5060 1590 5114 ad
1619 5061 1822 5135 cgelum

219 5131 500 5189 inanibus.
524 5134 721 5204 Itaque
744 5137 976 5204 propter
987 5131 1345 5204 excellentem
1372 5131 1634 5204 virtutem
1658 5131 1823 5187 beata

219 5206 497 5277 Eupraxia
531 5203 925 5277 miraculorum
954 5203 1198 5277 gratiam
1228 5203 1460 5277 accepit,
1487 5220 1599 5274 qua
1612 5204 1821 5277 multos

221 5296 256 5332 a
282 5273 452 5332 variis
477 5274 843 5346 languoribus
859 5273 1130 5340 liberavit,
1175 5281 1231 5329 et
1257 5273 1381 5346 ipsa
1399 5273 1626 5330 beatum
1651 5276 1819 5330 ﬁnem

219 5355 496 5414 assecuta,
525 5346 596 5402 ad
625 5346 926 5402 Dominum
965 5347 1238 5400 translata
1267 5352 1368 5400 est.
1403 5366 1431 5399 ι)

293 5419 618 5491 Euphrasiaa
643 5435 733 5491 res
753 5425 942 5491 gestas
965 5417 1176 5472 habent
1196 5417 1702 5491 omnes‘editiones,
1729 5436 1821 5472 ex-

222 5487 399 5564 cepta
414 5491 598 5564 prima
627 5487 884 5544 Vitarum
916 5489 1168 5564 Patrum,
1198 5506 1263 5564 ex
1294 5487 1500 5564 quibus
1527 5497 1704 5564 etms.
1728 5491 1826 5544 Co-

222 5561 346 5618 dice
371 5561 568 5643 Surius
588 5567 806 5643 mutato
817 5561 972 5643 .stylo
987 5561 1283 5643 descripsit
1292 5566 1430 5643 tom.
1451 5562 1522 5615 ΙΙ.
1549 5563 1663 5643 Ego
1678 5566 1825 5614 vete-

223 5651 348 5689 rem
377 5635 596 5707 stylum‘
625 5633 864 5707 retinui,
886 5632 970 5687 ex
1031 5638 1160 5687 voto
1215 5632 1524 5707 multorum
1573 5632 1825 5707 vivorum

224 5703 538 5762 doctorum.
569 5705 813 5761 Joannes
833 5705 1212 5760 Damascenus
1254 5719 1320 5758 ex
1348 5704 1470 5774 ejus
1483 5703 1654 5772 Actis,
1676 5704 1827 5760 utle—

226 5779 425 5848 gitime
445 5778 685 5850 scriptis,
711 5777 853 5848 petit
869 5776 1261 5832 auctoritatem
1278 5779 1420 5832 orat.
1443 5774 1556 5830 3de
1573 5775 1828 5846 imagini-

1903 4841 2471 4925 phraxianﬁliamqu‘e
2506 4857 2668 4925 suam
2709 4841 3185 4925 apprehendens,
3209 4841 3502 4925 dominicae

1903 4912 2133 4998 imagini
2161 4913 2342 4984 ipsam
2375 4912 2640 4998 admovit,
2667 4912 3040 4998 manibusque
3064 4915 3385 4998 e_ublatisjn
3405 4935 3510 4973 cae.

1905 4987 2258 5058 lumirmagna
2287 5001 2416 5058 voce
2459 4985 2719 5040 clamavit
2741 5005 2765 5058 :7
2798 4985 3034 5042 Domine
3077 4989 3208 5044 Jesu
3255 4989 3496 5058 Christe,

1906 5057 2093 5141 puella
2120 5056 2221 5141 tibi
2251 5057 2550 5141 eritcurar,
2571 5057 2809 5141 quando
2850 5065 2908 5113 te
2957 5061 3290 5132 concupivit,
3332 5056 3504 5141 seque

1903 5127 2085 5201 ipsam
2116 5127 2468 5213 dicavit‘tibi.
2509 5127 2702 5213 LQuae
2746 5127 3501 5213 Damascenus—compendio

1905 5199 2178 5273 excerpsit
2207 5216 2272 5253 ex
2296 5201 2464 5273 _Actis
2491 5199 2721 5273 Graecis
2766 5202 3074 5273 Eupraxiae,
3130 5219 3274 5273 quae
3298 5199 3356 5258 in
3402 5204 3509 5259 hac

1907 5273 2030 5328 Vita
2057 5270 2256 5326 Latina
2283 5271 2660 5344 fusiushabes
2691 5270 2921 5328 narrata
2950 5289 3071 5344 cap.
3104 5270 3222 5328 8_et
3250 5270 3302 5329 9.

1977 5343 2196 5398 Claruit
2222 5343 2568 5415 temporibus
2589 5344 2886 5399 Theodosii
2913 5343 3075 5414 imp.,
3116 5345 3199 5398 uti
3237 5351 3393 5415 patet
3437 5363 3504 5403 ex

1905 5417 2027 5487 ipsa
2063 5415 2193 5487 Vita
2230 5421 2287 5469 et
2317 5415 2647 5485 Menologio.

1974 5487 2099 5541 Alia
2128 5486 2197 5540 ab
2227 5487 2363 5561 ista
2388 5493 2472 5540 est
2503 5487 2813 5561 Euphrasia
2862 5486 3322 5561 Nicomediensis,
3379 5505 3504 5561 quae

1905 5559 2051 5612 mira
2079 5564 2200 5612 arte
2227 5558 2395 5612 elusit
2422 5557 2736 5629 procaciam
2768 5557 3107 5629 lascivientis
3146 5557 3414 5629 juvenis;
3438 5563 3510 5616 de

1906 5647 2019 5712 qua
2049 5629 2396 5712 Nicephorus
2425 5628 2519 5683 lib.
2584 5642 2683 5693 vn,
2711 5644 2839 5712 cap.
2883 5628 2963 5712 13.
3009 5628 3510 5712 MenaegEupliraf

1907 5701 2049 5756 siam
2069 5701 2561 5774 Nicomediensem
2579 5705 2888 5774 martyrem
2915 5706 3170 5774 tempore
3186 5701 3511 5762 Maximiani

1907 5774 2043 5845 imp.
2066 5772 2278 5828 habent
2305 5772 2370 5827 19
2399 5771 2668 5830 Januarii.
