3868 6400
409 262 516 321 643

1437 271 1530 326 DE
1556 271 1742 327 VITIS
1783 273 2076 330 PATRUM
2113 273 2326 329 LIBER
2363 269 2651 327 PRIMUS.

3595 263 3705 323 644

489 391 559 470 (2)
591 391 1134 470 Sunc‘tam‘iz‘s.]ulta,
1165 394 1402 470 _opinor,_
1435 403 1596 452 vocat
1634 409 1848 469 σεμνεῖα,
1892 403 2075 461 mo-A
2096 406 2233 455 runt
2260 399 2408 470 apud
2438 397 2622 470 varios
2638 395 2938 470 scriptores
2964 393 3380 447 hebdomadan'i
3405 408 3507 447 seu
3535 394 3700 462 septi-

420 465 808 536 nasteria.”Sic
836 482 956 536 cap.
989 467 1055 520 5:
1095 484 1117 516 ι
1152 465 1286 530 Quae
1333 468 1503 522 etiam
1552 470 1667 524 illic
1691 465 1910 526 'vacans
1953 473 2011 525 in

417 535 764 589 sanctuariis.
813 555 835 586 ι

485 605 564 676 (3)
593 608 920 679 A_rchitr2‘q.]
943 609 1030 662 An
1049 609 1312 679 intelligit
1327 611 1590 666 cellulas?
1612 613 1675 666 In
1693 614 1823 668 Vita.
1837 614 2013 666 sancti

413 677 643 757 Antonii
673 678 1113 757 cap._53,__habes
1142 677 1558 750 archistcrium,
1591 684 1659 736 de
1681 683 1946 738 interiore
1959 690 2016 737 et

412 747 681 817 primaria
709 747 942 804 Antonii
969 752 1126 806 cella.

486 819 556 896 (/1)
586 823 802 896 Aquam.
823 825 886 896 in
915 824 1113 896 faciem
1144 827 1260 896 ejus
1295 826 1490 894 ma’sit.]
1511 825 1702 878 Aﬂ'usa
1731 842 1879 896 aqua
1913 826 2012 879 fri-

413 890 545 967 gida
576 892 884 946 exanimati
913 894 994 967 ad
1015 911 1074 948 se
1106 895 1382 967 redibant.
1429 890 1587 950 Unde
1635 890 2009 967 proverbium,

409 961 628 1030 Aquam
657 978 955 1032 aspergere,
983 965 1038 1020 id
1060 972 1162 1032 est,
1191 965 1409 1020 animos
1431 961 1656 1024 addere:
1683 969 1800 1022 Mox
1818 968 1875 1022 in
1886 961 2016 1021 Vita

411 1032 810 1105 Euphrosyne,
855 1052 977 1107 cap.
1030 1035 1129 1093 15:
1178 1053 1204 1088 «
1256 1037 1496 1092 Jactavit
1539 1039 1600 1093 in
1642 1039 1841 1094 faciem
1892 1040 2014 1110 ejus

409 1119 475 1159 αα
481 1119 612 1159 nam
620 1147 632 1158 .

445 1119 654 1244 (125%:
682 1180 1050 1246 septimanam
1074 1195 1251 1235 meam
1281 1181 1658 1251 complet-era]
1681 1182 1816 1236 Inde
1827 1197 2015 1236 occur-

2098 465 2369 526 υιαηαιῖίί.
2395 469 2536 522 Vide
2569 465 2989 522 Onomasticon.

2171 541 2242 611 (6)
2280 543 2565 597 Salarium.
2587 537 2880 611 νίθιτεὶιιηι]
2902 537 3045 606 Ergo
3063 530 3238 611 plura
3269 541 3431 611 erant
3474 536 3552 611 in‘
3580 551 3699 611 una

2096 603 2262 668 domo
2293 613 2517 675 solaria,
2546 610 2601 664 id
2618 617 2704 663 est
2731 603 3008 663 tabulata:
3045 603 3198 675 Alias
3219 609 3514 668 solarium,
3537 605 3594 658 id
3615 612 3700 659 est

2096 701 2361 754 suprema
2406 681 2750 751 contignatio
2800 681 2903 733 soli
2945 674 3212 748 exposita,
3253 693 3431 731 unum
3469 685 3697 732 tantum

2097 761 2237 810 erat.

2165 825 2241 899 (7)
2275 829 2488 899 Priorcs
2513 823 2794 892 seniores]
2816 823 2960 899 Mox,
3006 837 3126 891 cap.
3153 817 3221 899 27
3253 824 3310 899 et
3338 817 3412 899 30-
3455 823 3698 874 seniores

2096 890 2304 952 sorores
2313 941 2324 950 .
2342 898 2498 966 Saepe
2515 890 2814 966 occurrunt
2825 911 2914 966 san
2923 897 3060 950 iores
3068 890 3186 946 tam
3201 890 3352 945 inter
3364 891 3515 946 viros
3524 908 3696 963 quam

2096 969 2246 1022 inter
2275 965 2554 1028 mulieres,
2587 967 2644 1019 in
2667 965 2752 1018 his
2783 965 2944 1019 Vitis.

2171 1038 2238 1106 l8)
2281 1023 2566 1107 Patienti]
2614 1037 2675 1091 Id
2720 1041 2823 1101 est,
2885 1023 3282 1105 cncrgunicnay.
3342 1036 3575 1090 Clarum
3632 1051 3698 1089 ex

2097 1109 2314 1182 cap.25.

1865 1456 2155 1504 JANUARII
2198 1457 2242 1504 Ῑ.

517 1612 964 1762 VITA
1060 1615 1874 1762 SANCT/E
1959 1614 3379 1764 EUPHROSYN/E
3449 1565 3649 1786 ωζ

1733 1861 2370 1947 VIBGINIS.

1297 2041 1958 2130 AUCTOBE
2049 2040 2713 2130 INCERTO.

1934 2187 2192 2204 ῃ..-

478 2289 664 2346 CAPUT
687 2301 924 2346 Patavii.
951 2317 1010 2328 -
1030 2290 1360 2358 MFuit
1373 2291 1454 2344 vir
1472 2291 1529 2346 in
1545 2290 1882 2345 Alexandria
1903 2306 2004 2344 no-
2025 2289 2072 2350 B
2092 2289 2340 2356 vitatem,
2375 2297 2433 2346 et
2461 2291 2530 2344 de
2560 2290 2835 2362 sapientia
2863 2293 2911 2362 ej
2923 2307 2984 2346 us
3013 2296 3070 2344 et
3097 2291 3166 2346 de
3191 2291 3464 2360 doctrina,
3483 2299 3543 2348 et
3559 2293 3688 2365 quia

406 2377 558 2432 mine
585 2379 938 2450 Paphnutius
963 2379 1066 2453 (2),
1089 2379 1430 2435 honorabilis
1451 2379 1728 2446 omnibus,
1747 2385 1804 2434 et
1827 2386 2008 2433 custo-

405 2466 566 2522 diens
595 2469 864 2524 mandata
895 2469 1017 2524 Dei.
1054 2470 1158 2524 Hic
1185 2471 1400 2541 accepit
1441 2471 1736 2541 conjugem
1778 2469 2005 2538 dignam

412 2557 637 2626 generis
659 2558 768 2624 sui,
801 2564 857 2612 et
875 2558 1056 2629 ipsam
1085 2559 1336 2613 honestis
1365 2558 1616 2614 moribus
1645 2557 2004 2630 plenam,sed

405 2644 614 2699 sterilis
633 2661 748 2700 non
764 2645 1036 2717 pariebat.
1058 2647 1350 2702 Virautem
1372 2649 1494 2718 ejus
1515 2647 1685 2701 nimis
1703 2647 2001 2710 ﬂuctuans,

408 2749 474 2787 eo
497 2733 646 2805 quod
662 2751 775 2788 non
798 2735 1029 2790 haberet
1045 2736 1134 2790 cui
1155 2753 1349 2791 omnes
1363 2737 1658 2794 facultates
1674 2737 2002 2802 dimitteret,

409 2828 475 2877 ut
493 2829 621 2893 post
643 2823 858 2878 obitum
888 2825 1054 2880 suum
1075 2825 1217 2879 bene
1229 2831 1285 2880 et
1298 2843 1542 2898 congrue
1563 2843 1723 2880 suam
1742 2826 2004 2880 substan-

407 2912 547 2966 tiam
573 2911 936 2982 gubernaret,
970 2915 1352 2986 indigentibus
1380 2932 1493 2970 non
1539 2915 1792 2970 cessabat
1837 2915 2004 2970 mini-

407 3007 589 3057 strare
614 3009 775 3058 nocte
804 3009 861 3058 et
881 3003 990 3071 die,
1023 3005 1379 3076 eeclesiisque
1417 3007 1726 3072 adhaerens,
1772 3006 2005 3076 jejuniis

407 3097 464 3146 et
488 3091 835 3147 orationibus
856 3110 1023 3148 orans
1053 3100 1109 3148 et
1129 3100 1324 3166 petens
1345 3096 1508 3150 aDeo
1534 3097 1654 3150 dari
1676 3095 1780 3149 sibi
1802 3095 2004 3152 ﬁlium.

407 3181 678 3236 Similiter
697 3191 756 3237 et
781 3199 919 3236 uxor
946 3185 1068 3253 ejus
1089 3184 2000 3251 doloribusafﬁciebaturmaxime,

404 3270 594 3325 videns
623 3272 806 3326 virum
835 3288 1000 3326 suum
1023 3274 1387 3328 fluctuantem
1413 3275 1668 3341 nimium,
1695 3275 1930 3329 multam
1950 3280 2008 3328 et

397 3361 522 3432 ipsa
546 3363 718 3419 etiam
739 3362 1034 3433 pecuniam
1054 3380 1291 3434 erogans
1309 3363 1650 3436 pauperibus
1673 3370 1730 3418 et
1754 3364 1811 3418 in
1825 3369 2005 3418 orato-

399 3450 584 3519 toriis,
602 3467 837 3522 poscens
860 3451 1170 3523 adimplere
1186 3454 1525 3508 desiderium
1543 3453 2007 3508 suum.Similiter

401 3545 593 3595 autem
621 3545 678 3594 et
704 3541 790 3594 vir
817 3542 938 3612 ejus
967 3541 1242 3597 circuiens
1282 3542 1567 3614 quaerebat
1603 3543 1854 3597 invenire
1894 3542 1999 3596 ali-

2090 2380 2213 2429 erat
2240 2376 2475 2446 pulchra
2497 2377 2683 2442 nimis,
2718 2383 2776 2431 et
2813 2377 3122 2448 composita
3167 2378 3324 2432 vultu
3371 2383 3428 2432 et
3473 2379 3682 2433 animo.

2091 2465 2294 2518 Multos
2306 2472 2495 2518 autem
2509 2466 2767 2520 excitavit
2779 2467 2849 2520 ad
2861 2467 3246 2538 accipiendum
3260 2483 3385 2522 eam
3402 2467 3535 2522 ﬁliis
3548 2468 3682 2534 suis,

2089 2561 2146 2608 et
2171 2555 2362 2608 multis
2378 2555 2792 2610 decertantibus
2813 2573 2940 2610 cum
2961 2563 3120 2628 patre
3140 2558 3280 2628 ejus,
3305 2556 3598 2628 pervenire
3618 2555 3685 2610 ad

2088 2644 2261 2698 ﬁnem
2293 2661 2406 2700 non
2436 2650 2715 2715 poterant,
2761 2646 2857 2700 sed
2896 2653 3087 2700 tamen
3115 2647 3234 2717 ipse
3277 2645 3532 2704 dicebat:
3576 2646 3686 2700 Do-

2089 2733 2224 2786 mini
2249 2735 2504 2789 voluntas
2525 2736 2642 2788 ﬁat.
2673 2735 2827 2789 Unus
2848 2742 3037 2790 autem
3063 2751 3404 2807 exsuperans
3425 2735 3684 2790 omnesin

2088 2822 2298 2878 honore
2330 2831 2388 2879 et
2415 2825 2641 2892 divitiis,
2671 2827 2960 2880 accersivit
2973 2831 3191 2898 patrem
3204 2825 3372 2888 illius,
3405 2831 3465 2880 et
3492 2831 3686 2896 postu-

2088 2911 2239 2966 labat
2268 2913 2338 2967 ab
2369 2931 2433 2968 eo
2454 2920 2518 2969 ut
2547 2915 2708 2969 daret
2723 2915 2898 2969 ﬁliam
2918 2916 3040 2987 ejus
3061 2915 3178 2970 ﬁlio
3189 2931 3290 2970 suo
3310 2915 3370 2969 in
3399 2915 3687 2971 matrimo-

2087 3003 2200 3069 nio,
2237 3010 2294 3058 et
2320 3005 2612 3059 concessit.

2161 3093 2289 3148 CAP.
2323 3093 2416 3148 1V.
2437 3119 2500 3130 —
2525 3095 2662 3149 Post
2689 3095 2928 3149 multum
2957 3111 3086 3150 vero
3117 3096 3386 3166 temporis
3405 3095 3686 3166 accipiens

2088 3199 2212 3236 eam
2249 3183 2622 3254 Paphnutius,
2659 3201 2785 3238 cum
2836 3190 2983 3238 esset
3029 3201 3306 3238 annorum
3351 3185 3682 3251 octodecim,

2089 3271 2227 3326 abiit
2256 3272 2315 3326 in
2343 3273 2748 3327 monasterium
2781 3291 2906 3327 cum
2937 3291 3019 3336 ea,
3046 3273 3106 3328 in
3147 3289 3257 3344 quo
3295 3282 3684 3336 consueverat,

2087 3361 2435 3432 multamque
2452 3363 2656 3416 iterum
2677 3363 2975 3433 pecuniam
2989 3363 3225 3433 largitus
3241 3368 3326 3417 est
3345 3363 3418 3417 ad
3431 3379 3687 3418 necessa-

2087 3451 2172 3504 ria
2200 3450 2459 3508 fratrum.
2491 3452 2748 3523 Dixitque
2781 3451 3004 3506 abbati:
3041 3452 3306 3506 Fructum
3359 3452 3684 3507 orationum

2086 3544 2314 3595 tuarum
2343 3541 2549 3596 adduxi
2579 3541 2702 3607 tibi,
2746 3548 2807 3596 ut
2837 3557 2966 3596 ores
2995 3558 3096 3612 pro
3129 3557 3196 3595 ea
3221 3561 3233 3608 ;
3261 3541 3394 3612 quia
3431 3543 3554 3611 jam
3611 3541 3684 3595 ad

401 3646 572 3701 quem
585 3609 870 3685 hominem
890 3630 1124 3701 dignum
1136 3633 1274 3700 Deo,
1296 3609 1388 3704 qui
1405 3638 1592 3704 posset
1607 3631 1862 3704 precibus
1884 3631 2000 3685 suis
2020 3609 2065 3671 δ
2087 3631 2313 3701 nuptias
2338 3647 2462 3685 eam
2485 3631 2708 3684 tradere
2738 3631 2880 3685 volo.
2914 3609 3090 3685 Jussit
3117 3609 3308 3684 autem
3337 3609 3508 3684 abbas
3555 3647 3683 3685 eam

400 3719 659 3775 effectum
678 3719 946 3775 desiderii
970 3722 1092 3792 ejus
1108 3723 1394 3794 perﬁcere.
1412 3723 1480 3776 Et
1494 3723 1573 3777 ita
1591 3721 2002 3794 perambulavit

397 3809 458 3864 in
487 3813 846 3879 monasterio,
882 3813 941 3868 in
980 3831 1089 3884 quo
1122 3813 1374 3884 ejusdem
1425 3812 1750 3867 monasterii
1783 3821 2002 3883 patrem

400 3917 670 3972 magnum
697 3901 958 3958 dicebant
985 3903 1134 3974 apud
1152 3903 1350 3958 Deum.
1365 3903 1594 3974 Illicque
1614 3903 1919 3972 ingressus,
1943 3905 2000 3955 et

399 3991 637 4044 multam
665 3993 962 4062 pecuniam
982 3993 1240 4055 offerens,
1265 3993 1503 4046 multam
1533 3991 1703 4046 etiam
1735 3991 2000 4044 ﬁduciam

397 4078 467 4134 ab
488 4079 690 4134 abbate
719 4086 777 4134 et
803 4081 1077 4136 universis
1101 4081 1368 4136 fratribus
1383 4087 1715 4136 consecutus
1737 4087 1839 4134 est.

469 4170 600 4224 CAP.
633 4171 706 4224 ΙΙ.
744 4197 800 4209 -
825 4171 962 4224 Post
989 4171 1230 4226 multum
1260 4187 1390 4225 vero
1420 4171 1690 4242 temporis
1732 4170 1999 4225 indicavit

395 4257 586 4314 abbati
603 4274 830 4312 causam
853 4259 1117 4313 desiderii
1137 4261 1222 4314 sui
1248 4280 1259 4314 :
1297 4261 1392 4331 qui
1414 4261 1758 4332 compatiens
1788 4259 1998 4331 illi,po-

397 4347 628 4404 stulavit
655 4364 689 4401 a
717 4348 958 4402 Domino
979 4348 1099 4402 dari
1119 4349 1199 4402 illi
1215 4350 1458 4404 fructum
1475 4351 1708 4418 ventris;
1736 4356 1792 4404 et
1811 4349 1997 4404 ambo-

399 4454 525 4493 rum
555 4437 836 4493 orationes
865 4440 1167 4496 exaudiens
1193 4441 1362 4508 Deus,
1397 4441 1638 4512 largitur
1665 4441 1888 4496 unicam
1927 4441 1995 4492 ﬁ-

397 4526 552 4583 liam.
584 4527 790 4582 Videns
817 4533 1008 4584 autem
1038 4529 1386 4600 Paphnutius
1401 4530 1618 4586 abbatis
1629 4528 1998 4585 conversatio-

395 4632 546 4685 nem,
582 4633 872 4688 nunquam
913 4635 948 4672 a
985 4619 1328 4674 monasterio
1382 4620 1694 4676 recedebat.
1746 4622 1902 4676 Unde
1941 4629 1999 4678 et

393 4707 692 4778 conjugem
719 4724 882 4762 suam
901 4707 1235 4776 introduxit,
1269 4714 1333 4764 ut
1364 4709 1790 4766 benediceretur
1803 4712 1872 4766 ab
1896 4713 1994 4767 ab-

392 4791 523 4850 bate
544 4801 601 4850 et
623 4796 956 4852 afratribus.
971 4799 1193 4854 Tollens
1215 4805 1404 4856 autem
1422 4800 1758 4855 infantulam
1773 4812 1814 4856 ‘a
1829 4802 1991 4870 lacte,

395 4890 453 4939 et
469 4883 615 4939 facta
633 4901 910 4941 annorum
923 4893 1136 4958 septem
1157 4889 1439 4961 baptizata
1458 4896 1559 4951 est,
1584 4891 1998 4962 imposuerunt-

2082 3720 2361 3774 introduci
2386 3720 2818 3775 in'xenodochia
2855 3720 3203 3786 monasterii,
3235 3721 3566 3791 locutusque
3595 3726 3684 3774 est

2083 3827 2209 3864 cum
2241 3828 2326 3878 ea,
2359 3817 2418 3865 et
2443 3811 2777 3866 benedicens
2807 3811 3132 3865 exhortatus
3155 3815 3242 3864 est
3268 3827 3392 3864 eam
3422 3809 3493 3864 de
3518 3810 3683 3864 casti—

2082 3905 2218 3966 tate,
2249 3906 2305 3954 et
2331 3900 2672 3967 humilitate,
2702 3906 2759 3955 et
2786 3900 3060 3971 patientia
3079 3899 3300 3954 timoris
3320 3899 3576 3954 Domini:
3601 3899 3684 3952 fa-

2080 3989 2229 4043 ciens
2258 3989 2335 4044 ibi
2365 3996 2480 4045 tres
2508 3990 2647 4058 dies,
2677 4006 2871 4044 aurem
2893 3988 3136 4061 ponebat
3161 3988 3409 4060 quotidie
3434 3988 3506 4042 ad
3526 3988 3680 4059 psal-

2079 4096 2219 4146 mos,
2256 4085 2313 4133 et
2339 4080 2531 4134 videns
2561 4080 2910 4150 singulorum
2938 4078 3417 4132 conversationem
3437 4081 3494 4132 et
3511 4077 3678 4148 spiri-

2077 4169 2232 4223 tuale
2256 4168 2626 4240 propositum,
2658 4167 2975 4223 mirabatur
3001 4185 3196 4222 eorum
3225 4167 3414 4233 vitam,
3453 4167 3671 4220 dicens:

2078 4258 2238 4312 Beati
2268 4264 2400 4313 sunt
2425 4258 2529 4312 viri
2549 4258 2665 4324 isti,
2699 4258 2795 4328 qui
2825 4264 2882 4311 et
2904 4258 2963 4311 in
3001 4257 3107 4312 hoc
3125 4257 3327 4312 saeculo
3352 4256 3564 4310 similes
3581 4272 3678 4310 an-

2075 4347 2236 4418 gelis,
2273 4353 2330 4402 et
2352 4354 2477 4420 post
2505 4349 2621 4402 haec
2650 4347 2821 4401 vitam
2849 4353 3117 4401 aeternam
3144 4351 3583 4416 consequuntur.
3609 4345 3678 4400 Et

2078 4439 2245 4508 coepit
2273 4453 2368 4492 cor
2393 4439 2514 4508 ejus
2541 4455 2660 4492 esse
2681 4436 2980 4491 sollicitum
3010 4436 3066 4490 in
3089 4435 3204 4490 zelo
3234 4434 3452 4490 timoris
3481 4434 3602 4489 Dei.

2151 4529 2278 4582 ΟΑΡ.
2311 4527 2378 4580 V.
2419 4553 2482 4566 —-
2509 4527 2645 4580 Post
2662 4531 2777 4579 tres
2796 4531 2988 4580 autem
3017 4525 3136 4580 dies
3155 4525 3295 4579 dixit
3321 4524 3676 4595 Paphnutius

2079 4616 2150 4670 ad
2179 4615 2471 4670 abbatem:
2507 4615 2668 4682 Veni,
2702 4616 2888 4682 Pater,
2921 4621 2984 4669 ut
3011 4614 3217 4668 salutet
3241 4620 3298 4668 te
3321 4614 3529 4668 ancilla
3553 4619 3672 4680 tua,

2079 4711 2136 4759 et
2157 4722 2256 4760 ora
2282 4723 2384 4777 pro
2416 4721 2501 4771 ea,
2537 4705 2667 4776 quia
2695 4705 2984 4759 ambulare
3012 4703 3269 4758 volumus
3289 4703 3348 4758 in
3367 4703 3673 4758 civitatem.

2079 4796 2219 4849 Cum
2251 4801 2440 4849 autem
2470 4793 2916 4860 venissetabbas,
2935 4793 3171 4866 projecit
3191 4810 3250 4848 se
3283 4793 3472 4865 puella
3500 4792 3572 4846 ad
3583 4809 3676 4863 pe~

2077 4885 2177 4938 des
2201 4885 2341 4956 ejus,
2377 4885 2568 4938 dicens
2594 4903 2608 4937 :
2639 4883 2880 4939 Obsecro
2895 4889 2971 4949 te,
3001 4884 3189 4949 Pater,
3221 4899 3322 4938 ora
3352 4899 3577 4954 prome,
3613 4887 3676 4936 ut

397 4991 505 5046 que
529 4973 613 5028 illi
641 4991 846 5030 nomen
875 4977 1321 5050 Euphrosynam.
1341 4979 1674 5034 Gaudebant
1693 4985 1883 5035 autem
1905 4998 1993 5036 su-
2010 4971 2063 5033 1)
2079 4975 2326 5029 lucretur
2354 4975 2502 5028 Deus
2526 4973 2772 5028 animam
2785 4989 2988 5027 meam.
3004 4973 3429 5043 Extendensque
3441 4987 3673 5026 manum

393 5080 497 5136 per
527 5063 682 5122 illam
711 5071 973 5137 parentes
1017 5068 1157 5138 ejus,
1183 5069 1316 5140 quia
1343 5075 1467 5124 erat
1517 5075 1746 5141 accepta
1782 5071 1897 5125 Deo
1941 5077 1996 5126 et
2077 5082 2238 5119 suam
2269 5064 2550 5119 benedixit
2587 5080 2730 5129 eam,
2765 5063 2991 5117 dicens:
3020 5063 3190 5130 Deus,
3240 5063 3335 5133 qui
3382 5060 3672 5132 cognoscis

395 5154 630 5226 pulchra
657 5155 796 5210 facie
811 5201 823 5214 .
2077 5155 2362 5210 hominem
2375 5161 2677 5225 antequam
2691 5159 2974 5220 nascatur,
2989 5157 3176 5218 364
3191 5157 3254 5206 tu
3274 5151 3444 5222 hujus
3455 5151 3670 5206 ancilla:

468 5247 598 5300 CAP.
627 5247 729 5302 III.
755 5275 818 5287 —
849 5245 1021 5302 Facta
1049 5253 1237 5302 autem
1253 5264 1530 5303 annorum
1547 5248 1860 5314 duodecim,
1877 5266 1993 5303 ma—
2074 5251 2184 5301 tuae
2215 5261 2409 5299 curam
2421 5244 2628 5299 habere
2656 5243 2923 5312 digneris,
2955 5247 3018 5296 ut
3047 5247 3330 5296 mereatur
3349 5241 3669 5312 portionem

395 5339 486 5389 ter
517 5337 638 5407 ejus
677 5337 944 5407 migravit
971 5338 1040 5391 de
1068 5337 1174 5392 hoc
1203 5338 1422 5392 saeculo.
1473 5338 1765 5392 Remansit
1803 5344 1991 5393 autem
2073 5340 2131 5389 et
2157 5335 2502 5389 consortium
2542 5332 2748 5388 habere
2778 5333 2836 5386 in
2869 5348 3042 5404 regno
3085 5332 3372 5386 caelorum.
3417 5331 3488 5385 Et
3515 5346 3668 5384 com-

392 5428 555 5496 pater
583 5426 722 5496 ejus,
757 5427 1019 5481 erudiens
1048 5443 1172 5480 eam
1193 5427 1394 5480 litteris
1421 5432 1476 5479 et
1504 5427 1852 5494 lectionibus,
1893 5445 1992 5483 οδε-
2073 5426 2403 5480 mendantes
2429 5424 2570 5486 seni,
2603 5423 2864 5478 abierunt
2895 5423 2955 5476 in
2983 5421 3264 5476 civitatem
3291 5439 3302 5474 :
3337 5425 3500 5492 pater
3539 5436 3668 5474 vero

393 5518 628 5585 teraque
657 5515 826 5586 hujus
856 5515 1052 5570 mundi
1067 5516 1363 5588 sapientia.
1396 5516 1590 5570 Puella
1621 5534 1748 5572 vero
1773 5524 1988 5572 tantam
2070 5516 2220 5572 illius
2249 5517 2296 5569 si
2325 5514 2626 5586 aliquando
2655 5511 2976 5568 inveniebat
2996 5511 3350 5577 monachum,
3385 5510 3538 5564 hunc
3566 5509 3667 5564 ad-

398 5601 676 5673 excipiens
707 5603 1078 5676 disciplinam,
1110 5606 1192 5660 ita
1226 5611 1289 5661 ut
1325 5606 1629 5662 miraretur
1657 5611 1818 5679 pater
1840 5608 1989 5664 illius
2071 5606 2308 5663 ducebat
2337 5605 2407 5660 ad
2437 5606 2668 5661 domum
2697 5621 2877 5669 suam,
2914 5619 3118 5673 rogans
3138 5608 3204 5657 ut
3223 5607 3411 5656 oraret
3432 5617 3534 5671 pro
3576 5617 3664 5654 ea.

395 5691 770 5767 prudentiam.
804 5695 1007 5764 Opinio
1034 5701 1224 5752 autem
1254 5699 1375 5768 ejus
1389 5699 1708 5768 peragravit
1724 5705 1897 5755 totum
1919 5699 1990 5754 ci-
2073 5699 2196 5755 Una
2224 5700 2415 5752 autem
2443 5695 2536 5750 die
2565 5694 2963 5761 anniversaria,
3008 5692 3231 5764 quando
3269 5691 3563 5746 ordinatus
3583 5695 3664 5746 est
