3868 6414
172 280 281 338 6ἑῦ
1082 281 1253 338 VITA
1290 283 1596 342 SANCT/E
1634 280 2157 349 EUPHROSYNIE,
2197 277 2542 335 VIRGINIS.
3346 277 3450 337 646

175 403 349 460 abbas
374 404 718 472 monasterii,
749 404 819 461 de
845 420 956 476 quo
976 421 1145 479 supra
1155 408 1416 477 diximus,
1430 410 1583 465 misit
1599 410 1769 467 abbas
1785 413 1832 473 A
1860 427 1985 465 meo
2007 408 2333 464 inobediens
2352 424 2473 463 esse
2484 406 2633 479 patri
2643 408 2852 473 meo,et
2865 406 2998 478 quid
3018 406 3216 463 faciam
3236 409 3451 464 nescio.

175 510 355 550 unum
384 511 415 551 e
440 493 705 550 fratribus
737 494 808 551 ad
836 495 1241 567 Paphnutium,
1274 503 1339 552 ut
1365 498 1629 554 invitaret
1642 518 1771 556 eum
1853 497 2051 552 Totam
2074 497 2225 552 enim
2259 502 2479 552 noctem
2514 495 2723 568 absque
2745 512 2942 552 somno
2968 497 3222 565 transivi,
3252 503 3449 569 postu-

174 583 244 639 ad
265 584 679 639 solemnitatem
702 583 920 639 abbatis
945 604 956 638 :
977 585 1073 656 qui
1092 586 1284 642 abiens
1301 588 1359 643 in
1379 589 1609 644 domum
1627 592 1767 661 ejus,
1853 586 1975 641 laus
2002 587 2179 642 Deum
2201 592 2264 641 ut
2277 586 2599 641 ostenderet
2614 587 2817 641 animae
2839 603 2977 641 mete
3006 587 3449 643 misericordiam

173 673 466 744 requisivit
494 690 640 729 eum.
677 673 845 729 Pueri
863 679 1054 729 autem
1074 676 1337 731 dixerunt
1357 677 1409 732 ei
1433 669 1449 731 Ξ
1469 679 1766 734 Processit.
1853 692 2045 743 suam;
2080 683 2136 730 et
2164 692 2327 731 mane
2348 676 2513 743 facto,
2545 674 2757 747 placuit
2782 674 2922 730 mihi
2944 676 3169 731 mittere
3194 676 3253 731 in
3279 677 3450 731 eccle-

244 763 378 820 ΟΔΡ.
413 763 506 819 VI.
543 794 604 806 -—
633 764 883 818 Audiens
925 781 1055 819 vero
1092 766 1482 838 Euphrosyna,
1515 773 1572 822 et
1608 770 1772 824 advo-
1852 764 2011 831 siam,
2039 770 2095 819 et
2112 766 2389 820 adducere
2412 782 2588 820 unum
2613 765 2942 832 fratrem,ut
2959 766 3213 821 audirem
3235 766 3305 820 ab
3324 766 3446 838 ipso

172 867 304 907 cans
345 851 505 907 illum
549 851 800 920 fratrem,
850 854 1018 925 cmpit
1056 871 1186 909 eum
1232 856 1583 928 interrogare
1616 877 1626 912 :
1669 860 1770 913 Dic
1852 853 2080 909 verbum
2110 856 2326 921 salutis,
2362 859 2419 909 et
2441 854 2574 926 quid
2604 855 2783 910 facere
2812 854 3066 909 debeam.
3098 856 3327 910 Postulo
3350 872 3448 911 au-

170 940 306 995 milii
327 958 429 1013 pro
454 941 748 1008 charitate,
781 942 1006 999 domine
1030 943 1108 998 mi
1127 943 1320 1011 frater,
1341 948 1537 1017 quanti
1562 948 1768 1003 fratres
1848 948 1965 997 tem
1985 948 2061 1007 te.
2082 945 2266 1009 Pater,
2291 961 2391 1016 PFO
2418 945 2675 999 melcede
2704 943 2904 999 anima?
2934 948 3063 1010 ΐιιεθι
3108 945 3221 999 80ίο
3250 945 3385 1016 (lilia
3411 961 3446 999 9-

168 1029 304 1085 estis
333 1030 394 1086 in
416 1032 778 1086 monasterio.
803 1033 878 1086 At
904 1032 999 1087 ille
1020 1033 1160 1087 dixit
1182 1053 1192 1087 :
1214 1035 1471 1090 Trecenti
1493 1037 1766 1109 quinqua-

166 1119 325 1191 ginta
368 1120 497 1176 duo.
530 1121 684 1176 Dixit
704 1120 755 1175 ei
785 1122 975 1192 puella
1008 1142 1019 1176 :
1052 1122 1159 1187 Qui
1178 1124 1418 1179 voluerit
1444 1126 1632 1181 venire
1653 1127 1766 1182 illic

166 1208 237 1265 ad
255 1210 695 1275 conversionem,
724 1210 956 1282 suscipit
995 1212 1156 1267 illum
1198 1213 1370 1268 abbas
1398 1216 1619 1270 vester?
1662 1217 1766 1272 Re-

1849 1031 1963 1087 Deo
1985 1032 2188 1088 missus
2218 1050 2296 1100 es,
2321 1034 2455 1088 doce
2483 1050 2573 1088 me
2616 1050 2737 1105 quae
2766 1033 2868 1088 Dei
2910 1039 3061 1091 sunt.
3100 1034 3248 1088 Dicit
3274 1034 3327 1089 ei
3352 1050 3442 1090 se-

1847 1122 1973 1176 nior
2003 1142 2014 1177 :
2052 1123 2325 1178 Dominus
2372 1123 2510 1178 dicit
2541 1142 2552 1177 :
2589 1123 2648 1178 Si
2679 1124 2804 1195 quis
2828 1140 2943 1179 non
2965 1123 3446 1179 abrenuntiaverit

1845 1217 2087 1283 patrem,
2120 1217 2175 1267 et
2204 1217 2463 1280 matrem,
2504 1217 2562 1267 et
2590 1212 2811 1279 fratres,
2841 1218 2898 1267 et
2926 1213 3093 1279 ﬁlios,
3123 1212 3356 1285 insuper
3386 1219 3444 1269 et

1844 1302 2131 1373 propriam
2163 1302 2432 1370 animam,
2450 1318 2563 1357 non
2593 1306 2779 1373 potest
2797 1318 2956 1357 meus
2988 1319 3108 1357 esse
3137 1302 3445 1375 discipulus

1848 1392 2018 1455 (Luem
2044 1391 2175 1454 x1v).
2208 1391 2324 1461 Ego
2350 1390 2454 1445 tibi
2490 1390 2616 1462 plus
2658 1388 2842 1445 dicere
2888 1390 3096 1445 nescio.
3136 1390 3349 1445 Tamen
3395 1391 3445 1445 si

167 1297 393 1370 spondit
414 1300 467 1355 ei
504 1319 515 1354 :
554 1300 734 1354 Etiam
757 1316 885 1355 cum
900 1300 1078 1356 multo
1097 1303 1305 1372 gaudio
1326 1304 1558 1376 suscipit
1577 1305 1758 1372 illum,

167 1387 411 1443 maxime
438 1393 668 1461 propter
686 1405 878 1445 vocem
899 1390 1142 1459 Domini,
1166 1392 1261 1464 qui
1285 1393 1426 1448 dixit
1448 1412 1459 1446 :
1482 1394 1590 1459 Qui
1609 1395 1765 1449 venit

165 1476 233 1531 ad
282 1494 394 1545 me,
435 1494 549 1533 non
604 1479 826 1549 ejiciam
860 1478 1009 1534 foras
1042 1481 1216 1551 (Joan.
1270 1491 1362 1551 VI).
1403 1479 1551 1538 Dicit
1578 1484 1628 1538 ei
1658 1484 1765 1540 Eu-
1843 1482 2004 1549 potes
2031 1478 2178 1534 ferre
2206 1484 2557 1534 tentamenta
2604 1478 2806 1546 carnis,
2857 1478 3113 1550 relinque
3143 1478 3351 1546 omnia,
3386 1484 3445 1533 et

164 1566 451 1640 phrosyna
486 1586 499 1622 :
542 1566 754 1623 Omnes
783 1569 843 1623 in
891 1569 1124 1625 ecclesia
1165 1575 1351 1626 vestra
1398 1573 1654 1643 psallitis,
1706 1579 1763 1628 et
1842 1565 1973 1638 fuge
1999 1567 2293 1623 facultates
2322 1571 2497 1640 patris
2524 1567 2768 1640 tui,quae
2791 1567 2999 1623 multos
3014 1566 3309 1623 inveniunt
3328 1567 3415 1623 hae

165 1656 457 1729 aequaliter
476 1658 793 1729 jejunatis?
820 1658 967 1714 Dicit
994 1659 1045 1713 ei
1074 1661 1382 1716 monachus
1410 1662 1505 1717 ille
1547 1681 1558 1717 :
1594 1664 1761 1719 Com-
1778 1658 2024 1757 Bredes.
2044 1658 2181 1714 Ecce
2200 1658 2425 1731 ptochia
2457 1656 2547 1728 (3),
2580 1658 2926 1757 hierocomia
2941 1658 3043 1757 ρ),
3076 1658 3439 1757 xenodochia,

165 1745 415 1803 muniter
427 1746 655 1818 quidem
674 1747 986 1820 psallimus,
1001 1745 2204 1825 jejuniaverounusquisque"monasteria,
2236 1748 2435 1814 viduae,
2467 1747 2685 1820 pupilli,
2733 1747 3036 1819 peregrini,
3085 1748 3315 1816 inﬁrmi,
3356 1765 3444 1805 ca-

165 1836 447 1907 quomodo
470 1837 610 1905 vult,
639 1841 738 1892 aut
766 1843 1039 1909 quantum
1066 1840 1232 1909 valet,
1262 1846 1327 1896 ut
1344 1856 1457 1896 non
1494 1842 1596 1896 ﬁat
1634 1859 1761 1898 con-
1841 1837 1996 1909 ptivi,
2024 1836 2121 1892 ubi
2152 1837 2389 1892 voluerit
2420 1842 2477 1891 et
2495 1837 2772 1909 placuerit
2798 1837 2947 1907 patri
2976 1842 3092 1903 tuo,
3119 1837 3437 1910 relinquet;

163 1928 355 1980 tumax
383 1926 685 1982 voluntatis
711 1927 1078 1997 conversatio,
1112 1929 1211 1984 sed
1236 1930 1448 2003 proprii
1468 1930 1687 1986 arbitrii
1704 1938 1761 1987 et
1840 1931 1904 1981 tu
1936 1928 2073 1992 sola,
2107 1943 2177 1981 ne
2201 1927 2403 2000 perdas
2431 1927 2679 1981 animam
2707 1931 2895 1989 tuam.
2929 1926 3076 1981 Dicit
3112 1927 3165 1981 ei
3211 1927 3436 1999 puella:

162 2020 473 2086 spontanea
532 2016 840 2073 voluntate.
904 2018 1145 2073 Omnem
1208 2036 1341 2091 ergo
1397 2026 1758 2092 perscrutans
1841 2016 2074 2071 Conﬁdo
2116 2017 2176 2071 in
2225 2017 2405 2071 Deum
2455 2021 2513 2071 et
2556 2014 2904 2070 orationibus
2942 2016 3074 2083 tuis,
3109 2016 3244 2087 quia
3287 2016 3441 2072 labo-

94 2160 97 2163 γ
161 2104 565 2160 monachorum
635 2105 1114 2162 conversationem
1147 2147 1161 2173 ,
1229 2107 1369 2163 dixit
1429 2110 1501 2164 ad
1566 2127 1758 2165 mona-
1839 2122 1967 2161 rare
1997 2105 2175 2161 habeo
2207 2122 2309 2178 pro
2339 2106 2531 2161 anima
2566 2122 2713 2173 mea,
2757 2106 2875 2161 Deo
2923 2105 3246 2161 auxiliante.
3290 2106 3440 2161 Dicit

160 2192 326 2248 chum
358 2213 372 2248 :
406 2193 675 2250 Volebam
705 2194 876 2264 abire,
906 2201 965 2251 et
1000 2212 1291 2268 pervenire
1333 2198 1404 2253 ad
1433 2198 1756 2271 hujusmodi

162 2281 597 2339 inenarrabilem
625 2285 797 2340 vitam
825 2304 838 2354 ;
862 2286 959 2341 sed
980 2287 1155 2342 timeo
1173 2286 1499 2343 inobediens
1521 2306 1641 2344 esse
1662 2306 1758 2362 pa-

161 2372 235 2426 tri
268 2389 416 2441 meo,
449 2374 583 2445 quia
604 2391 706 2447 pro
731 2392 873 2430 vana
901 2381 959 2431 et
986 2376 1196 2431 caduca
1220 2378 1388 2448 hujus
1416 2378 1603 2434 saeculi
1630 2378 1757 2435 sub-

161 2463 369 2517 stantia
393 2463 548 2536 cupit
570 2481 661 2519 me
704 2465 929 2521 tradere
963 2466 1099 2521 viro.
1134 2466 1281 2521 Dicit
1319 2467 1369 2521 ei
1398 2469 1706 2524 monachus
1738 2488 1752 2526 :

163 2550 348 2617 Soror,
383 2569 497 2608 non
517 2554 811 2625 permittas
832 2559 898 2610 ut
916 2555 1132 2627 polluat
1159 2556 1328 2611 homo
1349 2574 1551 2629 corpus
1569 2563 1750 2628 tuum,

160 2645 217 2695 et
232 2642 425 2697 tradas
442 2642 612 2698 talem
628 2643 1101 2716 pulchritudinem
1116 2646 1234 2717 pati
1256 2641 1637 2718 opprobrium,
1658 2648 1754 2703 sed

160 2729 435 2803 desponsa
448 2737 504 2787 te
514 2733 755 2801 Christo,
781 2734 877 2806 qui
899 2734 1001 2789 tibi
1022 2741 1208 2806 potest
1232 2752 1333 2807 pro
1345 2736 1479 2807 ipsis
1492 2737 1756 2793 omnibus

158 2820 577 2877 transeuntibus
599 2822 735 2878 dare
753 2839 989 2895 regnum
1018 2825 1306 2893 cmlorum,
1327 2832 1383 2880 et
1412 2827 1757 2882 consortium

160 2912 506 2982 angelorum.
524 2913 753 2969 Occulte
783 2926 974 2969 autem
1000 2915 1208 2981 exiens,
1230 2916 1370 2970 vade
1391 2916 1464 2970 ad
1478 2923 1756 2972 monaste-

157 2999 321 3068 rium,
345 3006 565 3058 mutato
592 3002 790 3059 habitu
821 3004 1075 3059 saeculari
1109 3004 1281 3060 indue
1311 3010 1527 3061 vestem
1555 3023 1752 3062 mona-

1839 2195 1891 2251 ei
1930 2212 2099 2250 senex
2131 2215 2142 2250 :
2176 2196 2335 2251 Talia
2364 2195 2644 2251 desideria
2676 2211 2711 2250 a
2733 2195 3001 2250 ﬁrmitate
3031 2212 3145 2250 non
3173 2195 3437 2251 decidan-

1838 2289 1934 2339 tur
1961 2304 1974 2353 ;
2005 2285 2172 2340 modo
2192 2286 2341 2340 enim
2364 2290 2451 2339 est
2470 2290 2695 2357 tempus
2713 2285 3078 2357 paenitentiae.
3093 2285 3241 2340 Dicit
3263 2285 3314 2339 ei
3330 2286 3440 2340 Eu-

1837 2374 2123 2446 phrosyna
2146 2392 2157 2427 :
2179 2375 2248 2429 Et
2267 2374 2392 2429 ideo
2410 2380 2468 2429 te
2489 2373 2734 2446 fatigavi,
2756 2379 2822 2429 ut
2838 2374 3074 2447 impleas
3094 2373 3436 2429 desiderium

1838 2480 2059 2533 meum;
2092 2469 2149 2518 et
2174 2463 2322 2520 facta
2350 2464 2603 2518 oratione
2628 2463 2926 2519 benedicas
2958 2481 3067 2526 me,
3093 2469 3151 2517 et
3179 2462 3433 2519 abscidas

1838 2570 2056 2608 comam
2084 2554 2283 2625 capitis
2315 2554 2446 2608 mei.
2476 2554 2545 2608 Et
2571 2569 2881 2625 exsurgens
2913 2552 3118 2617 senior,
3141 2552 3287 2607 facta
3313 2569 3437 2607 ora-

1836 2642 1991 2697 tione
2010 2642 2246 2698 abscidit
2264 2660 2482 2699 comam
2501 2642 2699 2715 capitis
2721 2643 2861 2714 ejus,
2878 2642 3174 2713 induitque
3196 2658 3318 2696 eam
3340 2647 3434 2697 tu-

1839 2732 2020 2786 nicam
2043 2732 2344 2788 schematis
2367 2734 2460 2801 (5),
2485 2739 2542 2788 et
2560 2749 2726 2787 orans
2744 2748 2847 2804 pro
2867 2748 2933 2786 ea
2952 2732 3125 2786 dixit:
3158 2732 3308 2786 Deus
3337 2731 3434 2804 qui
3501 2727 3507 2733 ’

1839 2821 2098 2877 liberavit
2126 2839 2319 2877 omnes
2347 2828 2569 2877 sanctos
2615 2838 2767 2890 suos,
2808 2822 2926 2894 ipse
2956 2820 3233 2876 custodiat
3267 2827 3325 2875 te
3364 2821 3433 2875 ab

1837 2912 1991 2966 omni
2024 2912 2193 2967 malo.
2217 2913 2287 2967 Et
2304 2913 2422 2967 haec
2442 2912 2632 2967 dicens
2652 2927 2840 2980 senex,
2880 2910 3137 2967 discessit
3164 2910 3234 2966 ab
3260 2927 3344 2981 ea,
3379 2915 3436 2965 et

1838 3000 2165 3056 ambulabat
2191 3002 2251 3057 in
2277 3003 2367 3056 via
2388 3019 2492 3057 sua
2517 3002 2789 3073 gaudens.

158 3066 391 3158 chalem,
424 3096 491 3146 ut
508 3092 688 3163 possis
718 3093 970 3147 evadere.
1005 3094 1139 3158 Quae
1160 3111 1287 3149 cum
1306 3095 1424 3149 haec
1452 3096 1615 3150 audis
1645 3100 1749 3169 set,
1773 3066 1817 3126 Ο
1908 3095 2100 3156 365
2127 3091 2259 3146 CAP.
2290 3091 2440 3146 VIII.
2464 3066 2925 3162 —'Euphrosyna
2950 3106 3079 3145 vero
3094 3090 3346 3161 cogitans
3374 3090 3434 3144 in

163 3178 368 3251 placuit
394 3180 497 3247 illi,
531 3186 588 3236 et
614 3180 761 3237 dixit
780 3182 851 3237 ad
882 3199 1011 3238 eum
1036 3204 1051 3238 :
1083 3184 1154 3238 Et
1177 3184 1305 3254 quis
1328 3202 1420 3239 me
1449 3185 1619 3241 habet
1630 3193 1754 3241 ton-

156 3267 321 3323 dere?
339 3269 581 3325 Nolebat
606 3288 642 3325 a
673 3272 816 3326 laico
853 3272 1095 3341 tonderi,
1112 3274 1210 3346 qui
1232 3290 1343 3328 non
1356 3280 1541 3329 servat
1555 3275 1746 3330 ﬁdem.

157 3356 298 3413 Dicit
334 3358 390 3414 ei
416 3361 723 3416 monachus
751 3361 845 3416 ille
878 3381 889 3416 :
925 3362 1063 3417 Ecce
1089 3369 1251 3434 pater
1278 3368 1412 3419 tuus
1439 3364 1626 3420 veniet
1640 3382 1753 3420 me-

156 3463 278 3502 cum
306 3448 379 3502 ad
408 3450 833 3518 monasterium,
868 3456 925 3506 et
954 3451 1119 3506 faciet
1146 3451 1222 3506 ibi
1241 3458 1357 3507 tres
1373 3452 1491 3507 dies
1512 3454 1597 3508 vel
1619 3472 1753 3526 qua-

157 3540 299 3594 tuor.
324 3538 413 3593 Tu
441 3543 633 3594 autem
673 3539 855 3595 adduc
881 3556 1056 3595 unum
1097 3540 1166 3595 de
1195 3542 1503 3608 monachis,
1536 3548 1594 3598 et
1622 3559 1756 3615 quo-

158 3628 318 3683 modo
346 3627 521 3696 voles,
554 3635 807 3685 occurret
827 3629 929 3685 tibi
958 3647 1085 3685 cum
1115 3648 1321 3702 magno
1347 3632 1576 3703 gaudio.

227 3717 355 3774 CAP.
387 3717 511 3773 VII.
544 3746 607 3760 -—
634 3720 767 3774 Hazc
795 3724 853 3774 et
869 3719 958 3775 his
973 3720 1181 3775 similia
1199 3721 1295 3776 illo
1326 3721 1752 3779 dicenteadEu-

159 3805 518 3881 phrosynam,
535 3808 690 3864 venit
702 3809 1073 3882 Paphnutius,
1099 3816 1157 3865 et
1179 3811 1368 3866 videns
1390 3813 1749 3881 monachum,

159 3896 525 3969 interrogavit
569 3914 716 3967 eum,
749 3899 940 3954 dicens
981 3920 993 3954 :
1033 3900 1178 3964 Quid
1206 3901 1278 3955 ad
1322 3917 1424 3955 nos
1462 3901 1751 3957 fastidium

158 3987 463 4059 sumpsisti,
495 3987 766 4043 domine?
795 3988 864 4043 Et
891 3989 1032 4043 dixit
1059 3990 1130 4043 ad
1157 4004 1286 4044 eum
1311 4009 1322 4044 :
1357 3991 1755 4046 Anniversaria

159 4074 274 4131 dies
301 4080 390 4132 est
412 4077 759 4144 monasterii,
773 4078 930 4133 misit
958 4095 1048 4133 me
1078 4078 1248 4134 abbas
1268 4084 1333 4134 ut
1350 4081 1542 4135 venias
1572 4086 1629 4136 et
1658 4098 1751 4137 ac-

159 4163 326 4235 cipias
343 4164 811 4221 benedictionem.
827 4166 1061 4222 Gavisus
1076 4173 1162 4222 est
1171 4173 1360 4223 autem
1379 4169 1747 4241 Paphnutius,

157 4251 551 4326 ingressusque
570 4272 700 4310 cum
728 4272 794 4310 eo
822 4255 881 4311 in
910 4256 1243 4323 naviculam,
1263 4257 1524 4314 abierunt
1552 4259 1611 4313 in
1634 4276 1751 4314 mo-

158 4344 481 4400 nasterium.
499 4345 638 4401 Cum
652 4350 843 4400 autem
861 4354 1010 4402 esset
1026 4346 1360 4413 ibi,mittens
1379 4348 1749 4422 Euphrosyna

1837 3178 2140 3251 semetipsa
2158 3180 2322 3234 dixit:
2351 3179 2409 3234 Si
2429 3178 2789 3234 ambulavero
2807 3179 2867 3232 in
2893 3180 3236 3234 monasterio
3272 3180 3432 3250 puel-

1834 3267 2040 3335 larum,
2072 3274 2234 3339 pater
2262 3285 2422 3323 meus
2443 3268 2737 3339 requirens
2753 3267 3003 3322 inveniet
3022 3284 3134 3335 me,
3155 3273 3212 3322 et
3228 3268 3434 3323 violen-

1834 3362 1923 3411 ter
1936 3358 2125 3413 trahet
2136 3374 2231 3413 me
2250 3358 2381 3413 inde
2404 3362 2634 3430 prapter
2649 3373 2917 3429 sponsum
2947 3373 3156 3412 meum.
3190 3357 3434 3413 Proinde

1834 3464 2064 3518 pergam
2078 3448 2148 3502 ad
2161 3448 2568 3503 monasterium
2579 3445 2954 3514 virorum,ubi
2963 3447 3153 3501 nullus
3165 3448 3434 3519 suspiciet

1835 3554 1927 3592 me
1947 3554 2087 3592 esse.
2114 3537 2183 3592 Et
2201 3538 2319 3592 haec
2344 3538 2533 3592 dicens
2563 3537 2803 3610 projecit
2828 3541 3039 3591 vestem
3077 3536 3429 3605 muliebrem,

1833 3627 2128 3699 induitque
2168 3644 2227 3683 se
2269 3627 2507 3695 virilem,
2536 3632 2593 3681 et
2629 3644 2753 3683 sero
2782 3626 2928 3681 facto
2970 3626 3138 3681 exivit
3166 3627 3235 3681 de
3266 3628 3432 3682 domo

1835 3733 1957 3784 sua,
1971 3717 2249 3789 accipiens
2265 3733 2455 3771 secum
2475 3717 2814 3788 quingentos
2835 3715 3127 3781 solidos,et
3142 3715 3433 3771 abscondit

1834 3824 1895 3862 se
1924 3808 1984 3862 in
2003 3808 2191 3879 aliquo
2215 3808 2335 3863 loco
2360 3824 2462 3880 per
2483 3813 2661 3862 totam
2687 3811 2929 3861 noctem.
2949 3806 3113 3860 Mane
3133 3811 3324 3860 autem
3344 3808 3431 3861 fa-

1835 3902 1944 3964 cto,
1975 3898 2129 3953 venit
2156 3902 2317 3969 pater
2342 3898 2464 3967 ejus
2510 3896 2569 3950 in
2606 3896 2926 3962 civitatem;
2978 3895 3197 3949 volente
3238 3902 3431 3950 autem

1834 3987 1971 4054 Deo,
1986 3987 2178 4041 statim
2199 3987 2259 4041 in
2279 3986 2513 4040 ecclesia
2525 3984 3235 4057 ambulavit.Euphrosyna
3253 3985 3433 4055 igitur

1835 4076 2092 4148 pervenit
2110 4077 2180 4131 ad
2201 4076 2605 4131 monasterium
2621 4075 2778 4142 illud,
2801 4073 2899 4129 ubi
2922 4078 2979 4129 et
2994 4079 3157 4146 pater
3176 4076 3297 4147 ejus
3310 4082 3432 4131 erat

1834 4166 2180 4234 notissimus,
2189 4172 2245 4221 et
2258 4165 2539 4221 nuntiavit
2555 4182 2656 4236 per
2668 4164 2965 4219 ostiarium
2977 4163 3184 4233 abbati,
3206 4166 3398 4221 dicens
3417 4185 3429 4221 :

1834 4256 2138 4311 Eunuchus
2169 4256 2397 4327 quidam
2428 4255 2497 4309 de
2526 4254 2734 4326 palatio
2763 4254 3013 4321 veniens,
3048 4260 3179 4310 ante
3222 4256 3431 4311 ostium

1830 4350 1960 4414 stat,
1993 4346 2222 4418 cupiens
2248 4345 2403 4417 loqui
2429 4349 2637 4399 tecum.
2687 4343 2925 4415 Egresso
2975 4347 3168 4399 autem
3205 4343 3425 4413 abbate,

158 4447 327 4488 unum
356 4433 631 4491 famulum
660 4434 1069 4503 ﬁdelissimum,
1093 4436 1233 4492 dixit
1256 4437 1443 4493 :Vade
1471 4438 1530 4493 in
1558 4430 1814 4494 mona-D
1832 4435 2067 4507 projecit
2094 4453 2154 4491 se
2185 4435 2557 4506 Euphrosyna
2595 4434 2655 4488 in
2685 4438 2857 4500 terra,
2888 4439 2944 4489 et
2984 4433 3132 4488 facta
3177 4435 3429 4490 oratione

158 4522 388 4578 sterium
430 4524 746 4592 Theodosii,
787 4525 1185 4597 ingressusque
1222 4527 1533 4594 ecclesiam,
1561 4545 1753 4584 mona-

158 4612 320 4667 chum
348 4630 518 4685 quem
537 4613 614 4669 ibi
633 4614 914 4670 inveneris
933 4615 1114 4670 adduc
1133 4621 1338 4670 tecum.
1372 4616 1753 4673 Misericordia

158 4708 344 4758 autem
372 4703 474 4760 Dei
503 4720 629 4759 ecce
658 4705 887 4777 quidam
914 4705 1223 4760 monachus
1250 4705 1509 4760 veniebat
1531 4707 1601 4761 de
1629 4724 1752 4761 mo-

159 4792 420 4860 nasterio,
444 4793 691 4849 vendens
707 4810 830 4865 qua:
850 4811 1036 4849 secum
1050 4793 1310 4851 habebat.
1326 4795 1396 4849 Et
1407 4795 1602 4850 videns
1620 4812 1751 4851 eum

158 4897 313 4953 puer,
334 4882 556 4955 rogavit
580 4900 709 4940 eum
738 4888 803 4938 ut
822 4884 1037 4939 veniret
1064 4884 1134 4939 ad
1164 4885 1611 4956 Euphrosynam.
1644 4885 1751 4950 Qui

159 4986 283 5027 cum
309 4973 568 5041 venisset,
600 4974 795 5029 videns
829 4991 958 5030 eum
984 4975 1189 5048 puella,
1222 4991 1458 5047 surgens
1490 4976 1752 5030 salutavit

160 5075 303 5130 eum,
337 5062 562 5118 dicens:
596 5063 711 5118 Ora
736 5080 837 5136 pro
866 5080 976 5133 me,
995 5064 1165 5119 Pater
1186 5069 1449 5133 ;etorans
1467 5063 1753 5119 benedixit

161 5164 298 5219 eam,
320 5156 378 5206 et
395 5153 559 5207 sedit.
581 5152 734 5208 Dixit
756 5158 947 5209 autem
968 5154 1368 5227 Euphrosyna:
1393 5155 1631 5210 Domine
1650 5154 1747 5222 mi,

161 5253 259 5309 ego
286 5239 465 5295 habeo
493 5246 712 5313 patrem
743 5243 1129 5298 Christianum
1154 5250 1212 5298 et
1229 5260 1449 5298 servum
1480 5244 1601 5311 Dei,
1628 5261 1751 5315 pos-

161 5343 431 5385 sessorem
460 5331 791 5388 substantise
815 5333 1017 5401 nimis;
1040 5333 1351 5404 habuitque
1370 5350 1607 5388 uxorem
1628 5351 1750 5405 quae

161 5433 248 5472 me
261 5420 476 5490 genuit,
495 5437 619 5493 qua:
633 5423 753 5493 jam
773 5423 1033 5478 transivit
1050 5423 1119 5478 de
1136 5423 1240 5479 hac
1259 5424 1390 5478 vita.
1416 5424 1551 5479 Vult
1560 5429 1749 5479 autem

164 5514 319 5579 pater
346 5527 505 5568 meus
532 5528 634 5584 pro
664 5512 923 5568 omnibus
951 5512 1119 5568 rebus
1147 5514 1264 5568 suis
1284 5514 1508 5569 tradere
1530 5531 1618 5569 me
1654 5531 1753 5569 sae-

166 5600 284 5656 culo
303 5601 432 5658 huic
451 5601 665 5675 iniquo,
683 5608 741 5659 et
777 5618 879 5674 ego
897 5604 1028 5661 nolo
1047 5603 1331 5675 inquinari
1350 5604 1409 5659 in
1431 5620 1516 5673 eo,
1545 5604 1643 5660 sal
1676 5605 1750 5661 ti-

1834 4524 2283 4580 sederunt.Dicit
2312 4525 2363 4578 ei
2390 4540 2593 4578 senex:
2622 4522 2767 4587 Quid
2788 4527 2872 4576 est
2892 4522 3040 4593 quod
3070 4522 3179 4577 huc
3206 4523 3425 4592 venisti,

1833 4615 1946 4669 ﬁli?
1964 4615 2110 4669 Dicit
2122 4614 2174 4669 ei
2195 4613 2590 4684 Euphrosyna:
2614 4612 2730 4682 Ego
2756 4611 2983 4682 quidem
3012 4611 3081 4664 de
3111 4612 3321 4682 palatio
3346 4612 3428 4667 fui

1834 4703 2145 4768 eunuchus,
2163 4707 2220 4757 et
2240 4702 2582 4757 desiderium
2608 4699 2781 4755 habui
2808 4715 3031 4771 semper
3056 4702 3428 4756 conversatio-

1833 4810 1962 4848 nem
1984 4792 2406 4855 monachorum,
2424 4796 2482 4844 et
2502 4789 2696 4845 civitas
2715 4794 2911 4844 nostra
2921 4805 3071 4846 nunc
3081 4790 3239 4846 valde
3257 4789 3430 4847 habet

1831 4882 1935 4937 hoc
1949 4882 2197 4937 studium
2213 4879 2669 4936 conversationis.
2685 4880 2897 4935 Notum
2911 4883 3102 4935 autem
3113 4880 3324 4937 factum
3344 4888 3430 4938 est

1833 4972 1969 5026 mihi
1988 4972 2058 5026 de
2076 4969 2224 5026 bona
2244 4976 2431 5025 vestra
2448 4970 2887 5037 conversatione,
2904 4974 2962 5026 et
2987 4970 3151 5043 cupio
3172 4971 3429 5028 habitare

1830 5060 2133 5117 vobiscum.
2156 5060 2349 5115 Habeo
2375 5061 2527 5115 enim
2559 5065 2617 5115 et
2645 5060 3026 5133 possessiones
3056 5063 3282 5128 multas,
3304 5067 3360 5117 et
3380 5063 3427 5116 si

1833 5154 2092 5209 dominus
2121 5153 2339 5208 dederit
2368 5153 2641 5224 requiem,
2667 5153 2882 5210 adduco
2921 5169 3017 5208 eas
3044 5154 3169 5209 huc.
3202 5152 3349 5207 Dicit
3376 5152 3427 5206 ei

1831 5260 1999 5299 senex
2030 5261 2044 5300 :
2079 5244 2228 5299 Bene
2257 5243 2475 5311 venisti,
2496 5244 2605 5297 ﬁli:
2632 5259 2757 5298 ecce
2779 5243 3220 5309 monasterium;
3244 5241 3290 5295 si
3311 5242 3426 5312 pla-

1832 5340 1940 5401 cet,
1963 5333 2156 5389 habita
2175 5333 2485 5389 nobiscum.
2510 5334 2580 5388 Et
2595 5334 2731 5388 dicit
2747 5332 2801 5386 ei
2820 5348 2987 5385 senex
3007 5331 3101 5385 ille
3126 5350 3136 5385 :
3165 5331 3324 5394 Quod
3341 5336 3429 5386 est

1832 5440 2039 5479 nomen
2066 5429 2227 5478 tuum
2248 5424 2273 5476 ’ἶ
2301 5423 2448 5479 Dicit
2467 5423 2517 5477 ei
2542 5442 2553 5475 :
2575 5420 2932 5491 Smaragdus.
2960 5419 3107 5474 Dicit
3134 5419 3185 5473 ei
3212 5417 3384 5474 abbas
3409 5440 3420 5474 :

1832 5515 2061 5570 Juvenis
2090 5531 2168 5580 es,
2185 5530 2296 5568 non
2328 5518 2485 5585 potes
2515 5512 2665 5567 solus
2685 5510 2898 5576 sedere,
2928 5525 3067 5581 opus
3085 5514 3169 5563 est
3190 5508 3292 5563 tibi
3318 5510 3421 5565 ha-

1831 5603 1965 5659 bere
1994 5604 2350 5674 magistrum,
2380 5608 2446 5658 ut
2474 5602 2654 5656 discas
2680 5599 2935 5669 regulam
2962 5604 3022 5654 et
3047 5600 3424 5656 conversatio-
