3868 6378
528 269 631 325 647

1542 263 1635 319 DE
1669 262 1860 320 VITIS
1897 258 2195 318 PATRUM
2232 260 2447 318 LIBER
2486 260 2779 318 PRIMUS.

3667 273 3746 333 648

524 411 653 450 nem
684 370 1104 449 monachorum.
1155 390 1262 454 Qui
1309 389 1450 444 dixit
1490 387 1679 443 abbati
1705 406 1716 441 :
1750 390 1907 443 Sicut
1929 388 2112 459 jubes,
2134 390 2180 448 Α
2199 386 2577 443 laborantium
2594 389 2837 459 requies,
2860 391 3207 460 gementium
3225 397 3417 465 portus
3433 401 3569 451 erat.
3587 398 3743 467 Terra,

525 483 752 538 domine
783 482 879 545 mi,
915 480 993 535 sic
1017 480 1177 534 facio.
1209 480 1278 534 Et
1298 478 1533 550 protulit
1557 477 1892 549 quingentos
1913 478 2118 532 solidos

521 573 582 626 in
611 588 783 626 manu
826 569 1061 633 abbatis,
1100 568 1290 622 dicens
1317 587 1329 621 :
1359 567 1563 637 Accipe
1608 568 1835 621 interim
1865 568 2022 633 istos,
2064 572 2121 619 et

522 662 569 715 si
596 661 787 714 videro
836 659 967 729 quia
1006 658 1219 729 possim
1270 657 1506 711 sufferre
1547 657 1653 723 hic,
1686 656 1911 710 venient
1936 661 1993 709 et
2020 656 2116 709 illa

520 750 756 819 reliqua.
791 747 1021 802 Vocavit
1050 747 1221 801 abbas
1241 763 1417 801 unum
1445 747 1695 811 fratrem,
1718 746 1945 799 nomine
1974 746 2113 814 Aga-

520 840 721 910 pitum,
746 838 927 892 virum
955 847 1232 901 sanctum,
1264 840 1322 889 et
1350 834 1769 906 impassibilem,
1801 834 2038 888 tradidit
2056 834 2115 887 in

517 945 719 983 manus
738 929 861 998 ejus
892 926 1284 997 Smaragdum,
1316 924 1540 979 dicens:
1574 924 1791 978 Amodo
1820 924 1909 977 hic
1929 923 2037 977 erit
2056 924 2118 976 fi-

516 1018 626 1073 lius
654 1023 786 1072 tuus
814 1022 871 1071 et
898 1016 1201 1087 discipulus
1229 1034 1242 1081 ;
1276 1014 1446 1068 talem
1468 1030 1596 1068 eum
1626 1013 1913 1082 consigna,
1945 1018 2010 1067 ut
2028 1029 2119 1066 ex-

516 1112 744 1179 superet
755 1106 1107 1177 magistrum.
1130 1106 1198 1159 Et
1218 1103 1372 1159 flexis
1394 1103 1650 1174 genibus,
1673 1102 1816 1156 facta
1833 1103 2106 1169 oratione,

515 1196 865 1266 consignavit
888 1211 1036 1249 eum.
1056 1194 1127 1248 Et
1140 1192 1607 1265 respondentibus
1630 1191 1890 1246 omnibus
1911 1193 2107 1257 Amen,

516 1285 765 1356 suscepit
792 1300 922 1339 eum
939 1284 1212 1354 Agapitus
1227 1282 1287 1336 in
1303 1282 1500 1336 cellam
1519 1282 1776 1335 suam.Et
1786 1281 1919 1352 quia
1938 1280 2112 1334 habe-

517 1373 615 1428 bat
637 1372 857 1428 vultum
885 1373 1151 1426 decorum
1200 1371 1561 1440 Smaragdus.
1606 1371 1741 1425 dum
1771 1369 2029 1424 veniebat
2054 1370 2114 1424 in

516 1462 810 1519 ecclesiam
843 1461 913 1517 ad
940 1460 1353 1532 deprecandum
1384 1461 1582 1525 Deum,
1616 1460 1823 1513 multos
1860 1459 2114 1513 diabolus

517 1551 790 1607 incitabat
830 1550 1096 1604 adversus
1125 1549 1381 1603 decorem
1417 1550 1602 1603 vultus
1635 1548 1785 1602 illius
1811 1564 1913 1619 per
1934 1548 2115 1602 malas

518 1640 907 1711 cogitationes,
925 1639 1005 1693 ita
1031 1643 1095 1692 ut
1117 1653 1310 1692 omnes
1339 1638 1560 1691 molesti
1581 1643 1770 1692 essent
1793 1637 2000 1701 abbati,
2018 1637 2115 1708 qui

2200 483 2372 543 terra,
2402 494 2507 532 nec
2550 479 2694 532 celes
2722 480 3057 550 sanguinem
3088 498 3297 549 meum,
3341 484 3518 539 donec
3566 486 3744 544 videam

2201 566 2334 637 quid
2359 567 2736 639 Euphrosynae
2765 569 2895 625 filiae
2921 585 3058 625 meze
3087 570 3400 642 contigerit.
3442 574 3569 630 Hac
3612 584 3661 630 et
3683 578 3745 632 his

2201 655 2408 710 similia
2434 657 2753 727 Paphnutio
2782 665 3174 730 prosequente,
3215 661 3569 718 elevaverunt
3591 681 3744 722 omnes

2199 745 2294 816 qui
2323 746 2560 800 aderant
2581 763 2760 813 voces,
2786 748 3081 816 etflebant,
3104 751 3185 804 ita
3201 756 3268 805 ut
3286 752 3469 806 omnis
3496 753 3672 809 civitas
3684 756 3743 810 la-

2198 840 2551 889 mentaretur
2579 852 2725 890 eam.

2270 926 2405 978 CAP.
2438 924 2506 977 Χ.
2533 955 2597 963 -
2620 925 2746 979 Non
2775 926 3047 980 sufferens
3082 932 3271 982 autem
3297 929 3649 1001 Paphnutius,
3668 951 3744 988 nec

2201 1012 2490 1067 inveniens
2520 1014 2976 1081 consolationem,
3012 1017 3259 1087 perrexit
3300 1019 3368 1073 ad
3416 1027 3743 1079 memoratum

2192 1118 2403 1167 senem,
2434 1102 2502 1156 de
2524 1119 2634 1173 quo
2654 1119 2826 1175 supra
2845 1104 3107 1173 diximus,
3129 1122 3191 1160 ac
3212 1108 3507 1178 procidens
3522 1110 3588 1163 ad
3613 1112 3745 1181 pedes

2193 1193 2335 1261 ejus,
2365 1190 2541 1245 dixit:
2568 1192 2705 1246 Peto
2725 1209 2797 1247 ne
2827 1197 3217 1261 cesses”.
3242 1212 3427 1263 orare,
3449 1203 3516 1252 ut
3546 1199 3746 1256 invenia-

2194 1286 2288 1334 tur
2308 1280 2467 1335 labor
2493 1281 2813 1336 orationum
2834 1288 3063 1337 tuarum
3084 1285 3299 1351 ;nescio
3321 1286 3475 1340 enim
3503 1288 3627 1358 quid
3643 1290 3746 1344 acci-

2195 1369 2342 1423 derit
2380 1369 2508 1438 filiae
2537 1386 2695 1426 meae.
2741 1372 2991 1426 Audiens
3023 1379 3209 1428 autem
3240 1375 3573 1431 venerabilis
3594 1395 3742 1444 senex,

2194 1458 2558 1513 contristatus
2580 1464 2664 1513 est
2687 1459 2867 1525 valde,
2890 1466 2947 1515 et
2977 1462 3147 1532 jussit
3170 1463 3241 1518 ad
3270 1480 3331 1518 se
3356 1481 3550 1520 omnes
3582 1466 3742 1521 fratres

2198 1546 2405 1612 venire,
2442 1552 2499 1601 et
2522 1547 2664 1601 dixit
2691 1548 2770 1602 eis
2804 1566 2815 1602 :
2851 1549 3141 1605 Ostendite
3169 1552 3523 1619 charitatem,
3553 1554 3740 1617 fratres;

2198 1637 2545 1707 postulemus
2574 1653 2609 1691 a
2636 1637 2874 1692 Domino
2903 1645 2968 1693 ut
3004 1640 3267 1710 dignetur
3302 1642 3467 1697 nobis
3495 1645 3741 1699 ostendere

516 1731 687 1786 talem
704 1727 1175 1801 pulchritudinem
1194 1726 1594 1781 introduxisset
1612 1726 1669 1781 in
1688 1728 2110 1781 monasterium.
2135 1744 2181 1803 Β
2197 1725 2329 1796 quid
2360 1726 2569 1780 factum
2602 1726 2676 1780 sit
2702 1726 2773 1780 de
2801 1728 2919 1781 filia
2946 1729 3113 1784 amici
3137 1731 3316 1785 nostri
3364 1732 3668 1804 Paphnutii.
3692 1734 3742 1787 Et

517 1819 706 1874 Abbas
726 1823 914 1872 autem
943 1817 1060 1872 haec
1088 1816 1342 1883 audiens,
1373 1817 1591 1871 vocavit
1628 1817 2020 1887 Smaragdum,
2057 1822 2115 1871 et

518 1908 657 1963 dixit
684 1908 735 1962 ei
766 1928 777 1961 :
812 1906 1051 1961 Pulchra
1069 1910 1157 1960 est
1182 1905 1372 1970 facies,
1394 1906 1494 1973 fili,
1531 1905 1770 1959 infirmis
1797 1906 2065 1959 fratribus
2096 1923 2110 1972 ;

513 1998 637 2053 volo
661 2002 852 2051 autem
882 2001 945 2049 ut
968 1995 1162 2049 sedeas
1184 1995 1335 2050 solus
1364 1994 1419 2048 in
1448 1995 1590 2049 cella
1615 2000 1732 2060 tua,
1766 2000 1824 2049 et
1856 1994 1931 2048 ibi
1958 1995 2109 2065 psal-

512 2086 616 2154 las,
645 2092 705 2140 et
729 2085 807 2140 ibi
830 2085 1153 2145 manduces.
1178 2100 1291 2138 non
1307 2089 1500 2138 tamen
1519 2099 1877 2154 egressurum
1900 2089 1956 2137 te
1978 2083 2109 2137 inde

513 2174 737 2230 alicubi.
771 2175 841 2229 Et
864 2173 1129 2246 pracepit
1176 2173 1418 2244 Agapito
1447 2179 1510 2227 ut
1540 2178 1883 2245 praepararet
1914 2173 2108 2227 cellam

510 2264 839 2331 solitariam,
870 2268 928 2317 et
946 2265 1004 2317 in
1028 2279 1095 2317 ea
1114 2264 1347 2333 degeret
1368 2262 1726 2333 Smaragdus.
1746 2262 1901 2317 Fecit
1919 2267 2109 2316 autem

508 2354 783 2427 Agapitus
811 2353 1002 2407 omnia
1027 2369 1150 2424 quae
1169 2352 1275 2406 sibi
1292 2368 1327 2406 a
1346 2353 1513 2407 Patre
1544 2352 1868 2406 monasterii
1888 2351 2112 2405 fuerant

509 2445 809 2516 imperata,
836 2448 894 2498 et
919 2442 1229 2497 introduxit
1258 2442 1629 2512 Smaragdum
1668 2441 1724 2495 in
1757 2441 1954 2496 cellam
1983 2440 2113 2495 soli-

510 2534 737 2599 tariam,
764 2537 829 2586 et
845 2536 969 2586 erat
995 2531 1073 2586 ibi
1085 2530 1436 2586 orationibus
1456 2547 1676 2593 vacans,
1693 2529 2036 2601 jejuniisque
2055 2535 2111 2583 et

521 2616 725 2692 vigiliis
753 2625 916 2675 nocte
946 2637 1010 2675 ac
1037 2620 1127 2674 die
1146 2634 1375 2691 operam
1394 2618 1580 2684 dabat,
1597 2619 1844 2674 serviens
1869 2619 2109 2673 Domino

510 2711 568 2764 in
593 2709 951 2781 simplicitate
968 2709 1170 2775 cordis,
1189 2710 1271 2763 ita
1285 2714 1352 2763 ut
1363 2709 1667 2764 miraretur
1683 2707 1981 2781 praedictus
2000 2708 2108 2762 fra-

509 2799 720 2870 ter,qui
740 2815 871 2853 eum
892 2804 1233 2869 susceperat,
1258 2803 1316 2852 et
1337 2798 1598 2852 omnibus
1621 2797 1892 2852 fratribus
1913 2797 2107 2852 retulit

509 2890 633 2959 ejus
664 2888 1129 2951 constantiam,et
1157 2904 1352 2941 omnes
1382 2886 1775 2942 collaudabant
1805 2887 2103 2957 Deum,qui

509 2978 567 3032 in
587 2977 916 3032 infirmitate
944 2976 1081 3031 talia
1108 2982 1391 3047 operatur.

2189 1814 2519 1883 jejunantes
2541 1832 2755 1877 omnes.
2788 1821 2847 1871 et
2864 1823 3110 1884 orantes,
3125 1824 3182 1873 et
3200 1824 3320 1874 tota
3333 1820 3666 1876 hebdomada
3681 1822 3742 1875 ni-

2193 1902 2272 1956 hil
2303 1903 2383 1957 eis
2406 1905 2716 1959 revelatum
2742 1912 2829 1960 est
2856 1906 2926 1960 de
2956 1907 3343 1980 Euphrosyna,
3377 1910 3524 1966 sicut
3549 1910 3738 1975 solebat,

2194 1993 2416 2062 quando
2436 1994 2663 2048 aliunde
2680 1994 2956 2064 rogabant
2968 1996 3369 2053 Deum.0ratio
3381 1999 3529 2054 enim
3539 1998 3742 2071 Euphro-

2192 2098 2344 2151 synm
2363 2084 2567 2137 eratad
2582 2084 2759 2138 Deum
2777 2084 2869 2139 die
2889 2089 3263 2157 noctuque,ne
3285 2088 3629 2143 manifestam
3647 2105 3741 2142 eam

2192 2169 2399 2226 faceret
2416 2172 2475 2227 in
2499 2172 2612 2227 vita
2636 2189 2740 2227 sua
2758 2173 2926 2228 Deus.
2960 2176 3102 2229 Cum
3126 2182 3319 2232 autem
3334 2193 3442 2232 nec
3464 2172 3579 2233 seni
3599 2194 3741 2250 neque

2192 2259 2360 2315 alicui
2390 2261 2551 2316 fratri
2579 2264 2888 2317 revelatum
2931 2271 3096 2331 esset,
3138 2266 3306 2337 cepit
3349 2268 3621 2323 consolari
3644 2284 3741 2322 eum

2193 2348 2365 2403 abbas
2390 2369 2401 2404 :
2437 2351 2564 2405 Noli
2596 2352 2851 2417 deficere,
2886 2353 2986 2419 fili,
3016 2371 3049 2409 a
3074 2354 3371 2426 disciplina
3393 2357 3623 2422 Domini,
3643 2356 3741 2429 quia

2192 2455 2358 2511 quem
2412 2439 2597 2510 diligit
2646 2442 2921 2496 Dominus
2968 2443 3198 2515 corripit
3231 2446 3410 2516 (Prov.
3445 2448 3547 2514 ιιι).
3581 2447 3642 2501 Et
3665 2446 3743 2499 hoc

2190 2528 2354 2595 scias,
2381 2529 2513 2599 quia
2541 2529 2661 2585 sine
2685 2531 2972 2586 voluntate
2992 2532 3095 2588 Dei
3111 2548 3257 2589 unus
3284 2550 3482 2605 passer
3507 2535 3743 2591 noncadet

2192 2617 2249 2671 in
2279 2623 2433 2672 terra
2461 2620 2633 2689 (Luca:
2651 2623 2773 2687 xu),
2801 2621 3026 2690 quando
3047 2622 3229 2693 magis
3252 2624 3371 2678 ﬁlia
3394 2625 3535 2679 tua?
3559 2624 3741 2695 Absque

2188 2712 2332 2762 nutu
2360 2707 2511 2762 illius
2534 2708 2677 2763 nihil
2705 2710 2985 2779 provenit.
3027 2711 3155 2765 Scio
3200 2713 3351 2767 enim
3410 2714 3542 2785 quia
3577 2713 3739 2768 bonam

2187 2803 2405 2866 partem
2432 2796 2536 2851 sibi
2566 2798 2757 2869 elegit,
2780 2805 3076 2871 propterea
3094 2801 3165 2856 de
3191 2818 3260 2856 ea
3286 2803 3433 2857 nihil
3458 2802 3609 2859 nobis
3622 2819 3737 2857 reve-

2187 2885 2367 2939 latum
2389 2893 2491 2940 est.
2527 2887 2651 2942 Scio
2672 2888 3005 2960 enim,quod
3015 2889 3231 2956 absit,si
3256 2891 3314 2946 in
3330 2893 3495 2948 malis
3519 2892 3735 2965 Operibus

2185 2975 2787 3048 incidisset,nunquam
2800 2978 2950 3033 Deus
2962 2978 3291 3050 despexerat
3299 2987 3524 3038 tantum
3535 2980 3737 3036 laborem

580 3068 711 3122 CAP.
742 3067 837 3121 IX.
869 3092 933 3104 --
962 3065 1313 3137 Paphnutius
1342 3070 1531 3119 autem
1570 3072 1729 3137 pater
1768 3066 1938 3131 illius,
1972 3081 2100 3120 cum
2121 3064 2164 3124 C
2186 3064 2443 3119 fratrum.
2476 3065 2668 3121 Habeo
2693 3068 2956 3122 ﬁduciam
2976 3069 3036 3122 in
3063 3069 3467 3142 Domino,quia
3480 3072 3539 3126 in
3556 3069 3738 3125 hacvita

504 3172 760 3212 reversus
772 3160 921 3210 esset
931 3155 1100 3221 domi,
1112 3155 1346 3209 festinus
1356 3155 1643 3226 ingressus
1655 3161 1740 3209 est
1759 3154 2096 3221 cubiculum,

504 3246 564 3300 in
593 3261 704 3317 quo
733 3245 849 3299 filia
880 3246 1003 3315 ejus
1034 3259 1263 3299 manere
1285 3244 1451 3299 solita
1471 3249 1611 3311 erat,
1632 3250 1689 3299 et
1709 3260 1821 3299 non
1851 3244 2097 3309 inventa,

503 3334 681 3389 tristis
706 3350 1063 3405 maerensque
1092 3334 1322 3388 effectus
1353 3333 1521 3405 cmpit
1548 3334 1873 3405 perquirere
1902 3333 2101 3388 anxius

501 3439 690 3479 servos
718 3428 775 3478 et
805 3424 1036 3479 ancillas
1060 3422 1194 3494 quid
1219 3422 1288 3477 de
1319 3423 1689 3495 Euphrosyna
1717 3429 1904 3477 actum
1930 3430 2097 3477 esset.

502 3513 701 3569 Pueris
729 3519 919 3569 autem
947 3511 1301 3568 dicentibus:
1337 3512 1653 3576 Quianocte
1681 3513 1923 3568 vidimus
1953 3528 2096 3580 eam,

501 3619 669 3659 mane
678 3609 871 3658 autem
881 3619 995 3658 non
1006 3600 1338 3673 comparuit.
1354 3602 1424 3656 Et
1436 3602 1759 3673 putavimus
1776 3601 1924 3673 quod
1940 3606 2104 3673 pater

445 3717 451 3723 ·
499 3692 652 3748 illius
681 3692 944 3748 infantuli
958 3692 1054 3764 qui
1076 3707 1201 3746 eam
1220 3691 1674 3763 desponsaverat,
1687 3691 1907 3747 venerit
1933 3695 1990 3745 et
2016 3695 2102 3745 tu-

499 3784 629 3839 lerit
654 3800 798 3841 eam.
824 3784 894 3839 Et
917 3782 1073 3838 misit
1101 3798 1290 3837 servos
1320 3797 1452 3837 suos
1480 3782 1551 3837 ad
1580 3782 1811 3837 domum
1841 3780 2013 3847 illius,
2040 3785 2099 3836 et

498 3888 610 3927 non
632 3872 971 3928 invenerunt
999 3887 1144 3926 eam.
1169 3870 1420 3925 Audiens
1439 3886 1678 3942 sponsus
1690 3870 1841 3925 illius
1852 3875 1906 3925 et
1936 3875 2099 3941 pater

498 3963 640 4033 ejus,
670 3963 987 4017 contristati
1002 3967 1138 4017 sunt
1164 3960 1343 4028 valde,
1364 3960 1714 4015 etvenientes
1735 3960 1806 4014 ad
1826 3960 2093 4031 Paphnu-

494 4052 638 4106 tium
646 4051 1002 4118 ,invenerunt
1010 4065 1137 4105 eum
1149 4050 1510 4105 vehementer
1518 4049 1789 4104 afflictum
1797 4050 2092 4119 ,jacentem

495 4139 555 4193 in
575 4143 813 4201 terra,et
822 4138 1084 4193 dixerunt
1099 4138 1149 4191 ei
1168 4154 1183 4194 :
1216 4138 1472 4192 Forsitan
1487 4138 1692 4209 aliquis
1707 4138 1928 4193 seduxit
1943 4155 2088 4209 eam,

412 4228 416 4232 ’
496 4232 555 4282 et
580 4226 729 4298 fugit
755 4243 881 4282 cum
912 4226 1025 4281 illa.
1061 4227 1376 4298 Statimque
1419 4227 1562 4280 servi
1590 4226 1740 4282 illius
1770 4243 1897 4282 cum
1929 4228 2088 4301 equis

497 4332 598 4387 per
623 4320 802 4371 totam
850 4315 1246 4370 Alexandriam
1300 4315 1652 4391 missi‘sunt.
1687 4316 1863 4371 Erant
1896 4324 2086 4373 autem

2181 3154 2442 3209 ostendat
2470 3172 2593 3210 eam
2621 3155 2724 3210 tibi
2754 3157 2923 3211 Deus.
2956 3158 3206 3214 Audiens
3245 3159 3363 3215 haec
3408 3160 3734 3233 Paphnutius

2182 3243 2393 3315 recepit
2419 3245 2877 3311 consolationem,
2908 3247 3121 3317 gratias
3153 3264 3325 3320 agens
3353 3250 3494 3318 Deo,
3531 3256 3584 3305 et
3607 3264 3736 3304 orans

2184 3333 2455 3404 quotidie,
2490 3333 2651 3391 bonis
2691 3336 2953 3407 operibus
2998 3344 3055 3392 et
3102 3338 3480 3412 eleemosynis
3524 3341 3731 3395 intentus

2186 3428 2326 3477 erat.

2254 3512 2386 3567 CAP.
2419 3513 2583 3567 XL—
2606 3513 2743 3569 Post
2760 3514 3078 3587 aliquantae
3089 3532 3220 3571 vero
3238 3516 3358 3571 dies
3375 3515 3628 3572 visitabat
3649 3529 3737 3569 mo-

2182 3601 2514 3670 nasterium,
2539 3604 2939 3659 commendans
2966 3622 3027 3660 se
3054 3605 3115 3660 in
3138 3605 3487 3662 orationibus
3515 3606 3733 3661 fratrum.

2182 3690 2308 3746 Una
2327 3696 2518 3747 autem
2546 3691 2637 3747 die
2664 3693 2892 3749 veniens
2929 3694 3001 3750 ad
3029 3692 3307 3762 abbatem,
3349 3696 3584 3767 projecit
3608 3711 3660 3749 se
3681 3690 3735 3746 ad

2180 3781 2351 3852 pedes
2389 3782 2531 3853 ejus,
2562 3782 2790 3839 dicens:
2824 3784 2938 3839 Ora
2965 3800 3069 3856 pro
3100 3800 3207 3853 me,
3240 3784 3433 3853 Pater,
3486 3785 3609 3857 quia
3647 3797 3733 3838 non

2178 3886 2409 3941 possum
2439 3870 2672 3926 sufferre
2691 3873 2943 3928 dolorem
2971 3874 3041 3928 de
3067 3874 3186 3929 ﬁlia
3205 3890 3349 3940 mea,
3373 3875 3475 3930 sed
3505 3873 3664 3945 magis
3685 3887 3734 3925 ac

2178 3961 2358 4032 magis
2387 3961 2457 4016 de
2483 3960 2575 4016 die
2604 3962 2664 4017 in
2702 3962 2853 4017 diem
2901 3969 3205 4019 renovatur
3253 3968 3312 4018 et
3350 3964 3550 4020 crescit
3573 3962 3733 4017 vulnus

2176 4065 2384 4118 meum,
2408 4056 2464 4105 et
2488 4050 2799 4107 tribulatur
2813 4052 3004 4107 anima
3023 4069 3168 4111 mea.
3188 4053 3400 4108 Videns
3413 4058 3600 4109 autem
3621 4064 3723 4106 eum

2174 4155 2342 4195 senex
2368 4139 2539 4195 nimis
2566 4140 2858 4207 afflictum,
2891 4141 3025 4196 dicit
3051 4142 3103 4197 ei
3126 4160 3137 4195 :
3165 4142 3263 4197 Vis
3300 4143 3627 4215 colloquium
3643 4140 3722 4194 ha-

2168 4228 2300 4283 bere
2330 4246 2460 4284 cum
2487 4245 2601 4285 uno
2628 4230 2801 4285 fratre
2828 4231 3130 4303 spirituali,
3156 4232 3252 4303 qui
3271 4232 3428 4287 venit
3451 4232 3521 4288 de
3546 4228 3721 4303 palatio

2168 4318 2778 4391 Theodosii?ignorans
2795 4321 2944 4392 quod
2968 4321 3090 4393 ipsa
3118 4326 3266 4375 esset
3288 4322 3408 4376 ﬁlia
3436 4324 3572 4394 ejus.
3600 4317 3721 4375 Dixit

494 4405 572 4461 ibi
596 4411 653 4461 et
671 4405 1261 4477 naves,intrantesque
1276 4405 1334 4459 in
1351 4420 1444 4461 eas
1457 4404 1818 4476 requirebant
1837 4423 1939 4478 per
1952 4408 2083 4463 vim.
2106 4407 2221 4488 Dei
2252 4408 2604 4479 Paphnutius
2634 4429 2646 4463 :
2681 4411 2838 4464 Volo.
2874 4410 2943 4465 Et
2967 4412 3184 4465 vocavit
3234 4409 3408 4466 abbas
3436 4409 3717 4483 Agapitum,

495 4495 566 4551 Et
591 4501 906 4552 scrutantes
929 4494 1271 4550 monasteria
1292 4495 1630 4566 puellarum,
1646 4502 1947 4561 eremos,et
1965 4515 2091 4569 spe-

492 4585 707 4652 luncas,
739 4601 841 4657 per
868 4586 1067 4641 domos
1095 4584 1407 4639 amicorum
1433 4589 1490 4638 et
1518 4583 1859 4654 vicinorum;
1892 4593 1948 4641 et
1975 4604 2089 4641 non

495 4680 740 4746 reperta,
771 4680 1045 4747 tanquam
1065 4680 1349 4729 mortuam
1364 4673 1633 4745 lugebant
1647 4691 1791 4742 eam,
1809 4692 1968 4730 socer
1988 4693 2090 4730 nu-

492 4778 639 4830 rum,
672 4780 912 4835 sponsus
938 4778 1202 4835 sponsam
1234 4761 1432 4831 ﬁebat;
1466 4769 1628 4834 pater
1663 4764 1836 4818 filiam
1866 4765 2084 4835 lugens,

493 4852 714 4907 dicebat
735 4868 747 4905 :
782 4854 932 4907 Heu!
965 4854 1075 4909 heu
1092 4854 1103 4906 Ι
1125 4853 1241 4908 filia
1260 4852 1618 4908 dulcissima?
1638 4853 1744 4909 heu
1757 4871 1846 4908 me
1871 4855 1882 4907 Ξ
1905 4855 2089 4910 oculo-

492 4956 621 4998 rum
642 4956 896 4996 meorum
917 4941 1223 4997 consolatio
1240 4943 1397 4997 mea!
1423 4942 1560 5006 Quis
1582 4959 1766 4999 meam
1787 4943 1993 4998 invasit
2010 4943 2089 4998 fa-

490 5030 798 5086 cultatem?
820 5030 946 5102 quis
973 5045 1156 5085 meam
1179 5032 1586 5102 possessionem
1606 5032 1847 5103 sparsit?
1861 5033 1986 5102 quis
2004 5033 2087 5086 vi-

490 5135 658 5178 neam
679 5136 864 5175 meam
884 5120 1144 5175 siccavit?
1158 5119 1282 5191 quis
1298 5136 1482 5175 meam
1495 5121 1782 5176 lucernam
1794 5121 2086 5176 exstinxit?

488 5210 619 5282 quis
636 5226 794 5282 spem
807 5225 991 5266 meam
1005 5209 1311 5265 fraudavit?
1326 5210 1449 5282 quis
1461 5210 1933 5281 pulchritudinem
1954 5211 2083 5266 ﬁliae

488 5315 628 5355 meae
638 5300 891 5356 violavit?
919 5300 1044 5372 quis
1063 5306 1228 5373 putas
1241 5300 1401 5373 lupus
1421 5317 1629 5371 agnam
1646 5317 1830 5355 meam
1850 5300 2083 5372 dissipa-

486 5388 600 5444 vit?
619 5389 803 5461 qualis
819 5391 974 5446 locus
993 5391 1164 5445 talem
1184 5390 1401 5445 vultum
1420 5390 1644 5460 tetigit?
1659 5390 1838 5461 qualis
1853 5390 2083 5461 pelagus

488 5479 765 5549 captivam
792 5479 949 5535 ducit
974 5480 1129 5535 illam
1158 5480 1509 5552 imperialem
1537 5479 1774 5534 faciem?
1789 5479 1892 5534 Illa
1909 5496 2082 5549 gene-

490 5566 736 5622 rositatis
764 5570 1109 5637 constitutio,
1148 5571 1242 5625 illa
1272 5571 1546 5624 malorum
1580 5568 1933 5635 consolatrix,
1984 5569 2083 5624 illa

2170 4496 2419 4568 dixitque
2448 4498 2535 4552 ei:
2568 4499 2723 4554 Tolle
2752 4499 3132 4571 Paphnutium
3171 4505 3228 4554 et
3264 4499 3522 4555 introduc
3549 4494 3721 4554 eumin

2171 4585 2369 4639 cellam
2392 4587 2703 4658 Smaragdi.
2722 4588 2789 4643 Et
2808 4588 3120 4643 introduxit
3145 4605 3274 4644 eum
3290 4589 3349 4644 in
3368 4589 3564 4644 cellam
3591 4587 3720 4641 Sma-

2170 4676 2498 4746 ragdi,nihil
2520 4678 2572 4732 ei
2599 4684 2767 4733 antea
2784 4678 3155 4733 innotescens.
3172 4680 3312 4734 Cum
3323 4684 3513 4734 autem
3532 4676 3720 4731 vidisset

2171 4764 2354 4819 subito
2383 4772 2600 4837 patrem
2627 4784 2811 4830 suum.
2839 4783 3179 4839 cognoscens
3195 4773 3482 4835 eum,tota
3495 4762 3717 4836 lacrymis

2170 4854 2386 4926 repleta
2433 4860 2536 4910 est.
2568 4856 2920 4928 Paphnutius
2949 4862 3139 4912 autem
3165 4856 3430 4930 sperabat
3452 4873 3570 4912 esse
3594 4867 3716 4908 com-

2170 4943 2559 5015 punctionem;
2604 4962 2719 5001 non
2748 4946 2899 5001 enim
2925 4947 3184 5018 cognovit
3210 4962 3354 5015 eam,
3386 4947 3520 5017 quia
3543 4940 3717 5016 species

2167 5035 2354 5089 vultus
2375 5035 2648 5091 emarcuit
2666 5052 2779 5107 prae
2800 5036 2975 5092 nimia
3000 5035 3357 5101 abstinentia,
3380 5035 3576 5107 vigiliis
3594 5038 3643 5087 et
3657 5030 3716 5083 la-

2169 5124 2394 5195 crymis.
2428 5124 2509 5179 De
2532 5125 2749 5180 cuculla
2777 5131 2967 5180 autem
2995 5125 3218 5197 operuit
3244 5125 3442 5181 faciem
3471 5139 3633 5187 suam,
3661 5133 3715 5173 ne

2167 5204 2355 5284 aliquo
2382 5215 2549 5270 modo
2568 5221 2899 5285 agnosceret
2927 5216 3260 5271 eam.Facta
3285 5220 3471 5270 autem
3501 5210 3714 5269 oratione

2163 5302 2447 5359 sederunt.
2465 5304 2646 5376 Coepit
2669 5311 2858 5360 autem
2886 5304 2939 5360 ei
2965 5304 3118 5377 loqui
3145 5305 3216 5360 de
3243 5304 3416 5361 futuri
3434 5303 3583 5376 regni
3608 5300 3713 5353 bea-

2164 5392 2404 5448 titudine
2424 5399 2482 5448 et
2501 5394 2683 5465 gloria
2706 5395 3068 5466 sempiterna,
3099 5395 3375 5467 quomodo
3401 5412 3501 5468 per
3526 5384 3713 5448 humili-

2163 5486 2341 5537 tatem
2361 5489 2419 5537 et
2437 5484 2773 5552 castitatem,
2795 5491 2965 5557 atque
2982 5490 3233 5541 sanctam
3250 5483 3707 5541 conversationem.

2167 5588 2264 5641 Per
2291 5572 2704 5646 eleemosynam
2728 5580 2783 5630 et
2808 5575 3160 5643 charitatem,
3180 5575 3249 5630 ad
3282 5593 3402 5630 eam
3428 5573 3546 5646 quis
3569 5562 3710 5643 possit
