3868 6398
125 353 224 412 649
1007 352 1177 409 VITA
1215 351 1524 410 SANCTJE
1561 347 2086 418 EUPHROSYNJE,
2127 347 2472 408 VIRGINIS.
3283 355 3390 417 650

121 481 450 556 pertingere.
476 476 545 533 Et
571 475 642 532 de
670 480 994 550 contemptu
1022 480 1226 547 saeculi,
1265 497 1368 536 nec
1391 479 1704 552 diligendos
1727 481 1771 540 A
1789 479 1930 534 meis
1943 477 2310 552 promittebas
2320 479 2493 534 ﬁliam
2515 478 2737 534 meam?
2753 479 2890 535 Ecce
2907 496 3018 537 non
3032 483 3212 541 solum
3229 485 3388 543 illam

123 589 237 628 esse
263 570 406 626 ﬁlios
435 569 559 640 plus
590 585 758 640 quam
782 569 980 634 Deum,
1014 570 1110 641 qui
1134 571 1385 625 omnium
1403 569 1614 625 exstitit
1627 569 1711 624 fa-
1793 585 1903 624 non
1922 569 2140 635 videbo,
2171 569 2268 624 sed
2291 575 2372 635 tu,
2407 568 2466 624 in
2495 586 2604 641 quo
2635 571 3073 628 consolationem
3108 576 3386 632 modicam

123 667 251 716 ctor.
280 658 657 732 Apostolicam
690 675 912 729 quoque
945 659 1280 730 scripturam
1310 659 1706 730 interpretans,
1795 658 2086 726 habebam,
2128 658 2482 730 derelinques
2512 675 2632 713 nos.
2666 661 2788 716 Heu
2819 662 2938 715 me!
2962 662 3086 733 quis
3110 665 3230 734 jam
3253 683 3388 722 con-

125 749 394 823 quomodo
434 746 722 802 tribulatio
764 747 1093 818 patientiam
1123 754 1407 820 operatur,
1439 749 1710 821 patientia
1793 747 2064 802 solabitur
2091 753 2432 803 senectutem
2457 747 2675 802 meam?
2696 750 2779 802 Ad
2813 767 2978 822 quem
3003 751 3112 818 ibo,
3131 755 3256 824 quis
3275 756 3388 810 mei

124 838 504 912 probationem
530 839 700 903 (Rom.
730 838 805 906 v).
835 838 1043 892 Videns
1069 855 1194 892 vero
1227 843 1444 910 patrem
1467 855 1631 894 suum
1652 839 1710 894 in
1792 837 2019 908 adjutor
2037 837 2180 892 erit?
2209 838 2423 909 Duplex
2451 837 2662 892 malum
2684 839 2832 910 quod
2864 839 3060 911 lugeo:
3091 843 3390 914 trigintaei

123 929 269 1000 gravi
302 943 557 993 mmrore,
592 926 1038 997 compatiebatur
1066 927 1166 980 illi.
1795 933 1917 980 octo
1940 926 2070 980 anni
2094 933 2227 981 sunt
2253 927 2399 998 quod
2431 926 2648 998 perdidi
2671 928 2844 982 ﬁliam
2865 946 3069 993 meam,
3090 931 3228 986 nihil
3254 933 3390 988 mihi

190 1019 318 1073 CAP.
352 1017 476 1071 XII.
498 1015 683 1070 —-Sed
700 1015 908 1070 timens
927 1032 998 1070 ne
1022 1022 1437 1087 agnosceretur,
1467 1017 1713 1088 etimpe-
1796 1017 1864 1070 de
1895 1034 1962 1069 ea
2000 1017 2307 1070 revelatum
2355 1023 2458 1082 est,
2509 1017 2658 1087 quod
2707 1017 2798 1072 die
2835 1023 3107 1090 nocteque
3137 1021 3387 1088 orabam,

125 1107 429 1161 dimentum
454 1105 506 1160 ei
541 1106 766 1170 faceret,
809 1107 1000 1159 volens
1035 1112 1224 1160 autem
1254 1123 1381 1160 eum
1414 1106 1710 1171 consolari,

126 1196 260 1250 dixit
287 1195 338 1249 ei
369 1213 380 1249 :
414 1194 590 1250 Crede
613 1194 752 1248 mihi
783 1195 930 1266 quod
951 1211 1060 1250 non
1084 1195 1352 1266 despiciet
1372 1203 1428 1249 te
1457 1197 1626 1250 Deus.
1648 1197 1717 1250 Et

123 1285 170 1340 si
190 1285 248 1339 in
265 1283 637 1356 perditionem
654 1284 844 1338 anima
865 1291 1014 1338 esset
1036 1284 1163 1339 ﬁliae
1183 1290 1313 1350 tum,
1330 1285 1717 1340 manifestaret

125 1391 244 1428 eam
259 1373 362 1428 tibi
392 1374 563 1439 Deus,
593 1380 658 1427 ut
684 1390 786 1430 nec
805 1374 902 1427 illa
931 1391 965 1428 a
988 1373 1209 1428 diabolo
1240 1379 1460 1429 retenta
1487 1375 1718 1430 inferret

124 1462 222 1518 tibi
247 1469 303 1518 et
327 1461 431 1516 sibi
458 1462 672 1518 luctum
712 1467 1066 1534 perpetuum.
1103 1464 1210 1518 Sed
1242 1463 1407 1518 credo
1433 1463 1488 1517 in
1513 1464 1712 1529 Deum,

128 1552 254 1624 quia
272 1552 482 1607 bonum
502 1553 796 1607 consilium
825 1553 995 1623 elegit
1021 1551 1146 1618 sibi,
1171 1553 1315 1606 sicut
1331 1554 1450 1623 jam
1471 1553 1602 1619 dixi,
1627 1571 1716 1607 se-

127 1641 365 1696 cundum
395 1659 585 1696 vocem
621 1642 924 1712 Evangelii,
961 1659 1072 1712 qua
1107 1641 1312 1695 dicitur
1343 1660 1353 1694 :
1389 1641 1494 1705 Qui
1533 1641 1718 1710 diligit

127 1735 337 1803 patrem
366 1736 466 1785 aut
494 1737 732 1785 matrem
770 1747 939 1802 super
979 1747 1088 1796 me,
1120 1747 1232 1784 non
1263 1736 1352 1784 est
1396 1747 1485 1783 me
1515 1730 1718 1799 dignus

125 1821 335 1894 (Matth.
369 1824 440 1888 x);
468 1825 542 1887 et,
569 1820 625 1874 Si
657 1820 781 1892 quis
805 1836 916 1874 non
951 1819 1431 1874 abrenuntiaverit
1459 1819 1716 1873 omnibus

129 1925 244 1980 qum
263 1909 527 1981 possidet,
550 1925 663 1962 non
679 1913 865 1979 potest
885 1925 1042 1962 meus
1057 1926 1179 1962 esse
1213 1908 1518 1979 discipulus
1547 1910 1718 1973 (Lucae

128 2001 250 2067 xxv).
284 1999 491 2052 Potens
521 2004 608 2053 est
632 2003 821 2052 autem
855 1998 1020 2064 Deus,
1054 2004 1110 2052 et
1136 1998 1195 2051 in
1223 1998 1328 2051 hoc
1356 1998 1562 2051 szeculo
1594 2014 1716 2050 ma-

128 2087 386 2142 nifestare
405 2103 530 2141 eam
554 2087 675 2141 tibi.
710 2087 841 2141 Sine
857 2088 999 2158 jam,
1020 2087 1174 2151 sine;
1205 2087 1336 2157 quid
1358 2086 1719 2157 temetipsum

127 2176 389 2232 interﬁcis
426 2177 846 2232 contristando?
877 2176 984 2231 Sed
1015 2193 1119 2248 age
1148 2177 1362 2247 gratias
1392 2177 1523 2240 Deo,
1580 2175 1721 2228 nihil

128 2267 444 2338 desperans.
473 2267 619 2321 Nam
646 2266 922 2338 Agapitus
945 2266 1216 2336 magister
1236 2282 1414 2330 meus,
1437 2263 1722 2319 multoties

129 2355 286 2409 nimis
296 2355 475 2409 tristis
495 2355 717 2410 dicebat
734 2355 872 2410 mihi
889 2374 901 2409 :
922 2355 1067 2420 Quia
1082 2355 1233 2409 venit
1249 2354 1479 2426 quidam
1495 2353 1721 2407 nomine

130 2445 473 2516 Paphnutius
489 2444 748 2516 operibus
773 2444 936 2499 bonis
953 2445 1222 2506 intentus,
1250 2443 1344 2514 qui
1371 2443 1540 2497 ﬁliam
1558 2459 1719 2496 suam

131 2540 397 2605 tanquam
416 2540 697 2588 mortuam
721 2534 897 2604 luget,
930 2534 1182 2588 nesciens
1215 2534 1344 2603 quid
1364 2533 1413 2585 ci
1433 2531 1716 2597 acciderit,

130 2631 183 2678 et
208 2624 383 2678 nimia
411 2623 810 2678 lamentatione
837 2622 1107 2693 affligitur
1130 2641 1142 2677 :
1168 2621 1409 2676 maxime
1440 2621 1574 2692 quia
1600 2621 1723 2676 uni-

128 2728 191 2766 ca
219 2719 340 2767 erat
375 2713 477 2779 illi,
524 2718 582 2767 et
619 2729 748 2767 cum
779 2713 1040 2784 lacrymis
1069 2713 1305 2784 projecnt
1342 2729 1401 2765 se
1438 2711 1507 2764 ad
1555 2711 1722 2782 pedes

131 2800 365 2869 abbatis,
392 2807 458 2856 ut
484 2818 586 2874 per
623 2802 744 2872 ejus
775 2801 1059 2856 orationes
1090 2807 1147 2855 et
1187 2801 1439 2855 omnium
1486 2799 1722 2854 fratrum

129 2891 271 2946 Deus
298 2891 658 2964 patefaceret.
690 2891 776 2945 Ita
805 2896 862 2945 et
881 2895 944 2946 tu
963 2907 1098 2961 roga
1124 2891 1302 2944 Deum
1326 2896 1557 2962 propter
1575 2906 1718 2958 eam,

131 2986 185 3035 et
210 2997 330 3052 ego,
367 2981 620 3052 quamvis
636 2980 901 3051 indignus
929 2985 987 3034 et
1007 2979 1286 3034 malorum
1317 2996 1570 3033 meorum
1595 2996 1722 3033 con-

130 3069 290 3138 scius,
315 3070 519 3141 saepius
536 3070 867 3140 deprecatus
883 3069 1204 3136 Dominum,
1228 3068 1568 3138 utdignetur
1586 3065 1719 3121 dare

1797 1121 1898 1158 nec
1918 1105 2157 1158 similem
2187 1104 2337 1158 illius
2361 1105 2567 1172 inveni,
2598 1107 2814 1160 detinet
2828 1124 2917 1162 me
2939 1109 3392 1182 incomparabilis

1798 1195 1974 1248 dolor.
2009 1195 2152 1259 Quid
2183 1212 2403 1266 sperem
2430 1196 2665 1251 amodo?
2695 1196 2789 1251 ubi
2827 1200 3263 1255 consolationem
3303 1203 3390 1256 in-

1798 1284 2057 1338 veniam?
2081 1285 2201 1354 jam
2241 1285 2577 1339 descendam
2625 1286 2823 1356 lugens
2860 1287 2918 1342 in
2965 1288 3268 1345 infernum.
3302 1292 3394 1346 Vi-

1798 1374 1936 1428 dens
1955 1379 2144 1428 autem
2167 1390 2295 1428 eum
2319 1374 2661 1445 Smaragdus
2677 1375 3039 1431 vehementer
3057 1379 3393 1449 plorantem,

1800 1467 1858 1516 et
1886 1463 2099 1516 nullam
2118 1463 2559 1517 consolationem
2585 1464 2969 1536 accipientem,
3009 1467 3088 1521 ait
3117 1467 3186 1521 ad
3216 1486 3342 1523 eum
3379 1489 3389 1524 :

1801 1551 1945 1615 Quid
1981 1551 2227 1606 turbaris
2273 1557 2330 1606 et
2368 1553 2733 1625 temetipsum
2770 1553 3073 1610 interﬁcis?
3112 1557 3394 1629 Numquid

1799 1639 2044 1694 invalida
2083 1647 2170 1694 est
2198 1656 2397 1694 manus
2431 1641 2675 1708 Domini,
2719 1647 2816 1696 aut
2843 1642 3149 1716 quidquam
3172 1651 3256 1700 est
3283 1647 3398 1701 Deo

1802 1729 2071 1783 difficile?
2100 1730 2223 1783 Jam
2253 1746 2397 1800 pone
2435 1730 2605 1783 finem
2637 1731 2896 1788 tristitiae.
2915 1733 3229 1790 Recordare
3258 1753 3401 1807 quo-

1804 1818 1970 1872 modo
2000 1819 2333 1889 patriarchae
2363 1818 2532 1873 Jacob
2553 1821 3150 1878 manifestaveritDcus
3169 1826 3395 1898 Joseph,

1802 1924 1968 1978 quem
1992 1907 2150 1978 quasi
2183 1914 2466 1962 mortuum
2484 1908 2714 1978 lugebat
2739 1911 2887 1978 (Gen.
2923 1916 3087 1980 XLVI).
3116 1914 3225 1968 Sed
3245 1915 3400 1969 obse-

1803 2011 1896 2049 cro
1919 2001 1973 2049 te
2005 2001 2068 2050 ut
2097 2013 2198 2066 per
2225 2002 2340 2050 tres
2368 1997 2486 2051 dies
2517 2013 2605 2050 me
2633 2013 2746 2051 non
2772 1998 2996 2053 deseras
3025 2016 3205 2071 neque
3243 2002 3400 2057 dere-

1804 2085 2046 2155 linquas.
2082 2085 2358 2140 Haasitans
2400 2091 2591 2140 autem
2627 2087 2978 2157 Paphnutius
3003 2088 3153 2144 intra
3189 2098 3396 2146 semet-

1807 2174 1989 2246 ipsum
2008 2191 2111 2244 per
2133 2174 2405 2241 triduum,
2431 2175 2624 2230 dicens
2647 2194 2658 2228 :
2678 2176 2936 2231 Forsitan
2959 2177 3008 2231 ei
3025 2178 3175 2233 Deus
3195 2181 3401 2235 revela-

1804 2263 1945 2317 verit
1965 2264 2034 2318 de
2053 2280 2157 2318 me.
2182 2265 2370 2319 Tertio
2388 2270 2575 2320 autem
2594 2264 2684 2318 die
2706 2265 2848 2319 dixit
2875 2266 2944 2320 ad
2980 2267 3353 2340 Smaragdum
3382 2289 3392 2326 :

1805 2354 2127 2424 Exspectavi
2159 2354 2306 2408 sicut
2350 2354 2580 2424 rogasti,
2613 2353 2839 2410 domine
2867 2355 2944 2410 mi
2974 2356 3165 2424 frater,
3201 2365 3259 2414 et
3286 2376 3399 2415 non

1804 2442 2033 2495 discessi
2055 2442 2255 2496 alicubi
2286 2459 2386 2514 per
2408 2449 2524 2498 tres
2554 2443 2848 2499 continuos
2881 2445 3019 2503 dies.

1874 2532 2002 2584 Cxp.
2029 2531 2168 2584 XIV.
2194 2561 2256 2574 -—
2276 2533 2631 2602 Cognoscens
2647 2539 2837 2588 autem
2850 2534 3209 2606 Smaragdus,
3229 2538 3326 2609 qui
3345 2545 3403 2594 et

1805 2619 2192 2691 Euphrosyna,
2244 2621 2377 2691 quia
2417 2620 2665 2676 instabat
2701 2622 2820 2676 dies
2866 2623 3221 2680 dormitionis
3254 2628 3396 2698 ejus,

1805 2708 2018 2762 vocavit
2029 2709 2431 2780 Paphnutium,
2465 2717 2523 2766 et
2536 2711 2676 2765 dixit
2687 2712 2758 2766 ad
2779 2729 2909 2767 eum
2934 2731 2945 2766 :
2980 2713 3125 2778 Quia
3152 2717 3401 2788 omnipo-

1805 2803 1931 2852 tens
1951 2799 2099 2852 Deus
2120 2799 2260 2852 bene
2281 2800 2563 2871 disposuit
2590 2817 2776 2856 meam
2794 2803 3100 2872 miseriam,
3137 2811 3195 2859 et
3217 2806 3401 2862 adim-

1806 2887 1977 2958 plevit
1995 2885 2336 2942 desiderium
2357 2905 2566 2956 meum,
2591 2891 2741 2950 quod
2760 2891 2831 2945 ad
2853 2893 3020 2947 ﬁnem
3044 2910 3222 2965 usque
3234 2895 3404 2950 virili-

1803 2982 1892 3030 ter
1943 2977 2208 3032 certando
2247 2978 2500 3049 perduxi,
2547 2995 2660 3034 non
2709 2997 2836 3034 mea
2862 2981 3086 3049 virtute,
3137 2985 3234 3038 sed
3281 2986 3403 3056 ejus

1803 3065 2104 3137 adjutorio,
2130 3067 2228 3138 qui
2254 3084 2343 3121 me
2371 3068 2669 3123 custodivit
2698 3069 2768 3122 ab
2792 3070 3232 3127 insidiisinimici
3250 3092 3262 3128 :
3280 3091 3404 3146 per-

129 3158 226 3213 tibi
253 3159 638 3215 suiferentiam
668 3165 726 3212 et
753 3158 1261 3229 longanimitatem,
1296 3162 1353 3212 et
1385 3158 1534 3228 quod
1565 3173 1722 3228 expe-
1743 3168 1784 3224 ο
1803 3160 1925 3210 acto
1957 3173 2124 3210 cursu
2154 3163 2413 3227 superest
2439 3157 2579 3211 mihi
2608 3174 2818 3213 corona
2841 3159 3094 3230 justitiae.
3129 3162 3270 3217 Nolo
3298 3179 3402 3218 au-

130 3247 208 3302 dit
234 3248 542 3320 adimpleat
569 3254 686 3303 tam
711 3248 780 3302 de
807 3254 864 3302 te
894 3264 1064 3318 quam
1089 3248 1158 3300 de
1189 3247 1305 3300 ﬁlia
1333 3253 1450 3302 tua.
1487 3247 1724 3316 Propter

128 3336 225 3408 hoc
252 3345 307 3392 et
323 3339 649 3410 frequenter
673 3344 728 3391 te
758 3337 946 3391 videre
975 3337 1144 3402 volui,
1169 3342 1225 3390 et
1254 3335 1495 3406 colloqui
1513 3342 1720 3402 tecum,

130 3431 192 3482 ut
210 3427 456 3499 aliquam
476 3427 913 3482 consolationem
943 3443 1042 3497 per
1072 3441 1161 3479 me
1191 3425 1464 3479 humilem
1492 3425 1724 3479 forsitan

1805 3250 1919 3298 tem
1937 3250 1992 3298 te
2016 3246 2135 3315 jam
2159 3262 2279 3299 esse
2304 3245 2604 3300 sollicitum
2632 3263 2734 3318 pro
2764 3247 2881 3301 ﬁlia
2899 3254 2999 3302 tua
3011 3250 3396 3323 Euphrosyna,

1808 3351 1909 3404 ego
1940 3333 2089 3388 enim
2115 3350 2241 3388 sum
2268 3334 2366 3387 illa
2393 3335 2618 3402 misera,
2651 3339 2707 3389 et
2726 3340 2789 3390 tu
2811 3352 2870 3390 es
2885 3343 3047 3408 pater
3065 3355 3242 3394 meus.
3265 3341 3400 3397 Ecce

1801 3424 1921 3494 jam
1952 3423 2157 3489 vidisti,
2193 3428 2249 3478 et
2276 3417 2625 3478 satisfactum
2658 3429 2746 3479 est
2772 3424 2895 3494 tibi,
2945 3427 3042 3481 sed
3084 3444 3249 3484 nemo
3296 3431 3402 3487 hoc

130 3515 422 3572 invenires.
468 3517 544 3571 Ut
587 3521 776 3570 autem
827 3532 940 3569 non
983 3521 1383 3585 agnosceretur
1410 3530 1510 3585 per
1546 3514 1726 3568 multa
1807 3513 1963 3577 sciat,
1988 3518 2044 3566 et
2073 3529 2184 3566 non
2214 3513 2510 3583 permittas
2530 3513 2600 3567 ab
2628 3513 2739 3568 alio
2757 3530 2960 3586 corpus
2984 3533 3174 3573 meum
3197 3519 3401 3575 nudari

131 3605 422 3678 colloquia,
458 3605 602 3660 dixit
628 3605 698 3660 ad
728 3605 1146 3676 Paphnutium:
1179 3604 1334 3670 Vale,
1366 3604 1593 3658 domine
1623 3603 1719 3656 mi.

133 3693 198 3749 Et
233 3695 368 3751 dum
410 3695 672 3750 recedere
702 3695 872 3749 vellet
908 3693 1280 3766 Paphnutius,
1333 3693 1521 3747 anima
1572 3693 1723 3747 illius

130 3785 576 3858 compatiebatur
621 3784 724 3851 illi,
773 3784 943 3839 facies
987 3785 1108 3854 ejus
1153 3782 1418 3854 pallebat,
1446 3788 1502 3836 et
1538 3783 1720 3854 reple-

128 3871 291 3930 batur
317 3874 600 3946 lacrymis.
635 3876 757 3928 Prae
788 3873 963 3928 nimio
1009 3877 1200 3926 autem
1225 3871 1444 3942 jejunio
1495 3877 1550 3925 et
1595 3872 1721 3927 diu-

127 3967 288 4019 turna
315 3963 507 4019 inedia
546 3963 878 4034 sanguinem
931 3961 1206 4016 vomebat.
1265 3962 1501 4015 Multum
1544 3961 1722 4032 igitur

127 4051 466 4108 confortatus
482 4051 834 4123 Paphnutius
860 4051 920 4103 in
943 4048 1325 4104 admonitione
1351 4049 1490 4118 ejus,
1515 4048 1722 4103 disces-

127 4141 198 4196 sit
222 4141 294 4196 ab
324 4159 411 4197 ea.
437 4142 506 4196 Et
532 4140 764 4195 veniens
791 4139 862 4194 ad
893 4138 1174 4205 abbatem,
1210 4137 1381 4192 dixit:
1420 4137 1719 4194 [Edificata

1806 3608 1862 3655 et
1892 3602 2082 3666 lavari,
2109 3602 2205 3656 sed
2222 3618 2254 3656 a
2274 3602 2569 3674 temetipso
2594 3603 2696 3658 hoc
2715 3603 2905 3660 facias.
2929 3606 3000 3660 Et
3021 3607 3154 3678 quia
3169 3610 3402 3680 promisi

1805 3689 1994 3745 abbati
2025 3689 2232 3746 habere
2280 3691 2486 3746 multas
2505 3692 2900 3763 possessiones,
2933 3701 2990 3749 et
3015 3695 3063 3750 si
3090 3698 3400 3768 potuissem

1805 3779 2084 3834 sustinere
2115 3787 2171 3835 et
2199 3781 2506 3851 perdurare
2536 3781 2594 3835 in
2628 3782 2748 3836 loco
2785 3782 2913 3850 isto,
2941 3784 3279 3844 adducerem
3303 3805 3398 3845 eas

1803 3868 1912 3936 hic,
1943 3869 2114 3940 imple
2148 3887 2280 3940 ergo
2311 3870 2458 3941 quod
2489 3871 2741 3942 promisi,
2778 3872 2911 3944 quia
2941 3874 3272 3931 venerabilis
3311 3883 3400 3934 est

1804 3958 1958 4013 locus
1985 3958 2110 4024 iste,
2143 3965 2199 4013 et
2227 3976 2324 4013 ora
2353 3975 2454 4030 pro
2479 3976 2588 4014 me.
2614 3961 2744 4015 Haec
2764 3961 2956 4017 dicens
2985 3964 3220 4020 tradidit
3238 3968 3400 4038 spiri-

1805 4057 1926 4101 tum
1954 4048 2220 4102 Kalendis
2245 4049 2517 4104 Januarii.

1877 4138 2010 4191 er.
2045 4138 2160 4191 XV.
2196 4170 2256 4182 δ-
2289 4139 2436 4193 Dum
2465 4139 2716 4196 audisset
2761 4141 2899 4197 talia
2926 4143 3094 4198 verba
3138 4143 3399 4218 Paphnu-

123 4235 206 4284 est
233 4231 424 4286 anima
453 4245 580 4284 mea
616 4229 685 4284 de
709 4229 803 4283 illo
832 4227 1026 4294 fratre,
1057 4233 1116 4282 et
1141 4229 1220 4281 ita
1250 4243 1376 4282 sum
1406 4227 1565 4282 laetus
1595 4228 1720 4282 eil‘e-
1802 4226 1934 4300 tius,
1963 4232 2018 4280 et
2042 4227 2271 4282 vidisset
2298 4228 2431 4300 quia
2460 4228 2816 4300 obdormivit,
2846 4240 3129 4290 commota
3153 4242 3287 4291 sunt
3316 4237 3396 4291 vi-

121 4325 241 4374 ctus
289 4320 349 4375 in
389 4319 575 4391 gratia
611 4319 712 4374 Dei
754 4334 821 4372 ex
851 4316 1229 4372 consolatione
1275 4317 1415 4387 ejus,
1449 4321 1719 4387 tanquam
1802 4331 1961 4368 scera
1989 4316 2130 4387 ejus,
2163 4316 2472 4388 ceciditque
2500 4318 2559 4372 in
2586 4324 2817 4387 terram,
2852 4326 2910 4375 et
2935 4321 3116 4377 factus
3145 4331 3231 4378 est
3249 4326 3401 4381 velut

123 4407 459 4464 invenissem
491 4409 669 4463 ﬁliam
693 4424 897 4463 meam.
923 4405 1336 4462 Commendans
1356 4422 1416 4460 se
1440 4405 1498 4460 in
1520 4405 1722 4460 oratio-
1803 4410 2080 4462 mortuus.
2101 4407 2413 4461 Accurrens
2435 4413 2625 4463 autem
2644 4410 2939 4481 Agapitus,
2966 4412 3157 4467 videns
3175 4430 3397 4485 quoque

123 4497 286 4552 nibus
317 4497 535 4553 abbatis
584 4503 642 4552 et
669 4497 920 4552 omnium
949 4495 1206 4563 fratrum,
1251 4512 1508 4551 reversus
1539 4500 1625 4550 est
1660 4489 1936 4566 ianuia
1971 4495 2267 4551 defunctus
2309 4502 2458 4552 esset
2496 4498 2858 4568 Smaragdus,
2902 4505 2957 4554 et
3016 4502 3396 4571 Paphnutium

126 4585 355 4643 domum
381 4605 562 4655 suam,
595 4587 963 4658 magnificans
990 4587 1191 4641 Deum.

193 4679 327 4733 Cxp.
359 4679 511 4734 XIII.
543 4709 594 4719 —
617 4677 916 4749 Complens
939 4681 1128 4731 autem
1151 4673 1494 4744 Smaragdus
1509 4673 1568 4728 in
1581 4673 1722 4728 cella

123 4765 374 4822 solitaria
392 4767 626 4838 triginta
644 4773 701 4822 et
720 4772 843 4822 octo
857 4781 1051 4832 annos,
1074 4763 1272 4819 incidit
1288 4763 1347 4817 in
1367 4761 1715 4830 inﬁrmitate,

121 4871 230 4927 qua
259 4863 317 4912 et
345 4863 601 4912 mortuus
630 4862 734 4913 est.
755 4856 1011 4920 Quanam
1040 4859 1226 4921 ως
1249 4869 1382 4908 vero
1407 4851 1497 4906 die
1518 4867 1718 4906 secun-

118 4945 248 5000 dum
290 4947 755 5002 consuetudinem
783 4945 940 5001 venit
968 4943 1322 5016 Paphnutius
1339 4942 1577 4996 invisere
1605 4957 1722 4995 mo-

117 5037 444 5104 nasterium,
462 5043 519 5093 et
534 5041 661 5110 post
673 5036 983 5093 orationem
994 5040 1052 5089 et
1064 5032 1461 5089 salutationem
1481 5030 1719 5085 fratrum

130 5125 266 5181 dixit
292 5127 412 5182 seni
444 5146 455 5181 :
486 5127 547 5182 Si
583 5127 768 5199 jubes,
822 5127 1008 5191 Pater,
1034 5125 1196 5179 mitte
1225 5139 1316 5177 me
1349 5119 1720 5192 Smaragdum

119 5213 324 5285 videre,
343 5217 476 5288 quia
495 5217 654 5272 valde
682 5216 967 5272 desiderat
984 5231 1112 5268 eum
1126 5213 1316 5267 anima
1327 5228 1472 5266 mea.
1490 5211 1723 5265 Vocato-

119 5320 226 5375 que
243 5306 484 5378 Agapito
507 5307 776 5380 praecepit
796 5305 845 5360 ei
870 5305 1074 5359 ducere
1093 5302 1474 5375 Paphnutium
1502 5301 1572 5355 ad
1591 5300 1722 5355 visi-

115 5394 355 5450 tandum
368 5396 760 5468 Smaragdum.
783 5393 1062 5451 Introiens
1079 5391 1429 5464 Paphnutius
1443 5391 1502 5445 in
1527 5390 1723 5444 cellam

115 5483 209 5538 ubi
244 5502 393 5556 aeger
410 5486 653 5558 jacebat,
679 5486 847 5558 ccepit
868 5501 996 5539 eum
1030 5482 1269 5538 osculari
1300 5481 1635 5552 lacrymans,
1668 5485 1726 5534 et

112 5569 333 5629 dicens:
370 5576 492 5630 Heu
539 5577 663 5630 me!
709 5575 806 5630 ubi
855 5579 989 5628 sunt
1037 5570 1436 5643 promissiones
1465 5575 1598 5636 tute,
1629 5568 1726 5624 ubi

112 5662 277 5718 verba
314 5663 520 5734 dulcia,
554 5665 703 5738 quod
734 5665 872 5720 mihi
921 5664 1172 5718 futuram
1219 5657 1516 5715 videndam
1547 5659 1724 5714 oculis

513 5767 780 5829 PATROL.
811 5766 1085 5830 LXXIII.

1795 4584 2076 4654 jacentem
2106 4585 2162 4638 in
2185 4592 2340 4640 terra
2359 4587 2707 4651 semivivum,
2728 4589 2962 4658 jactavit
2980 4589 3037 4642 in
3057 4589 3254 4643 faciem
3272 4593 3320 4661 ej
3331 4610 3393 4647 us

1802 4687 2004 4743 aquam
2033 4672 2133 4742 (6),
2161 4681 2218 4728 et
2239 4675 2474 4728 elevavit
2499 4691 2626 4728 eum
2656 4676 2879 4730 dicens:
2915 4677 3060 4740 Quid
3085 4679 3274 4745 habes,
3299 4682 3397 4736 do-

1801 4761 1952 4815 mine
1979 4762 2054 4816 mi
2085 4763 2512 4833 PaphnutiTAit
2540 4770 2731 4818 autem
2753 4765 3102 4835 Paphnutius
3125 4786 3136 4821 :
3163 4769 3394 4826 Dimitte

1800 4867 1893 4905 me
1914 4858 1976 4905 ut
1996 4851 2084 4904 hic
2104 4851 2456 4918 moriar,vidi
2471 4852 2621 4906 enim
2633 4852 2915 4910 mirabilia
2929 4856 3120 4915 hodie.
3147 4860 3394 4932 Surgens

1801 4947 1989 4995 autem
2021 4940 2188 4994 irruit
2205 4941 2265 4995 in
2285 4941 2483 4995 faciem
2509 4943 2650 5012 ejus,
2674 4944 3090 5002 multitudinem
3117 4949 3396 5023 lacryma-

1800 5046 1927 5084 rum
1956 5029 2272 5096 infundens,
2298 5030 2576 5101 clamabat
2591 5032 2813 5088 dicens:
2841 5035 2964 5090 Heu
2984 5039 3106 5091 me!
3133 5039 3247 5093 ﬁlia
3270 5057 3398 5096 mea

1803 5119 2141 5184 dulcissima,
2165 5135 2338 5191 quare
2357 5108 2490 5175 ante
2511 5137 2624 5176 non
2652 5123 3023 5180 manifestasti
3045 5127 3182 5181 mihi
3213 5133 3276 5182 ut
3293 5146 3395 5199 ego

1803 5226 2025 5281 quoque
2068 5215 2256 5264 tecum
2296 5225 2549 5264 morerer
2592 5218 2904 5282 spontanea
2940 5215 3271 5270 voluntate?
3301 5219 3396 5272 Vm

1805 5299 1972 5354 mihi!
1997 5298 2277 5370 quomodo
2295 5298 2511 5354 latuisti
2528 5301 2842 5370 ?quomodo
2871 5303 3228 5373 pertransisti
3257 5306 3396 5362 insi-

1805 5389 1927 5443 dias
1949 5388 2414 5456 adversariorum,
2429 5394 2486 5442 ct
2504 5389 2784 5459 nequitias
2800 5391 3122 5462 spirituales
3142 5395 3397 5452 tenebra-

1807 5495 1932 5534 rum
1953 5478 2078 5532 vitze
2097 5478 2286 5549 hujus,
2307 5477 2619 5532 etintroisti
2640 5478 2699 5532 in
2721 5479 2892 5533 vitam
2913 5483 3218 5536 aeternam?

1879 5569 2008 5623 CAP.
2025 5569 2167 5623 XVI.
2197 5598 2244 5609 ο-
2270 5569 2400 5623 Haec
2418 5567 2692 5639 Agapitus
2711 5568 2965 5636 audiens,
2981 5577 3038 5624 et
3055 5587 3394 5642 cognoscens

1806 5663 1925 5714 tam
1953 5657 2270 5713 mirabilem
2294 5674 2540 5727 causam,
2573 5657 2915 5730 stupefactus
2946 5666 3050 5730 est,
3087 5667 3147 5716 et
3165 5678 3396 5720 currens

3033 5771 3103 5830 21
