3868 6436
32 442 204 501 ‘658

1084 439 1251 495 VITA
1289 438 1598 495 ΞΑΝΟΤᾸΞ
1636 438 1908 511 MARIIE,
1949 442 2399 503 MERETRICIS.

3256 456 3361 519 654

110 564 375 621 universas
421 560 657 617 virtutes
703 560 879 653 animi
915 560 1218 617 festinabat
1256 562 1510 634 implere.
1574 562 1675 617 Vir
1696 565 1742 624 A
1760 571 1861 622 aut
1878 566 1937 623 in
1967 586 2136 641 quam
2165 569 2383 626 foveam
2411 573 2805 647 memetipsam
2833 579 3177 653 praecipitem
3197 584 3223 638 Ἰ
3248 585 3357 642 Ubi

106 671 329 725 namque
348 652 735 708 sanctissimus
765 652 1111 707 incessanter
1138 668 1239 723 pro
1262 669 1329 706 ea
1356 669 1484 707 cum
1502 653 1678 725 lacry-

1759 660 1846 710 est
1872 659 2260 729 magisterium
2281 662 2623 718 sanctissimi
2645 666 2832 736 patrui
2850 669 2998 724 mei?
3019 671 3124 728 Ubi
3143 675 3360 731 monita

105 746 201 801 mis
227 744 521 800 Dominum
536 741 958 815 deprecabatur,
983 759 1054 797 ne
1084 758 1242 797 mens
1263 744 1384 813 ejus
1404 759 1540 798 cura
1565 748 1677 798 ter-
1757 746 1982 818 collegae
2010 750 2138 820 ejus
2171 750 2470 821 Ephraem?
2493 753 2587 823 qui
2616 770 2705 809 me
2726 756 3001 814 docebant
3021 760 3081 815 in
3105 779 3234 818 mea
3250 764 3357 819 vir-

32 818 33 851 }
102 850 349 890 renorum
377 838 601 887 actuum
640 832 1042 903 implicaretur,
1076 848 1141 886 eo
1171 832 1321 902 quod
1352 833 1474 902 ejus
1515 839 1677 904 pater

32 934 33 941 ‘
102 924 329 979 moriens
340 922 590 977 inﬁnitas
606 922 868 994 pecunias
883 922 934 976 ei
950 922 1288 993 reliquisset:
1304 938 1443 993 quas
1456 928 1678 977 mortuo

103 1029 378 1084 germano,
408 1017 465 1067 et
494 1012 612 1067 filia
637 1013 758 1082 ejus
787 1012 858 1066 ad
889 1028 947 1065 se
979 1010 1351 1082 confugiente,
1383 1011 1677 1066 confestim

100 1102 328 1157 famulus
347 1101 555 1156 Christi
585 1100 843 1157 distribui
854 1100 1027 1173 jussit
1054 1101 1245 1172 egenis
1273 1108 1443 1171 atque
1471 1101 1674 1172 orpha-

102 1192 329 1246 nis.H:ec
348 1207 569 1263 quoque
580 1196 842 1263 patruum
857 1207 1023 1246 suum
1052 1189 1387 1262 precabatur
1405 1190 1674 1261 quotidie,

100 1288 159 1336 ut
174 1297 270 1352 pro
285 1297 343 1335 se
362 1280 664 1336 Dominum
684 1284 1221 1352 oraret,quatenusa
1242 1278 1674 1350 cogitationibus

98 1370 343 1441 pessimis
353 1376 411 1424 et
423 1370 769 1424 diversorum
790 1370 1122 1441 laqueorum
1141 1368 1346 1423 diaboli
1362 1368 1679 1439 eriperetur

96 1460 322 1514 insidiis.
344 1458 1125 1529 Constanterigiturinstituti
1151 1457 1238 1513 sui
1267 1458 1523 1528 regulam
1537 1456 1679 1512 obti-

95 1549 603 1604 nebat.Exsultabat
632 1554 820 1603 autem
844 1554 1079 1619 patruus
1101 1549 1244 1618 ejus,
1271 1548 1419 1618 quod
1448 1546 1528 1602 sic
1549 1562 1674 1601 eam

95 1644 397 1710 promptam
414 1639 536 1693 sine
551 1638 670 1693 ulla
689 1637 1039 1692 haesitatione
1068 1637 1125 1691 in
1138 1637 1354 1691 cunctis
1377 1635 1673 1690 virtutibus

94 1732 335 1783 cerneret
359 1727 695 1799 promoveri,
719 1727 779 1781 in
808 1725 1070 1798 lacrymis
1105 1726 1331 1791 scilicet,
1367 1726 1424 1779 in
1448 1724 1675 1780 humili-

94 1822 218 1884 tate,
249 1818 307 1871 in
336 1816 632 1883 modestia,
667 1816 725 1871 in
759 1816 972 1888 quiete:
1010 1823 1067 1870 et
1092 1816 1240 1887 quod
1263 1815 1349 1869 his
1377 1814 1674 1869 sublimius

1754 833 1992 903 ginitate
2024 838 2351 909 perdurare,
2382 841 2737 899 exhortantes
2767 851 2831 900 ut
2848 846 3205 919 impollutam
3231 853 3357 908 ani-

1762 940 1911 979 mam
1942 925 2249 982 immortali
2279 946 2482 1000 sponso
2507 948 2807 988 servarem.
2851 935 3100 1007 Sponsus
3145 941 3356 996 etenim

1761 1017 1911 1080 tuus,
1945 1015 2222 1081 dicebant,
2250 1025 2475 1073 sanctus
2504 1026 2562 1074 et
2584 1022 2770 1078 zelans
2786 1030 2890 1078 est.
2917 1026 3039 1082 Heu
3070 1045 3159 1083 me
3185 1030 3197 1083 !
3220 1030 3357 1102 quid

1760 1103 1966 1191 agam?
1995 1103 2121 1158 Non
2145 1106 2325 1160 audeo
2357 1108 2479 1177 jam
2508 1110 2712 1166 caelum
2739 1113 3009 1184 aspicere,
3040 1132 3169 1172 cum
3201 1120 3352 1191 apud

1761 1190 1937 1245 Deum
1960 1198 2017 1246 et
2031 1193 2285 1248 homines
2305 1212 2395 1250 me
2425 1205 2706 1261 mortuam
2732 1217 2854 1256 esse
2873 1190 3356 1274 cognoscam..lam

1758 1280 1908 1334 enim
1941 1281 2011 1335 ad
2042 1281 2345 1338 fenestram
2375 1285 2531 1341 illam
2558 1290 2939 1361 propinquare
2967 1309 3081 1348 non
3109 1295 3347 1352 audebo.

1759 1369 2049 1433 Quomodo
2062 1388 2164 1442 ego
2179 1375 2456 1444 peccatrix
2470 1381 2527 1430 et
2536 1377 2703 1447 plena
2716 1378 3088 1438 immunditiae
3100 1385 3358 1441 sordibus

1758 1474 1982 1514 rursum
2006 1477 2132 1515 cum
2146 1469 2339 1518 sancto
2356 1470 2559 1536 patruo
2586 1483 2712 1521 meo
2733 1468 2886 1540 loqui
2906 1471 3134 1528 tentabo
3155 1474 3179 1526 ?
3196 1475 3358 1538 Quod

1758 1553 1816 1601 et
1855 1548 1900 1602 si
1947 1566 2088 1603 ausa
2117 1550 2294 1616 fuero,
2331 1569 2517 1609 nonne
2553 1555 2701 1625 ignis
2730 1574 2798 1611 ex
2842 1559 3090 1615 fenestra
3117 1563 3356 1630 exsiliet,

1758 1636 1854 1707 qui
1877 1654 1965 1691 me
1981 1639 2270 1694 confestim
2288 1643 2518 1697 exuret?
2546 1644 2746 1700 Melius
2765 1653 2851 1701 est
2881 1665 3014 1720 ergo
3035 1651 3176 1706 mihi
3202 1651 3357 1709 abire

1757 1723 1816 1779 in
1844 1726 2014 1782 aliam
2044 1730 2305 1800 patriam,
2328 1731 2426 1786 ubi
2456 1734 2643 1789 nullus
2665 1742 2751 1790 est
2765 1738 2862 1809 qui
2883 1755 2973 1794 me
2987 1740 3165 1811 possit
3182 1759 3359 1813 agno-

1757 1832 1929 1883 scere,
1971 1834 2036 1871 eo
2074 1820 2223 1889 quod
2269 1822 2443 1875 semel
2475 1823 2598 1893 jam
2625 1830 2853 1881 mortua
2879 1828 3006 1895 sim,
3057 1846 3161 1885 nec
3206 1832 3360 1888 ultra

94 1912 189 1970 est,
218 1922 351 1977 erga
376 1907 562 1961 Deum
591 1906 795 1961 eximia
822 1905 1116 1960 charilate.
1151 1904 1366 1975 Viginti
1394 1903 1672 1975 siquidem
1697 1897 1894 1959 Bmihi
1938 1922 2065 1976 spes
2112 1907 2309 1962 salutis
2358 1910 2554 1965 relicta
2594 1912 2686 1967 sit.
2736 1914 3095 1987 Consurgens
3136 1925 3348 1988 autem,

91 1996 245 2050 annis
267 2011 394 2050 cum
419 2012 485 2050 eo
498 1995 558 2050 in
577 1994 920 2050 abstinentia
941 1995 1168 2065 degens,
1186 1994 1338 2048 velut
1351 2010 1497 2063 agna
1517 1992 1676 2064 pudi-

1757 1993 2013 2064 protinus
2042 1997 2291 2066 perrexit
2316 1998 2374 2052 in
2405 1999 2575 2055 aliam
2604 2001 2908 2072 civitatem,
2947 2010 3116 2078 atque
3145 2007 3205 2062 in
3235 2013 3352 2064 sta-

31 2104 39 2151 ι
90 2085 299 2139 cissima
330 2090 502 2157 atque
530 2084 976 2139 incontaminata
1002 2082 1260 2139 columba
1286 2082 1681 2146 convixit.Quo
1758 2081 1885 2136 bulo
1904 2082 1988 2156 (τὶ)
2026 2101 2085 2139 se
2137 2086 2400 2157 quodam,
2452 2096 2671 2146 mutato
2711 2092 2949 2163 pristino
2979 2095 3194 2164 habitu,
3236 2088 3352 2154 col-

34 2172 40 2222 ὶ
91 2180 331 2246 tempore
364 2191 645 2229 annorum
676 2175 919 2246 expleto,
962 2172 1225 2227 saeviebat
1252 2172 1520 2226 adversus
1551 2187 1676 2225 eam

32 2262 36 2277 ι

32 2282 35 2293 l

32 2402 39 2435 l

32 2638 36 2669 ἱ

89 2263 349 2329 diabolus,
380 2269 442 2318 et
468 2263 701 2318 insidias
720 2264 913 2318 solitas
941 2260 1341 2334 praetendebat,
1396 2260 1676 2332 quomodo

89 2369 207 2408 eam
253 2359 445 2425 posset
480 2354 598 2409 suis
654 2351 904 2408 cassibus
949 2351 1190 2419 irretire,
1240 2356 1305 2405 ut
1351 2350 1551 2405 saltem
1597 2349 1677 2404 sic

88 2443 407 2498 maestitiam
425 2442 973 2513 sollicitudinemque
987 2440 1151 2495 beato
1171 2440 1287 2494 viro
1317 2444 1506 2511 posset
1525 2439 1679 2493 incu-

88 2536 220 2599 tere,
252 2536 311 2587 et
328 2532 887 2604 quantulumcunque
912 2537 1151 2585 mentem
1183 2529 1355 2600 ipsius
1374 2546 1408 2583 a
1436 2528 1676 2583 Domino

86 2637 360 2693 separare.

155 2712 282 2766 CAP.
315 2712 418 2770 III.
436 2741 505 2754 -
526 2712 661 2766 Erat
689 2716 881 2766 autem
925 2710 1154 2781 quidam
1181 2709 1527 2781 professione
1555 2713 1678 2762 tan-

32 2780 35 2809 ‘I
86 2801 371 2856 tummodo
403 2801 735 2867 monachus,
759 2801 855 2871 qui
899 2780 1003 2853 sub
1033 2780 1267 2854 obtentu
1288 2797 1677 2853 aediﬁcationis

32 2936 33 2949 χ
88 2890 156 2943 ad
187 2906 313 2945 eum
331 2890 539 2963 saepius
568 2906 803 2962 pergere
823 2889 1056 2944 solebat.
1081 2889 1190 2944 Sed
1201 2894 1259 2943 et
1284 2889 1435 2943 illam
1453 2887 1674 2943 beatam

85 2979 493 3049 perfenestram
505 2979 871 3034 nihilominus
880 2984 1100 3034 contem
1107 2979 1328 3049 plando,
1337 2979 1465 3032 luxu
1473 2978 1568 3032 ria:
1581 2977 1678 3032 sti-

32 3110 34 3119 ι
84 3069 529 3140 mulisagitatus,
550 3085 677 3124 cum
706 3085 775 3124 ea
801 3068 1041 3139 colloqui
1056 3068 1334 3139 cupiebat,
1352 3084 1511 3122 amor
1522 3083 1679 3124 nam-

32 3182 33 3191 ι
84 3174 187 3228 que
201 3157 454 3214 libidinis
472 3175 568 3213 cor
587 3159 637 3228 ej
646 3175 710 3213 us
720 3158 881 3229 quasi
895 3157 1042 3228 ignis
1053 3156 1679 3213 succenderat.Insidia-

82 3245 243 3302 batur
268 3247 320 3303 ei
349 3264 577 3320 quoque
597 3248 776 3303 multo
807 3247 1079 3319 temporis
1097 3248 1299 3318 spatio,
1322 3247 1403 3301 ita
1426 3251 1490 3300 ut
1510 3246 1677 3300 unius
1694 3258 1738 3321 ο
1759 3242 2002 3298 schisma
2031 3244 2258 3315 aliquod
2277 3246 2337 3300 in
2366 3252 2562 3302 sancta
2580 3247 2827 3303 Ecclesia
2850 3249 3199 3323 gigneretur.
3223 3253 3356 3309 Pro-

32 3334 35 3407 ῗ
80 3337 995 3402 annicirculusvolveretur,donec
1004 3335 1400 3407 cogitationem
1419 3336 1540 3406 ejus
1559 3351 1678 3389 ver-

76 3424 273 3481 borum
327 3442 567 3483 suorum
606 3426 842 3481 mollitie
887 3430 1196 3481 enervaret.
1248 3424 1501 3495 Denique
1550 3440 1678 3495 ape-

79 3516 225 3570 riens
261 3517 419 3572 cella;
464 3533 581 3571 sum
621 3519 945 3581 fenestram,
975 3515 1263 3586 egreditur
1293 3514 1364 3568 ad
1392 3530 1542 3579 eum,
1580 3513 1675 3584 qui

80 3621 200 3659 eam
266 3606 534 3677 protinus
581 3605 789 3660 scelere
837 3604 1156 3675 iniquitatis
1204 3608 1373 3674 atque
1427 3602 1676 3656 libidinis

79 3695 488 3750 contaminavit
550 3710 615 3749 ac
680 3694 899 3765 polluit.
968 3695 1273 3764 Postquam
1344 3708 1473 3745 vero
1532 3691 1676 3746 tanti

78 3785 288 3854 peccati
342 3784 565 3840 facinus
629 3784 990 3856 perpetravit,
1060 3782 1281 3854 expavit
1343 3799 1439 3835 cor
1502 3782 1669 3851 ejus;

78 3874 563 3946 conscindensque
608 3873 849 3928 cilicium
897 3889 1007 3944 quo
1046 3878 1169 3927 erat
1203 3872 1418 3937 induta,
1477 3870 1676 3925 faciem

75 3979 233 4018 suam
261 3963 533 4018 manibus
570 3961 917 4029 verberabat,
959 3962 1188 4033 cupiens
1230 3960 1404 4015 nimio
1435 3976 1675 4014 maerore

76 4067 133 4105 se
160 4053 336 4108 morti
376 4052 625 4108 tradere.
661 4052 845 4123 Atque
890 4050 1193 4105 anxietatis
1234 4065 1503 4121 oppressa
1539 4065 1675 4120 pon-

73 4138 220 4207 dere,
252 4141 397 4196 dum
424 4139 845 4195 deliberationis
874 4144 1101 4211 portum
1140 4155 1253 4193 non
1271 4143 1545 4205 cerneret,
1588 4137 1678 4191 di-

75 4230 243 4286 versis
262 4230 681 4301 cogitationum
709 4228 937 4284 iestibus
968 4228 1312 4296 fluctuabat;
1346 4226 1676 4300 plangebat-

70 4334 173 4388 que
199 4337 262 4375 se
293 4336 414 4376 non
447 4335 571 4374 esse
600 4319 750 4390 quod
783 4318 987 4386 fuerat,
1002 4326 1060 4374 et
1095 4335 1222 4373 cum
1238 4318 1452 4388 ejulatu
1472 4317 1675 4388 saepius

70 4409 395 4477 proferens:
437 4410 575 4479 Ego,
619 4408 820 4480 inquit,
855 4409 975 4479 jam
1017 4425 1108 4463 me
1138 4425 1204 4463 ex
1244 4408 1349 4463 hoc
1392 4413 1672 4463 mortuam

68 4498 268 4554 sentio:
305 4498 535 4571 perdidi
575 4498 695 4552 dies
740 4514 896 4553 meos
929 4502 986 4553 et
1028 4496 1275 4552 laborem
1321 4497 1674 4552 abstinentiae

1758 2171 1975 2227 locavit.

1833 2261 1968 2315 CAP.
1993 2263 2087 2317 IV.
2116 2295 2171 2304 -
2198 2263 2402 2321 Verum
2422 2284 2551 2323 cum
2584 2269 2699 2325 haec
2726 2271 2895 2327 ruina
2919 2273 3163 2344 praefatae
3187 2274 3352 2330 femi-

1761 2364 1845 2405 nae
1873 2352 2319 2427 contigisset,huj
2329 2357 2547 2412 usmodi
2570 2358 2706 2413 visio
2720 2359 2885 2416 beato
2910 2362 3027 2417 viro
3041 2364 3357 2421 ostenditur

1760 2455 1861 2509 per
1897 2457 2176 2511 soporem.
2212 2442 2368 2498 Vidit
2404 2461 2648 2517 namque
2673 2447 2996 2504 draconem
3043 2452 3357 2510 terribilem

1759 2532 1929 2599 atque
1960 2529 2287 2597 immanem,
2319 2540 2660 2606 aspectuque
2688 2536 2810 2608 ipso
2829 2536 3266 2609 fmtidissimum,
3299 2547 3358 2597 et

1760 2616 1818 2670 in
1831 2617 2160 2674 fortitudine
2176 2620 2517 2692 sibilantem;
2534 2625 2696 2695 quasi
2713 2632 3010 2682 exeuntem
3021 2628 3091 2683 de
3111 2630 3357 2702 quodam

1758 2705 1898 2773 loco,
1943 2713 1999 2762 et
2021 2724 2199 2781 usque
2228 2711 2297 2765 ad
2328 2712 2588 2767 cellulam
2617 2730 2778 2769 suam
2813 2716 3151 2786 venientem,
3184 2725 3242 2774 et
3262 2736 3355 2774 re-

1758 2796 1970 2866 perisse
1994 2797 2071 2851 ibi
2092 2799 2429 2868 columbam,
2454 2806 2624 2874 atque
2642 2804 2878 2875 glutisse
2907 2823 3051 2874 eam,
3078 2813 3137 2862 et
3160 2824 3357 2864 rursus

1757 2884 1816 2939 in
1854 2902 2012 2941 suam
2047 2887 2263 2943 foveam
2309 2907 2608 2946 remeasse.
2661 2893 3093 2965 Expergefactus
3137 2902 3349 2966 autem,

1761 2975 2237 3049 contristatusque
2276 2980 2650 3048 vehementer,
2706 2983 2860 3038 flevit
2895 3000 3087 3041 amare
3117 3005 3130 3053 ;
3170 2987 3360 3043 existi-

1761 3080 1924 3118 mans
1950 3065 2170 3122 Satanae
2187 3069 2632 3138 persecutionem
2644 3071 2911 3128 adversus
2938 3074 3040 3130 Dei
3054 3075 3359 3132 Ecclesiam

1760 3153 2048 3222 concitari,
2075 3161 2132 3210 et
2152 3157 2449 3229 plerosque
2471 3176 2505 3213 a
2532 3159 2642 3214 fide
2662 3160 2920 3216 veritatis
2938 3163 3138 3230 averti,
3171 3165 3258 3219 vel
3287 3181 3360 3220 ne

1758 3332 1980 3386 volutus
2009 3333 2200 3404 itaque
2217 3334 2479 3406 genibus,
2511 3342 2772 3407 precatus
2794 3342 2882 3393 est
2908 3339 3231 3409 Dominum,
3265 3341 3354 3397 di-

1759 3436 1889 3476 cens
1918 3440 1930 3475 :
1961 3422 2044 3477 Tu
2070 3423 2165 3494 qui
2194 3440 2253 3478 es
2281 3424 2545 3495 praescius
2580 3424 2972 3483 universorum
2998 3428 3168 3498 Deus,
3192 3446 3352 3486 ama-

1756 3514 1849 3563 tor
1897 3511 2209 3578 hominum,
2258 3519 2322 3567 tu
2359 3513 2508 3568 nosti
2549 3514 2684 3586 quid
2727 3514 2834 3570 sibi
2871 3516 3008 3571 velit
3045 3518 3164 3573 haec
3193 3518 3354 3575 visio.

1758 3600 2002 3654 Rursum
2033 3607 2161 3672 post
2189 3602 2328 3657 duos
2355 3602 2492 3668 dies,
2524 3602 2664 3658 vidit
2683 3604 2946 3661 eumdem
2961 3606 3265 3663 draconem
3282 3608 3356 3664 si-

1760 3688 1878 3743 mili
1910 3690 2075 3745 modo
2111 3691 2183 3745 ad
2220 3692 2418 3747 cellam
2438 3709 2599 3747 suam
2629 3693 2865 3761 venisse,
2900 3701 2958 3750 et
2983 3697 3239 3768 posuisse
3258 3714 3354 3753 ca-

1759 3784 1862 3849 put
1885 3778 1988 3833 sub
1999 3780 2233 3851 pedibus
2244 3783 2384 3853 ejus,
2412 3782 2694 3854 fuisseque
2709 3783 3018 3856 diruptum;
3033 3786 3352 3842 columbam

1758 3884 1887 3922 vero
1904 3873 2095 3934 ξιτψ
2112 3868 2265 3923 illam
2287 3887 2456 3942 quam
2476 3872 2856 3942 devoraverat,
2880 3874 3061 3929 vivam
3076 3874 3134 3930 in
3158 3880 3350 3932 ventre

1758 3958 1878 4027 ejus
1908 3964 2221 4029 repertam;
2255 3966 2311 4013 et
2332 3960 2645 4015 extendisse
2673 3978 2903 4018 manum
2931 3980 3114 4031 suam,
3140 3965 3351 4021 vivam-

1758 4061 1867 4116 que
1906 4064 2029 4101 eam
2073 4049 2368 4120 recepisse.
2400 4050 2831 4121 Expergefactus
2860 4058 3072 4122 autem,
3118 4054 3353 4111 vocabat

1757 4133 1979 4191 beatam
2000 4138 2154 4193 illam
2177 4139 2350 4193 semel
2370 4144 2539 4211 atque
2554 4139 2778 4208 iterum,
2802 4148 3009 4214 putans
3029 4159 3154 4197 eam
3176 4142 3236 4197 in
3246 4143 3355 4199 cel-

1757 4224 1874 4280 lula
1899 4243 2038 4293 esse,
2071 4233 2128 4282 et
2155 4228 2408 4284 dicebat:
2442 4229 2554 4284 Cur
2583 4234 2640 4284 te
2655 4231 2857 4302 piguit,
2888 4231 3004 4285 ﬁlia
3033 4232 3232 4299 Maria,
3274 4233 3357 4290 sic

1758 4316 1965 4371 etenim
1992 4317 2098 4372 fuit
2118 4318 2377 4384 vocitata,
2403 4320 2525 4390 jam
2549 4320 2768 4375 duobus
2792 4321 2990 4376 diebus
3011 4338 3073 4376 os
3102 4326 3263 4379 tuum
3293 4323 3354 4378 in

1756 4406 1857 4461 Dei
1879 4405 2137 4461 laudibus
2153 4408 2413 4479 aperire?
2438 4409 2546 4463 Sed
2563 4425 2690 4464 cum
2714 4426 3044 4482 responsum
3065 4411 3117 4465 ei
3136 4411 3355 4467 nullum

1755 4495 2004 4560 daretur,
2039 4502 2095 4550 et
2133 4497 2280 4567 quod
2306 4513 2430 4551 eam
2458 4514 2560 4569 per
2582 4498 2815 4553 biduum
2834 4498 3166 4570 psallentem
3187 4500 3353 4570 solito

66 4602 219 4655 meae,
252 4589 588 4643 orationum
623 4585 903 4659 lacrymae,
936 4587 1367 4659 vigiliarumque
1401 4603 1575 4659 opera
1600 4585 1673 4641 ad
1694 4579 1912 4640 Dmore
1949 4601 2061 4641 non
2095 4585 2335 4653 audiret,
2373 4587 2771 4641 animadvertit
2800 4588 3068 4641 visionem
3091 4605 3253 4642 suam
3280 4589 3353 4644 ad

64 4676 306 4733 nihilum
336 4682 483 4733 sunt
510 4676 785 4744 deducta;
817 4677 994 4732 Deum
1028 4693 1217 4731 meum
1245 4674 1587 4741 exacerbavi,
1618 4679 1675 4729 et

64 4766 340 4838 meipsam
360 4765 652 4822 interemi.
682 4766 807 4821 Heu
844 4782 934 4820 me
966 4765 1231 4820 miseram
1264 4765 1275 4817 ε
1309 4764 1461 4819 omni
1487 4764 1672 4835 lacry-

65 4869 286 4913 marum
356 4856 519 4911 fonte
584 4854 1009 4927 plangendam!
1082 4855 1351 4910 Sanctum
1407 4859 1672 4925 patruum

64 4959 251 5000 meum
290 4944 661 5000 amarissimo
710 4959 951 5000 maerore
992 4943 1267 5016 depressi,
1311 4941 1672 5015 approbrium

63 5033 264 5091 anima;
296 5051 412 5091 mae
442 5033 667 5106 aperuit
700 5032 810 5103 ine,
852 5032 1040 5088 illusio
1086 5032 1295 5088 diaboli
1336 5032 1485 5087 facta
1523 5047 1666 5086 sum.

63 5122 204 5187 Quid
228 5124 379 5180 mihi
400 5122 613 5179 infelici
637 5124 757 5195 jam
790 5123 942 5178 ultra
968 5121 1200 5177 vivere?
1231 5122 1356 5177 Heu
1385 5122 1507 5177 me!
1540 5119 1671 5193 quid

63 5212 185 5284 egi?
213 5214 348 5271 Heu
371 5213 500 5269 me!
534 5212 668 5284 quid
691 5211 901 5267 factum
926 5217 1013 5266 est
1040 5211 1220 5267 mihi?
1240 5212 1365 5267 Heu
1393 5211 1511 5266 me!
1540 5210 1675 5282 quid

60 5304 190 5358 mali
217 5319 509 5377 perpessa
531 5301 701 5358 sum?
728 5302 854 5357 Heu
876 5302 994 5356 me!
1026 5301 1176 5356 unde
1196 5306 1255 5356 et
1281 5301 1524 5373 qualiter
1550 5316 1674 5355 cor-

57 5392 178 5447 rui?
208 5389 524 5459 Quomodo
554 5390 853 5447 obscurata
881 5396 967 5446 est
984 5407 1145 5446 mens
1165 5407 1291 5446 mea
1318 5391 1343 5443 ?
1370 5392 1496 5445 Non
1517 5390 1679 5445 intel-

56 5480 173 5536 lexi
211 5480 515 5555 quomodo
564 5481 723 5553 lapsa
770 5496 914 5547 sum,
965 5496 1080 5536 non
1114 5480 1349 5551 cognovi
1397 5479 1676 5552 quomodo

56 5570 462 5625 contaminata
488 5585 634 5637 sum,
675 5568 863 5623 nescio
903 5568 1181 5639 quomodo
1227 5584 1324 5622 cor
1347 5583 1538 5622 meum
1567 5583 1675 5621 nu-

1755 4674 1908 4728 illam
1943 4673 2254 4729 certissime
2272 4675 2574 4746 pertinere.
2607 4675 2764 4730 Tunc
2782 4675 3057 4745 ingemuit
3089 4692 3154 4730 ac
3198 4678 3353 4732 ﬂevit

1755 4779 1972 4827 amare;
2007 4768 2061 4817 et
2090 4763 2432 4834 profundens
2453 4764 2747 4834 lacrymas,
2780 4764 2887 4818 ait:
2915 4764 3039 4819 Heu
3069 4766 3188 4820 me!
3220 4767 3355 4838 quia

1754 4868 1957 4923 agnam
1984 4867 2166 4906 meam
2179 4852 2343 4923 lupus
2357 4851 2775 4907 crudelissimus
2787 4853 3003 4925 rapuit,
3021 4859 3076 4909 et
3090 4855 3208 4910 filia
3227 4872 3355 4912 mea

1755 4940 1973 5013 captiva
1999 4941 2194 4996 effecta
2235 4947 2338 4995 est.
2376 4941 2639 4996 Exaltans
2676 4958 2899 5015 quoque
2942 4959 3135 5000 vocem
3165 4961 3347 5015 suam,

1754 5047 1882 5085 cum
1910 5029 2178 5102 lacrymis
2210 5029 2377 5084 dixit:
2412 5030 2681 5092 .Salvator
2714 5032 2912 5108 mundi
2943 5032 3184 5101 Christe,
3226 5051 3355 5091 con-

1754 5124 1908 5174 verte
1937 5119 2007 5174 ad
2038 5135 2127 5173 me
2156 5134 2361 5190 agnam
2406 5135 2594 5175 meam
2629 5119 2885 5188 Mariam,
2916 5127 3086 5194 atque
3112 5122 3172 5178 in
3211 5122 3354 5179 ovile

1754 5209 1880 5264 vitae
1901 5226 2026 5264 eam
2065 5208 2319 5274 restitue,
2352 5212 2417 5262 ut
2445 5224 2557 5263 non
2595 5214 2855 5265 senectus
2902 5227 3024 5265 mea
3050 5228 3179 5267 cum
3219 5228 3355 5268 mte-

1757 5315 1884 5354 rore
1910 5298 1979 5354 de
2007 5298 2111 5353 hoc
2139 5297 2349 5353 mundo
2378 5296 2622 5352 recedat.
2649 5299 2733 5353 Ne
2768 5298 3044 5370 despicias
3086 5300 3354 5372 depreca-

1757 5389 1970 5443 tionem
1999 5404 2207 5454 meam,
2239 5386 2494 5455 Domine,
2520 5385 2615 5441 sed
2645 5385 2806 5441 mitte
2833 5387 3075 5443 velocius
3107 5388 3352 5459 gratiam

1757 5485 1935 5547 tuam,
1979 5483 2043 5533 ut
2072 5476 2261 5549 ejicias
2295 5493 2424 5555 eam
2465 5476 2535 5531 de
2575 5492 2670 5531 ore
2706 5476 2964 5531 draconis
2993 5477 3350 5536 incolumem.

1761 5569 1959 5639 Itaque
1988 5568 2098 5621 duo
2126 5567 2246 5621 dies
2277 5551 2370 5637 qui
2402 5560 2453 5620 ei
2501 5582 2602 5636 per
2627 5565 2879 5620 visionen
2927 5567 3157 5621 revelati
3198 5574 3351 5638 sunt,

57 5657 151 5714 bes
202 5660 526 5716 tenebrosa
581 5658 845 5725 contexit,
889 5658 1169 5729 quomodo
1219 5656 1373 5729 potui
1417 5656 1679 5727 ignorare
1762 5653 2001 5709 duorum
2035 5669 2313 5707 annorum
2335 5650 2613 5706 curriculo
2643 5651 2939 5719 finiuntur,
2970 5651 3360 5722 quibuslubri-

58 5749 187 5820 quid
215 5748 542 5821 gererem?
596 5747 702 5803 Ubi
756 5746 1111 5803 abscondar?
1136 5745 1222 5802 vel
1264 5761 1374 5817 quo
1423 5759 1677 5817 pergam,

1762 5759 1886 5800 cam
1912 5743 2085 5798 vitam
2114 5741 2301 5814 neptis
2336 5741 2385 5814 ej
2394 5757 2480 5810 us,
2514 5740 2674 5814 quasi
2713 5740 2771 5795 in
2800 5744 2994 5797 ventre
3022 5741 3359 5805 atrocissimi
