  <div class='ocr_page' id='page_1' title='image "/cluster/home/n/w/nwhite01/storage/ocr_20150623/73/umn.31951002477366m/333.png"; bbox 0 0 3868 6428; ppageno 0'>
   <div class='ocr_carea' id='block_1_1' title="bbox 547 410 653 473">
    <p class='ocr_par' dir='ltr' id='par_1_1' title="bbox 547 410 653 473">
     <span class='ocr_line' id='line_1_1' title="bbox 547 410 653 473; baseline 0.009 -1"><span class='ocrx_word' id='word_1_1' title='bbox 547 410 653 473; x_wconf 75' lang='grc'><strong>655</strong></span> 
     </span>
    </p>
   </div>
   <div class='ocr_carea' id='block_1_2' title="bbox 1558 402 2793 466">
    <p class='ocr_par' dir='ltr' id='par_1_2' title="bbox 1558 402 2793 466">
     <span class='ocr_line' id='line_1_2' title="bbox 1558 402 2793 466; baseline -0.002 0"><span class='ocrx_word' id='word_1_2' title='bbox 1558 409 1652 466; x_wconf 90' lang='lat' dir='ltr'><strong>DE</strong></span> <span class='ocrx_word' id='word_1_3' title='bbox 1690 408 1880 466; x_wconf 84' lang='lat' dir='ltr'><strong>VITIS</strong></span> <span class='ocrx_word' id='word_1_4' title='bbox 1917 402 2211 464; x_wconf 81' lang='lat' dir='ltr'><strong>PATRUM</strong></span> <span class='ocrx_word' id='word_1_5' title='bbox 2251 404 2466 462; x_wconf 84' lang='lat' dir='ltr'><strong>LIBER</strong></span> <span class='ocrx_word' id='word_1_6' title='bbox 2503 406 2793 465; x_wconf 85' lang='lat' dir='ltr'><strong>PRIMUS.</strong></span> 
     </span>
    </p>
   </div>
   <div class='ocr_carea' id='block_1_3' title="bbox 3711 414 3802 474">
    <p class='ocr_par' dir='ltr' id='par_1_3' title="bbox 3711 414 3802 474">
     <span class='ocr_line' id='line_1_3' title="bbox 3711 414 3802 474; baseline 0.033 -3"><span class='ocrx_word' id='word_1_7' title='bbox 3711 414 3802 474; x_wconf 81' lang='lat'><strong>656</strong></span> 
     </span>
    </p>
   </div>
   <div class='ocr_carea' id='block_1_4' title="bbox 544 529 3802 630">
    <p class='ocr_par' dir='ltr' id='par_1_4' title="bbox 544 529 3802 630">
     <span class='ocr_line' id='line_1_4' title="bbox 544 529 3802 630; baseline -0.008 -13"><span class='ocrx_word' id='word_1_8' title='bbox 544 561 802 618; x_wconf 80' lang='lat' dir='ltr'><strong>draconis</strong></span> <span class='ocrx_word' id='word_1_9' title='bbox 830 558 1045 630; x_wconf 83' lang='lat' dir='ltr'><strong>exegit;</strong></span> <span class='ocrx_word' id='word_1_10' title='bbox 1092 556 1189 611; x_wconf 85' lang='lat' dir='ltr'><strong>sed</strong></span> <span class='ocrx_word' id='word_1_11' title='bbox 1219 560 1445 611; x_wconf 88' lang='lat' dir='ltr'><strong>sanctus</strong></span> <span class='ocrx_word' id='word_1_12' title='bbox 1477 554 1645 609; x_wconf 91' lang='lat' dir='ltr'><strong>homo</strong></span> <span class='ocrx_word' id='word_1_13' title='bbox 1677 569 1778 624; x_wconf 88' lang='lat' dir='ltr'><strong>per</strong></span> <span class='ocrx_word' id='word_1_14' title='bbox 1803 567 1971 606; x_wconf 91' lang='lat' dir='ltr'><strong>omne</strong></span> <span class='ocrx_word' id='word_1_15' title='bbox 1992 556 2136 606; x_wconf 89' lang='lat' dir='ltr'><strong>tem-</strong></span> <span class='ocrx_word' id='word_1_16' title='bbox 2159 531 2589 630; x_wconf 52' lang='grc' dir='ltr'><strong>ΑξίῑξΡθξῆοῐυες</strong></span> <span class='ocrx_word' id='word_1_17' title='bbox 2608 533 2718 630; x_wconf 45' lang='grc' dir='ltr'><strong>αἰξί</strong></span> <span class='ocrx_word' id='word_1_18' title='bbox 2744 529 2897 630; x_wconf 59' lang='lat' dir='ltr'><strong>Quid</strong></span> <span class='ocrx_word' id='word_1_19' title='bbox 2915 532 3267 630; x_wconf 46' lang='lat' dir='ltr'><strong>abdomina</strong></span> <span class='ocrx_word' id='word_1_20' title='bbox 3277 534 3472 630; x_wconf 66' lang='lat' dir='ltr'><strong>Maria,</strong></span> <span class='ocrx_word' id='word_1_21' title='bbox 3660 538 3802 630; x_wconf 83' lang='lat' dir='ltr'><strong>subi-</strong></span> 
     </span>
    </p>
   </div>
   <div class='ocr_carea' id='block_1_5' title="bbox 541 640 2143 724">
    <p class='ocr_par' dir='ltr' id='par_1_5' title="bbox 541 640 2143 724">
     <span class='ocr_line' id='line_1_5' title="bbox 541 640 2143 724; baseline -0.008 -18"><span class='ocrx_word' id='word_1_22' title='bbox 541 668 648 724; x_wconf 89' lang='lat' dir='ltr'><strong>pus</strong></span> <span class='ocrx_word' id='word_1_23' title='bbox 676 650 767 705; x_wconf 90' lang='lat' dir='ltr'><strong>die</strong></span> <span class='ocrx_word' id='word_1_24' title='bbox 786 654 1066 718; x_wconf 90' lang='lat' dir='ltr'><strong>noctuque</strong></span> <span class='ocrx_word' id='word_1_25' title='bbox 1092 662 1382 717; x_wconf 84' lang='lat' dir='ltr'><strong>nunquam</strong></span> <span class='ocrx_word' id='word_1_26' title='bbox 1403 660 1504 715; x_wconf 89' lang='lat' dir='ltr'><strong>pro</strong></span> <span class='ocrx_word' id='word_1_27' title='bbox 1527 660 1594 698; x_wconf 91' lang='lat' dir='ltr'><strong>ea</strong></span> <span class='ocrx_word' id='word_1_28' title='bbox 1617 641 1920 698; x_wconf 91' lang='lat' dir='ltr'><strong>Dominum</strong></span> <span class='ocrx_word' id='word_1_29' title='bbox 1942 640 2143 711; x_wconf 88' lang='lat' dir='ltr'><strong>depre-</strong></span> 
     </span>
    </p>
   </div>
   <div class='ocr_carea' id='block_1_6' title="bbox 541 734 1305 794">
    <p class='ocr_par' dir='ltr' id='par_1_6' title="bbox 541 734 1305 794">
     <span class='ocr_line' id='line_1_6' title="bbox 541 734 1305 794; baseline -0.009 1"><span class='ocrx_word' id='word_1_30' title='bbox 541 740 719 794; x_wconf 87' lang='lat' dir='ltr'><strong>cando</strong></span> <span class='ocrx_word' id='word_1_31' title='bbox 739 738 991 793; x_wconf 89' lang='lat' dir='ltr'><strong>animum</strong></span> <span class='ocrx_word' id='word_1_32' title='bbox 1020 734 1305 791; x_wconf 81' lang='lat' dir='ltr'><strong>relaxavit.</strong></span> 
     </span>
    </p>
   </div>
   <div class='ocr_carea' id='block_1_7' title="bbox 612 818 2142 888">
    <p class='ocr_par' dir='ltr' id='par_1_7' title="bbox 612 818 2142 888">
     <span class='ocr_line' id='line_1_7' title="bbox 612 818 2142 888; baseline -0.007 -5"><span class='ocrx_word' id='word_1_33' title='bbox 612 829 743 884; x_wconf 82' lang='lat' dir='ltr'><strong>CAP.</strong></span> <span class='ocrx_word' id='word_1_34' title='bbox 780 827 847 881; x_wconf 89' lang='lat' dir='ltr'><strong>V.</strong></span> <span class='ocrx_word' id='word_1_35' title='bbox 872 827 1087 881; x_wconf 90' lang='lat' dir='ltr'><strong>—Post</strong></span> <span class='ocrx_word' id='word_1_36' title='bbox 1112 824 1252 880; x_wconf 90' lang='lat' dir='ltr'><strong>duos</strong></span> <span class='ocrx_word' id='word_1_37' title='bbox 1287 840 1414 878; x_wconf 90' lang='lat' dir='ltr'><strong>vero</strong></span> <span class='ocrx_word' id='word_1_38' title='bbox 1446 839 1642 888; x_wconf 90' lang='lat' dir='ltr'><strong>annos,</strong></span> <span class='ocrx_word' id='word_1_39' title='bbox 1679 837 1809 875; x_wconf 92' lang='lat' dir='ltr'><strong>cum</strong></span> <span class='ocrx_word' id='word_1_40' title='bbox 1846 818 1943 875; x_wconf 91' lang='lat' dir='ltr'><strong>ubi</strong></span> <span class='ocrx_word' id='word_1_41' title='bbox 1992 823 2142 873; x_wconf 85' lang='lat' dir='ltr'><strong>esset</strong></span> 
     </span>
    </p>
   </div>
   <div class='ocr_carea' id='block_1_8' title="bbox 543 907 2142 990">
    <p class='ocr_par' dir='ltr' id='par_1_8' title="bbox 543 907 2142 990">
     <span class='ocr_line' id='line_1_8' title="bbox 543 907 2142 990; baseline -0.007 -17"><span class='ocrx_word' id='word_1_42' title='bbox 543 922 601 973; x_wconf 91' lang='lat' dir='ltr'><strong>et</strong></span> <span class='ocrx_word' id='word_1_43' title='bbox 638 915 1113 990; x_wconf 77' lang='lat' dir='ltr'><strong>quemadmodum</strong></span> <span class='ocrx_word' id='word_1_44' title='bbox 1143 931 1203 969; x_wconf 89' lang='lat' dir='ltr'><strong>se</strong></span> <span class='ocrx_word' id='word_1_45' title='bbox 1241 917 1465 985; x_wconf 82' lang='lat' dir='ltr'><strong>gereret</strong></span> <span class='ocrx_word' id='word_1_46' title='bbox 1486 910 1866 983; x_wconf 85' lang='lat' dir='ltr'><strong>comperisset,</strong></span> <span class='ocrx_word' id='word_1_47' title='bbox 1904 907 2142 979; x_wconf 86' lang='lat' dir='ltr'><strong>rogabat</strong></span> 
     </span>
    </p>
   </div>
   <div class='ocr_carea' id='block_1_9' title="bbox 541 1001 2141 1079">
    <p class='ocr_par' dir='ltr' id='par_1_9' title="bbox 541 1001 2141 1079">
     <span class='ocr_line' id='line_1_9' title="bbox 541 1001 2141 1079; baseline -0.008 -16"><span class='ocrx_word' id='word_1_48' title='bbox 541 1006 843 1079; x_wconf 85' lang='lat' dir='ltr'>quemdam</span> <span class='ocrx_word' id='word_1_49' title='bbox 866 1004 974 1061; x_wconf 85' lang='lat' dir='ltr'><strong>sibi</strong></span> <span class='ocrx_word' id='word_1_50' title='bbox 1003 1003 1356 1060; x_wconf 85' lang='lat' dir='ltr'><strong>notissimum</strong></span> <span class='ocrx_word' id='word_1_51' title='bbox 1387 1008 1451 1057; x_wconf 93' lang='lat' dir='ltr'><strong>ut</strong></span> <span class='ocrx_word' id='word_1_52' title='bbox 1480 1018 1658 1072; x_wconf 89' lang='lat' dir='ltr'><strong>usque</strong></span> <span class='ocrx_word' id='word_1_53' title='bbox 1689 1001 1760 1055; x_wconf 90' lang='lat' dir='ltr'><strong>ad</strong></span> <span class='ocrx_word' id='word_1_54' title='bbox 1791 1016 1915 1054; x_wconf 90' lang='lat' dir='ltr'><strong>eam</strong></span> <span class='ocrx_word' id='word_1_55' title='bbox 1946 1015 2141 1070; x_wconf 91' lang='lat' dir='ltr'><strong>perge-</strong></span> 
     </span>
    </p>
   </div>
   <div class='ocr_carea' id='block_1_10' title="bbox 542 1088 2139 1165">
    <p class='ocr_par' dir='ltr' id='par_1_10' title="bbox 542 1088 2139 1165">
     <span class='ocr_line' id='line_1_10' title="bbox 542 1088 2139 1165; baseline -0.006 -13"><span class='ocrx_word' id='word_1_56' title='bbox 542 1103 646 1163; x_wconf 89' lang='lat' dir='ltr'><strong>ret,</strong></span> <span class='ocrx_word' id='word_1_57' title='bbox 663 1102 720 1151; x_wconf 90' lang='lat' dir='ltr'><strong>et</strong></span> <span class='ocrx_word' id='word_1_58' title='bbox 733 1101 933 1151; x_wconf 88' lang='lat' dir='ltr'><strong>cuncta</strong></span> <span class='ocrx_word' id='word_1_59' title='bbox 948 1097 1308 1165; x_wconf 83' lang='lat' dir='ltr'><strong>cognosceret</strong></span> <span class='ocrx_word' id='word_1_60' title='bbox 1336 1091 1658 1161; x_wconf 84' lang='lat' dir='ltr'><strong>diligenter.</strong></span> <span class='ocrx_word' id='word_1_61' title='bbox 1687 1091 1935 1159; x_wconf 88' lang='lat' dir='ltr'><strong>Pergens</strong></span> <span class='ocrx_word' id='word_1_62' title='bbox 1948 1088 2139 1159; x_wconf 84' lang='lat' dir='ltr'><strong>itaque</strong></span> 
     </span>
    </p>
   </div>
   <div class='ocr_carea' id='block_1_11' title="bbox 542 1178 2139 1258">
    <p class='ocr_par' dir='ltr' id='par_1_11' title="bbox 542 1178 2139 1258">
     <span class='ocr_line' id='line_1_11' title="bbox 542 1178 2139 1258; baseline -0.006 -17"><span class='ocrx_word' id='word_1_63' title='bbox 542 1186 636 1241; x_wconf 91' lang='lat' dir='ltr'><strong>ille</strong></span> <span class='ocrx_word' id='word_1_64' title='bbox 665 1202 833 1258; x_wconf 89' lang='lat' dir='ltr'>quem</span> <span class='ocrx_word' id='word_1_65' title='bbox 863 1184 1111 1251; x_wconf 84' lang='lat' dir='ltr'><strong>miserat,</strong></span> <span class='ocrx_word' id='word_1_66' title='bbox 1148 1190 1204 1237; x_wconf 89' lang='lat' dir='ltr'><strong>et</strong></span> <span class='ocrx_word' id='word_1_67' title='bbox 1240 1182 1432 1237; x_wconf 84' lang='lat' dir='ltr'><strong>omnia</strong></span> <span class='ocrx_word' id='word_1_68' title='bbox 1466 1180 1569 1236; x_wconf 88' lang='lat' dir='ltr'><strong>sub</strong></span> <span class='ocrx_word' id='word_1_69' title='bbox 1600 1179 1854 1246; x_wconf 80' lang='lat' dir='ltr'><strong>veritate,</strong></span> <span class='ocrx_word' id='word_1_70' title='bbox 1896 1184 1954 1233; x_wconf 89' lang='lat' dir='ltr'><strong>et</strong></span> <span class='ocrx_word' id='word_1_71' title='bbox 2003 1178 2139 1249; x_wconf 85' lang='lat' dir='ltr'><strong>quia</strong></span> 
     </span>
    </p>
   </div>
   <div class='ocr_carea' id='block_1_12' title="bbox 541 1271 2135 1347">
    <p class='ocr_par' dir='ltr' id='par_1_12' title="bbox 541 1271 2135 1347">
     <span class='ocr_line' id='line_1_12' title="bbox 541 1271 2135 1347; baseline -0.006 -18"><span class='ocrx_word' id='word_1_72' title='bbox 541 1273 721 1347; x_wconf 86' lang='lat' dir='ltr'><strong>ipsam</strong></span> <span class='ocrx_word' id='word_1_73' title='bbox 743 1290 965 1345; x_wconf 91' lang='lat' dir='ltr'><strong>quoque</strong></span> <span class='ocrx_word' id='word_1_74' title='bbox 986 1272 1233 1337; x_wconf 88' lang='lat' dir='ltr'><strong>vidisset,</strong></span> <span class='ocrx_word' id='word_1_75' title='bbox 1268 1271 1618 1336; x_wconf 88' lang='lat' dir='ltr'><strong>renuntians,</strong></span> <span class='ocrx_word' id='word_1_76' title='bbox 1646 1274 1874 1339; x_wconf 89' lang='lat' dir='ltr'><strong>rogatus</strong></span> <span class='ocrx_word' id='word_1_77' title='bbox 1891 1285 1923 1322; x_wconf 90' lang='lat' dir='ltr'><strong>a</strong></span> <span class='ocrx_word' id='word_1_78' title='bbox 1943 1273 2135 1321; x_wconf 84' lang='lat' dir='ltr'><strong>sancto</strong></span> 
     </span>
    </p>
   </div>
   <div class='ocr_carea' id='block_1_13' title="bbox 541 1357 2136 1432">
    <p class='ocr_par' dir='ltr' id='par_1_13' title="bbox 541 1357 2136 1432">
     <span class='ocr_line' id='line_1_13' title="bbox 541 1357 2136 1432; baseline -0.004 -16"><span class='ocrx_word' id='word_1_79' title='bbox 541 1364 678 1432; x_wconf 89' lang='lat' dir='ltr'><strong>viro,</strong></span> <span class='ocrx_word' id='word_1_80' title='bbox 715 1362 969 1417; x_wconf 89' lang='lat' dir='ltr'><strong>habitum</strong></span> <span class='ocrx_word' id='word_1_81' title='bbox 990 1362 1041 1416; x_wconf 92' lang='lat' dir='ltr'><strong>ei</strong></span> <span class='ocrx_word' id='word_1_82' title='bbox 1074 1361 1279 1415; x_wconf 88' lang='lat' dir='ltr'><strong>detulit</strong></span> <span class='ocrx_word' id='word_1_83' title='bbox 1292 1360 1615 1425; x_wconf 86' lang='lat' dir='ltr'><strong>militarem,</strong></span> <span class='ocrx_word' id='word_1_84' title='bbox 1643 1364 1700 1412; x_wconf 92' lang='lat' dir='ltr'><strong>et</strong></span> <span class='ocrx_word' id='word_1_85' title='bbox 1728 1374 1935 1429; x_wconf 91' lang='lat' dir='ltr'><strong>equum</strong></span> <span class='ocrx_word' id='word_1_86' title='bbox 1963 1357 2035 1411; x_wconf 91' lang='lat' dir='ltr'><strong>ad</strong></span> <span class='ocrx_word' id='word_1_87' title='bbox 2053 1373 2136 1410; x_wconf 55' lang='lat' dir='ltr'><strong>se.</strong></span> 
     </span>
    </p>
   </div>
   <div class='ocr_carea' id='block_1_14' title="bbox 541 1447 2137 1522">
    <p class='ocr_par' dir='ltr' id='par_1_14' title="bbox 541 1447 2137 1522">
     <span class='ocr_line' id='line_1_14' title="bbox 541 1447 2137 1522; baseline -0.005 -15"><span class='ocrx_word' id='word_1_88' title='bbox 541 1452 807 1507; x_wconf 88' lang='lat' dir='ltr'><strong>dendum.</strong></span> <span class='ocrx_word' id='word_1_89' title='bbox 832 1451 989 1506; x_wconf 92' lang='lat' dir='ltr'><strong>Ostio</strong></span> <span class='ocrx_word' id='word_1_90' title='bbox 1006 1450 1194 1522; x_wconf 88' lang='lat' dir='ltr'><strong>itaque</strong></span> <span class='ocrx_word' id='word_1_91' title='bbox 1205 1449 1481 1521; x_wconf 87' lang='lat' dir='ltr'><strong>patefacto</strong></span> <span class='ocrx_word' id='word_1_92' title='bbox 1504 1448 1810 1519; x_wconf 86' lang='lat' dir='ltr'><strong>egreditur,</strong></span> <span class='ocrx_word' id='word_1_93' title='bbox 1829 1447 2137 1517; x_wconf 83' lang='lat' dir='ltr'><strong>statimque</strong></span> 
     </span>
    </p>
   </div>
   <div class='ocr_carea' id='block_1_15' title="bbox 542 1535 2136 1607">
    <p class='ocr_par' dir='ltr' id='par_1_15' title="bbox 542 1535 2136 1607">
     <span class='ocr_line' id='line_1_15' title="bbox 542 1535 2136 1607; baseline -0.004 -12"><span class='ocrx_word' id='word_1_94' title='bbox 542 1541 737 1596; x_wconf 90' lang='lat' dir='ltr'><strong>habitu</strong></span> <span class='ocrx_word' id='word_1_95' title='bbox 766 1539 999 1594; x_wconf 77' lang='lat' dir='ltr'><strong>militari</strong></span> <span class='ocrx_word' id='word_1_96' title='bbox 1026 1539 1300 1606; x_wconf 90' lang='lat' dir='ltr'><strong>induitur,</strong></span> <span class='ocrx_word' id='word_1_97' title='bbox 1330 1537 1777 1593; x_wconf 87' lang='lat' dir='ltr'><strong>camelauchium</strong></span> <span class='ocrx_word' id='word_1_98' title='bbox 1811 1535 1885 1607; x_wconf 82' lang='lat'><strong>(3)</strong></span> <span class='ocrx_word' id='word_1_99' title='bbox 1914 1552 2136 1607; x_wconf 83' lang='lat' dir='ltr'><strong>quoque</strong></span> 
     </span>
    </p>
   </div>
   <div class='ocr_carea' id='block_1_16' title="bbox 540 1625 2132 1701">
    <p class='ocr_par' dir='ltr' id='par_1_16' title="bbox 540 1625 2132 1701">
     <span class='ocr_line' id='line_1_16' title="bbox 540 1625 2132 1701; baseline -0.004 -16"><span class='ocrx_word' id='word_1_100' title='bbox 540 1630 771 1701; x_wconf 89' lang='lat' dir='ltr'><strong>longum</strong></span> <span class='ocrx_word' id='word_1_101' title='bbox 784 1628 955 1700; x_wconf 79' lang='lat' dir='ltr'><strong>capiti</strong></span> <span class='ocrx_word' id='word_1_102' title='bbox 969 1644 1091 1694; x_wconf 91' lang='lat' dir='ltr'><strong>suo,</strong></span> <span class='ocrx_word' id='word_1_103' title='bbox 1116 1632 1180 1683; x_wconf 87' lang='lat' dir='ltr'><strong>ut</strong></span> <span class='ocrx_word' id='word_1_104' title='bbox 1190 1628 1359 1682; x_wconf 87' lang='lat' dir='ltr'><strong>facies</strong></span> <span class='ocrx_word' id='word_1_105' title='bbox 1374 1629 1422 1698; x_wconf 89' lang='lat' dir='ltr'><strong>ej</strong></span> <span class='ocrx_word' id='word_1_106' title='bbox 1431 1644 1495 1682; x_wconf 91' lang='lat' dir='ltr'><strong>us</strong></span> <span class='ocrx_word' id='word_1_107' title='bbox 1510 1627 1810 1693; x_wconf 84' lang='lat' dir='ltr'><strong>velaretur,</strong></span> <span class='ocrx_word' id='word_1_108' title='bbox 1833 1625 2103 1697; x_wconf 90' lang='lat' dir='ltr'><strong>imposuit</strong></span> <span class='ocrx_word' id='word_1_109' title='bbox 2118 1643 2132 1693; x_wconf 88' lang='lat'><strong>;</strong></span> 
     </span>
    </p>
   </div>
   <div class='ocr_carea' id='block_1_17' title="bbox 2224 621 3797 698">
    <p class='ocr_par' dir='ltr' id='par_1_17' title="bbox 2224 621 3797 698">
     <span class='ocr_line' id='line_1_17' title="bbox 2224 621 3797 698; baseline 0.005 -22"><span class='ocrx_word' id='word_1_110' title='bbox 2224 626 2282 676; x_wconf 90' lang='lat' dir='ltr'><strong>to</strong></span> <span class='ocrx_word' id='word_1_111' title='bbox 2304 621 2365 677; x_wconf 89' lang='lat' dir='ltr'><strong>in</strong></span> <span class='ocrx_word' id='word_1_112' title='bbox 2384 626 2500 677; x_wconf 87' lang='lat' dir='ltr'><strong>tam</strong></span> <span class='ocrx_word' id='word_1_113' title='bbox 2523 623 2858 694; x_wconf 83' lang='lat' dir='ltr'><strong>gravissima</strong></span> <span class='ocrx_word' id='word_1_114' title='bbox 2883 624 3125 695; x_wconf 87' lang='lat' dir='ltr'><strong>suspiria</strong></span> <span class='ocrx_word' id='word_1_115' title='bbox 3146 625 3476 698; x_wconf 85' lang='lat' dir='ltr'><strong>prorupisti?</strong></span> <span class='ocrx_word' id='word_1_116' title='bbox 3490 627 3671 683; x_wconf 82' lang='lat' dir='ltr'><strong>Hodie</strong></span> <span class='ocrx_word' id='word_1_117' title='bbox 3683 629 3797 684; x_wconf 66' lang='lat' dir='ltr'><strong>duo</strong></span> 
     </span>
    </p>
   </div>
   <div class='ocr_carea' id='block_1_18' title="bbox 2222 704 3803 789">
    <p class='ocr_par' dir='ltr' id='par_1_18' title="bbox 2222 704 3803 789">
     <span class='ocr_line' id='line_1_18' title="bbox 2222 704 3803 789; baseline 0.005 -24"><span class='ocrx_word' id='word_1_118' title='bbox 2222 709 2328 766; x_wconf 90' lang='lat' dir='ltr'><strong>bus</strong></span> <span class='ocrx_word' id='word_1_119' title='bbox 2348 711 2511 767; x_wconf 89' lang='lat' dir='ltr'><strong>annis</strong></span> <span class='ocrx_word' id='word_1_120' title='bbox 2538 711 2628 767; x_wconf 89' lang='lat' dir='ltr'><strong>hic</strong></span> <span class='ocrx_word' id='word_1_121' title='bbox 2649 729 2967 784; x_wconf 89' lang='lat' dir='ltr'><strong>permanes,</strong></span> <span class='ocrx_word' id='word_1_122' title='bbox 3000 720 3057 768; x_wconf 90' lang='lat' dir='ltr'><strong>et</strong></span> <span class='ocrx_word' id='word_1_123' title='bbox 3080 704 3369 787; x_wconf 82' lang='lat' dir='ltr'><strong>nunquam</strong></span> <span class='ocrx_word' id='word_1_124' title='bbox 3403 733 3470 771; x_wconf 82' lang='lat' dir='ltr'><strong>ex</strong></span> <span class='ocrx_word' id='word_1_125' title='bbox 3490 722 3547 771; x_wconf 91' lang='lat' dir='ltr'><strong>te</strong></span> <span class='ocrx_word' id='word_1_126' title='bbox 3573 719 3803 789; x_wconf 87' lang='lat' dir='ltr'><strong>gemitus</strong></span> 
     </span>
    </p>
   </div>
   <div class='ocr_carea' id='block_1_19' title="bbox 2224 801 3801 878">
    <p class='ocr_par' dir='ltr' id='par_1_19' title="bbox 2224 801 3801 878">
     <span class='ocr_line' id='line_1_19' title="bbox 2224 801 3801 878; baseline 0.004 -23"><span class='ocrx_word' id='word_1_127' title='bbox 2224 801 2308 856; x_wconf 90' lang='lat' dir='ltr'><strong>vel</strong></span> <span class='ocrx_word' id='word_1_128' title='bbox 2336 801 2551 856; x_wconf 89' lang='lat' dir='ltr'><strong>tristior</strong></span> <span class='ocrx_word' id='word_1_129' title='bbox 2579 819 2762 857; x_wconf 88' lang='lat' dir='ltr'><strong>sermo</strong></span> <span class='ocrx_word' id='word_1_130' title='bbox 2782 802 3025 875; x_wconf 41' lang='lat' dir='ltr'><strong>.auditus</strong></span> <span class='ocrx_word' id='word_1_131' title='bbox 3055 808 3142 859; x_wconf 88' lang='lat' dir='ltr'><strong>est</strong></span> <span class='ocrx_word' id='word_1_132' title='bbox 3172 822 3184 858; x_wconf 92' lang='lat'><strong>:</strong></span> <span class='ocrx_word' id='word_1_133' title='bbox 3218 821 3366 859; x_wconf 90' lang='lat' dir='ltr'><strong>nunc</strong></span> <span class='ocrx_word' id='word_1_134' title='bbox 3392 823 3523 861; x_wconf 88' lang='lat' dir='ltr'><strong>vero</strong></span> <span class='ocrx_word' id='word_1_135' title='bbox 3554 807 3690 878; x_wconf 92' lang='lat' dir='ltr'><strong>quid</strong></span> <span class='ocrx_word' id='word_1_136' title='bbox 3714 807 3801 862; x_wconf 86' lang='lat' dir='ltr'><strong>tibi</strong></span> 
     </span>
    </p>
   </div>
   <div class='ocr_carea' id='block_1_20' title="bbox 2223 891 3803 966">
    <p class='ocr_par' dir='ltr' id='par_1_20' title="bbox 2223 891 3803 966">
     <span class='ocr_line' id='line_1_20' title="bbox 2223 891 3803 966; baseline 0.005 -21"><span class='ocrx_word' id='word_1_137' title='bbox 2223 891 2538 962; x_wconf 87' lang='lat' dir='ltr'><strong>contigerit,</strong></span> <span class='ocrx_word' id='word_1_138' title='bbox 2580 893 2787 948; x_wconf 91' lang='lat' dir='ltr'><strong>nescio.</strong></span> <span class='ocrx_word' id='word_1_139' title='bbox 2836 893 2971 958; x_wconf 67' lang='lat' dir='ltr'><strong>Quae</strong></span> <span class='ocrx_word' id='word_1_140' title='bbox 3000 895 3292 966; x_wconf 90' lang='lat' dir='ltr'><strong>respondit</strong></span> <span class='ocrx_word' id='word_1_141' title='bbox 3328 896 3398 950; x_wconf 88' lang='lat' dir='ltr'><strong>ad</strong></span> <span class='ocrx_word' id='word_1_142' title='bbox 3432 913 3565 951; x_wconf 92' lang='lat' dir='ltr'><strong>eum</strong></span> <span class='ocrx_word' id='word_1_143' title='bbox 3600 916 3611 951; x_wconf 90' lang='lat'><strong>:</strong></span> <span class='ocrx_word' id='word_1_144' title='bbox 3642 899 3803 953; x_wconf 87' lang='lat' dir='ltr'><strong>Beata</strong></span> 
     </span>
    </p>
   </div>
   <div class='ocr_carea' id='block_1_21' title="bbox 2223 982 3804 1049">
    <p class='ocr_par' dir='ltr' id='par_1_21' title="bbox 2223 982 3804 1049">
     <span class='ocr_line' id='line_1_21' title="bbox 2223 982 3804 1049; baseline 0.005 -14"><span class='ocrx_word' id='word_1_145' title='bbox 2223 997 2425 1049; x_wconf 90' lang='lat' dir='ltr'><strong>essem,</strong></span> <span class='ocrx_word' id='word_1_146' title='bbox 2448 982 2495 1036; x_wconf 88' lang='lat' dir='ltr'><strong>si</strong></span> <span class='ocrx_word' id='word_1_147' title='bbox 2523 987 2655 1037; x_wconf 86' lang='lat' dir='ltr'><strong>ante</strong></span> <span class='ocrx_word' id='word_1_148' title='bbox 2684 982 2995 1038; x_wconf 87' lang='lat' dir='ltr'><strong>triennium</strong></span> <span class='ocrx_word' id='word_1_149' title='bbox 3025 984 3253 1039; x_wconf 87' lang='lat' dir='ltr'><strong>fuissem</strong></span> <span class='ocrx_word' id='word_1_150' title='bbox 3283 986 3563 1041; x_wconf 82' lang='lat' dir='ltr'><strong>defuncta.</strong></span> <span class='ocrx_word' id='word_1_151' title='bbox 3588 987 3673 1041; x_wconf 88' lang='lat' dir='ltr'><strong>Ad</strong></span> <span class='ocrx_word' id='word_1_152' title='bbox 3701 988 3804 1043; x_wconf 59' lang='lat' dir='ltr'><strong>hac</strong></span> 
     </span>
    </p>
   </div>
   <div class='ocr_carea' id='block_1_22' title="bbox 2220 1070 3804 1148">
    <p class='ocr_par' dir='ltr' id='par_1_22' title="bbox 2220 1070 3804 1148">
     <span class='ocr_line' id='line_1_22' title="bbox 2220 1070 3804 1148; baseline 0.004 -23"><span class='ocrx_word' id='word_1_153' title='bbox 2220 1070 2419 1126; x_wconf 90' lang='lat' dir='ltr'><strong>beatus</strong></span> <span class='ocrx_word' id='word_1_154' title='bbox 2448 1072 2651 1140; x_wconf 85' lang='lat' dir='ltr'><strong>senior,</strong></span> <span class='ocrx_word' id='word_1_155' title='bbox 2673 1090 2743 1128; x_wconf 90' lang='lat' dir='ltr'><strong>ne</strong></span> <span class='ocrx_word' id='word_1_156' title='bbox 2761 1080 3178 1145; x_wconf 85' lang='lat' dir='ltr'><strong>agnosceretur,</strong></span> <span class='ocrx_word' id='word_1_157' title='bbox 3201 1076 3372 1132; x_wconf 88' lang='lat' dir='ltr'><strong>veluti</strong></span> <span class='ocrx_word' id='word_1_158' title='bbox 3400 1094 3531 1132; x_wconf 91' lang='lat' dir='ltr'><strong>cum</strong></span> <span class='ocrx_word' id='word_1_159' title='bbox 3575 1078 3804 1148; x_wconf 86' lang='lat' dir='ltr'><strong>quadam</strong></span> 
     </span>
    </p>
   </div>
   <div class='ocr_carea' id='block_1_23' title="bbox 2222 1162 3804 1222">
    <p class='ocr_par' dir='ltr' id='par_1_23' title="bbox 2222 1162 3804 1222">
     <span class='ocr_line' id='line_1_23' title="bbox 2222 1162 3804 1222; baseline 0.004 -7"><span class='ocrx_word' id='word_1_160' title='bbox 2222 1162 2523 1216; x_wconf 88' lang='lat' dir='ltr'><strong>serenitate</strong></span> <span class='ocrx_word' id='word_1_161' title='bbox 2551 1162 2630 1217; x_wconf 91' lang='lat' dir='ltr'><strong>ait</strong></span> <span class='ocrx_word' id='word_1_162' title='bbox 2659 1162 2730 1218; x_wconf 89' lang='lat' dir='ltr'><strong>ad</strong></span> <span class='ocrx_word' id='word_1_163' title='bbox 2760 1179 2916 1217; x_wconf 87' lang='lat' dir='ltr'><strong>eam:</strong></span> <span class='ocrx_word' id='word_1_164' title='bbox 2950 1165 3113 1219; x_wconf 90' lang='lat' dir='ltr'><strong>Modo</strong></span> <span class='ocrx_word' id='word_1_165' title='bbox 3142 1182 3269 1220; x_wconf 91' lang='lat' dir='ltr'><strong>cum</strong></span> <span class='ocrx_word' id='word_1_166' title='bbox 3299 1167 3505 1221; x_wconf 68' lang='lat' dir='ltr'><strong>lzetitize</strong></span> <span class='ocrx_word' id='word_1_167' title='bbox 3529 1183 3632 1221; x_wconf 89' lang='lat' dir='ltr'><strong>nos</strong></span> <span class='ocrx_word' id='word_1_168' title='bbox 3648 1167 3804 1222; x_wconf 81' lang='lat' dir='ltr'><strong>inter-</strong></span> 
     </span>
    </p>
   </div>
   <div class='ocr_carea' id='block_1_24' title="bbox 2218 1256 3802 1323">
    <p class='ocr_par' dir='ltr' id='par_1_24' title="bbox 2218 1256 3802 1323">
     <span class='ocr_line' id='line_1_24' title="bbox 2218 1256 3802 1323; baseline 0.003 -16"><span class='ocrx_word' id='word_1_169' title='bbox 2218 1267 2433 1317; x_wconf 90' lang='lat' dir='ltr'><strong>sumus,</strong></span> <span class='ocrx_word' id='word_1_170' title='bbox 2448 1256 2510 1306; x_wconf 88' lang='lat' dir='ltr'><strong>tu</strong></span> <span class='ocrx_word' id='word_1_171' title='bbox 2534 1257 2761 1323; x_wconf 87' lang='lat' dir='ltr'><strong>peccata</strong></span> <span class='ocrx_word' id='word_1_172' title='bbox 2785 1259 2889 1308; x_wconf 93' lang='lat' dir='ltr'><strong>tua</strong></span> <span class='ocrx_word' id='word_1_173' title='bbox 2916 1270 3355 1310; x_wconf 87' lang='lat' dir='ltr'><strong>commemorare</strong></span> <span class='ocrx_word' id='word_1_174' title='bbox 3381 1256 3581 1311; x_wconf 86' lang='lat' dir='ltr'><strong>venisti</strong></span> <span class='ocrx_word' id='word_1_175' title='bbox 3608 1256 3699 1312; x_wconf 66' lang='grc' dir='ltr'><strong>ΤΟ</strong></span> <span class='ocrx_word' id='word_1_176' title='bbox 3719 1257 3802 1311; x_wconf 85' lang='lat' dir='ltr'><strong>ad-</strong></span> 
     </span>
    </p>
   </div>
   <div class='ocr_carea' id='block_1_25' title="bbox 2218 1341 3801 1416">
    <p class='ocr_par' dir='ltr' id='par_1_25' title="bbox 2218 1341 3801 1416">
     <span class='ocr_line' id='line_1_25' title="bbox 2218 1341 3801 1416; baseline 0.003 -22"><span class='ocrx_word' id='word_1_177' title='bbox 2218 1341 2477 1396; x_wconf 89' lang='lat' dir='ltr'><strong>miranda</strong></span> <span class='ocrx_word' id='word_1_178' title='bbox 2501 1341 2812 1397; x_wconf 75' lang='lat' dir='ltr'><strong>clementiae</strong></span> <span class='ocrx_word' id='word_1_179' title='bbox 2826 1348 2938 1398; x_wconf 81' lang='lat' dir='ltr'><strong>tuae</strong></span> <span class='ocrx_word' id='word_1_180' title='bbox 2966 1343 3325 1416; x_wconf 86' lang='lat' dir='ltr'><strong>dispensatio,</strong></span> <span class='ocrx_word' id='word_1_181' title='bbox 3350 1345 3500 1401; x_wconf 91' lang='lat' dir='ltr'><strong>Deus</strong></span> <span class='ocrx_word' id='word_1_182' title='bbox 3519 1346 3801 1401; x_wconf 82' lang='lat' dir='ltr'><strong>altissime!</strong></span> 
     </span>
    </p>
   </div>
   <div class='ocr_carea' id='block_1_26' title="bbox 2216 1432 3804 1504">
    <p class='ocr_par' dir='ltr' id='par_1_26' title="bbox 2216 1432 3804 1504">
     <span class='ocr_line' id='line_1_26' title="bbox 2216 1432 3804 1504; baseline 0.004 -19"><span class='ocrx_word' id='word_1_183' title='bbox 2216 1432 2465 1486; x_wconf 90' lang='lat' dir='ltr'><strong>Putasne</strong></span> <span class='ocrx_word' id='word_1_184' title='bbox 2509 1432 2697 1504; x_wconf 89' lang='lat' dir='ltr'><strong>puella</strong></span> <span class='ocrx_word' id='word_1_185' title='bbox 2736 1449 2850 1487; x_wconf 91' lang='lat' dir='ltr'><strong>non</strong></span> <span class='ocrx_word' id='word_1_186' title='bbox 2888 1433 3030 1487; x_wconf 85' lang='lat' dir='ltr'><strong>dixit</strong></span> <span class='ocrx_word' id='word_1_187' title='bbox 3053 1433 3109 1488; x_wconf 90' lang='lat' dir='ltr'><strong>in</strong></span> <span class='ocrx_word' id='word_1_188' title='bbox 3154 1435 3321 1489; x_wconf 91' lang='lat' dir='ltr'><strong>corde</strong></span> <span class='ocrx_word' id='word_1_189' title='bbox 3360 1452 3482 1503; x_wconf 91' lang='lat' dir='ltr'><strong>suo,</strong></span> <span class='ocrx_word' id='word_1_190' title='bbox 3526 1435 3804 1500; x_wconf 88' lang='lat' dir='ltr'><strong>Quomodo</strong></span> 
     </span>
    </p>
   </div>
   <div class='ocr_carea' id='block_1_27' title="bbox 2218 1522 3800 1596">
    <p class='ocr_par' dir='ltr' id='par_1_27' title="bbox 2218 1522 3800 1596">
     <span class='ocr_line' id='line_1_27' title="bbox 2218 1522 3800 1596; baseline 0.001 -21"><span class='ocrx_word' id='word_1_191' title='bbox 2218 1526 2475 1593; x_wconf 89' lang='lat' dir='ltr'><strong>aspectus</strong></span> <span class='ocrx_word' id='word_1_192' title='bbox 2505 1522 2608 1576; x_wconf 88' lang='lat' dir='ltr'><strong>viri</strong></span> <span class='ocrx_word' id='word_1_193' title='bbox 2635 1522 2822 1593; x_wconf 89' lang='lat' dir='ltr'><strong>hujus,</strong></span> <span class='ocrx_word' id='word_1_194' title='bbox 2856 1523 3043 1594; x_wconf 88' lang='lat' dir='ltr'><strong>patrui</strong></span> <span class='ocrx_word' id='word_1_195' title='bbox 3075 1524 3184 1578; x_wconf 88' lang='lat' dir='ltr'><strong>mei</strong></span> <span class='ocrx_word' id='word_1_196' title='bbox 3224 1530 3513 1596; x_wconf 88' lang='lat' dir='ltr'><strong>aspectum</strong></span> <span class='ocrx_word' id='word_1_197' title='bbox 3544 1526 3752 1580; x_wconf 87' lang='lat' dir='ltr'><strong>similat</strong></span> <span class='ocrx_word' id='word_1_198' title='bbox 3780 1526 3800 1577; x_wconf 66' lang='grc' dir='ltr'>Τ</span> 
     </span>
    </p>
   </div>
   <div class='ocr_carea' id='block_1_28' title="bbox 2220 1610 3803 1686">
    <p class='ocr_par' dir='ltr' id='par_1_28' title="bbox 2220 1610 3803 1686">
     <span class='ocr_line' id='line_1_28' title="bbox 2220 1610 3803 1686; baseline 0.003 -22"><span class='ocrx_word' id='word_1_199' title='bbox 2220 1610 2328 1665; x_wconf 92' lang='lat' dir='ltr'><strong>Sed</strong></span> <span class='ocrx_word' id='word_1_200' title='bbox 2358 1611 2510 1666; x_wconf 90' lang='lat' dir='ltr'><strong>solus</strong></span> <span class='ocrx_word' id='word_1_201' title='bbox 2530 1615 2592 1666; x_wconf 87' lang='lat' dir='ltr'><strong>tu</strong></span> <span class='ocrx_word' id='word_1_202' title='bbox 2617 1617 2837 1666; x_wconf 87' lang='lat' dir='ltr'><strong>amator</strong></span> <span class='ocrx_word' id='word_1_203' title='bbox 2857 1611 3170 1679; x_wconf 87' lang='lat' dir='ltr'><strong>hominum,</strong></span> <span class='ocrx_word' id='word_1_204' title='bbox 3194 1613 3362 1680; x_wconf 83' lang='lat' dir='ltr'><strong>Deus,</strong></span> <span class='ocrx_word' id='word_1_205' title='bbox 3399 1630 3434 1669; x_wconf 89' lang='lat' dir='ltr'><strong>a</strong></span> <span class='ocrx_word' id='word_1_206' title='bbox 3450 1630 3563 1686; x_wconf 92' lang='lat' dir='ltr'><strong>quo</strong></span> <span class='ocrx_word' id='word_1_207' title='bbox 3585 1620 3677 1669; x_wconf 90' lang='lat' dir='ltr'><strong>est</strong></span> <span class='ocrx_word' id='word_1_208' title='bbox 3702 1630 3803 1669; x_wconf 89' lang='lat' dir='ltr'><strong>om-</strong></span> 
     </span>
    </p>
   </div>
   <div class='ocr_carea' id='block_1_29' title="bbox 540 1698 2139 1786">
    <p class='ocr_par' dir='ltr' id='par_1_29' title="bbox 540 1698 2133 1786">
     <span class='ocr_line' id='line_1_29' title="bbox 540 1698 2133 1786; baseline -0.004 -12"><span class='ocrx_word' id='word_1_209' title='bbox 540 1698 722 1774; x_wconf 34' lang='lat' dir='ltr'><strong>sedvet</strong></span> <span class='ocrx_word' id='word_1_210' title='bbox 769 1698 1015 1773; x_wconf 82' lang='lat' dir='ltr'><strong>solidum</strong></span> <span class='ocrx_word' id='word_1_211' title='bbox 1044 1717 1405 1772; x_wconf 88' lang='lat' dir='ltr'><strong>denariorum</strong></span> <span class='ocrx_word' id='word_1_212' title='bbox 1430 1732 1608 1771; x_wconf 89' lang='lat' dir='ltr'><strong>unum</strong></span> <span class='ocrx_word' id='word_1_213' title='bbox 1654 1731 1844 1769; x_wconf 91' lang='lat' dir='ltr'><strong>secum</strong></span> <span class='ocrx_word' id='word_1_214' title='bbox 1882 1718 2133 1786; x_wconf 84' lang='lat' dir='ltr'><strong>portans,</strong></span> 
     </span>
    </p>
   </div>
   <div class='ocr_carea' id='block_1_30' title="bbox 2225 1698 3808 1786">
    <p class='ocr_par' dir='ltr' id='par_1_30' title="bbox 2225 1698 3808 1775">
     <span class='ocr_line' id='line_1_30' title="bbox 2225 1698 3808 1775; baseline 0.002 -21"><span class='ocrx_word' id='word_1_215' title='bbox 2225 1700 2306 1753; x_wconf 88' lang='lat' dir='ltr'><strong>nis</strong></span> <span class='ocrx_word' id='word_1_216' title='bbox 2336 1698 2485 1755; x_wconf 91' lang='lat' dir='ltr'><strong>bona</strong></span> <span class='ocrx_word' id='word_1_217' title='bbox 2512 1700 2809 1772; x_wconf 88' lang='lat' dir='ltr'><strong>sapientia,</strong></span> <span class='ocrx_word' id='word_1_218' title='bbox 2843 1700 2925 1755; x_wconf 86' lang='lat' dir='ltr'><strong>ita</strong></span> <span class='ocrx_word' id='word_1_219' title='bbox 2960 1701 3318 1773; x_wconf 85' lang='lat' dir='ltr'><strong>dispensasti,</strong></span> <span class='ocrx_word' id='word_1_220' title='bbox 3351 1719 3421 1758; x_wconf 90' lang='lat' dir='ltr'><strong>ne</strong></span> <span class='ocrx_word' id='word_1_221' title='bbox 3462 1720 3593 1758; x_wconf 92' lang='lat' dir='ltr'><strong>eum</strong></span> <span class='ocrx_word' id='word_1_222' title='bbox 3634 1710 3808 1775; x_wconf 83' lang='lat' dir='ltr'><strong>posset</strong></span> 
     </span>
    </p>
   </div>
   <div class='ocr_carea' id='block_1_31' title="bbox 535 1789 3803 1879">
    <p class='ocr_par' dir='ltr' id='par_1_31' title="bbox 535 1789 3803 1879">
     <span class='ocr_line' id='line_1_31' title="bbox 535 1789 3803 1879; baseline -0.005 -15"><span class='ocrx_word' id='word_1_223' title='bbox 535 1807 956 1879; x_wconf 88' lang='lat' dir='ltr'><strong>ascendensque</strong></span> <span class='ocrx_word' id='word_1_224' title='bbox 967 1822 1193 1878; x_wconf 90' lang='lat' dir='ltr'><strong>equum,</strong></span> <span class='ocrx_word' id='word_1_225' title='bbox 1213 1805 1463 1861; x_wconf 90' lang='lat' dir='ltr'><strong>concitus</strong></span> <span class='ocrx_word' id='word_1_226' title='bbox 1482 1803 2137 1877; x_wconf 83' lang='lat' dir='ltr'><strong>praperabat.Tanquam</strong></span> <span class='ocrx_word' id='word_1_227' title='bbox 2219 1805 2544 1879; x_wconf 46' lang='lat'><strong>380030878,</strong></span> <span class='ocrx_word' id='word_1_228' title='bbox 2579 1794 2637 1845; x_wconf 73' lang='lat' dir='ltr'><strong>et</strong></span> <span class='ocrx_word' id='word_1_229' title='bbox 2663 1789 2899 1845; x_wconf 73' lang='lat' dir='ltr'><strong>fortasse</strong></span> <span class='ocrx_word' id='word_1_230' title='bbox 2921 1791 3245 1846; x_wconf 71' lang='lat' dir='ltr'><strong>confusione</strong></span> <span class='ocrx_word' id='word_1_231' title='bbox 3264 1791 3494 1847; x_wconf 83' lang='lat' dir='ltr'><strong>turbata</strong></span> <span class='ocrx_word' id='word_1_232' title='bbox 3522 1793 3803 1865; x_wconf 69' lang='lat' dir='ltr'><strong>elfugeret.</strong></span> 
     </span>
    </p>
   </div>
   <div class='ocr_carea' id='block_1_32' title="bbox 536 1877 2139 1969">
    <p class='ocr_par' dir='ltr' id='par_1_32' title="bbox 536 1877 2133 1969">
     <span class='ocr_line' id='line_1_32' title="bbox 536 1877 2133 1969; baseline -0.004 -17"><span class='ocrx_word' id='word_1_233' title='bbox 536 1896 817 1969; x_wconf 79' lang='lat' dir='ltr'><strong>quispiam</strong></span> <span class='ocrx_word' id='word_1_234' title='bbox 862 1877 1105 1967; x_wconf 70' lang='lat' dir='ltr'><strong>patriam</strong></span> <span class='ocrx_word' id='word_1_235' title='bbox 1134 1877 1435 1966; x_wconf 88' lang='lat' dir='ltr'><strong>cujuslibet</strong></span> <span class='ocrx_word' id='word_1_236' title='bbox 1466 1894 1553 1949; x_wconf 90' lang='lat' dir='ltr'><strong>vel</strong></span> <span class='ocrx_word' id='word_1_237' title='bbox 1585 1893 1868 1949; x_wconf 89' lang='lat' dir='ltr'><strong>civitatem</strong></span> <span class='ocrx_word' id='word_1_238' title='bbox 1901 1893 2133 1964; x_wconf 90' lang='lat' dir='ltr'><strong>cupiens</strong></span> 
     </span>
    </p>
   </div>
   <div class='ocr_carea' id='block_1_33' title="bbox 2225 1877 3808 1969">
    <p class='ocr_par' dir='ltr' id='par_1_33' title="bbox 2225 1877 3808 1954">
     <span class='ocr_line' id='line_1_33' title="bbox 2225 1877 3808 1954; baseline 0.004 -22"><span class='ocrx_word' id='word_1_239' title='bbox 2225 1877 2337 1933; x_wconf 82' lang='lat' dir='ltr'><strong>Hoc</strong></span> <span class='ocrx_word' id='word_1_240' title='bbox 2363 1884 2553 1934; x_wconf 89' lang='lat' dir='ltr'><strong>autem</strong></span> <span class='ocrx_word' id='word_1_241' title='bbox 2580 1895 2692 1934; x_wconf 90' lang='lat' dir='ltr'><strong>non</strong></span> <span class='ocrx_word' id='word_1_242' title='bbox 2722 1879 2793 1934; x_wconf 95' lang='lat' dir='ltr'><strong>ob</strong></span> <span class='ocrx_word' id='word_1_243' title='bbox 2821 1880 2976 1935; x_wconf 91' lang='lat' dir='ltr'><strong>aliud</strong></span> <span class='ocrx_word' id='word_1_244' title='bbox 3004 1886 3091 1935; x_wconf 89' lang='lat' dir='ltr'><strong>est</strong></span> <span class='ocrx_word' id='word_1_245' title='bbox 3122 1880 3482 1950; x_wconf 89' lang='lat' dir='ltr'><strong>credendum,</strong></span> <span class='ocrx_word' id='word_1_246' title='bbox 3527 1882 3642 1937; x_wconf 87' lang='lat' dir='ltr'><strong>nisi</strong></span> <span class='ocrx_word' id='word_1_247' title='bbox 3690 1883 3808 1954; x_wconf 86' lang='lat' dir='ltr'><strong>quia</strong></span> 
     </span>
    </p>
   </div>
   <div class='ocr_carea' id='block_1_34' title="bbox 535 1968 2139 2058">
    <p class='ocr_par' dir='ltr' id='par_1_34' title="bbox 535 1968 2130 2058">
     <span class='ocr_line' id='line_1_34' title="bbox 535 1968 2130 2058; baseline -0.003 -18"><span class='ocrx_word' id='word_1_248' title='bbox 535 1968 843 2058; x_wconf 87' lang='lat' dir='ltr'><strong>explorare,</strong></span> <span class='ocrx_word' id='word_1_249' title='bbox 882 1983 1138 2040; x_wconf 91' lang='lat' dir='ltr'><strong>habitum</strong></span> <span class='ocrx_word' id='word_1_250' title='bbox 1165 1984 1476 2039; x_wconf 88' lang='lat' dir='ltr'><strong>incolarum</strong></span> <span class='ocrx_word' id='word_1_251' title='bbox 1514 1983 1624 2038; x_wconf 93' lang='lat' dir='ltr'><strong>loci</strong></span> <span class='ocrx_word' id='word_1_252' title='bbox 1653 1983 1823 2051; x_wconf 90' lang='lat' dir='ltr'><strong>illius,</strong></span> <span class='ocrx_word' id='word_1_253' title='bbox 1867 2000 1938 2037; x_wconf 92' lang='lat' dir='ltr'><strong>ne</strong></span> <span class='ocrx_word' id='word_1_254' title='bbox 1968 1982 2130 2037; x_wconf 85' lang='lat' dir='ltr'><strong>facile</strong></span> 
     </span>
    </p>
   </div>
   <div class='ocr_carea' id='block_1_35' title="bbox 2225 1968 3805 2058">
    <p class='ocr_par' dir='ltr' id='par_1_35' title="bbox 2225 1968 3805 2044">
     <span class='ocr_line' id='line_1_35' title="bbox 2225 1968 3805 2044; baseline 0.003 -22"><span class='ocrx_word' id='word_1_255' title='bbox 2225 1969 2475 2040; x_wconf 75' lang='lat' dir='ltr'><strong>lacrymze</strong></span> <span class='ocrx_word' id='word_1_256' title='bbox 2504 1968 2701 2023; x_wconf 89' lang='lat' dir='ltr'><strong>famuli</strong></span> <span class='ocrx_word' id='word_1_257' title='bbox 2722 1969 2827 2037; x_wconf 91' lang='lat' dir='ltr'><strong>tui,</strong></span> <span class='ocrx_word' id='word_1_258' title='bbox 2861 1970 3051 2041; x_wconf 89' lang='lat' dir='ltr'><strong>patrui</strong></span> <span class='ocrx_word' id='word_1_259' title='bbox 3081 1972 3222 2042; x_wconf 88' lang='lat' dir='ltr'><strong>ejus,</strong></span> <span class='ocrx_word' id='word_1_260' title='bbox 3257 1972 3647 2043; x_wconf 87' lang='lat' dir='ltr'><strong>hujuscemodi</strong></span> <span class='ocrx_word' id='word_1_261' title='bbox 3669 1972 3805 2044; x_wconf 86' lang='lat' dir='ltr'><strong>apud</strong></span> 
     </span>
    </p>
   </div>
   <div class='ocr_carea' id='block_1_36' title="bbox 536 2058 2139 2147">
    <p class='ocr_par' dir='ltr' id='par_1_36' title="bbox 536 2072 2131 2147">
     <span class='ocr_line' id='line_1_36' title="bbox 536 2072 2131 2147; baseline -0.002 -17"><span class='ocrx_word' id='word_1_262' title='bbox 536 2080 891 2147; x_wconf 88' lang='lat' dir='ltr'><strong>agnoscatur,</strong></span> <span class='ocrx_word' id='word_1_263' title='bbox 925 2073 1189 2129; x_wconf 87' lang='lat' dir='ltr'><strong>assumit:</strong></span> <span class='ocrx_word' id='word_1_264' title='bbox 1222 2074 1301 2129; x_wconf 91' lang='lat' dir='ltr'><strong>sic</strong></span> <span class='ocrx_word' id='word_1_265' title='bbox 1331 2073 1533 2129; x_wconf 87' lang='lat' dir='ltr'><strong>beatus</strong></span> <span class='ocrx_word' id='word_1_266' title='bbox 1577 2073 1684 2129; x_wconf 92' lang='lat' dir='ltr'><strong>iste</strong></span> <span class='ocrx_word' id='word_1_267' title='bbox 1711 2072 1997 2127; x_wconf 86' lang='lat' dir='ltr'><strong>Abraham</strong></span> <span class='ocrx_word' id='word_1_268' title='bbox 2020 2072 2131 2127; x_wconf 85' lang='lat' dir='ltr'><strong>ini-</strong></span> 
     </span>
    </p>
   </div>
   <div class='ocr_carea' id='block_1_37' title="bbox 2225 2058 3812 2147">
    <p class='ocr_par' dir='ltr' id='par_1_37' title="bbox 2225 2058 3812 2147">
     <span class='ocr_line' id='line_1_37' title="bbox 2225 2058 3812 2147; baseline 0.004 -36"><span class='ocrx_word' id='word_1_269' title='bbox 2225 2061 2336 2147; x_wconf 66' lang='grc' dir='ltr'>ια</span> <span class='ocrx_word' id='word_1_270' title='bbox 2351 2062 2395 2124; x_wconf 85' lang='grc' dir='ltr'>ι</span> <span class='ocrx_word' id='word_1_271' title='bbox 2430 2063 2487 2113; x_wconf 89' lang='lat' dir='ltr'><strong>te</strong></span> <span class='ocrx_word' id='word_1_272' title='bbox 2516 2058 2812 2114; x_wconf 90' lang='lat' dir='ltr'><strong>obtinuere</strong></span> <span class='ocrx_word' id='word_1_273' title='bbox 2842 2059 3046 2126; x_wconf 89' lang='lat' dir='ltr'><strong>locum,</strong></span> <span class='ocrx_word' id='word_1_274' title='bbox 3068 2067 3133 2115; x_wconf 92' lang='lat' dir='ltr'><strong>ut</strong></span> <span class='ocrx_word' id='word_1_275' title='bbox 3156 2077 3221 2115; x_wconf 82' lang='lat' dir='ltr'><strong>ex</strong></span> <span class='ocrx_word' id='word_1_276' title='bbox 3235 2060 3677 2133; x_wconf 88' lang='lat' dir='ltr'><strong>impossibilibus</strong></span> <span class='ocrx_word' id='word_1_277' title='bbox 3698 2074 3812 2134; x_wconf 84' lang='lat' dir='ltr'><strong>pos&#39;</strong></span> 
     </span>
    </p>
   </div>
   <div class='ocr_carea' id='block_1_38' title="bbox 536 2146 3802 2234">
    <p class='ocr_par' dir='ltr' id='par_1_38' title="bbox 536 2146 3802 2234">
     <span class='ocr_line' id='line_1_38' title="bbox 536 2146 3802 2234; baseline 0.001 -32"><span class='ocrx_word' id='word_1_278' title='bbox 536 2146 666 2219; x_wconf 60' lang='grc' dir='ltr'><strong>,τίίοί</strong></span> <span class='ocrx_word' id='word_1_279' title='bbox 691 2163 908 2231; x_wconf 57' lang='lat' dir='ltr'><strong>habitu,</strong></span> <span class='ocrx_word' id='word_1_280' title='bbox 942 2170 1009 2219; x_wconf 67' lang='grc' dir='ltr'><strong>ιιι</strong></span> <span class='ocrx_word' id='word_1_281' title='bbox 1045 2180 1174 2219; x_wconf 71' lang='lat' dir='ltr'><strong>eum</strong></span> <span class='ocrx_word' id='word_1_282' title='bbox 1202 2163 1263 2217; x_wconf 73' lang='lat' dir='ltr'>in</span> <span class='ocrx_word' id='word_1_283' title='bbox 1312 2162 1506 2234; x_wconf 71' lang='lat' dir='ltr'><strong>fugam</strong></span> <span class='ocrx_word' id='word_1_284' title='bbox 1541 2167 1802 2229; x_wconf 56' lang='lat' dir='ltr'><strong>verteret,</strong></span> <span class='ocrx_word' id='word_1_285' title='bbox 1844 2161 2129 2217; x_wconf 49' lang='lat' dir='ltr'><strong>utebatur,</strong></span> <span class='ocrx_word' id='word_1_286' title='bbox 2218 2146 2405 2203; x_wconf 88' lang='lat' dir='ltr'><strong>sibilia</strong></span> <span class='ocrx_word' id='word_1_287' title='bbox 2430 2148 2613 2204; x_wconf 89' lang='lat' dir='ltr'><strong>facere</strong></span> <span class='ocrx_word' id='word_1_288' title='bbox 2638 2149 2970 2219; x_wconf 81' lang='lat' dir='ltr'><strong>dignareris.</strong></span> <span class='ocrx_word' id='word_1_289' title='bbox 3015 2150 3308 2205; x_wconf 86' lang='lat' dir='ltr'><strong>Proferens</strong></span> <span class='ocrx_word' id='word_1_290' title='bbox 3349 2151 3544 2223; x_wconf 88' lang='lat' dir='ltr'><strong>itaque</strong></span> <span class='ocrx_word' id='word_1_291' title='bbox 3581 2157 3802 2207; x_wconf 89' lang='lat' dir='ltr'><strong>sanctus</strong></span> 
     </span>
    </p>
   </div>
   <div class='ocr_carea' id='block_1_39' title="bbox 536 2252 2139 2325">
    <p class='ocr_par' dir='ltr' id='par_1_39' title="bbox 536 2252 2139 2325">
     <span class='ocr_line' id='line_1_39' title="bbox 536 2252 2139 2325; baseline -0.001 -18"><span class='ocrx_word' id='word_1_292' title='bbox 536 2253 739 2309; x_wconf 88' lang='lat' dir='ltr'><strong>Venite</strong></span> <span class='ocrx_word' id='word_1_293' title='bbox 753 2253 949 2325; x_wconf 81' lang='lat' dir='ltr'><strong>igitur,</strong></span> <span class='ocrx_word' id='word_1_294' title='bbox 965 2252 1343 2316; x_wconf 77' lang='lat' dir='ltr'><strong>admiremini,</strong></span> <span class='ocrx_word' id='word_1_295' title='bbox 1370 2252 1719 2307; x_wconf 89' lang='lat' dir='ltr'><strong>dilectissimi</strong></span> <span class='ocrx_word' id='word_1_296' title='bbox 1737 2252 1959 2319; x_wconf 88' lang='lat' dir='ltr'><strong>fratres,</strong></span> <span class='ocrx_word' id='word_1_297' title='bbox 1990 2252 2139 2306; x_wconf 91' lang='lat' dir='ltr'><strong>hunc</strong></span> 
     </span>
    </p>
   </div>
   <div class='ocr_carea' id='block_1_40' title="bbox 535 2341 2138 2413">
    <p class='ocr_par' dir='ltr' id='par_1_40' title="bbox 535 2341 2138 2413">
     <span class='ocr_line' id='line_1_40' title="bbox 535 2341 2138 2413; baseline -0.002 -16"><span class='ocrx_word' id='word_1_298' title='bbox 535 2343 843 2398; x_wconf 90' lang='lat' dir='ltr'><strong>secundum</strong></span> <span class='ocrx_word' id='word_1_299' title='bbox 853 2341 1392 2397; x_wconf 90' lang='lat' dir='ltr'><strong>Abraham.Primus</strong></span> <span class='ocrx_word' id='word_1_300' title='bbox 1407 2341 1633 2413; x_wconf 89' lang='lat' dir='ltr'><strong>quidem</strong></span> <span class='ocrx_word' id='word_1_301' title='bbox 1647 2341 1931 2395; x_wconf 89' lang='lat' dir='ltr'><strong>Abraham</strong></span> <span class='ocrx_word' id='word_1_302' title='bbox 1947 2357 2138 2411; x_wconf 89' lang='lat' dir='ltr'><strong>egres-</strong></span> 
     </span>
    </p>
   </div>
   <div class='ocr_carea' id='block_1_41' title="bbox 532 2430 2139 2504">
    <p class='ocr_par' dir='ltr' id='par_1_41' title="bbox 532 2430 2139 2504">
     <span class='ocr_line' id='line_1_41' title="bbox 532 2430 2139 2504; baseline -0.001 -18"><span class='ocrx_word' id='word_1_303' title='bbox 532 2446 630 2487; x_wconf 87' lang='lat' dir='ltr'><strong>sus</strong></span> <span class='ocrx_word' id='word_1_304' title='bbox 657 2431 728 2487; x_wconf 91' lang='lat' dir='ltr'><strong>ad</strong></span> <span class='ocrx_word' id='word_1_305' title='bbox 752 2431 1008 2504; x_wconf 69' lang='lat' dir='ltr'><strong>praelium</strong></span> <span class='ocrx_word' id='word_1_306' title='bbox 1036 2447 1255 2503; x_wconf 91' lang='lat' dir='ltr'><strong>regum,</strong></span> <span class='ocrx_word' id='word_1_307' title='bbox 1288 2430 1719 2503; x_wconf 88' lang='lat' dir='ltr'><strong>percutiensque</strong></span> <span class='ocrx_word' id='word_1_308' title='bbox 1741 2447 1857 2497; x_wconf 86' lang='lat' dir='ltr'><strong>eos,</strong></span> <span class='ocrx_word' id='word_1_309' title='bbox 1876 2430 2022 2485; x_wconf 87' lang='lat' dir='ltr'><strong>Loth</strong></span> <span class='ocrx_word' id='word_1_310' title='bbox 2045 2447 2139 2485; x_wconf 86' lang='lat' dir='ltr'><strong>ne-</strong></span> 
     </span>
    </p>
   </div>
   <div class='ocr_carea' id='block_1_42' title="bbox 534 2519 2139 2592">
    <p class='ocr_par' dir='ltr' id='par_1_42' title="bbox 534 2519 2139 2592">
     <span class='ocr_line' id='line_1_42' title="bbox 534 2519 2139 2592; baseline -0.002 -16"><span class='ocrx_word' id='word_1_311' title='bbox 534 2526 723 2592; x_wconf 89' lang='lat' dir='ltr'><strong>potem</strong></span> <span class='ocrx_word' id='word_1_312' title='bbox 753 2537 917 2577; x_wconf 90' lang='lat' dir='ltr'><strong>suum</strong></span> <span class='ocrx_word' id='word_1_313' title='bbox 954 2520 1201 2576; x_wconf 85' lang='lat' dir='ltr'><strong>reduxit:</strong></span> <span class='ocrx_word' id='word_1_314' title='bbox 1245 2520 1335 2575; x_wconf 91' lang='lat' dir='ltr'><strong>hic</strong></span> <span class='ocrx_word' id='word_1_315' title='bbox 1364 2537 1494 2575; x_wconf 92' lang='lat' dir='ltr'><strong>vero</strong></span> <span class='ocrx_word' id='word_1_316' title='bbox 1532 2520 1810 2576; x_wconf 89' lang='lat' dir='ltr'><strong>secundus</strong></span> <span class='ocrx_word' id='word_1_317' title='bbox 1850 2519 2139 2574; x_wconf 80' lang='lat' dir='ltr'><strong>Abraham</strong></span> 
     </span>
    </p>
   </div>
   <div class='ocr_carea' id='block_1_43' title="bbox 534 2608 2135 2682">
    <p class='ocr_par' dir='ltr' id='par_1_43' title="bbox 534 2608 2135 2682">
     <span class='ocr_line' id='line_1_43' title="bbox 534 2608 2135 2682; baseline -0.001 -17"><span class='ocrx_word' id='word_1_318' title='bbox 534 2615 731 2665; x_wconf 91' lang='lat' dir='ltr'><strong>contra</strong></span> <span class='ocrx_word' id='word_1_319' title='bbox 762 2609 1049 2665; x_wconf 87' lang='lat' dir='ltr'><strong>diabolum</strong></span> <span class='ocrx_word' id='word_1_320' title='bbox 1076 2610 1357 2682; x_wconf 86' lang='lat' dir='ltr'><strong>profectus</strong></span> <span class='ocrx_word' id='word_1_321' title='bbox 1384 2616 1471 2665; x_wconf 90' lang='lat' dir='ltr'><strong>est</strong></span> <span class='ocrx_word' id='word_1_322' title='bbox 1489 2610 1561 2664; x_wconf 90' lang='lat' dir='ltr'><strong>ad</strong></span> <span class='ocrx_word' id='word_1_323' title='bbox 1588 2608 1819 2675; x_wconf 91' lang='lat' dir='ltr'><strong>bellum,</strong></span> <span class='ocrx_word' id='word_1_324' title='bbox 1844 2614 1909 2664; x_wconf 91' lang='lat' dir='ltr'><strong>ut</strong></span> <span class='ocrx_word' id='word_1_325' title='bbox 1939 2626 2004 2663; x_wconf 90' lang='lat' dir='ltr'><strong>eo</strong></span> <span class='ocrx_word' id='word_1_326' title='bbox 2036 2609 2135 2664; x_wconf 83' lang='lat' dir='ltr'><strong>de—</strong></span> 
     </span>
    </p>
   </div>
   <div class='ocr_carea' id='block_1_44' title="bbox 535 2698 2133 2770">
    <p class='ocr_par' dir='ltr' id='par_1_44' title="bbox 535 2698 2133 2770">
     <span class='ocr_line' id='line_1_44' title="bbox 535 2698 2133 2770; baseline 0.001 -20"><span class='ocrx_word' id='word_1_327' title='bbox 535 2698 933 2770; x_wconf 88' lang='lat' dir='ltr'><strong>victo,neptem</strong></span> <span class='ocrx_word' id='word_1_328' title='bbox 954 2715 1117 2754; x_wconf 89' lang='lat' dir='ltr'><strong>suam</strong></span> <span class='ocrx_word' id='word_1_329' title='bbox 1134 2715 1263 2753; x_wconf 90' lang='lat' dir='ltr'><strong>cum</strong></span> <span class='ocrx_word' id='word_1_330' title='bbox 1284 2699 1487 2770; x_wconf 90' lang='lat' dir='ltr'><strong>majori</strong></span> <span class='ocrx_word' id='word_1_331' title='bbox 1519 2699 1809 2770; x_wconf 91' lang='lat' dir='ltr'><strong>triumpho</strong></span> <span class='ocrx_word' id='word_1_332' title='bbox 1827 2704 2133 2753; x_wconf 88' lang='lat' dir='ltr'><strong>revocaret.</strong></span> 
     </span>
    </p>
   </div>
   <div class='ocr_carea' id='block_1_45' title="bbox 609 2787 2134 2859">
    <p class='ocr_par' dir='ltr' id='par_1_45' title="bbox 609 2787 2134 2859">
     <span class='ocr_line' id='line_1_45' title="bbox 609 2787 2134 2859; baseline -0.001 -16"><span class='ocrx_word' id='word_1_333' title='bbox 609 2788 808 2859; x_wconf 86' lang='lat' dir='ltr'><strong>Itaque</strong></span> <span class='ocrx_word' id='word_1_334' title='bbox 836 2803 966 2843; x_wconf 91' lang='lat' dir='ltr'><strong>cum</strong></span> <span class='ocrx_word' id='word_1_335' title='bbox 990 2787 1334 2859; x_wconf 88' lang='lat' dir='ltr'><strong>pervenisset</strong></span> <span class='ocrx_word' id='word_1_336' title='bbox 1362 2788 1433 2842; x_wconf 94' lang='lat' dir='ltr'><strong>ad</strong></span> <span class='ocrx_word' id='word_1_337' title='bbox 1463 2788 1650 2843; x_wconf 91' lang='lat' dir='ltr'><strong>locum</strong></span> <span class='ocrx_word' id='word_1_338' title='bbox 1681 2787 1909 2841; x_wconf 89' lang='lat' dir='ltr'><strong>divertit</strong></span> <span class='ocrx_word' id='word_1_339' title='bbox 1927 2787 1986 2841; x_wconf 91' lang='lat' dir='ltr'><strong>in</strong></span> <span class='ocrx_word' id='word_1_340' title='bbox 2017 2793 2134 2842; x_wconf 90' lang='lat' dir='ltr'><strong>sta-</strong></span> 
     </span>
    </p>
   </div>
   <div class='ocr_carea' id='block_1_46' title="bbox 538 2875 2136 2949">
    <p class='ocr_par' dir='ltr' id='par_1_46' title="bbox 538 2875 2136 2949">
     <span class='ocr_line' id='line_1_46' title="bbox 538 2875 2136 2949; baseline -0.001 -15"><span class='ocrx_word' id='word_1_341' title='bbox 538 2875 775 2946; x_wconf 87' lang='lat' dir='ltr'><strong>bulum;</strong></span> <span class='ocrx_word' id='word_1_342' title='bbox 813 2894 877 2932; x_wconf 90' lang='lat' dir='ltr'><strong>ac</strong></span> <span class='ocrx_word' id='word_1_343' title='bbox 913 2875 1165 2932; x_wconf 85' lang='lat' dir='ltr'><strong>sollicitis</strong></span> <span class='ocrx_word' id='word_1_344' title='bbox 1208 2876 1383 2931; x_wconf 92' lang='lat' dir='ltr'><strong>oculis</strong></span> <span class='ocrx_word' id='word_1_345' title='bbox 1400 2877 1512 2932; x_wconf 90' lang='lat' dir='ltr'><strong>huc</strong></span> <span class='ocrx_word' id='word_1_346' title='bbox 1548 2882 1720 2949; x_wconf 90' lang='lat' dir='ltr'><strong>atque</strong></span> <span class='ocrx_word' id='word_1_347' title='bbox 1742 2876 1873 2931; x_wconf 89' lang='lat' dir='ltr'><strong>illuc</strong></span> <span class='ocrx_word' id='word_1_348' title='bbox 1901 2877 2136 2932; x_wconf 89' lang='lat' dir='ltr'><strong>circum-</strong></span> 
     </span>
    </p>
   </div>
   <div class='ocr_carea' id='block_1_47' title="bbox 539 2965 2136 3040">
    <p class='ocr_par' dir='ltr' id='par_1_47' title="bbox 539 2965 2136 3040">
     <span class='ocr_line' id='line_1_47' title="bbox 539 2965 2136 3040; baseline -0.001 -18"><span class='ocrx_word' id='word_1_349' title='bbox 539 2967 800 3040; x_wconf 89' lang='lat' dir='ltr'><strong>spiciens,</strong></span> <span class='ocrx_word' id='word_1_350' title='bbox 834 2970 899 3022; x_wconf 90' lang='lat' dir='ltr'><strong>ut</strong></span> <span class='ocrx_word' id='word_1_351' title='bbox 926 2982 1052 3021; x_wconf 89' lang='lat' dir='ltr'><strong>eam</strong></span> <span class='ocrx_word' id='word_1_352' title='bbox 1082 2966 1315 3033; x_wconf 90' lang='lat' dir='ltr'><strong>videret,</strong></span> <span class='ocrx_word' id='word_1_353' title='bbox 1349 2965 1729 3038; x_wconf 87' lang='lat' dir='ltr'><strong>perquirebat.</strong></span> <span class='ocrx_word' id='word_1_354' title='bbox 1764 2966 1979 3021; x_wconf 91' lang='lat' dir='ltr'><strong>Deinde</strong></span> <span class='ocrx_word' id='word_1_355' title='bbox 2009 2983 2136 3022; x_wconf 92' lang='lat' dir='ltr'><strong>cum</strong></span> 
     </span>
    </p>
   </div>
   <div class='ocr_carea' id='block_1_48' title="bbox 538 3054 2139 3128">
    <p class='ocr_par' dir='ltr' id='par_1_48' title="bbox 538 3054 2139 3128">
     <span class='ocr_line' id='line_1_48' title="bbox 538 3054 2139 3128; baseline -0.001 -17"><span class='ocrx_word' id='word_1_356' title='bbox 538 3057 715 3111; x_wconf 87' lang='lat' dir='ltr'><strong>multa</strong></span> <span class='ocrx_word' id='word_1_357' title='bbox 736 3056 874 3111; x_wconf 89' lang='lat' dir='ltr'><strong>hora</strong></span> <span class='ocrx_word' id='word_1_358' title='bbox 895 3054 1252 3128; x_wconf 67' lang='lat' dir='ltr'><strong>praeterisset,</strong></span> <span class='ocrx_word' id='word_1_359' title='bbox 1292 3062 1349 3110; x_wconf 91' lang='lat' dir='ltr'><strong>et</strong></span> <span class='ocrx_word' id='word_1_360' title='bbox 1375 3054 1600 3109; x_wconf 78' lang='lat' dir='ltr'><strong>videndi</strong></span> <span class='ocrx_word' id='word_1_361' title='bbox 1629 3071 1755 3109; x_wconf 93' lang='lat' dir='ltr'><strong>eam</strong></span> <span class='ocrx_word' id='word_1_362' title='bbox 1775 3054 2007 3110; x_wconf 92' lang='lat' dir='ltr'><strong>minime</strong></span> <span class='ocrx_word' id='word_1_363' title='bbox 2030 3055 2139 3110; x_wconf 90' lang='lat' dir='ltr'><strong>tri-</strong></span> 
     </span>
    </p>
   </div>
   <div class='ocr_carea' id='block_1_49' title="bbox 534 3143 2131 3212">
    <p class='ocr_par' dir='ltr' id='par_1_49' title="bbox 534 3143 2131 3212">
     <span class='ocr_line' id='line_1_49' title="bbox 534 3143 2131 3212; baseline -0.001 -12"><span class='ocrx_word' id='word_1_364' title='bbox 534 3146 804 3203; x_wconf 89' lang='lat' dir='ltr'><strong>bueretur</strong></span> <span class='ocrx_word' id='word_1_365' title='bbox 848 3143 1083 3212; x_wconf 87' lang='lat' dir='ltr'><strong>occasio,</strong></span> <span class='ocrx_word' id='word_1_366' title='bbox 1116 3144 1436 3211; x_wconf 89' lang='lat' dir='ltr'><strong>subridens,</strong></span> <span class='ocrx_word' id='word_1_367' title='bbox 1480 3144 1560 3199; x_wconf 89' lang='lat' dir='ltr'><strong>ait</strong></span> <span class='ocrx_word' id='word_1_368' title='bbox 1602 3145 1671 3198; x_wconf 89' lang='lat' dir='ltr'><strong>ad</strong></span> <span class='ocrx_word' id='word_1_369' title='bbox 1714 3143 2081 3199; x_wconf 71' lang='lat' dir='ltr'><strong>stabularium</strong></span> <span class='ocrx_word' id='word_1_370' title='bbox 2120 3163 2131 3198; x_wconf 92' lang='lat'>:</span> 
     </span>
    </p>
   </div>
   <div class='ocr_carea' id='block_1_50' title="bbox 2221 2238 3812 2310">
    <p class='ocr_par' dir='ltr' id='par_1_50' title="bbox 2221 2238 3812 2310">
     <span class='ocr_line' id='line_1_50' title="bbox 2221 2238 3812 2310; baseline 0.003 -19"><span class='ocrx_word' id='word_1_371' title='bbox 2221 2238 2304 2292; x_wconf 92' lang='lat' dir='ltr'><strong>vir</strong></span> <span class='ocrx_word' id='word_1_372' title='bbox 2322 2238 2563 2294; x_wconf 87' lang='lat' dir='ltr'><strong>solidum</strong></span> <span class='ocrx_word' id='word_1_373' title='bbox 2594 2255 2761 2310; x_wconf 91' lang='lat' dir='ltr'><strong>quem</strong></span> <span class='ocrx_word' id='word_1_374' title='bbox 2791 2240 3078 2308; x_wconf 87' lang='lat' dir='ltr'><strong>attulerat,</strong></span> <span class='ocrx_word' id='word_1_375' title='bbox 3113 2239 3420 2296; x_wconf 86' lang='lat' dir='ltr'><strong>stabulario</strong></span> <span class='ocrx_word' id='word_1_376' title='bbox 3449 2241 3627 2308; x_wconf 88' lang='lat' dir='ltr'><strong>dedit,</strong></span> <span class='ocrx_word' id='word_1_377' title='bbox 3656 2242 3812 2297; x_wconf 87' lang='lat' dir='ltr'><strong>dixit-</strong></span> 
     </span>
    </p>
   </div>
   <div class='ocr_carea' id='block_1_51' title="bbox 2220 2328 3807 2403">
    <p class='ocr_par' dir='ltr' id='par_1_51' title="bbox 2220 2328 3807 2403">
     <span class='ocr_line' id='line_1_51' title="bbox 2220 2328 3807 2403; baseline 0.004 -22"><span class='ocrx_word' id='word_1_378' title='bbox 2220 2345 2329 2399; x_wconf 91' lang='lat' dir='ltr'>que</span> <span class='ocrx_word' id='word_1_379' title='bbox 2349 2328 2400 2382; x_wconf 92' lang='lat' dir='ltr'><strong>ei</strong></span> <span class='ocrx_word' id='word_1_380' title='bbox 2424 2348 2435 2383; x_wconf 90' lang='lat'><strong>:</strong></span> <span class='ocrx_word' id='word_1_381' title='bbox 2469 2328 2579 2383; x_wconf 86' lang='lat' dir='ltr'><strong>Fac</strong></span> <span class='ocrx_word' id='word_1_382' title='bbox 2606 2328 2785 2396; x_wconf 91' lang='lat' dir='ltr'><strong>nobis,</strong></span> <span class='ocrx_word' id='word_1_383' title='bbox 2822 2347 3028 2402; x_wconf 78' lang='lat' dir='ltr'><strong>quaeso,</strong></span> <span class='ocrx_word' id='word_1_384' title='bbox 3055 2330 3252 2397; x_wconf 90' lang='lat' dir='ltr'><strong>amice,</strong></span> <span class='ocrx_word' id='word_1_385' title='bbox 3279 2331 3551 2403; x_wconf 87' lang='lat' dir='ltr'><strong>optimam</strong></span> <span class='ocrx_word' id='word_1_386' title='bbox 3577 2348 3807 2397; x_wconf 73' lang='lat' dir='ltr'><strong>coenam,</strong></span> 
     </span>
    </p>
   </div>
   <div class='ocr_carea' id='block_1_52' title="bbox 2220 2419 3811 2492">
    <p class='ocr_par' dir='ltr' id='par_1_52' title="bbox 2220 2419 3811 2492">
     <span class='ocr_line' id='line_1_52' title="bbox 2220 2419 3811 2492; baseline 0.003 -21"><span class='ocrx_word' id='word_1_387' title='bbox 2220 2422 2283 2472; x_wconf 92' lang='lat' dir='ltr'><strong>ut</strong></span> <span class='ocrx_word' id='word_1_388' title='bbox 2309 2433 2438 2472; x_wconf 91' lang='lat' dir='ltr'><strong>cum</strong></span> <span class='ocrx_word' id='word_1_389' title='bbox 2464 2419 2651 2489; x_wconf 89' lang='lat' dir='ltr'><strong>puella</strong></span> <span class='ocrx_word' id='word_1_390' title='bbox 2662 2420 2877 2491; x_wconf 84' lang='lat' dir='ltr'><strong>epulari</strong></span> <span class='ocrx_word' id='word_1_391' title='bbox 2900 2420 3106 2492; x_wconf 89' lang='lat' dir='ltr'><strong>possim</strong></span> <span class='ocrx_word' id='word_1_392' title='bbox 3131 2439 3143 2487; x_wconf 91' lang='lat'><strong>;</strong></span> <span class='ocrx_word' id='word_1_393' title='bbox 3166 2420 3318 2491; x_wconf 90' lang='lat' dir='ltr'><strong>longi</strong></span> <span class='ocrx_word' id='word_1_394' title='bbox 3336 2436 3584 2492; x_wconf 88' lang='lat' dir='ltr'><strong>namque</strong></span> <span class='ocrx_word' id='word_1_395' title='bbox 3601 2421 3811 2477; x_wconf 79' lang='lat' dir='ltr'><strong>itineris</strong></span> 
     </span>
    </p>
   </div>
   <div class='ocr_carea' id='block_1_53' title="bbox 2220 2506 3802 2581">
    <p class='ocr_par' dir='ltr' id='par_1_53' title="bbox 2220 2506 3802 2581">
     <span class='ocr_line' id='line_1_53' title="bbox 2220 2506 3802 2581; baseline 0.004 -22"><span class='ocrx_word' id='word_1_396' title='bbox 2220 2506 2730 2575; x_wconf 89' lang='lat' dir='ltr'><strong>intervallo,amore</strong></span> <span class='ocrx_word' id='word_1_397' title='bbox 2748 2510 2870 2580; x_wconf 88' lang='lat' dir='ltr'><strong>ejus</strong></span> <span class='ocrx_word' id='word_1_398' title='bbox 2886 2510 2954 2564; x_wconf 91' lang='lat' dir='ltr'><strong>ad</strong></span> <span class='ocrx_word' id='word_1_399' title='bbox 2962 2509 3156 2565; x_wconf 86' lang='lat' dir='ltr'><strong>veni.0</strong></span> <span class='ocrx_word' id='word_1_400' title='bbox 3172 2526 3303 2564; x_wconf 90' lang='lat' dir='ltr'><strong>vera</strong></span> <span class='ocrx_word' id='word_1_401' title='bbox 3314 2510 3593 2581; x_wconf 89' lang='lat' dir='ltr'><strong>sapientia</strong></span> <span class='ocrx_word' id='word_1_402' title='bbox 3606 2528 3802 2566; x_wconf 86' lang='lat' dir='ltr'><strong>secun-</strong></span> 
     </span>
    </p>
   </div>
   <div class='ocr_carea' id='block_1_54' title="bbox 2218 2598 3812 2673">
    <p class='ocr_par' dir='ltr' id='par_1_54' title="bbox 2218 2598 3812 2673">
     <span class='ocr_line' id='line_1_54' title="bbox 2218 2598 3812 2673; baseline 0.003 -22"><span class='ocrx_word' id='word_1_403' title='bbox 2218 2598 2352 2652; x_wconf 89' lang='lat' dir='ltr'><strong>dum</strong></span> <span class='ocrx_word' id='word_1_404' title='bbox 2370 2598 2550 2653; x_wconf 92' lang='lat' dir='ltr'><strong>Deum</strong></span> <span class='ocrx_word' id='word_1_405' title='bbox 2575 2600 2586 2651; x_wconf 84' lang='lat' dir='ltr'><strong>l</strong></span> <span class='ocrx_word' id='word_1_406' title='bbox 2615 2616 2648 2653; x_wconf 92' lang='grc' dir='ltr'>ο</span> <span class='ocrx_word' id='word_1_407' title='bbox 2677 2616 2805 2653; x_wconf 89' lang='lat' dir='ltr'><strong>vere</strong></span> <span class='ocrx_word' id='word_1_408' title='bbox 2822 2600 3137 2654; x_wconf 89' lang='lat' dir='ltr'><strong>intellectus</strong></span> <span class='ocrx_word' id='word_1_409' title='bbox 3150 2600 3449 2671; x_wconf 87' lang='lat' dir='ltr'><strong>spiritalis!</strong></span> <span class='ocrx_word' id='word_1_410' title='bbox 3477 2616 3510 2655; x_wconf 94' lang='grc' dir='ltr'><strong>ο</strong></span> <span class='ocrx_word' id='word_1_411' title='bbox 3530 2617 3665 2656; x_wconf 85' lang='lat' dir='ltr'><strong>vere</strong></span> <span class='ocrx_word' id='word_1_412' title='bbox 3686 2618 3812 2673; x_wconf 71' lang='lat' dir='ltr'><strong>pm-</strong></span> 
     </span>
    </p>
   </div>
   <div class='ocr_carea' id='block_1_55' title="bbox 2219 2687 3813 2762">
    <p class='ocr_par' dir='ltr' id='par_1_55' title="bbox 2219 2687 3813 2762">
     <span class='ocr_line' id='line_1_55' title="bbox 2219 2687 3813 2762; baseline 0.003 -20"><span class='ocrx_word' id='word_1_413' title='bbox 2219 2687 2459 2743; x_wconf 89' lang='lat' dir='ltr'><strong>dicanda</strong></span> <span class='ocrx_word' id='word_1_414' title='bbox 2487 2688 2686 2743; x_wconf 90' lang='lat' dir='ltr'><strong>salutis</strong></span> <span class='ocrx_word' id='word_1_415' title='bbox 2712 2689 3002 2743; x_wconf 87' lang='lat' dir='ltr'><strong>discretio!</strong></span> <span class='ocrx_word' id='word_1_416' title='bbox 3026 2689 3432 2762; x_wconf 87' lang='lat' dir='ltr'><strong>quinquaginta</strong></span> <span class='ocrx_word' id='word_1_417' title='bbox 3450 2690 3620 2745; x_wconf 90' lang='lat' dir='ltr'><strong>annis</strong></span> <span class='ocrx_word' id='word_1_418' title='bbox 3650 2691 3813 2746; x_wconf 89' lang='lat' dir='ltr'><strong>absti-</strong></span> 
     </span>
    </p>
   </div>
   <div class='ocr_carea' id='block_1_56' title="bbox 2217 2778 3814 2850">
    <p class='ocr_par' dir='ltr' id='par_1_56' title="bbox 2217 2778 3814 2850">
     <span class='ocr_line' id='line_1_56' title="bbox 2217 2778 3814 2850; baseline 0.003 -19"><span class='ocrx_word' id='word_1_419' title='bbox 2217 2778 2423 2832; x_wconf 84' lang='lat' dir='ltr'><strong>nentiae</strong></span> <span class='ocrx_word' id='word_1_420' title='bbox 2447 2795 2562 2833; x_wconf 68' lang='lat' dir='ltr'><strong>suae</strong></span> <span class='ocrx_word' id='word_1_421' title='bbox 2576 2794 2931 2850; x_wconf 88' lang='lat' dir='ltr'><strong>nequaquam</strong></span> <span class='ocrx_word' id='word_1_422' title='bbox 2952 2795 3153 2850; x_wconf 89' lang='lat' dir='ltr'><strong>panem</strong></span> <span class='ocrx_word' id='word_1_423' title='bbox 3170 2785 3511 2850; x_wconf 86' lang='lat' dir='ltr'><strong>gustaverat;</strong></span> <span class='ocrx_word' id='word_1_424' title='bbox 3530 2796 3689 2844; x_wconf 78' lang='lat' dir='ltr'><strong>nunc</strong></span> <span class='ocrx_word' id='word_1_425' title='bbox 3707 2797 3814 2834; x_wconf 86' lang='lat' dir='ltr'><strong>car-</strong></span> 
     </span>
    </p>
   </div>
   <div class='ocr_carea' id='block_1_57' title="bbox 2218 2864 3811 2941">
    <p class='ocr_par' dir='ltr' id='par_1_57' title="bbox 2218 2864 3811 2941">
     <span class='ocr_line' id='line_1_57' title="bbox 2218 2864 3811 2941; baseline 0.003 -20"><span class='ocrx_word' id='word_1_426' title='bbox 2218 2883 2317 2921; x_wconf 90' lang='lat' dir='ltr'><strong>nes</strong></span> <span class='ocrx_word' id='word_1_427' title='bbox 2347 2864 2468 2922; x_wconf 88' lang='lat' dir='ltr'><strong>sine</strong></span> <span class='ocrx_word' id='word_1_428' title='bbox 2496 2867 2867 2935; x_wconf 66' lang='lat' dir='ltr'><strong>haesitatione,</strong></span> <span class='ocrx_word' id='word_1_429' title='bbox 2900 2874 2962 2922; x_wconf 86' lang='lat' dir='ltr'><strong>ut</strong></span> <span class='ocrx_word' id='word_1_430' title='bbox 2989 2868 3229 2923; x_wconf 89' lang='lat' dir='ltr'><strong>salvaret</strong></span> <span class='ocrx_word' id='word_1_431' title='bbox 3258 2869 3504 2924; x_wconf 90' lang='lat' dir='ltr'><strong>animam</strong></span> <span class='ocrx_word' id='word_1_432' title='bbox 3515 2870 3811 2941; x_wconf 89' lang='lat' dir='ltr'><strong>perditam,</strong></span> 
     </span>
    </p>
   </div>
   <div class='ocr_carea' id='block_1_58' title="bbox 2220 2955 3815 3030">
    <p class='ocr_par' dir='ltr' id='par_1_58' title="bbox 2220 2955 3815 3030">
     <span class='ocr_line' id='line_1_58' title="bbox 2220 2955 3815 3030; baseline 0.001 -20"><span class='ocrx_word' id='word_1_433' title='bbox 2220 2955 2593 3011; x_wconf 87' lang='lat' dir='ltr'><strong>manducavit.</strong></span> <span class='ocrx_word' id='word_1_434' title='bbox 2649 2956 2981 3012; x_wconf 89' lang='lat' dir='ltr'><strong>Sanctorum</strong></span> <span class='ocrx_word' id='word_1_435' title='bbox 3019 2957 3350 3028; x_wconf 89' lang='lat' dir='ltr'><strong>angelorum</strong></span> <span class='ocrx_word' id='word_1_436' title='bbox 3379 2959 3607 3023; x_wconf 85' lang='lat' dir='ltr'><strong>chorus,</strong></span> <span class='ocrx_word' id='word_1_437' title='bbox 3656 2974 3815 3030; x_wconf 86' lang='lat' dir='ltr'><strong>super</strong></span> 
     </span>
    </p>
   </div>
   <div class='ocr_carea' id='block_1_59' title="bbox 2218 3045 3816 3118">
    <p class='ocr_par' dir='ltr' id='par_1_59' title="bbox 2218 3045 3816 3118">
     <span class='ocr_line' id='line_1_59' title="bbox 2218 3045 3816 3118; baseline 0.003 -19"><span class='ocrx_word' id='word_1_438' title='bbox 2218 3045 2323 3100; x_wconf 92' lang='lat' dir='ltr'><strong>hac</strong></span> <span class='ocrx_word' id='word_1_439' title='bbox 2346 3045 2685 3101; x_wconf 86' lang='lat' dir='ltr'><strong>discretione</strong></span> <span class='ocrx_word' id='word_1_440' title='bbox 2714 3045 2864 3101; x_wconf 90' lang='lat' dir='ltr'><strong>beati</strong></span> <span class='ocrx_word' id='word_1_441' title='bbox 2895 3046 3064 3118; x_wconf 89' lang='lat' dir='ltr'><strong>hujus</strong></span> <span class='ocrx_word' id='word_1_442' title='bbox 3090 3063 3277 3113; x_wconf 85' lang='lat' dir='ltr'><strong>ovans,</strong></span> <span class='ocrx_word' id='word_1_443' title='bbox 3318 3047 3688 3102; x_wconf 82' lang='lat' dir='ltr'><strong>vehementer</strong></span> <span class='ocrx_word' id='word_1_444' title='bbox 3713 3054 3816 3103; x_wconf 85' lang='lat' dir='ltr'><strong>stu-</strong></span> 
     </span>
    </p>
   </div>
   <div class='ocr_carea' id='block_1_60' title="bbox 2218 3134 3816 3206">
    <p class='ocr_par' dir='ltr' id='par_1_60' title="bbox 2218 3134 3816 3206">
     <span class='ocr_line' id='line_1_60' title="bbox 2218 3134 3816 3206; baseline 0.001 -18"><span class='ocrx_word' id='word_1_445' title='bbox 2218 3134 2359 3205; x_wconf 90' lang='lat' dir='ltr'><strong>puit,</strong></span> <span class='ocrx_word' id='word_1_446' title='bbox 2376 3150 2501 3206; x_wconf 72' lang='lat' dir='ltr'><strong>quae</strong></span> <span class='ocrx_word' id='word_1_447' title='bbox 2528 3135 2791 3190; x_wconf 87' lang='lat' dir='ltr'><strong>alacriter</strong></span> <span class='ocrx_word' id='word_1_448' title='bbox 2819 3135 2939 3189; x_wconf 90' lang='lat' dir='ltr'><strong>sine</strong></span> <span class='ocrx_word' id='word_1_449' title='bbox 2949 3135 3064 3190; x_wconf 90' lang='lat' dir='ltr'><strong>ulla</strong></span> <span class='ocrx_word' id='word_1_450' title='bbox 3090 3134 3441 3191; x_wconf 88' lang='lat' dir='ltr'><strong>dubitatione</strong></span> <span class='ocrx_word' id='word_1_451' title='bbox 3459 3137 3816 3192; x_wconf 73' lang='lat' dir='ltr'><strong>manducavit</strong></span> 
     </span>
    </p>
   </div>
   <div class='ocr_carea' id='block_1_61' title="bbox 532 3209 3812 3307">
    <p class='ocr_par' dir='ltr' id='par_1_61' title="bbox 532 3209 3812 3307">
     <span class='ocr_line' id='line_1_61' title="bbox 532 3209 3812 3307; baseline -0.003 -16"><span class='ocrx_word' id='word_1_452' title='bbox 532 3235 757 3303; x_wconf 87' lang='lat' dir='ltr'><strong>Audivi,</strong></span> <span class='ocrx_word' id='word_1_453' title='bbox 786 3235 990 3307; x_wconf 90' lang='lat' dir='ltr'><strong>inquit,</strong></span> <span class='ocrx_word' id='word_1_454' title='bbox 1027 3209 1281 3301; x_wconf 28' lang='lat' dir='ltr'><strong>o-amice,</strong></span> <span class='ocrx_word' id='word_1_455' title='bbox 1318 3209 1466 3305; x_wconf 91' lang='lat' dir='ltr'><strong>quod</strong></span> <span class='ocrx_word' id='word_1_456' title='bbox 1506 3233 1677 3289; x_wconf 91' lang='lat' dir='ltr'><strong>habes</strong></span> <span class='ocrx_word' id='word_1_457' title='bbox 1715 3234 1960 3305; x_wconf 88' lang='lat' dir='ltr'><strong>puellam</strong></span> <span class='ocrx_word' id='word_1_458' title='bbox 1991 3209 2198 3306; x_wconf 78' lang='lat' dir='ltr'><strong>Opti-C</strong></span> <span class='ocrx_word' id='word_1_459' title='bbox 2222 3240 2288 3278; x_wconf 83' lang='lat' dir='ltr'><strong>ac</strong></span> <span class='ocrx_word' id='word_1_460' title='bbox 2305 3223 2463 3291; x_wconf 88' lang='lat' dir='ltr'><strong>bibit,</strong></span> <span class='ocrx_word' id='word_1_461' title='bbox 2496 3230 2561 3280; x_wconf 90' lang='lat' dir='ltr'><strong>ut</strong></span> <span class='ocrx_word' id='word_1_462' title='bbox 2588 3226 2836 3279; x_wconf 90' lang='lat' dir='ltr'><strong>animam</strong></span> <span class='ocrx_word' id='word_1_463' title='bbox 2866 3225 2924 3279; x_wconf 91' lang='lat' dir='ltr'><strong>in</strong></span> <span class='ocrx_word' id='word_1_464' title='bbox 2946 3225 3079 3280; x_wconf 92' lang='lat' dir='ltr'><strong>limo</strong></span> <span class='ocrx_word' id='word_1_465' title='bbox 3098 3225 3335 3281; x_wconf 84' lang='lat' dir='ltr'><strong>deﬁxam</strong></span> <span class='ocrx_word' id='word_1_466' title='bbox 3358 3225 3737 3282; x_wconf 72' lang='lat' dir='ltr'><strong>abstraheret.</strong></span> <span class='ocrx_word' id='word_1_467' title='bbox 3773 3227 3812 3283; x_wconf 91' lang='grc' dir='ltr'><strong>Ο</strong></span> 
     </span>
    </p>
   </div>
   <div class='ocr_carea' id='block_1_62' title="bbox 534 3321 2143 3396">
    <p class='ocr_par' dir='ltr' id='par_1_62' title="bbox 534 3321 2143 3396">
     <span class='ocr_line' id='line_1_62' title="bbox 534 3321 2143 3396; baseline -0.002 -15"><span class='ocrx_word' id='word_1_468' title='bbox 534 3341 706 3394; x_wconf 87' lang='lat' dir='ltr'><strong>mam;</strong></span> <span class='ocrx_word' id='word_1_469' title='bbox 736 3341 906 3396; x_wconf 90' lang='lat' dir='ltr'><strong>quam</strong></span> <span class='ocrx_word' id='word_1_470' title='bbox 926 3324 973 3380; x_wconf 90' lang='lat' dir='ltr'><strong>si</strong></span> <span class='ocrx_word' id='word_1_471' title='bbox 990 3321 1236 3395; x_wconf 89' lang='lat' dir='ltr'><strong>juberes,</strong></span> <span class='ocrx_word' id='word_1_472' title='bbox 1262 3322 1632 3378; x_wconf 89' lang='lat' dir='ltr'><strong>libentissime</strong></span> <span class='ocrx_word' id='word_1_473' title='bbox 1646 3323 2013 3395; x_wconf 88' lang='lat' dir='ltr'><strong>perviderem.</strong></span> <span class='ocrx_word' id='word_1_474' title='bbox 2034 3322 2143 3387; x_wconf 87' lang='lat' dir='ltr'><strong>Qui</strong></span> 
     </span>
    </p>
   </div>
   <div class='ocr_carea' id='block_1_63' title="bbox 534 3412 2143 3485">
    <p class='ocr_par' dir='ltr' id='par_1_63' title="bbox 534 3412 2143 3485">
     <span class='ocr_line' id='line_1_63' title="bbox 534 3412 2143 3485; baseline -0.001 -16"><span class='ocrx_word' id='word_1_475' title='bbox 534 3431 663 3469; x_wconf 94' lang='lat' dir='ltr'><strong>cum</strong></span> <span class='ocrx_word' id='word_1_476' title='bbox 682 3414 864 3469; x_wconf 76' lang='lat' dir='ltr'><strong>aetatis</strong></span> <span class='ocrx_word' id='word_1_477' title='bbox 897 3416 1022 3485; x_wconf 88' lang='lat' dir='ltr'><strong>ejus</strong></span> <span class='ocrx_word' id='word_1_478' title='bbox 1042 3413 1367 3468; x_wconf 90' lang='lat' dir='ltr'><strong>intueretur</strong></span> <span class='ocrx_word' id='word_1_479' title='bbox 1394 3412 1678 3480; x_wconf 88' lang='lat' dir='ltr'><strong>canitiem,</strong></span> <span class='ocrx_word' id='word_1_480' title='bbox 1706 3418 1763 3467; x_wconf 91' lang='lat' dir='ltr'><strong>et</strong></span> <span class='ocrx_word' id='word_1_481' title='bbox 1793 3418 2143 3467; x_wconf 89' lang='lat' dir='ltr'><strong>senectutem</strong></span> 
     </span>
    </p>
   </div>
   <div class='ocr_carea' id='block_1_64' title="bbox 536 3499 2145 3573">
    <p class='ocr_par' dir='ltr' id='par_1_64' title="bbox 536 3499 2145 3573">
     <span class='ocr_line' id='line_1_64' title="bbox 536 3499 2145 3573; baseline -0.001 -16"><span class='ocrx_word' id='word_1_482' title='bbox 536 3519 815 3558; x_wconf 89' lang='lat' dir='ltr'><strong>annorum</strong></span> <span class='ocrx_word' id='word_1_483' title='bbox 839 3501 1252 3557; x_wconf 89' lang='lat' dir='ltr'><strong>numerositate</strong></span> <span class='ocrx_word' id='word_1_484' title='bbox 1291 3501 1413 3572; x_wconf 89' lang='lat' dir='ltr'><strong>jam</strong></span> <span class='ocrx_word' id='word_1_485' title='bbox 1445 3500 1667 3569; x_wconf 86' lang='lat' dir='ltr'><strong>fessam,</strong></span> <span class='ocrx_word' id='word_1_486' title='bbox 1700 3502 1849 3573; x_wconf 92' lang='lat' dir='ltr'><strong>quod</strong></span> <span class='ocrx_word' id='word_1_487' title='bbox 1874 3499 1944 3556; x_wconf 92' lang='lat' dir='ltr'><strong>ob</strong></span> <span class='ocrx_word' id='word_1_488' title='bbox 1974 3501 2145 3556; x_wconf 87' lang='lat' dir='ltr'><strong>luxu-</strong></span> 
     </span>
    </p>
   </div>
   <div class='ocr_carea' id='block_1_65' title="bbox 537 3590 2143 3664">
    <p class='ocr_par' dir='ltr' id='par_1_65' title="bbox 537 3590 2143 3664">
     <span class='ocr_line' id='line_1_65' title="bbox 537 3590 2143 3664; baseline -0.001 -17"><span class='ocrx_word' id='word_1_489' title='bbox 537 3592 682 3647; x_wconf 88' lang='lat' dir='ltr'><strong>riam</strong></span> <span class='ocrx_word' id='word_1_490' title='bbox 702 3608 826 3647; x_wconf 91' lang='lat' dir='ltr'><strong>eam</strong></span> <span class='ocrx_word' id='word_1_491' title='bbox 856 3591 1043 3647; x_wconf 87' lang='lat' dir='ltr'><strong>videre</strong></span> <span class='ocrx_word' id='word_1_492' title='bbox 1067 3596 1298 3664; x_wconf 91' lang='lat' dir='ltr'><strong>cuperet</strong></span> <span class='ocrx_word' id='word_1_493' title='bbox 1312 3608 1423 3645; x_wconf 91' lang='lat' dir='ltr'><strong>non</strong></span> <span class='ocrx_word' id='word_1_494' title='bbox 1445 3607 1696 3663; x_wconf 89' lang='lat' dir='ltr'><strong>sperans,</strong></span> <span class='ocrx_word' id='word_1_495' title='bbox 1714 3590 1793 3645; x_wconf 93' lang='lat' dir='ltr'><strong>sic</strong></span> <span class='ocrx_word' id='word_1_496' title='bbox 1810 3607 2143 3663; x_wconf 89' lang='lat' dir='ltr'><strong>responsum</strong></span> 
     </span>
    </p>
   </div>
   <div class='ocr_carea' id='block_1_66' title="bbox 537 3679 2143 3754">
    <p class='ocr_par' dir='ltr' id='par_1_66' title="bbox 537 3679 2143 3754">
     <span class='ocr_line' id='line_1_66' title="bbox 537 3679 2143 3754; baseline -0.001 -17"><span class='ocrx_word' id='word_1_497' title='bbox 537 3682 723 3737; x_wconf 90' lang='lat' dir='ltr'><strong>dedit:</strong></span> <span class='ocrx_word' id='word_1_498' title='bbox 765 3681 882 3749; x_wconf 88' lang='lat' dir='ltr'><strong>Est,</strong></span> <span class='ocrx_word' id='word_1_499' title='bbox 932 3680 1137 3754; x_wconf 82' lang='lat' dir='ltr'><strong>inquit,</strong></span> <span class='ocrx_word' id='word_1_500' title='bbox 1177 3685 1243 3736; x_wconf 90' lang='lat' dir='ltr'><strong>ut</strong></span> <span class='ocrx_word' id='word_1_501' title='bbox 1284 3679 1388 3734; x_wconf 90' lang='lat' dir='ltr'><strong>tibi</strong></span> <span class='ocrx_word' id='word_1_502' title='bbox 1427 3685 1778 3752; x_wconf 87' lang='lat' dir='ltr'><strong>compertum</strong></span> <span class='ocrx_word' id='word_1_503' title='bbox 1822 3687 1926 3746; x_wconf 90' lang='lat' dir='ltr'><strong>est,</strong></span> <span class='ocrx_word' id='word_1_504' title='bbox 1971 3681 2143 3735; x_wconf 90' lang='lat' dir='ltr'><strong>etiam</strong></span> 
     </span>
    </p>
   </div>
   <div class='ocr_carea' id='block_1_67' title="bbox 538 3769 2141 3844">
    <p class='ocr_par' dir='ltr' id='par_1_67' title="bbox 538 3769 2141 3844">
     <span class='ocr_line' id='line_1_67' title="bbox 538 3769 2141 3844; baseline -0.001 -17"><span class='ocrx_word' id='word_1_505' title='bbox 538 3787 712 3844; x_wconf 87' lang='lat' dir='ltr'><strong>supra</strong></span> <span class='ocrx_word' id='word_1_506' title='bbox 738 3771 969 3828; x_wconf 89' lang='lat' dir='ltr'><strong>modum</strong></span> <span class='ocrx_word' id='word_1_507' title='bbox 1015 3769 1290 3843; x_wconf 88' lang='lat' dir='ltr'><strong>speciosa.</strong></span> <span class='ocrx_word' id='word_1_508' title='bbox 1331 3770 1467 3825; x_wconf 87' lang='lat' dir='ltr'><strong>Erat</strong></span> <span class='ocrx_word' id='word_1_509' title='bbox 1495 3769 1772 3842; x_wconf 90' lang='lat' dir='ltr'><strong>siquidem</strong></span> <span class='ocrx_word' id='word_1_510' title='bbox 1809 3770 1989 3825; x_wconf 89' lang='lat' dir='ltr'><strong>Maria</strong></span> <span class='ocrx_word' id='word_1_511' title='bbox 2023 3770 2141 3825; x_wconf 83' lang='lat' dir='ltr'><strong>haec</strong></span> 
     </span>
    </p>
   </div>
   <div class='ocr_carea' id='block_1_68' title="bbox 538 3858 2139 3934">
    <p class='ocr_par' dir='ltr' id='par_1_68' title="bbox 538 3858 2139 3934">
     <span class='ocr_line' id='line_1_68' title="bbox 538 3858 2139 3934; baseline -0.001 -17"><span class='ocrx_word' id='word_1_512' title='bbox 538 3878 681 3933; x_wconf 89' lang='lat' dir='ltr'><strong>pene</strong></span> <span class='ocrx_word' id='word_1_513' title='bbox 692 3877 863 3934; x_wconf 90' lang='lat' dir='ltr'><strong>supra</strong></span> <span class='ocrx_word' id='word_1_514' title='bbox 881 3877 1052 3933; x_wconf 90' lang='lat' dir='ltr'><strong>quam</strong></span> <span class='ocrx_word' id='word_1_515' title='bbox 1069 3865 1276 3916; x_wconf 90' lang='lat' dir='ltr'><strong>natura</strong></span> <span class='ocrx_word' id='word_1_516' title='bbox 1298 3859 1499 3931; x_wconf 82' lang='lat' dir='ltr'><strong>exegit,</strong></span> <span class='ocrx_word' id='word_1_517' title='bbox 1519 3858 1710 3915; x_wconf 80' lang='lat' dir='ltr'><strong>formae</strong></span> <span class='ocrx_word' id='word_1_518' title='bbox 1719 3859 2139 3932; x_wconf 90' lang='lat' dir='ltr'><strong>pulchritudine</strong></span> 
     </span>
    </p>
   </div>
   <div class='ocr_carea' id='block_1_69' title="bbox 540 3950 2140 4023">
    <p class='ocr_par' dir='ltr' id='par_1_69' title="bbox 540 3950 2140 4023">
     <span class='ocr_line' id='line_1_69' title="bbox 540 3950 2140 4023; baseline -0.001 -16"><span class='ocrx_word' id='word_1_519' title='bbox 540 3953 759 4007; x_wconf 90' lang='lat' dir='ltr'><strong>decora.</strong></span> <span class='ocrx_word' id='word_1_520' title='bbox 791 3952 1045 4023; x_wconf 88' lang='lat' dir='ltr'><strong>Cumque</strong></span> <span class='ocrx_word' id='word_1_521' title='bbox 1071 3950 1260 4006; x_wconf 88' lang='lat' dir='ltr'><strong>senior</strong></span> <span class='ocrx_word' id='word_1_522' title='bbox 1282 3966 1489 4005; x_wconf 90' lang='lat' dir='ltr'><strong>nomen</strong></span> <span class='ocrx_word' id='word_1_523' title='bbox 1503 3951 1627 4022; x_wconf 92' lang='lat' dir='ltr'><strong>ejus</strong></span> <span class='ocrx_word' id='word_1_524' title='bbox 1655 3950 1989 4021; x_wconf 78' lang='lat' dir='ltr'><strong>requireret,</strong></span> <span class='ocrx_word' id='word_1_525' title='bbox 2025 3950 2140 4005; x_wconf 87' lang='lat' dir='ltr'><strong>Ma-</strong></span> 
     </span>
    </p>
   </div>
   <div class='ocr_carea' id='block_1_70' title="bbox 541 4038 2133 4111">
    <p class='ocr_par' dir='ltr' id='par_1_70' title="bbox 541 4038 2133 4111">
     <span class='ocr_line' id='line_1_70' title="bbox 541 4038 2133 4111; baseline 0.001 -17"><span class='ocrx_word' id='word_1_526' title='bbox 541 4039 685 4094; x_wconf 90' lang='lat' dir='ltr'><strong>riam</strong></span> <span class='ocrx_word' id='word_1_527' title='bbox 702 4038 882 4094; x_wconf 91' lang='lat' dir='ltr'><strong>vocari</strong></span> <span class='ocrx_word' id='word_1_528' title='bbox 900 4039 993 4095; x_wconf 90' lang='lat' dir='ltr'><strong>ille</strong></span> <span class='ocrx_word' id='word_1_529' title='bbox 1011 4039 1320 4111; x_wconf 91' lang='lat' dir='ltr'><strong>respondit.</strong></span> <span class='ocrx_word' id='word_1_530' title='bbox 1343 4039 1498 4093; x_wconf 90' lang='lat' dir='ltr'><strong>Tunc</strong></span> <span class='ocrx_word' id='word_1_531' title='bbox 1513 4039 1681 4094; x_wconf 88' lang='lat' dir='ltr'><strong>hilari</strong></span> <span class='ocrx_word' id='word_1_532' title='bbox 1701 4040 1879 4095; x_wconf 90' lang='lat' dir='ltr'><strong>vultu:</strong></span> <span class='ocrx_word' id='word_1_533' title='bbox 1914 4040 2133 4109; x_wconf 67' lang='lat' dir='ltr'><strong>Quaeso,</strong></span> 
     </span>
    </p>
   </div>
   <div class='ocr_carea' id='block_1_71' title="bbox 2224 3314 3810 3387">
    <p class='ocr_par' dir='ltr' id='par_1_71' title="bbox 2224 3314 3810 3387">
     <span class='ocr_line' id='line_1_71' title="bbox 2224 3314 3810 3387; baseline 0.001 -20"><span class='ocrx_word' id='word_1_534' title='bbox 2224 3314 2503 3385; x_wconf 88' lang='lat' dir='ltr'><strong>sapientia</strong></span> <span class='ocrx_word' id='word_1_535' title='bbox 2526 3315 2890 3386; x_wconf 86' lang='lat' dir='ltr'><strong>sapientium,</strong></span> <span class='ocrx_word' id='word_1_536' title='bbox 2923 3320 2979 3371; x_wconf 90' lang='lat' dir='ltr'><strong>et</strong></span> <span class='ocrx_word' id='word_1_537' title='bbox 2999 3315 3315 3371; x_wconf 91' lang='lat' dir='ltr'><strong>intellectus</strong></span> <span class='ocrx_word' id='word_1_538' title='bbox 3344 3315 3810 3387; x_wconf 79' lang='lat' dir='ltr'><strong>intelligentiam!</strong></span> 
     </span>
    </p>
   </div>
   <div class='ocr_carea' id='block_1_72' title="bbox 2225 3404 3814 3479">
    <p class='ocr_par' dir='ltr' id='par_1_72' title="bbox 2225 3404 3814 3479">
     <span class='ocr_line' id='line_1_72' title="bbox 2225 3404 3814 3479; baseline 0.003 -21"><span class='ocrx_word' id='word_1_539' title='bbox 2225 3404 2272 3459; x_wconf 91' lang='grc' dir='ltr'>Ο</span> <span class='ocrx_word' id='word_1_540' title='bbox 2284 3404 2547 3460; x_wconf 90' lang='lat' dir='ltr'><strong>discretio</strong></span> <span class='ocrx_word' id='word_1_541' title='bbox 2558 3405 3015 3463; x_wconf 87' lang='lat' dir='ltr'><strong>discernentium!</strong></span> <span class='ocrx_word' id='word_1_542' title='bbox 3038 3406 3255 3471; x_wconf 89' lang='lat' dir='ltr'><strong>Venite,</strong></span> <span class='ocrx_word' id='word_1_543' title='bbox 3272 3406 3639 3462; x_wconf 85' lang='lat' dir='ltr'><strong>admiramini</strong></span> <span class='ocrx_word' id='word_1_544' title='bbox 3654 3424 3814 3479; x_wconf 88' lang='lat' dir='ltr'><strong>super</strong></span> 
     </span>
    </p>
   </div>
   <div class='ocr_carea' id='block_1_73' title="bbox 2226 3494 3811 3568">
    <p class='ocr_par' dir='ltr' id='par_1_73' title="bbox 2226 3494 3811 3568">
     <span class='ocr_line' id='line_1_73' title="bbox 2226 3494 3811 3568; baseline 0.003 -21"><span class='ocrx_word' id='word_1_545' title='bbox 2226 3494 2333 3548; x_wconf 88' lang='lat' dir='ltr'><strong>hac</strong></span> <span class='ocrx_word' id='word_1_546' title='bbox 2362 3495 2662 3566; x_wconf 91' lang='lat' dir='ltr'><strong>imperitia,</strong></span> <span class='ocrx_word' id='word_1_547' title='bbox 2699 3497 2901 3564; x_wconf 89' lang='lat' dir='ltr'><strong>venite,</strong></span> <span class='ocrx_word' id='word_1_548' title='bbox 2936 3496 3279 3568; x_wconf 88' lang='lat' dir='ltr'><strong>expavescite</strong></span> <span class='ocrx_word' id='word_1_549' title='bbox 3323 3513 3494 3568; x_wconf 90' lang='lat' dir='ltr'><strong>super</strong></span> <span class='ocrx_word' id='word_1_550' title='bbox 3521 3496 3632 3551; x_wconf 87' lang='lat' dir='ltr'><strong>hac</strong></span> <span class='ocrx_word' id='word_1_551' title='bbox 3662 3497 3811 3551; x_wconf 55' lang='lat' dir='ltr'><strong>diﬁc.</strong></span> 
     </span>
    </p>
   </div>
   <div class='ocr_carea' id='block_1_74' title="bbox 2226 3583 3814 3658">
    <p class='ocr_par' dir='ltr' id='par_1_74' title="bbox 2226 3583 3814 3658">
     <span class='ocr_line' id='line_1_74' title="bbox 2226 3583 3814 3658; baseline 0.001 -20"><span class='ocrx_word' id='word_1_552' title='bbox 2226 3583 2716 3657; x_wconf 90' lang='lat' dir='ltr'><strong>rentia,quomodo</strong></span> <span class='ocrx_word' id='word_1_553' title='bbox 2730 3586 3008 3658; x_wconf 82' lang='lat' dir='ltr'><strong>perfectus</strong></span> <span class='ocrx_word' id='word_1_554' title='bbox 3024 3585 3113 3640; x_wconf 90' lang='lat' dir='ltr'><strong>hic</strong></span> <span class='ocrx_word' id='word_1_555' title='bbox 3140 3591 3199 3641; x_wconf 90' lang='lat' dir='ltr'><strong>et</strong></span> <span class='ocrx_word' id='word_1_556' title='bbox 3217 3584 3439 3658; x_wconf 88' lang='lat' dir='ltr'><strong>sapiens</strong></span> <span class='ocrx_word' id='word_1_557' title='bbox 3458 3601 3526 3640; x_wconf 82' lang='lat' dir='ltr'><strong>ac</strong></span> <span class='ocrx_word' id='word_1_558' title='bbox 3548 3586 3814 3642; x_wconf 85' lang='lat' dir='ltr'><strong>discretor</strong></span> 
     </span>
    </p>
   </div>
   <div class='ocr_carea' id='block_1_75' title="bbox 2225 3674 3811 3745">
    <p class='ocr_par' dir='ltr' id='par_1_75' title="bbox 2225 3674 3811 3745">
     <span class='ocr_line' id='line_1_75' title="bbox 2225 3674 3811 3745; baseline 0 -17"><span class='ocrx_word' id='word_1_559' title='bbox 2225 3678 2283 3728; x_wconf 92' lang='lat' dir='ltr'><strong>et</strong></span> <span class='ocrx_word' id='word_1_560' title='bbox 2310 3674 2574 3745; x_wconf 91' lang='lat' dir='ltr'><strong>prudens,</strong></span> <span class='ocrx_word' id='word_1_561' title='bbox 2602 3674 2778 3731; x_wconf 88' lang='lat' dir='ltr'><strong>idiota</strong></span> <span class='ocrx_word' id='word_1_562' title='bbox 2815 3681 2873 3731; x_wconf 92' lang='lat' dir='ltr'><strong>et</strong></span> <span class='ocrx_word' id='word_1_563' title='bbox 2898 3675 3232 3731; x_wconf 88' lang='lat' dir='ltr'><strong>indiscretor</strong></span> <span class='ocrx_word' id='word_1_564' title='bbox 3266 3675 3494 3731; x_wconf 79' lang='lat' dir='ltr'><strong>effectus</strong></span> <span class='ocrx_word' id='word_1_565' title='bbox 3522 3682 3634 3744; x_wconf 82' lang='lat' dir='ltr'><strong>est,</strong></span> <span class='ocrx_word' id='word_1_566' title='bbox 3670 3683 3732 3731; x_wconf 88' lang='lat' dir='ltr'><strong>ut</strong></span> <span class='ocrx_word' id='word_1_567' title='bbox 3760 3692 3811 3730; x_wconf 81' lang='lat' dir='ltr'><strong>ex</strong></span> 
     </span>
    </p>
   </div>
   <div class='ocr_carea' id='block_1_76' title="bbox 2224 3764 3813 3838">
    <p class='ocr_par' dir='ltr' id='par_1_76' title="bbox 2224 3764 3813 3838">
     <span class='ocr_line' id='line_1_76' title="bbox 2224 3764 3813 3838; baseline 0.001 -20"><span class='ocrx_word' id='word_1_568' title='bbox 2224 3780 2320 3818; x_wconf 90' lang='lat' dir='ltr'><strong>ore</strong></span> <span class='ocrx_word' id='word_1_569' title='bbox 2341 3764 2517 3819; x_wconf 89' lang='lat' dir='ltr'><strong>leonis</strong></span> <span class='ocrx_word' id='word_1_570' title='bbox 2545 3766 2796 3822; x_wconf 87' lang='lat' dir='ltr'><strong>animam</strong></span> <span class='ocrx_word' id='word_1_571' title='bbox 2817 3765 3139 3838; x_wconf 89' lang='lat' dir='ltr'><strong>absorptam</strong></span> <span class='ocrx_word' id='word_1_572' title='bbox 3156 3772 3396 3833; x_wconf 89' lang='lat' dir='ltr'><strong>erueret,</strong></span> <span class='ocrx_word' id='word_1_573' title='bbox 3421 3772 3478 3821; x_wconf 90' lang='lat' dir='ltr'><strong>et</strong></span> <span class='ocrx_word' id='word_1_574' title='bbox 3491 3782 3562 3821; x_wconf 81' lang='lat' dir='ltr'><strong>ex</strong></span> <span class='ocrx_word' id='word_1_575' title='bbox 3584 3766 3813 3822; x_wconf 86' lang='lat' dir='ltr'><strong>vinculis</strong></span> 
     </span>
    </p>
   </div>
   <div class='ocr_carea' id='block_1_77' title="bbox 2220 3855 3813 3913">
    <p class='ocr_par' dir='ltr' id='par_1_77' title="bbox 2220 3855 3813 3913">
     <span class='ocr_line' id='line_1_77' title="bbox 2220 3855 3813 3913; baseline 0.001 -5"><span class='ocrx_word' id='word_1_576' title='bbox 2220 3859 2276 3909; x_wconf 93' lang='lat' dir='ltr'><strong>et</strong></span> <span class='ocrx_word' id='word_1_577' title='bbox 2303 3870 2525 3909; x_wconf 90' lang='lat' dir='ltr'><strong>carcere</strong></span> <span class='ocrx_word' id='word_1_578' title='bbox 2542 3855 2842 3912; x_wconf 87' lang='lat' dir='ltr'><strong>tenebroso</strong></span> <span class='ocrx_word' id='word_1_579' title='bbox 2864 3856 3110 3911; x_wconf 89' lang='lat' dir='ltr'><strong>animam</strong></span> <span class='ocrx_word' id='word_1_580' title='bbox 3135 3855 3451 3913; x_wconf 83' lang='lat' dir='ltr'><strong>abstrusam</strong></span> <span class='ocrx_word' id='word_1_581' title='bbox 3482 3872 3552 3912; x_wconf 90' lang='lat' dir='ltr'><strong>ac</strong></span> <span class='ocrx_word' id='word_1_582' title='bbox 3576 3856 3813 3913; x_wconf 80' lang='lat' dir='ltr'><strong>vinctam</strong></span> 
     </span>
    </p>
   </div>
   <div class='ocr_carea' id='block_1_78' title="bbox 2220 3942 2552 3999">
    <p class='ocr_par' dir='ltr' id='par_1_78' title="bbox 2220 3942 2552 3999">
     <span class='ocr_line' id='line_1_78' title="bbox 2220 3942 2552 3999; baseline 0 0"><span class='ocrx_word' id='word_1_583' title='bbox 2220 3942 2552 3999; x_wconf 87' lang='lat' dir='ltr'><strong>absolveret.</strong></span> 
     </span>
    </p>
   </div>
   <div class='ocr_carea' id='block_1_79' title="bbox 2292 4034 3811 4110">
    <p class='ocr_par' dir='ltr' id='par_1_79' title="bbox 2292 4034 3811 4110">
     <span class='ocr_line' id='line_1_79' title="bbox 2292 4034 3811 4110; baseline 0.002 -22"><span class='ocrx_word' id='word_1_584' title='bbox 2292 4035 2424 4089; x_wconf 80' lang='lat' dir='ltr'><strong>CAP.</strong></span> <span class='ocrx_word' id='word_1_585' title='bbox 2450 4035 2660 4091; x_wconf 88' lang='lat' dir='ltr'><strong>VIII.-—</strong></span> <span class='ocrx_word' id='word_1_586' title='bbox 2674 4037 2855 4108; x_wconf 80' lang='lat' dir='ltr'><strong>Igitur</strong></span> <span class='ocrx_word' id='word_1_587' title='bbox 2877 4040 3175 4109; x_wconf 63' lang='lat' dir='ltr'><strong>msmuam</strong></span> <span class='ocrx_word' id='word_1_588' title='bbox 3194 4034 3405 4108; x_wconf 87' lang='lat' dir='ltr'><strong>epulati</strong></span> <span class='ocrx_word' id='word_1_589' title='bbox 3433 4041 3594 4104; x_wconf 88' lang='lat' dir='ltr'><strong>sunt,</strong></span> <span class='ocrx_word' id='word_1_590' title='bbox 3624 4051 3811 4110; x_wconf 52' lang='lat' dir='ltr'><strong>prove.</strong></span> 
     </span>
    </p>
   </div>
   <div class='ocr_carea' id='block_1_80' title="bbox 544 4124 3811 4201">
    <p class='ocr_par' dir='ltr' id='par_1_80' title="bbox 544 4124 3811 4201">
     <span class='ocr_line' id='line_1_80' title="bbox 544 4124 3811 4201; baseline -0 -19"><span class='ocrx_word' id='word_1_591' title='bbox 544 4128 745 4200; x_wconf 89' lang='lat' dir='ltr'><strong>inquit,</strong></span> <span class='ocrx_word' id='word_1_592' title='bbox 769 4133 833 4183; x_wconf 93' lang='lat' dir='ltr'><strong>ut</strong></span> <span class='ocrx_word' id='word_1_593' title='bbox 854 4127 994 4182; x_wconf 88' lang='lat' dir='ltr'><strong>mihi</strong></span> <span class='ocrx_word' id='word_1_594' title='bbox 1022 4128 1380 4200; x_wconf 84' lang='lat' dir='ltr'><strong>praesentiam</strong></span> <span class='ocrx_word' id='word_1_595' title='bbox 1400 4128 1524 4200; x_wconf 89' lang='lat' dir='ltr'><strong>ejus</strong></span> <span class='ocrx_word' id='word_1_596' title='bbox 1555 4128 1906 4196; x_wconf 82' lang='lat' dir='ltr'><strong>exhibeas,ut</strong></span> <span class='ocrx_word' id='word_1_597' title='bbox 1924 4130 2139 4201; x_wconf 90' lang='lat' dir='ltr'><strong>possim</strong></span> <span class='ocrx_word' id='word_1_598' title='bbox 2221 4124 2385 4181; x_wconf 88' lang='lat' dir='ltr'><strong>cabat</strong></span> <span class='ocrx_word' id='word_1_599' title='bbox 2403 4140 2533 4180; x_wconf 91' lang='lat' dir='ltr'><strong>eum</strong></span> <span class='ocrx_word' id='word_1_600' title='bbox 2552 4127 2739 4198; x_wconf 90' lang='lat' dir='ltr'><strong>puella</strong></span> <span class='ocrx_word' id='word_1_601' title='bbox 2758 4128 2826 4181; x_wconf 86' lang='lat' dir='ltr'><strong>ad</strong></span> <span class='ocrx_word' id='word_1_602' title='bbox 2857 4125 3194 4194; x_wconf 88' lang='lat' dir='ltr'><strong>cubandum,</strong></span> <span class='ocrx_word' id='word_1_603' title='bbox 3209 4131 3275 4183; x_wconf 91' lang='lat' dir='ltr'><strong>ut</strong></span> <span class='ocrx_word' id='word_1_604' title='bbox 3301 4128 3360 4181; x_wconf 91' lang='lat' dir='ltr'><strong>in</strong></span> <span class='ocrx_word' id='word_1_605' title='bbox 3384 4125 3717 4183; x_wconf 89' lang='lat' dir='ltr'><strong>cubiculum</strong></span> <span class='ocrx_word' id='word_1_606' title='bbox 3734 4127 3811 4181; x_wconf 87' lang='lat' dir='ltr'><strong>in-</strong></span> 
     </span>
    </p>
   </div>
   <div class='ocr_carea' id='block_1_81' title="bbox 543 4215 3806 4291">
    <p class='ocr_par' dir='ltr' id='par_1_81' title="bbox 543 4215 3806 4291">
     <span class='ocr_line' id='line_1_81' title="bbox 543 4215 3806 4291; baseline -0.001 -19"><span class='ocrx_word' id='word_1_607' title='bbox 543 4234 673 4272; x_wconf 92' lang='lat' dir='ltr'><strong>cum</strong></span> <span class='ocrx_word' id='word_1_608' title='bbox 700 4233 767 4272; x_wconf 91' lang='lat' dir='ltr'><strong>ea</strong></span> <span class='ocrx_word' id='word_1_609' title='bbox 808 4216 975 4272; x_wconf 89' lang='lat' dir='ltr'><strong>hodie</strong></span> <span class='ocrx_word' id='word_1_610' title='bbox 1002 4216 1239 4288; x_wconf 89' lang='lat' dir='ltr'><strong>epulari,</strong></span> <span class='ocrx_word' id='word_1_611' title='bbox 1290 4217 1533 4273; x_wconf 92' lang='lat' dir='ltr'><strong>multum</strong></span> <span class='ocrx_word' id='word_1_612' title='bbox 1563 4234 1807 4291; x_wconf 91' lang='lat' dir='ltr'><strong>namque</strong></span> <span class='ocrx_word' id='word_1_613' title='bbox 1844 4234 1911 4274; x_wconf 89' lang='lat' dir='ltr'><strong>ex</strong></span> <span class='ocrx_word' id='word_1_614' title='bbox 1941 4219 2137 4275; x_wconf 88' lang='lat' dir='ltr'><strong>auditu</strong></span> <span class='ocrx_word' id='word_1_615' title='bbox 2220 4215 2479 4271; x_wconf 89' lang='lat' dir='ltr'><strong>troirent.</strong></span> <span class='ocrx_word' id='word_1_616' title='bbox 2499 4217 2573 4271; x_wconf 86' lang='lat' dir='ltr'><strong>At</strong></span> <span class='ocrx_word' id='word_1_617' title='bbox 2592 4216 2686 4271; x_wconf 92' lang='lat' dir='ltr'><strong>ille</strong></span> <span class='ocrx_word' id='word_1_618' title='bbox 2710 4236 2721 4271; x_wconf 89' lang='lat'>:</span> <span class='ocrx_word' id='word_1_619' title='bbox 2758 4217 2982 4285; x_wconf 88' lang='lat' dir='ltr'><strong>Eamus,</strong></span> <span class='ocrx_word' id='word_1_620' title='bbox 3004 4216 3206 4289; x_wconf 92' lang='lat' dir='ltr'><strong>inquit.</strong></span> <span class='ocrx_word' id='word_1_621' title='bbox 3221 4218 3475 4289; x_wconf 90' lang='lat' dir='ltr'><strong>Cumque</strong></span> <span class='ocrx_word' id='word_1_622' title='bbox 3496 4216 3806 4281; x_wconf 88' lang='lat' dir='ltr'><strong>introisset,</strong></span> 
     </span>
    </p>
   </div>
   <div class='ocr_carea' id='block_1_82' title="bbox 544 4304 3813 4378">
    <p class='ocr_par' dir='ltr' id='par_1_82' title="bbox 544 4304 3813 4378">
     <span class='ocr_line' id='line_1_82' title="bbox 544 4304 3813 4378; baseline -0 -17"><span class='ocrx_word' id='word_1_623' title='bbox 544 4305 792 4378; x_wconf 89' lang='lat' dir='ltr'><strong>comperi</strong></span> <span class='ocrx_word' id='word_1_624' title='bbox 814 4306 998 4378; x_wconf 89' lang='lat' dir='ltr'><strong>ipsam</strong></span> <span class='ocrx_word' id='word_1_625' title='bbox 1036 4306 1255 4361; x_wconf 89' lang='lat' dir='ltr'><strong>laudari</strong></span> <span class='ocrx_word' id='word_1_626' title='bbox 1294 4306 1559 4378; x_wconf 91' lang='lat' dir='ltr'><strong>puellam.</strong></span> <span class='ocrx_word' id='word_1_627' title='bbox 1593 4307 1728 4372; x_wconf 74' lang='lat' dir='ltr'><strong>Quae</strong></span> <span class='ocrx_word' id='word_1_628' title='bbox 1763 4325 1891 4364; x_wconf 88' lang='lat' dir='ltr'><strong>cum</strong></span> <span class='ocrx_word' id='word_1_629' title='bbox 1943 4314 2143 4365; x_wconf 83' lang='lat' dir='ltr'><strong>vocata</strong></span> <span class='ocrx_word' id='word_1_630' title='bbox 2223 4304 2402 4360; x_wconf 89' lang='lat' dir='ltr'><strong>cernit</strong></span> <span class='ocrx_word' id='word_1_631' title='bbox 2427 4305 2635 4361; x_wconf 88' lang='lat' dir='ltr'><strong>lectum</strong></span> <span class='ocrx_word' id='word_1_632' title='bbox 2657 4306 2719 4361; x_wconf 91' lang='lat' dir='ltr'><strong>in</strong></span> <span class='ocrx_word' id='word_1_633' title='bbox 2743 4306 2979 4362; x_wconf 79' lang='lat' dir='ltr'><strong>sublime</strong></span> <span class='ocrx_word' id='word_1_634' title='bbox 3008 4311 3268 4375; x_wconf 87' lang='lat' dir='ltr'><strong>stratum,</strong></span> <span class='ocrx_word' id='word_1_635' title='bbox 3286 4306 3347 4361; x_wconf 91' lang='lat' dir='ltr'><strong>in</strong></span> <span class='ocrx_word' id='word_1_636' title='bbox 3371 4322 3481 4378; x_wconf 92' lang='lat' dir='ltr'><strong>quo</strong></span> <span class='ocrx_word' id='word_1_637' title='bbox 3509 4307 3718 4362; x_wconf 87' lang='lat' dir='ltr'><strong>statim</strong></span> <span class='ocrx_word' id='word_1_638' title='bbox 3738 4320 3813 4360; x_wconf 79' lang='lat' dir='ltr'><strong>ne-</strong></span> 
     </span>
    </p>
   </div>
   <div class='ocr_carea' id='block_1_83' title="bbox 546 4394 3816 4468">
    <p class='ocr_par' dir='ltr' id='par_1_83' title="bbox 546 4394 3816 4468">
     <span class='ocr_line' id='line_1_83' title="bbox 546 4394 3816 4468; baseline -0.001 -17"><span class='ocrx_word' id='word_1_639' title='bbox 546 4396 788 4465; x_wconf 87' lang='lat' dir='ltr'><strong>adesset,</strong></span> <span class='ocrx_word' id='word_1_640' title='bbox 839 4400 1010 4468; x_wconf 89' lang='lat' dir='ltr'><strong>atque</strong></span> <span class='ocrx_word' id='word_1_641' title='bbox 1039 4394 1099 4450; x_wconf 91' lang='lat' dir='ltr'><strong>in</strong></span> <span class='ocrx_word' id='word_1_642' title='bbox 1144 4394 1341 4450; x_wconf 90' lang='lat' dir='ltr'><strong>habitu</strong></span> <span class='ocrx_word' id='word_1_643' title='bbox 1372 4396 1734 4453; x_wconf 91' lang='lat' dir='ltr'><strong>meretricum</strong></span> <span class='ocrx_word' id='word_1_644' title='bbox 1764 4403 1990 4454; x_wconf 89' lang='lat' dir='ltr'><strong>sanctus</strong></span> <span class='ocrx_word' id='word_1_645' title='bbox 2016 4416 2140 4454; x_wconf 87' lang='lat' dir='ltr'><strong>eam</strong></span> <span class='ocrx_word' id='word_1_646' title='bbox 2222 4394 2367 4450; x_wconf 87' lang='lat' dir='ltr'><strong>sedit</strong></span> <span class='ocrx_word' id='word_1_647' title='bbox 2396 4395 2674 4451; x_wconf 88' lang='lat' dir='ltr'><strong>alacriter.</strong></span> <span class='ocrx_word' id='word_1_648' title='bbox 2707 4396 2998 4461; x_wconf 86' lang='lat' dir='ltr'><strong>Quomodo</strong></span> <span class='ocrx_word' id='word_1_649' title='bbox 3019 4402 3076 4451; x_wconf 91' lang='lat' dir='ltr'><strong>te</strong></span> <span class='ocrx_word' id='word_1_650' title='bbox 3103 4396 3401 4468; x_wconf 87' lang='lat' dir='ltr'><strong>appellem,</strong></span> <span class='ocrx_word' id='word_1_651' title='bbox 3424 4395 3513 4450; x_wconf 88' lang='lat' dir='ltr'><strong>vel</strong></span> <span class='ocrx_word' id='word_1_652' title='bbox 3543 4395 3816 4468; x_wconf 89' lang='lat' dir='ltr'><strong>quomodo</strong></span> 
     </span>
    </p>
   </div>
   <div class='ocr_carea' id='block_1_84' title="bbox 546 4484 3817 4596">
    <p class='ocr_par' dir='ltr' id='par_1_84' title="bbox 546 4484 3817 4596">
     <span class='ocr_line' id='line_1_84' title="bbox 546 4484 3817 4596; baseline -0.001 -54"><span class='ocrx_word' id='word_1_653' title='bbox 546 4493 782 4560; x_wconf 87' lang='lat' dir='ltr'><strong>patruus</strong></span> <span class='ocrx_word' id='word_1_654' title='bbox 816 4485 939 4557; x_wconf 91' lang='lat' dir='ltr'><strong>ejus</strong></span> <span class='ocrx_word' id='word_1_655' title='bbox 965 4485 1215 4553; x_wconf 86' lang='lat' dir='ltr'><strong>vidisset,</strong></span> <span class='ocrx_word' id='word_1_656' title='bbox 1248 4502 1390 4558; x_wconf 88' lang='lat' dir='ltr'><strong>pene</strong></span> <span class='ocrx_word' id='word_1_657' title='bbox 1418 4490 1602 4541; x_wconf 90' lang='lat' dir='ltr'><strong>totum</strong></span> <span class='ocrx_word' id='word_1_658' title='bbox 1640 4504 1841 4561; x_wconf 91' lang='lat' dir='ltr'><strong>corpus</strong></span> <span class='ocrx_word' id='word_1_659' title='bbox 1873 4490 1995 4561; x_wconf 87' lang='lat' dir='ltr'><strong>ejus</strong></span> <span class='ocrx_word' id='word_1_660' title='bbox 2026 4507 2140 4562; x_wconf 80' lang='lat' dir='ltr'><strong>prae</strong></span> <span class='ocrx_word' id='word_1_661' title='bbox 2161 4489 2279 4596; x_wconf 68' lang='lat' dir='ltr'><strong>l)te</strong></span> <span class='ocrx_word' id='word_1_662' title='bbox 2305 4484 3022 4557; x_wconf 79' lang='lat' dir='ltr'><strong>nominem,perfectissime</strong></span> <span class='ocrx_word' id='word_1_663' title='bbox 3043 4485 3260 4541; x_wconf 84' lang='lat' dir='ltr'><strong>athleta</strong></span> <span class='ocrx_word' id='word_1_664' title='bbox 3278 4484 3503 4552; x_wconf 88' lang='lat' dir='ltr'><strong>Christi,</strong></span> <span class='ocrx_word' id='word_1_665' title='bbox 3529 4486 3817 4540; x_wconf 86' lang='lat' dir='ltr'><strong>vehemen-</strong></span> 
     </span>
    </p>
   </div>
   <div class='ocr_carea' id='block_1_85' title="bbox 545 4574 3816 4650">
    <p class='ocr_par' dir='ltr' id='par_1_85' title="bbox 545 4574 3816 4650">
     <span class='ocr_line' id='line_1_85' title="bbox 545 4574 3816 4650; baseline -0.001 -19"><span class='ocrx_word' id='word_1_666' title='bbox 545 4576 737 4632; x_wconf 89' lang='lat' dir='ltr'><strong>dolore</strong></span> <span class='ocrx_word' id='word_1_667' title='bbox 772 4575 1021 4631; x_wconf 91' lang='lat' dir='ltr'><strong>solutum</strong></span> <span class='ocrx_word' id='word_1_668' title='bbox 1050 4580 1153 4642; x_wconf 91' lang='lat' dir='ltr'><strong>est,</strong></span> <span class='ocrx_word' id='word_1_669' title='bbox 1212 4575 1760 4650; x_wconf 90' lang='lat' dir='ltr'><strong>amaritudinemque</strong></span> <span class='ocrx_word' id='word_1_670' title='bbox 1794 4578 1971 4633; x_wconf 90' lang='lat' dir='ltr'><strong>animi</strong></span> <span class='ocrx_word' id='word_1_671' title='bbox 2009 4579 2137 4635; x_wconf 80' lang='lat' dir='ltr'><strong>laeto</strong></span> <span class='ocrx_word' id='word_1_672' title='bbox 2161 4574 2209 4596; x_wconf 76' lang='lat'><strong><em>&quot;</em></strong></span> <span class='ocrx_word' id='word_1_673' title='bbox 2231 4579 2320 4629; x_wconf 87' lang='lat' dir='ltr'><strong>ter</strong></span> <span class='ocrx_word' id='word_1_674' title='bbox 2344 4574 2560 4645; x_wconf 90' lang='lat' dir='ltr'><strong>ignoro.</strong></span> <span class='ocrx_word' id='word_1_675' title='bbox 2585 4576 2982 4631; x_wconf 74' lang='lat' dir='ltr'><strong>Continentem</strong></span> <span class='ocrx_word' id='word_1_676' title='bbox 3008 4580 3065 4631; x_wconf 88' lang='lat' dir='ltr'><strong>te</strong></span> <span class='ocrx_word' id='word_1_677' title='bbox 3081 4591 3351 4643; x_wconf 89' lang='lat' dir='ltr'><strong>asseram,</strong></span> <span class='ocrx_word' id='word_1_678' title='bbox 3378 4591 3452 4629; x_wconf 89' lang='lat' dir='ltr'><strong>an</strong></span> <span class='ocrx_word' id='word_1_679' title='bbox 3473 4574 3816 4631; x_wconf 87' lang='lat' dir='ltr'><strong>incontinen-</strong></span> 
     </span>
    </p>
   </div>
   <div class='ocr_carea' id='block_1_86' title="bbox 544 4664 3810 4739">
    <p class='ocr_par' dir='ltr' id='par_1_86' title="bbox 544 4664 3810 4739">
     <span class='ocr_line' id='line_1_86' title="bbox 544 4664 3810 4739; baseline -0.002 -17"><span class='ocrx_word' id='word_1_680' title='bbox 544 4666 704 4722; x_wconf 85' lang='lat' dir='ltr'><strong>vultu</strong></span> <span class='ocrx_word' id='word_1_681' title='bbox 730 4664 963 4734; x_wconf 90' lang='lat' dir='ltr'><strong>celavit;</strong></span> <span class='ocrx_word' id='word_1_682' title='bbox 1007 4670 1065 4721; x_wconf 92' lang='lat' dir='ltr'><strong>et</strong></span> <span class='ocrx_word' id='word_1_683' title='bbox 1101 4666 1379 4738; x_wconf 85' lang='lat' dir='ltr'><strong>lacrymas</strong></span> <span class='ocrx_word' id='word_1_684' title='bbox 1425 4673 1784 4739; x_wconf 91' lang='lat' dir='ltr'><strong>erumpentes</strong></span> <span class='ocrx_word' id='word_1_685' title='bbox 1814 4668 1960 4723; x_wconf 91' lang='lat' dir='ltr'><strong>virili</strong></span> <span class='ocrx_word' id='word_1_686' title='bbox 2003 4685 2140 4725; x_wconf 86' lang='lat' dir='ltr'><strong>sexu</strong></span> <span class='ocrx_word' id='word_1_687' title='bbox 2227 4665 2387 4720; x_wconf 88' lang='lat' dir='ltr'><strong>tem?</strong></span> <span class='ocrx_word' id='word_1_688' title='bbox 2417 4664 2747 4736; x_wconf 90' lang='lat' dir='ltr'><strong>sapientem,</strong></span> <span class='ocrx_word' id='word_1_689' title='bbox 2790 4682 2864 4721; x_wconf 87' lang='lat' dir='ltr'><strong>an</strong></span> <span class='ocrx_word' id='word_1_690' title='bbox 2896 4665 3292 4737; x_wconf 85' lang='lat' dir='ltr'><strong>insipientem?</strong></span> <span class='ocrx_word' id='word_1_691' title='bbox 3319 4664 3716 4732; x_wconf 74' lang='lat' dir='ltr'><strong>discretorem,</strong></span> <span class='ocrx_word' id='word_1_692' title='bbox 3749 4679 3810 4718; x_wconf 86' lang='lat' dir='ltr'><strong>an</strong></span> 
     </span>
    </p>
   </div>
   <div class='ocr_carea' id='block_1_87' title="bbox 548 4753 3815 4830">
    <p class='ocr_par' dir='ltr' id='par_1_87' title="bbox 548 4753 3815 4830">
     <span class='ocr_line' id='line_1_87' title="bbox 548 4753 3815 4830; baseline -0.001 -21"><span class='ocrx_word' id='word_1_693' title='bbox 548 4753 800 4823; x_wconf 90' lang='lat' dir='ltr'><strong>retinuit,</strong></span> <span class='ocrx_word' id='word_1_694' title='bbox 834 4772 904 4810; x_wconf 89' lang='lat' dir='ltr'><strong>ne</strong></span> <span class='ocrx_word' id='word_1_695' title='bbox 930 4754 1074 4810; x_wconf 86' lang='lat' dir='ltr'><strong>forte</strong></span> <span class='ocrx_word' id='word_1_696' title='bbox 1104 4756 1151 4810; x_wconf 91' lang='lat' dir='ltr'><strong>si</strong></span> <span class='ocrx_word' id='word_1_697' title='bbox 1186 4772 1315 4811; x_wconf 89' lang='lat' dir='ltr'><strong>eum</strong></span> <span class='ocrx_word' id='word_1_698' title='bbox 1361 4754 1571 4812; x_wconf 85' lang='lat' dir='ltr'><strong>femina</strong></span> <span class='ocrx_word' id='word_1_699' title='bbox 1601 4758 1969 4827; x_wconf 78' lang='lat' dir='ltr'><strong>cognovisset,</strong></span> <span class='ocrx_word' id='word_1_700' title='bbox 1997 4759 2142 4830; x_wconf 74' lang='lat' dir='ltr'><strong>fugae</strong></span> <span class='ocrx_word' id='word_1_701' title='bbox 2222 4753 2688 4810; x_wconf 79' lang='lat' dir='ltr'><strong>indiscretorem?</strong></span> <span class='ocrx_word' id='word_1_702' title='bbox 2717 4755 3138 4827; x_wconf 87' lang='lat' dir='ltr'><strong>Quinquaginta</strong></span> <span class='ocrx_word' id='word_1_703' title='bbox 3179 4771 3355 4810; x_wconf 89' lang='lat' dir='ltr'><strong>annos</strong></span> <span class='ocrx_word' id='word_1_704' title='bbox 3386 4755 3815 4811; x_wconf 82' lang='lat' dir='ltr'><strong>conversationis</strong></span> 
     </span>
    </p>
   </div>
   <div class='ocr_carea' id='block_1_88' title="bbox 550 4844 1200 4916">
    <p class='ocr_par' dir='ltr' id='par_1_88' title="bbox 550 4844 1200 4916">
     <span class='ocr_line' id='line_1_88' title="bbox 550 4844 1200 4916; baseline 0 -17"><span class='ocrx_word' id='word_1_705' title='bbox 550 4844 871 4916; x_wconf 67' lang='lat' dir='ltr'><strong>praesidium</strong></span> <span class='ocrx_word' id='word_1_706' title='bbox 892 4844 1200 4915; x_wconf 84' lang='lat' dir='ltr'><strong>ﬂagitaret.</strong></span> 
     </span>
    </p>
   </div>
   <div class='ocr_carea' id='block_1_89' title="bbox 622 4932 2142 5010">
    <p class='ocr_par' dir='ltr' id='par_1_89' title="bbox 622 4932 2142 5010">
     <span class='ocr_line' id='line_1_89' title="bbox 622 4932 2142 5010; baseline 0.003 -21"><span class='ocrx_word' id='word_1_707' title='bbox 622 4933 753 4989; x_wconf 74' lang='lat' dir='ltr'><strong>CAP.</strong></span> <span class='ocrx_word' id='word_1_708' title='bbox 774 4932 896 4988; x_wconf 88' lang='lat' dir='ltr'><strong>VII.</strong></span> <span class='ocrx_word' id='word_1_709' title='bbox 923 4965 973 4975; x_wconf 90' lang='lat'><strong>-</strong></span> <span class='ocrx_word' id='word_1_710' title='bbox 1004 4933 1398 4991; x_wconf 88' lang='lat' dir='ltr'><strong>Residentibus</strong></span> <span class='ocrx_word' id='word_1_711' title='bbox 1428 4935 1619 5007; x_wconf 81' lang='lat' dir='ltr'><strong>itaque</strong></span> <span class='ocrx_word' id='word_1_712' title='bbox 1643 4937 1722 4992; x_wconf 91' lang='lat' dir='ltr'><strong>eis</strong></span> <span class='ocrx_word' id='word_1_713' title='bbox 1748 4942 1921 5010; x_wconf 88' lang='lat' dir='ltr'><strong>atque</strong></span> <span class='ocrx_word' id='word_1_714' title='bbox 1950 4937 2142 4993; x_wconf 89' lang='lat' dir='ltr'><strong>biben-</strong></span> 
     </span>
    </p>
   </div>
   <div class='ocr_carea' id='block_1_90' title="bbox 550 5020 2141 5093">
    <p class='ocr_par' dir='ltr' id='par_1_90' title="bbox 550 5020 2141 5093">
     <span class='ocr_line' id='line_1_90' title="bbox 550 5020 2141 5093; baseline 0.004 -17"><span class='ocrx_word' id='word_1_715' title='bbox 550 5020 720 5087; x_wconf 90' lang='lat' dir='ltr'><strong>tibus,</strong></span> <span class='ocrx_word' id='word_1_716' title='bbox 753 5020 921 5093; x_wconf 74' lang='lat' dir='ltr'><strong>C(Bpit</strong></span> <span class='ocrx_word' id='word_1_717' title='bbox 944 5038 1072 5076; x_wconf 91' lang='lat' dir='ltr'><strong>cum</strong></span> <span class='ocrx_word' id='word_1_718' title='bbox 1096 5039 1162 5077; x_wconf 89' lang='lat' dir='ltr'><strong>ea</strong></span> <span class='ocrx_word' id='word_1_719' title='bbox 1188 5024 1273 5078; x_wconf 85' lang='lat' dir='ltr'><strong>vir</strong></span> <span class='ocrx_word' id='word_1_720' title='bbox 1307 5024 1582 5081; x_wconf 88' lang='lat' dir='ltr'><strong>mirabilis</strong></span> <span class='ocrx_word' id='word_1_721' title='bbox 1610 5026 1822 5080; x_wconf 91' lang='lat' dir='ltr'><strong>ludere.</strong></span> <span class='ocrx_word' id='word_1_722' title='bbox 1849 5026 1983 5091; x_wconf 67' lang='lat' dir='ltr'><strong>Quae</strong></span> <span class='ocrx_word' id='word_1_723' title='bbox 2008 5044 2141 5083; x_wconf 88' lang='lat' dir='ltr'><strong>con-</strong></span> 
     </span>
    </p>
   </div>
   <div class='ocr_carea' id='block_1_91' title="bbox 549 5110 2143 5185">
    <p class='ocr_par' dir='ltr' id='par_1_91' title="bbox 549 5110 2143 5185">
     <span class='ocr_line' id='line_1_91' title="bbox 549 5110 2143 5185; baseline 0.002 -17"><span class='ocrx_word' id='word_1_724' title='bbox 549 5126 806 5184; x_wconf 89' lang='lat' dir='ltr'><strong>surgens,</strong></span> <span class='ocrx_word' id='word_1_725' title='bbox 848 5110 1132 5183; x_wconf 86' lang='lat' dir='ltr'><strong>complexa</strong></span> <span class='ocrx_word' id='word_1_726' title='bbox 1160 5113 1427 5168; x_wconf 90' lang='lat' dir='ltr'><strong>cervicem</strong></span> <span class='ocrx_word' id='word_1_727' title='bbox 1457 5115 1599 5185; x_wconf 87' lang='lat' dir='ltr'><strong>ejus,</strong></span> <span class='ocrx_word' id='word_1_728' title='bbox 1633 5115 1835 5170; x_wconf 91' lang='lat' dir='ltr'><strong>osculis</strong></span> <span class='ocrx_word' id='word_1_729' title='bbox 1859 5115 2143 5171; x_wconf 84' lang='lat' dir='ltr'><strong>demulce-</strong></span> 
     </span>
    </p>
   </div>
   <div class='ocr_carea' id='block_1_92' title="bbox 551 5200 2145 5278">
    <p class='ocr_par' dir='ltr' id='par_1_92' title="bbox 551 5200 2145 5278">
     <span class='ocr_line' id='line_1_92' title="bbox 551 5200 2145 5278; baseline 0.003 -20"><span class='ocrx_word' id='word_1_730' title='bbox 551 5201 663 5258; x_wconf 90' lang='lat' dir='ltr'><strong>bat.</strong></span> <span class='ocrx_word' id='word_1_731' title='bbox 697 5203 953 5273; x_wconf 89' lang='lat' dir='ltr'><strong>Cumque</strong></span> <span class='ocrx_word' id='word_1_732' title='bbox 976 5200 1324 5257; x_wconf 87' lang='lat' dir='ltr'><strong>oscularetur</strong></span> <span class='ocrx_word' id='word_1_733' title='bbox 1352 5219 1503 5266; x_wconf 87' lang='lat' dir='ltr'><strong>eum,</strong></span> <span class='ocrx_word' id='word_1_734' title='bbox 1526 5203 1760 5258; x_wconf 88' lang='lat' dir='ltr'><strong>odorata</strong></span> <span class='ocrx_word' id='word_1_735' title='bbox 1793 5206 1914 5276; x_wconf 89' lang='lat' dir='ltr'><strong>ejus</strong></span> <span class='ocrx_word' id='word_1_736' title='bbox 1944 5223 2145 5278; x_wconf 88' lang='lat' dir='ltr'><strong>corpu-</strong></span> 
     </span>
    </p>
   </div>
   <div class='ocr_carea' id='block_1_93' title="bbox 549 5290 2147 5365">
    <p class='ocr_par' dir='ltr' id='par_1_93' title="bbox 549 5290 2147 5365">
     <span class='ocr_line' id='line_1_93' title="bbox 549 5290 2147 5365; baseline 0.002 -17"><span class='ocrx_word' id='word_1_737' title='bbox 549 5292 766 5348; x_wconf 82' lang='lat' dir='ltr'><strong>sculum</strong></span> <span class='ocrx_word' id='word_1_738' title='bbox 797 5290 1130 5345; x_wconf 90' lang='lat' dir='ltr'><strong>suavissimo</strong></span> <span class='ocrx_word' id='word_1_739' title='bbox 1160 5291 1330 5346; x_wconf 90' lang='lat' dir='ltr'><strong>odore</strong></span> <span class='ocrx_word' id='word_1_740' title='bbox 1363 5291 1714 5348; x_wconf 69' lang='lat' dir='ltr'><strong>abstinentia:</strong></span> <span class='ocrx_word' id='word_1_741' title='bbox 1751 5293 2020 5365; x_wconf 88' lang='lat' dir='ltr'><strong>fragrare,</strong></span> <span class='ocrx_word' id='word_1_742' title='bbox 2055 5314 2147 5351; x_wconf 83' lang='lat' dir='ltr'><strong>re-</strong></span> 
     </span>
    </p>
   </div>
   <div class='ocr_carea' id='block_1_94' title="bbox 551 5380 2149 5453">
    <p class='ocr_par' dir='ltr' id='par_1_94' title="bbox 551 5380 2149 5453">
     <span class='ocr_line' id='line_1_94' title="bbox 551 5380 2149 5453; baseline 0.003 -15"><span class='ocrx_word' id='word_1_743' title='bbox 551 5381 781 5439; x_wconf 88' lang='lat' dir='ltr'><strong>cordata</strong></span> <span class='ocrx_word' id='word_1_744' title='bbox 807 5384 891 5436; x_wconf 87' lang='lat' dir='ltr'><strong>est</strong></span> <span class='ocrx_word' id='word_1_745' title='bbox 922 5380 1141 5436; x_wconf 89' lang='lat' dir='ltr'><strong>dierum</strong></span> <span class='ocrx_word' id='word_1_746' title='bbox 1173 5380 1376 5453; x_wconf 90' lang='lat' dir='ltr'><strong>quibus</strong></span> <span class='ocrx_word' id='word_1_747' title='bbox 1398 5398 1527 5436; x_wconf 91' lang='lat' dir='ltr'><strong>cum</strong></span> <span class='ocrx_word' id='word_1_748' title='bbox 1557 5399 1779 5438; x_wconf 90' lang='lat' dir='ltr'><strong>summa</strong></span> <span class='ocrx_word' id='word_1_749' title='bbox 1806 5384 2149 5443; x_wconf 88' lang='lat' dir='ltr'><strong>abstinentia</strong></span> 
     </span>
    </p>
   </div>
   <div class='ocr_carea' id='block_1_95' title="bbox 551 5470 2148 5545">
    <p class='ocr_par' dir='ltr' id='par_1_95' title="bbox 551 5470 2148 5545">
     <span class='ocr_line' id='line_1_95' title="bbox 551 5470 2148 5545; baseline 0.004 -20"><span class='ocrx_word' id='word_1_750' title='bbox 551 5473 792 5540; x_wconf 84' lang='lat' dir='ltr'><strong>vixerat;</strong></span> <span class='ocrx_word' id='word_1_751' title='bbox 835 5477 894 5525; x_wconf 91' lang='lat' dir='ltr'><strong>et</strong></span> <span class='ocrx_word' id='word_1_752' title='bbox 921 5470 1081 5543; x_wconf 88' lang='lat' dir='ltr'><strong>quasi</strong></span> <span class='ocrx_word' id='word_1_753' title='bbox 1130 5471 1374 5543; x_wconf 91' lang='lat' dir='ltr'><strong>quodam</strong></span> <span class='ocrx_word' id='word_1_754' title='bbox 1418 5472 1531 5527; x_wconf 91' lang='lat' dir='ltr'><strong>telo</strong></span> <span class='ocrx_word' id='word_1_755' title='bbox 1576 5489 1839 5545; x_wconf 90' lang='lat' dir='ltr'><strong>percussa</strong></span> <span class='ocrx_word' id='word_1_756' title='bbox 1869 5475 1928 5530; x_wconf 90' lang='lat' dir='ltr'><strong>in</strong></span> <span class='ocrx_word' id='word_1_757' title='bbox 1958 5477 2148 5532; x_wconf 90' lang='lat' dir='ltr'><strong>animo</strong></span> 
     </span>
    </p>
   </div>
   <div class='ocr_carea' id='block_1_96' title="bbox 552 5560 2150 5635">
    <p class='ocr_par' dir='ltr' id='par_1_96' title="bbox 552 5560 2150 5635">
     <span class='ocr_line' id='line_1_96' title="bbox 552 5560 2150 5635; baseline 0.004 -21"><span class='ocrx_word' id='word_1_758' title='bbox 552 5561 911 5616; x_wconf 86' lang='lat' dir='ltr'><strong>vehementer</strong></span> <span class='ocrx_word' id='word_1_759' title='bbox 937 5560 1230 5632; x_wconf 90' lang='lat' dir='ltr'><strong>ingemuit,</strong></span> <span class='ocrx_word' id='word_1_760' title='bbox 1249 5562 1637 5635; x_wconf 87' lang='lat' dir='ltr'><strong>lacrymasque</strong></span> <span class='ocrx_word' id='word_1_761' title='bbox 1660 5564 1927 5635; x_wconf 86' lang='lat' dir='ltr'><strong>profudit;</strong></span> <span class='ocrx_word' id='word_1_762' title='bbox 1951 5570 2009 5621; x_wconf 92' lang='lat' dir='ltr'><strong>et</strong></span> <span class='ocrx_word' id='word_1_763' title='bbox 2026 5571 2150 5621; x_wconf 89' lang='lat' dir='ltr'><strong>tan-</strong></span> 
     </span>
    </p>
   </div>
   <div class='ocr_carea' id='block_1_97' title="bbox 553 5649 2144 5729">
    <p class='ocr_par' dir='ltr' id='par_1_97' title="bbox 553 5649 2144 5729">
     <span class='ocr_line' id='line_1_97' title="bbox 553 5649 2144 5729; baseline 0.005 -27"><span class='ocrx_word' id='word_1_764' title='bbox 553 5664 720 5719; x_wconf 91' lang='lat' dir='ltr'><strong>quam</strong></span> <span class='ocrx_word' id='word_1_765' title='bbox 751 5649 861 5704; x_wconf 91' lang='lat' dir='ltr'><strong>vim</strong></span> <span class='ocrx_word' id='word_1_766' title='bbox 891 5650 1074 5705; x_wconf 91' lang='lat' dir='ltr'><strong>cordis</strong></span> <span class='ocrx_word' id='word_1_767' title='bbox 1114 5666 1226 5706; x_wconf 91' lang='lat' dir='ltr'><strong>non</strong></span> <span class='ocrx_word' id='word_1_768' title='bbox 1255 5651 1546 5721; x_wconf 83' lang='lat' dir='ltr'><strong>sutl‘erens,</strong></span> <span class='ocrx_word' id='word_1_769' title='bbox 1589 5652 1647 5708; x_wconf 92' lang='lat' dir='ltr'><strong>in</strong></span> <span class='ocrx_word' id='word_1_770' title='bbox 1676 5653 1793 5709; x_wconf 85' lang='lat' dir='ltr'><strong>haec</strong></span> <span class='ocrx_word' id='word_1_771' title='bbox 1822 5654 1991 5710; x_wconf 89' lang='lat' dir='ltr'><strong>verba</strong></span> <span class='ocrx_word' id='word_1_772' title='bbox 2019 5671 2144 5729; x_wconf 88' lang='lat' dir='ltr'><strong>pro-</strong></span> 
     </span>
    </p>
   </div>
   <div class='ocr_carea' id='block_1_98' title="bbox 551 5736 2142 5809">
    <p class='ocr_par' dir='ltr' id='par_1_98' title="bbox 551 5736 2142 5809">
     <span class='ocr_line' id='line_1_98' title="bbox 551 5736 2142 5809; baseline 0.005 -15"><span class='ocrx_word' id='word_1_773' title='bbox 551 5738 733 5809; x_wconf 87' lang='lat' dir='ltr'><strong>rupit:</strong></span> <span class='ocrx_word' id='word_1_774' title='bbox 766 5736 882 5805; x_wconf 78' lang='lat' dir='ltr'><strong>Vae,</strong></span> <span class='ocrx_word' id='word_1_775' title='bbox 923 5756 1004 5794; x_wconf 80' lang='lat' dir='ltr'><strong>vae</strong></span> <span class='ocrx_word' id='word_1_776' title='bbox 1042 5739 1178 5795; x_wconf 87' lang='lat' dir='ltr'><strong>mihi</strong></span> <span class='ocrx_word' id='word_1_777' title='bbox 1207 5740 1425 5798; x_wconf 72' lang='lat' dir='ltr'><strong>misera:</strong></span> <span class='ocrx_word' id='word_1_778' title='bbox 1453 5741 1587 5797; x_wconf 82' lang='lat' dir='ltr'><strong>soli!</strong></span> <span class='ocrx_word' id='word_1_779' title='bbox 1617 5743 1773 5801; x_wconf 89' lang='lat' dir='ltr'><strong>Tunc</strong></span> <span class='ocrx_word' id='word_1_780' title='bbox 1800 5744 2142 5802; x_wconf 87' lang='lat' dir='ltr'><strong>stabularius</strong></span> 
     </span>
    </p>
   </div>
   <div class='ocr_carea' id='block_1_99' title="bbox 2225 4844 3815 4917">
    <p class='ocr_par' dir='ltr' id='par_1_99' title="bbox 2225 4844 3815 4917">
     <span class='ocr_line' id='line_1_99' title="bbox 2225 4844 3815 4917; baseline -0.003 -18"><span class='ocrx_word' id='word_1_781' title='bbox 2225 4850 2357 4911; x_wconf 67' lang='lat' dir='ltr'><strong>tuae,</strong></span> <span class='ocrx_word' id='word_1_782' title='bbox 2389 4861 2558 4916; x_wconf 90' lang='lat' dir='ltr'><strong>super</strong></span> <span class='ocrx_word' id='word_1_783' title='bbox 2584 4844 2892 4916; x_wconf 89' lang='lat' dir='ltr'><strong>psiathium</strong></span> <span class='ocrx_word' id='word_1_784' title='bbox 2924 4844 2997 4913; x_wconf 76' lang='grc'><strong>(4)</strong></span> <span class='ocrx_word' id='word_1_785' title='bbox 3030 4844 3380 4900; x_wconf 85' lang='lat' dir='ltr'><strong>cubitaveras</strong></span> <span class='ocrx_word' id='word_1_786' title='bbox 3407 4861 3420 4913; x_wconf 88' lang='lat'><strong>;</strong></span> <span class='ocrx_word' id='word_1_787' title='bbox 3454 4851 3513 4899; x_wconf 90' lang='lat' dir='ltr'><strong>et</strong></span> <span class='ocrx_word' id='word_1_788' title='bbox 3541 4844 3815 4917; x_wconf 88' lang='lat' dir='ltr'><strong>quomodo</strong></span> 
     </span>
    </p>
   </div>
   <div class='ocr_carea' id='block_1_100' title="bbox 2222 4932 3819 5006">
    <p class='ocr_par' dir='ltr' id='par_1_100' title="bbox 2222 4932 3819 5006">
     <span class='ocr_line' id='line_1_100' title="bbox 2222 4932 3819 5006; baseline -0.003 -18"><span class='ocrx_word' id='word_1_789' title='bbox 2222 4950 2371 4989; x_wconf 92' lang='lat' dir='ltr'><strong>nunc</strong></span> <span class='ocrx_word' id='word_1_790' title='bbox 2385 4951 2556 5006; x_wconf 90' lang='lat' dir='ltr'><strong>super</strong></span> <span class='ocrx_word' id='word_1_791' title='bbox 2573 4934 2962 5006; x_wconf 88' lang='lat' dir='ltr'><strong>hujuscemodi</strong></span> <span class='ocrx_word' id='word_1_792' title='bbox 2978 4935 3186 4989; x_wconf 91' lang='lat' dir='ltr'><strong>lectum</strong></span> <span class='ocrx_word' id='word_1_793' title='bbox 3208 4939 3534 4989; x_wconf 88' lang='lat' dir='ltr'><strong>constanter</strong></span> <span class='ocrx_word' id='word_1_794' title='bbox 3544 4932 3819 4989; x_wconf 84' lang='lat' dir='ltr'><strong>ascendis?</strong></span> 
     </span>
    </p>
   </div>
   <div class='ocr_carea' id='block_1_101' title="bbox 2225 5023 3815 5095">
    <p class='ocr_par' dir='ltr' id='par_1_101' title="bbox 2225 5023 3815 5095">
     <span class='ocr_line' id='line_1_101' title="bbox 2225 5023 3815 5095; baseline -0.004 -14"><span class='ocrx_word' id='word_1_795' title='bbox 2225 5024 2335 5081; x_wconf 93' lang='lat' dir='ltr'><strong>Sed</strong></span> <span class='ocrx_word' id='word_1_796' title='bbox 2377 5024 2494 5080; x_wconf 84' lang='lat' dir='ltr'><strong>haec</strong></span> <span class='ocrx_word' id='word_1_797' title='bbox 2540 5025 2801 5079; x_wconf 90' lang='lat' dir='ltr'><strong>universa</strong></span> <span class='ocrx_word' id='word_1_798' title='bbox 2840 5023 3019 5079; x_wconf 80' lang='lat' dir='ltr'><strong>fecisti</strong></span> <span class='ocrx_word' id='word_1_799' title='bbox 3076 5024 3149 5079; x_wconf 89' lang='lat' dir='ltr'><strong>ad</strong></span> <span class='ocrx_word' id='word_1_800' title='bbox 3208 5023 3431 5079; x_wconf 90' lang='lat' dir='ltr'><strong>laudem</strong></span> <span class='ocrx_word' id='word_1_801' title='bbox 3479 5030 3537 5079; x_wconf 90' lang='lat' dir='ltr'><strong>et</strong></span> <span class='ocrx_word' id='word_1_802' title='bbox 3586 5023 3815 5095; x_wconf 78' lang='lat' dir='ltr'><strong>gloriam</strong></span> 
     </span>
    </p>
   </div>
   <div class='ocr_carea' id='block_1_102' title="bbox 2229 5112 3815 5187">
    <p class='ocr_par' dir='ltr' id='par_1_102' title="bbox 2229 5112 3815 5187">
     <span class='ocr_line' id='line_1_102' title="bbox 2229 5112 3815 5187; baseline -0.003 -17"><span class='ocrx_word' id='word_1_803' title='bbox 2229 5113 2456 5183; x_wconf 89' lang='lat' dir='ltr'><strong>Christi,</strong></span> <span class='ocrx_word' id='word_1_804' title='bbox 2483 5120 2541 5170; x_wconf 92' lang='lat' dir='ltr'><strong>et</strong></span> <span class='ocrx_word' id='word_1_805' title='bbox 2568 5114 2926 5170; x_wconf 89' lang='lat' dir='ltr'><strong>mansionum</strong></span> <span class='ocrx_word' id='word_1_806' title='bbox 2954 5114 3065 5169; x_wconf 89' lang='lat' dir='ltr'><strong>iter</strong></span> <span class='ocrx_word' id='word_1_807' title='bbox 3081 5113 3473 5185; x_wconf 90' lang='lat' dir='ltr'><strong>longissimum</strong></span> <span class='ocrx_word' id='word_1_808' title='bbox 3498 5112 3815 5187; x_wconf 79' lang='lat' dir='ltr'><strong>arripienda</strong></span> 
     </span>
    </p>
   </div>
   <div class='ocr_carea' id='block_1_103' title="bbox 2229 5202 3815 5273">
    <p class='ocr_par' dir='ltr' id='par_1_103' title="bbox 2229 5202 3815 5273">
     <span class='ocr_line' id='line_1_103' title="bbox 2229 5202 3815 5273; baseline -0.003 -13"><span class='ocrx_word' id='word_1_809' title='bbox 2229 5209 2287 5259; x_wconf 90' lang='lat' dir='ltr'><strong>et</strong></span> <span class='ocrx_word' id='word_1_810' title='bbox 2312 5221 2509 5260; x_wconf 88' lang='lat' dir='ltr'><strong>carnes</strong></span> <span class='ocrx_word' id='word_1_811' title='bbox 2533 5204 2898 5273; x_wconf 82' lang='lat' dir='ltr'><strong>comedenda,</strong></span> <span class='ocrx_word' id='word_1_812' title='bbox 2930 5209 2987 5259; x_wconf 89' lang='lat' dir='ltr'><strong>et</strong></span> <span class='ocrx_word' id='word_1_813' title='bbox 3016 5204 3212 5259; x_wconf 87' lang='lat' dir='ltr'><strong>vinum</strong></span> <span class='ocrx_word' id='word_1_814' title='bbox 3240 5202 3501 5270; x_wconf 89' lang='lat' dir='ltr'><strong>bibendo,</strong></span> <span class='ocrx_word' id='word_1_815' title='bbox 3531 5210 3595 5258; x_wconf 81' lang='lat' dir='ltr'><strong>et.</strong></span> <span class='ocrx_word' id='word_1_816' title='bbox 3635 5202 3694 5257; x_wconf 83' lang='lat' dir='ltr'><strong>in</strong></span> <span class='ocrx_word' id='word_1_817' title='bbox 3712 5206 3815 5256; x_wconf 82' lang='lat' dir='ltr'><strong>sta-</strong></span> 
     </span>
    </p>
   </div>
   <div class='ocr_carea' id='block_1_104' title="bbox 2228 5292 3813 5366">
    <p class='ocr_par' dir='ltr' id='par_1_104' title="bbox 2228 5292 3813 5366">
     <span class='ocr_line' id='line_1_104' title="bbox 2228 5292 3813 5366; baseline -0.003 -17"><span class='ocrx_word' id='word_1_818' title='bbox 2228 5293 2424 5350; x_wconf 90' lang='lat' dir='ltr'><strong>bulum</strong></span> <span class='ocrx_word' id='word_1_819' title='bbox 2437 5294 2855 5362; x_wconf 90' lang='lat' dir='ltr'><strong>divertendo,ut</strong></span> <span class='ocrx_word' id='word_1_820' title='bbox 2874 5294 3118 5349; x_wconf 90' lang='lat' dir='ltr'><strong>salvares</strong></span> <span class='ocrx_word' id='word_1_821' title='bbox 3132 5292 3379 5348; x_wconf 90' lang='lat' dir='ltr'><strong>animam</strong></span> <span class='ocrx_word' id='word_1_822' title='bbox 3398 5292 3813 5366; x_wconf 85' lang='lat' dir='ltr'><strong>perditam.Nos</strong></span> 
     </span>
    </p>
   </div>
   <div class='ocr_carea' id='block_1_105' title="bbox 2231 5382 3813 5455">
    <p class='ocr_par' dir='ltr' id='par_1_105' title="bbox 2231 5382 3813 5455">
     <span class='ocr_line' id='line_1_105' title="bbox 2231 5382 3813 5455; baseline -0.005 -14"><span class='ocrx_word' id='word_1_823' title='bbox 2231 5390 2421 5441; x_wconf 89' lang='lat' dir='ltr'><strong>autem</strong></span> <span class='ocrx_word' id='word_1_824' title='bbox 2438 5385 2484 5440; x_wconf 90' lang='lat' dir='ltr'><strong>si</strong></span> <span class='ocrx_word' id='word_1_825' title='bbox 2500 5385 2702 5439; x_wconf 88' lang='lat' dir='ltr'><strong>saltem</strong></span> <span class='ocrx_word' id='word_1_826' title='bbox 2721 5384 2955 5440; x_wconf 90' lang='lat' dir='ltr'><strong>verbum</strong></span> <span class='ocrx_word' id='word_1_827' title='bbox 2976 5384 3237 5439; x_wconf 87' lang='lat' dir='ltr'><strong>utilitatis</strong></span> <span class='ocrx_word' id='word_1_828' title='bbox 3256 5383 3410 5455; x_wconf 87' lang='lat' dir='ltr'><strong>loqui</strong></span> <span class='ocrx_word' id='word_1_829' title='bbox 3420 5400 3550 5438; x_wconf 89' lang='lat' dir='ltr'><strong>cum</strong></span> <span class='ocrx_word' id='word_1_830' title='bbox 3573 5382 3813 5455; x_wconf 80' lang='lat' dir='ltr'><strong>proximo</strong></span> 
     </span>
    </p>
   </div>
   <div class='ocr_carea' id='block_1_106' title="bbox 2230 5473 3503 5545">
    <p class='ocr_par' dir='ltr' id='par_1_106' title="bbox 2230 5473 3503 5545">
     <span class='ocr_line' id='line_1_106' title="bbox 2230 5473 3503 5545; baseline 0.001 -18"><span class='ocrx_word' id='word_1_831' title='bbox 2230 5476 2503 5542; x_wconf 89' lang='lat' dir='ltr'><strong>volumus,</strong></span> <span class='ocrx_word' id='word_1_832' title='bbox 2538 5479 2739 5530; x_wconf 85' lang='lat' dir='ltr'><strong>cuncta</strong></span> <span class='ocrx_word' id='word_1_833' title='bbox 2766 5474 3087 5545; x_wconf 88' lang='lat' dir='ltr'><strong>importune</strong></span> <span class='ocrx_word' id='word_1_834' title='bbox 3112 5473 3503 5528; x_wconf 89' lang='lat' dir='ltr'><strong>discernimus.</strong></span> 
     </span>
    </p>
   </div>
   <div class='ocr_carea' id='block_1_107' title="bbox 2301 5559 3811 5635">
    <p class='ocr_par' dir='ltr' id='par_1_107' title="bbox 2301 5559 3811 5635">
     <span class='ocr_line' id='line_1_107' title="bbox 2301 5559 3811 5635; baseline -0.003 -16"><span class='ocrx_word' id='word_1_835' title='bbox 2301 5566 2431 5620; x_wconf 67' lang='grc' dir='ltr'><strong>ΟΜ).</strong></span> <span class='ocrx_word' id='word_1_836' title='bbox 2464 5564 2880 5620; x_wconf 86' lang='lat' dir='ltr'><strong>IX.—Sedente</strong></span> <span class='ocrx_word' id='word_1_837' title='bbox 2912 5580 2977 5619; x_wconf 94' lang='lat' dir='ltr'><strong>eo</strong></span> <span class='ocrx_word' id='word_1_838' title='bbox 3007 5564 3195 5635; x_wconf 88' lang='lat' dir='ltr'><strong>itaque</strong></span> <span class='ocrx_word' id='word_1_839' title='bbox 3222 5579 3393 5635; x_wconf 90' lang='lat' dir='ltr'><strong>super</strong></span> <span class='ocrx_word' id='word_1_840' title='bbox 3411 5562 3734 5629; x_wconf 88' lang='lat' dir='ltr'><strong>lectum,ait</strong></span> <span class='ocrx_word' id='word_1_841' title='bbox 3753 5559 3811 5613; x_wconf 85' lang='lat' dir='ltr'><strong>ad</strong></span> 
     </span>
    </p>
   </div>
   <div class='ocr_carea' id='block_1_108' title="bbox 2225 5648 3816 5726">
    <p class='ocr_par' dir='ltr' id='par_1_108' title="bbox 2225 5648 3816 5726">
     <span class='ocr_line' id='line_1_108' title="bbox 2225 5648 3816 5726; baseline -0.006 -14"><span class='ocrx_word' id='word_1_842' title='bbox 2225 5670 2353 5712; x_wconf 90' lang='lat' dir='ltr'><strong>eum</strong></span> <span class='ocrx_word' id='word_1_843' title='bbox 2392 5654 2600 5726; x_wconf 89' lang='lat' dir='ltr'><strong>puella:</strong></span> <span class='ocrx_word' id='word_1_844' title='bbox 2620 5654 2780 5722; x_wconf 87' lang='lat' dir='ltr'><strong>Veni,</strong></span> <span class='ocrx_word' id='word_1_845' title='bbox 2814 5653 3057 5721; x_wconf 91' lang='lat' dir='ltr'><strong>domine,</strong></span> <span class='ocrx_word' id='word_1_846' title='bbox 3088 5658 3153 5708; x_wconf 93' lang='lat' dir='ltr'><strong>ut</strong></span> <span class='ocrx_word' id='word_1_847' title='bbox 3170 5652 3553 5708; x_wconf 87' lang='lat' dir='ltr'><strong>calceamenta</strong></span> <span class='ocrx_word' id='word_1_848' title='bbox 3582 5653 3655 5708; x_wconf 90' lang='lat' dir='ltr'><strong>de</strong></span> <span class='ocrx_word' id='word_1_849' title='bbox 3682 5648 3816 5725; x_wconf 87' lang='lat' dir='ltr'><strong>pedi-</strong></span> 
     </span>
    </p>
   </div>
   <div class='ocr_carea' id='block_1_109' title="bbox 2224 5740 3811 5815">
    <p class='ocr_par' dir='ltr' id='par_1_109' title="bbox 2224 5740 3811 5815">
     <span class='ocr_line' id='line_1_109' title="bbox 2224 5740 3811 5815; baseline -0.004 -13"><span class='ocrx_word' id='word_1_850' title='bbox 2224 5746 2327 5803; x_wconf 87' lang='lat' dir='ltr'><strong>bus</strong></span> <span class='ocrx_word' id='word_1_851' title='bbox 2355 5744 2468 5804; x_wconf 91' lang='lat' dir='ltr'><strong>tuis</strong></span> <span class='ocrx_word' id='word_1_852' title='bbox 2490 5744 2764 5802; x_wconf 86' lang='lat' dir='ltr'><strong>auferam.</strong></span> <span class='ocrx_word' id='word_1_853' title='bbox 2783 5743 2970 5801; x_wconf 87' lang='lat' dir='ltr'><strong>Atille</strong></span> <span class='ocrx_word' id='word_1_854' title='bbox 2998 5741 3080 5799; x_wconf 88' lang='lat' dir='ltr'><strong>ait</strong></span> <span class='ocrx_word' id='word_1_855' title='bbox 3108 5743 3178 5798; x_wconf 90' lang='lat' dir='ltr'><strong>ad</strong></span> <span class='ocrx_word' id='word_1_856' title='bbox 3209 5741 3605 5813; x_wconf 86' lang='lat' dir='ltr'><strong>eam:0bsera,</strong></span> <span class='ocrx_word' id='word_1_857' title='bbox 3624 5740 3811 5815; x_wconf 82' lang='lat' dir='ltr'><strong>inquit,</strong></span> 
     </span>
    </p>
   </div>
  </div>
