3868 6386
85 349 181 408 657

1071 351 1239 408 νιΤΑ
1278 351 1578 410 ΞΑΝΟΤᾸΞ
1614 352 1884 419 MARIE,
1927 350 2420 442 MERETRICIS.'

3252 350 3363 410 658

83 477 279 532 ostium
339 475 655 547 diligenter,
712 483 770 531 et
813 478 1105 532 abstrahes
1151 495 1235 533 ea.
1278 479 1515 536 Volebat
1547 480 1874 546 veroAbes,
1908 480 2164 535 veniam:
2201 479 2468 552 praecede,
2503 485 2560 534 et
2604 494 2708 550 ego
2757 491 2964 549 sequar
3001 475 3361 533 sanctitatem

83 567 260 641 puella
278 565 464 640 primo
479 567 813 622 discalceare
844 584 974 624 eum
1001 587 1012 636 ;
1046 570 1144 624 sed
1165 586 1292 625 cum
1324 569 1417 626 ille
1448 587 1560 626 non
1580 589 1673 642 pa-

81 662 309 724 teretur,
331 655 606 712 obseratis
655 657 814 712 ostiis
843 658 995 713 venit
1023 659 1093 712 ad
1124 675 1273 714 eum.
1307 660 1411 716 Cui
1441 661 1630 716 senior
1656 680 1666 715 :

77 747 323 810 Domina,
359 746 562 818 inquit,
593 747 787 813 Maria,
820 749 1206 820 appropinqua
1236 748 1394 804 mihi.
1416 751 1672 822 Cumque

76 837 590 910 appropinquasset,
619 836 802 892 tenuit
829 838 1068 893 ﬁrmiter
1093 854 1324 894 manum
1347 840 1488 910 ejus,
1513 840 1674 911 quasi

79 928 166 999 qui
194 932 491 998 putaretur
519 927 756 981 osculari
777 944 922 981 eam.
946 928 1219 982 Auferens
1250 945 1471 1001 quoque
1491 947 1674 986 came-

80 1017 352 1070 lauchium
369 1033 404 1070 a
421 1017 600 1088 capite
629 1033 749 1084 suo,
776 1023 833 1071 et
847 1033 1148 1090 erumpens
1164 1035 1351 1073 vocem
1373 1019 1430 1074 in
1453 1020 1667 1085 fletum,

79 1108 153 1161 ait
177 1106 245 1161 ad
275 1122 400 1161 eam
428 1124 438 1159 :
478 1105 617 1161 Filia
637 1123 764 1161 mea
784 1108 979 1174 Maria,
1006 1124 1117 1162 non
1139 1125 1229 1162 me
1259 1109 1552 1179 agnoscis?
1572 1111 1675 1164 vis-

79 1213 197 1250 cera
223 1213 370 1264 mea,
402 1212 588 1250 nonne
608 1214 711 1268 ego
747 1215 871 1252 sum
905 1198 999 1269 qui
1025 1203 1082 1252 te
1110 1198 1361 1252 nutrivi?
1395 1200 1529 1271 qu‘id
1573 1199 1674 1254 tibi

77 1287 272 1340 factum
294 1290 398 1351 est,
421 1302 453 1340 ο
475 1286 589 1340 ﬁlia
619 1287 788 1340 mea?
818 1288 944 1358 quis
958 1293 1014 1341 te
1035 1288 1348 1342 interfecit?
1370 1289 1463 1344 ubi
1477 1294 1563 1344 est
1579 1290 1671 1344 ille

80 1376 290 1430 habitus
311 1375 596 1446 angelicus
627 1393 792 1448 quem
823 1377 1085 1444 habebas,
1111 1379 1228 1432 ﬁlia
1256 1380 1418 1434 mea?
1453 1379 1546 1434 ubi
1587 1385 1674 1436 est

79 1466 456 1520 continentia?
487 1465 580 1521 ubi
613 1467 825 1521 fletus?
855 1467 950 1521 ubi
986 1468 1233 1538 vigiliae?
1263 1468 1360 1522 ubi
1404 1469 1670 1525 chameu-

1753 576 1931 638 tuam,
1962 576 2019 625 et
2048 570 2336 624 exosculor
2364 568 2599 640 vestigia
2636 574 2752 634 tua,
2786 567 2918 640 quia
2945 565 3027 621 sic
3070 582 3241 640 super
3269 583 3360 622 me

1753 661 2000 729 doluisti,
2033 665 2099 717 ut
2125 676 2190 716 ex
2220 659 2484 731 voragine
2515 658 2883 714 immunditia;
2895 657 3066 728 hujus
3094 657 3362 712 educeres

1755 768 1869 810 me.
1910 752 1980 806 Et
2008 767 2222 823 ponens
2246 755 2416 822 caput
2441 766 2605 806 suum
2628 749 2697 804 ad
2709 747 2878 820 pedes
2906 748 3046 818 ejus,
3061 750 3183 804 tota
3198 751 3360 802 nocte

1756 840 1944 906 ﬂebat,
1972 842 2161 896 dicens
2189 858 2200 896 :
2235 841 2382 905 Quid
2414 839 2536 907 tibi,
2570 839 2824 905 Domine,
2868 839 3016 894 Deus
3050 854 3209 893 meus
3258 853 3360 908 pro

1755 931 2013 986 omnibus
2032 931 2120 985 his
2139 930 2446 985 retribuam
2469 930 2492 983 Τ

1829 1022 1959 1075 CAP.
1984 1021 2050 1074 X.
2076 1050 2139 1061 -—
2160 1019 2416 1074 Diluculo
2436 1023 2626 1074 autem
2647 1018 2812 1084 facto,
2833 1019 2912 1073 ait
2931 1018 3002 1074 ad
3023 1035 3148 1074 eam
3164 1018 3360 1073 beatus

1756 1109 2041 1164 Abraham
2071 1129 2082 1163 :
2124 1111 2321 1180 Surge,
2350 1110 2483 1176 ﬁlia,
2517 1115 2575 1164 et
2603 1126 2796 1164 eamus
2824 1109 2955 1164 hinc
2984 1109 3055 1163 ad
3101 1109 3360 1163 cellulam

1759 1206 2029 1254 nostram.
2056 1200 2190 1264 Quae
2208 1200 2568 1270 respondens,
2601 1199 2743 1253 dixit
2773 1198 2839 1252 ad
2864 1215 3023 1252 eum:
3058 1197 3249 1252 Habeo
3270 1196 3362 1251 hic

1755 1289 2037 1344 modicum
2063 1287 2206 1352 auri,
2231 1294 2289 1341 et
2303 1287 2514 1358 aliquid
2535 1287 3014 1354 vestimentorum,
3031 1287 3164 1358 quid
3187 1287 3257 1340 de
3273 1285 3360 1340 his

1748 1378 1914 1449 jubes
1944 1378 2064 1432 ﬁeri
2089 1379 2112 1431 ?
2142 1377 2506 1449 Respondens
2521 1384 2710 1431 autem
2735 1376 2934 1430 beatus
2962 1375 3361 1441 Abraham,di~

1753 1468 1833 1521 xit
1857 1487 1868 1521 :
1904 1468 2180 1539 Relinque
2211 1467 2301 1520 hic
2321 1466 2512 1520 omnia
2534 1466 2668 1530 haec,
2690 1481 2813 1536 quae
2840 1482 2905 1519 ex
2937 1470 3097 1536 parte
3125 1464 3358 1535 maligni

82 1557 176 1611 niae
208 1557 274 1626 (ὃ)
299 1557 391 1610 ?A
419 1555 746 1611 celsitudine
763 1557 885 1611 caeli
906 1558 963 1612 in
996 1558 1141 1612 hanc
1158 1559 1372 1613 foveam
1391 1560 1684 1630 quomodo
1755 1557 1987 1629 quaesita
2012 1562 2164 1611 sunt.
2197 1557 2265 1611 Et
2290 1560 2584 1627 surgentes
2598 1555 2871 1610 exierunt.
2906 1555 3221 1627 Statimque
3251 1555 3359 1609 im-

79 1647 330 1701 devoluta
353 1664 432 1712 es,
467 1647 584 1701 ﬁlia
613 1664 738 1701 mea
756 1647 784 1700 ?
815 1664 931 1712 cur,
978 1649 1200 1719 quando
1250 1649 1509 1721 peccasti,
1557 1666 1668 1706 non
1752 1664 1966 1719 ponens
1988 1663 2112 1701 eam
2128 1663 2298 1718 super
2311 1661 2539 1716 equum,
2557 1645 2820 1700 trahebat
2836 1645 3156 1717 praecedens
3170 1661 3360 1717 quem-

79 1737 205 1791 mihi
232 1736 536 1791 indicasti?
567 1753 680 1791 non
702 1737 840 1792 mihi
860 1737 1008 1793 illico
1021 1738 1305 1793 retulisti?
1327 1745 1385 1794 et
1405 1756 1508 1811 ego
1519 1745 1668 1794 certe
1751 1737 2054 1791 admodum
2082 1741 2273 1808 pastor
2303 1752 2432 1790 cum
2463 1734 2677 1789 invenit
2705 1751 2864 1788 ovem
2896 1734 3194 1806 perditam,
3231 1750 3359 1790 cum

79 1843 168 1898 pro
197 1833 250 1880 te
280 1825 668 1898 paenitentiam
702 1844 926 1898 agerem
961 1845 1088 1882 cum
1134 1829 1494 1884 dilectissimo
1542 1846 1667 1885 meo
1688 1811 1734 1871 Β
1751 1827 1957 1897 gaudio
1979 1826 2425 1898 superhumeros
2443 1840 2575 1879 suos
2595 1824 2743 1879 tollit
2764 1825 2911 1892 (Luc.
2942 1827 3060 1890 xm)
3087 1843 3098 1892 ;
3133 1824 3215 1879 ita
3235 1823 3361 1880 bea-

81 1915 336 1988 Ephran
372 1918 558 1981 Quare
579 1917 656 1971 sic
677 1917 854 1972 fecisti
881 1918 904 1971 ?
927 1924 1025 1972 aut
1061 1935 1234 1990 quare
1266 1934 1357 1973 me
1397 1919 1477 1974 ita
1507 1920 1668 1975 dese-

78 2005 244 2069 ruisti,
285 2011 341 2062 et
369 2007 426 2062 in
455 2007 601 2062 hanc
626 2023 715 2061 me
743 2007 1067 2062 maestitiam
1111 2008 1522 2063 intolerabilem
1571 2010 1669 2063 de-

76 2092 302 2146 duxisti?
325 2092 463 2158 Quis
485 2098 674 2148 autem
685 2093 806 2148 sine
829 2099 1054 2165 peccato
1071 2098 1173 2159 est,
1195 2094 1303 2148 nisi
1323 2095 1474 2148 solus
1495 2094 1670 2150 Deus?

79 2182 312 2254 Cumque
341 2184 459 2238 haec
487 2183 709 2255 aliaque
731 2185 912 2239 multa
934 2183 1183 2248 dixisset,
1232 2189 1504 2256 tanquam
1527 2184 1669 2256 lapis

78 2271 360 2327 immobilis
387 2273 446 2328 in
479 2273 738 2328 manibus
767 2275 889 2345 ejus
917 2274 1204 2340 remansit,
1231 2274 1437 2328 timore
1459 2274 1670 2346 pariter

80 2366 129 2414 et
154 2361 468 2418 confusione
495 2364 772 2436 suppleta.
807 2365 1020 2418 Rursus
1071 2369 1262 2419 autem
1309 2363 1668 2420 beatissimus

81 2450 153 2504 vir
178 2468 297 2507 cum
323 2453 588 2526 lacrymis
600 2452 825 2525 adjecit,
845 2453 1039 2508 dicens
1061 2471 1072 2506 :
1099 2453 1224 2508 Non
1237 2453 1484 2525 loqueris
1504 2453 1662 2520 mihi,

80 2556 108 2592 o
135 2541 241 2595 lilia
268 2559 392 2597 mea
423 2543 645 2600 Maria?
675 2545 801 2598 Non
831 2543 1078 2614 loqueris
1107 2543 1265 2609 mihi,
1315 2560 1447 2616 pars
1498 2543 1669 2599 visce—

81 2646 193 2685 rum
217 2633 508 2687 meorum?
542 2647 728 2688 nonne
774 2638 1004 2705 propter
1051 2639 1126 2700 te,
1183 2633 1301 2688 ﬁlia
1357 2649 1502 2700 mea,
1559 2634 1668 2689 huc

80 2719 309 2776 adveni?
339 2722 523 2794 Super
551 2738 642 2777 me
677 2722 753 2777 sit
783 2722 888 2777 hoc
911 2729 1220 2796 peccatum,
1271 2740 1304 2777 ο
1351 2723 1469 2778 ﬁlia
1505 2739 1664 2793 mea;

80 2825 171 2880 ego
194 2811 249 2866 in
269 2810 355 2867 die
381 2812 583 2883 judicii
617 2829 717 2885 pro
747 2818 803 2868 te
835 2813 1065 2869 reddam
1091 2814 1368 2869 rationem
1406 2814 1666 2881 Domino,

82 2916 171 2969 ego
193 2918 286 2973 pro
315 2908 543 2974 peccato
573 2903 678 2958 hoc
700 2903 1041 2958 satisfaciam
1066 2905 1202 2958 Deo.
1226 2905 1415 2976 Usque
1444 2904 1514 2959 ad
1547 2921 1668 2958 me-

83 2989 219 3044 dium
247 2992 433 3066 itaque
454 2993 638 3048 noctis
656 2994 1044 3065 hujuscemodi
1075 2993 1257 3048 verbis
1275 2993 1671 3049 consolabatur

82 3093 210 3146 eam,
233 3088 288 3136 et
306 3099 430 3138 cum
448 3083 715 3155 lacrymis
735 3083 1031 3138 uberrimis
1051 3083 1670 3156 admonebat.Cumque

1751 1921 1844 1971 tus
1868 1916 2149 1971 Abraham
2173 1916 2427 1986 gaudens
2456 1914 2515 1968 in
2544 1913 2711 1969 corde
2740 1929 2842 1968 suo
2871 1913 2982 1968 iter
3023 1929 3149 1968 cum
3189 1919 3359 1987 nepte

1751 2005 2008 2060 faciebat.
2032 2007 2285 2077 Cumque
2309 2005 2555 2059 venisset
2574 2003 2644 2058 ad
2666 2003 2954 2076 proprium
2975 2004 3178 2070 locum,
3201 2003 3358 2058 illam

1753 2097 1978 2167 quidem
1993 2095 2091 2150 ubi
2111 2096 2229 2167 ipse
2246 2095 2448 2160 fuerat,
2482 2094 2736 2148 interiori
2757 2094 2959 2148 cellula
2978 2093 3222 2160 reclusit,
3239 2093 3360 2166 ipse

1752 2203 1884 2240 vero
1922 2186 1978 2240 in
2008 2187 2148 2240 cella
2176 2184 2436 2240 exteriori
2457 2183 2784 2257 permansit.
2803 2184 2934 2238 Haec
2951 2183 3142 2256 itaque
3159 2182 3361 2238 induta

1751 2275 1952 2342 cilicio,
1976 2276 2036 2330 in
2056 2275 2373 2331 humilitate
2396 2274 2570 2329 animi
2588 2280 2644 2329 et
2667 2273 2850 2329 cordis
2874 2278 3045 2345 atque
3065 2273 3358 2328 oculorum

1753 2366 1975 2421 fletibus
1988 2365 2351 2438 perdurabat,
2365 2364 2574 2436 vigiliis
2597 2379 2820 2436 quoque
2841 2368 3010 2435 atque
3025 2361 3357 2418 arctissimis

1750 2453 2103 2509 abstinentiae
2127 2453 2411 2510 laboribus
2432 2453 2795 2526 semetipsam
2819 2453 3139 2522 conﬁciens,
3157 2458 3356 2510 etcum

1748 2543 2024 2599 modestia
2046 2547 2104 2598 et
2134 2543 2321 2617 quiete
2337 2544 2409 2598 ad
2429 2543 2728 2599 Dominum
2747 2543 3131 2599 indesinenter
3146 2544 3359 2617 procla-

1751 2649 1934 2700 mans,
1963 2633 2180 2690 facinus
2210 2633 2504 2706 proprium
2525 2650 2624 2707 spe
2643 2633 2972 2689 ﬁrmissima
2999 2633 3174 2690 veniae
3203 2635 3359 2707 plan-

1749 2723 1936 2795 gebat,
1984 2729 2102 2779 tam
2155 2724 2442 2796 sapienter
2488 2724 2704 2797 jugiter
2747 2722 3224 2780 obsecrationibus
3261 2741 3356 2778 va-

1751 2829 1902 2880 cans,
1935 2818 2002 2868 ut
2027 2813 2234 2881 nullus,
2276 2814 2533 2884 quamvis
2560 2813 2681 2868 sine
2709 2812 3034 2881 visceribus,
3058 2829 3173 2869 non
3202 2828 3357 2868 com-

1749 2909 2116 2976 pungeretur,
2142 2920 2271 2958 cum
2290 2920 2451 2958 voces
2475 2905 2640 2959 ﬂetus
2651 2905 2775 2975 ejus
2795 2903 3034 2959 audiret.
3049 2904 3187 2969 Quis
3205 2903 3354 2959 enim

1750 2993 1829 3048 sic
1854 2994 2254 3049 immisericors
2269 3000 2352 3049 est
2371 2993 2650 3060 inventus,
2671 2995 2768 3065 qui
2795 2994 3196 3048 lamentantem
3228 3009 3355 3048 eam

1750 3099 2076 3154 agnoscens,
2107 3084 2229 3156 ipse
2258 3100 2482 3156 quoque
2500 3100 2612 3138 non
2637 3083 2837 3138 fleret?
2861 3084 2977 3138 Aut
3005 3083 3130 3155 quis
3147 3083 3217 3138 de
3232 3084 3357 3154 ejus

85 3186 366 3244 parumper
392 3173 660 3228 ﬁduciam
679 3175 1036 3247 percepisset,
1059 3174 1251 3229 taliter
1270 3176 1410 3230 ﬂens
1439 3175 1510 3229 ad
1537 3191 1666 3230 eum
1684 3184 1726 3246 ο
1754 3190 1888 3228 vera
1907 3174 2088 3228 cordis
2117 3173 2546 3246 compunctione
2573 3189 2686 3228 non
2716 3173 2831 3243 egit
2849 3173 3062 3243 gratias
3091 3173 3207 3227 Deo
3250 3188 3354 3228 no-

83 3258 244 3315 locuta
273 3269 354 3317 est
379 3283 390 3317 :
417 3266 546 3319 Non
562 3265 716 3319 valeo
738 3269 813 3329 te,
842 3265 1119 3336 inquiens,
1144 3270 1374 3337 propter
1393 3265 1666 3320 confusio-

83 3365 194 3404 nem
214 3353 391 3409 vultus
407 3354 520 3409 mei
541 3355 853 3409 attendere.
877 3356 947 3410 Et
964 3355 1242 3427 quomodo
1264 3372 1492 3428 possum
1535 3373 1663 3411 ora-

80 3437 270 3496 tionem
282 3443 394 3498 Deo
413 3445 672 3513 fundere,
689 3445 913 3516 quando
929 3445 1008 3499 sic
1031 3445 1388 3500 immunditia
1401 3445 1544 3500 caeni
1562 3446 1663 3500 hu-

74 3528 158 3597 jus
176 3531 381 3602 polluta
402 3536 565 3590 sum?
581 3535 648 3590 Et
666 3541 894 3590 sanctus
915 3535 998 3589 vir
1015 3535 1086 3590 ad
1125 3552 1250 3590 eam
1274 3553 1286 3590 :
1322 3536 1501 3609 Super
1547 3553 1658 3604 me,

80 3613 261 3687 inquit,
278 3621 350 3676 sit
368 3621 641 3693 iniquitas
663 3627 779 3688 tua,
794 3639 826 3676 ο
848 3621 965 3676 ﬁlia
980 3638 1131 3689 mea;
1157 3639 1228 3676 ex
1241 3622 1500 3677 manibus
1521 3622 1661 3678 meis

79 3712 342 3773 peccatum
366 3711 473 3765 hoc
503 3711 652 3765 Deus
680 3710 932 3782 requirat
957 3729 967 3764 :
1011 3711 1362 3766 solummodo
1386 3711 1518 3766 audi
1547 3728 1657 3779 me,

79 3798 127 3846 et
148 3797 284 3863 veni,
303 3815 500 3855 eamus
521 3799 578 3854 in
597 3800 779 3854 locum
804 3806 1080 3855 nostrum.
1109 3802 1248 3855 Ecce
1269 3801 1419 3854 enim
1451 3805 1508 3855 et
1529 3801 1663 3856 cha-

79 3881 313 3943 rissimus
339 3889 598 3962 Ephrwm
620 3906 720 3962 pro
736 3896 791 3944 te
811 3890 1049 3946 nimium
1087 3891 1257 3956 dolet,
1290 3891 1486 3962 tuique
1497 3907 1666 3946 causa

81 3974 252 4031 sedule
283 3980 587 4036 Dominum
607 3980 956 4052 deprecatur.
982 3981 1108 4035 Noli
1129 3980 1402 4047 diflidere,
1428 3981 1563 4048 ﬁlia,
1595 3982 1664 4035 de

80 4063 355 4123 clementia
379 4069 604 4124 Domini
628 4088 640 4136 ;
673 4070 802 4124 licet
828 4075 925 4124 tua
950 4069 1065 4123 sint
1085 4075 1312 4141 peccata
1341 4070 1492 4125 velut
1509 4087 1666 4126 mon-

80 4155 169 4217 tes,
192 4157 283 4210 sed
303 4158 454 4214 illius
467 4159 848 4214 misericordia
865 4176 1091 4214 omnem
1113 4159 1494 4231 supereminet
1513 4177 1662 4215 crea-

82 4244 269 4298 turam.
293 4247 448 4304 Sicut
477 4247 734 4319 legimus,
759 4248 994 4302 accessit
1023 4249 1227 4303 mulier
1254 4248 1546 4303 immunda
1589 4249 1659 4304 ad

78 4333 348 4403 mundum,
372 4343 430 4393 et
459 4355 571 4393 non
605 4355 735 4393 eum
764 4337 1093 4410 inquinavit,
1131 4339 1229 4393 sed
1267 4338 1336 4392 ab
1363 4356 1428 4394 eo
1468 4339 1656 4411 potius

1750 3269 1867 3318 stro
1889 3265 1912 3316 ?
1934 3263 2272 3318 Pcenitentia
2295 3263 2576 3334 siquidem
2606 3264 2748 3333 ejus,
2782 3262 2829 3316 si
2860 3262 3066 3318 nostris
3077 3262 3354 3334 supplica-

1745 3353 1992 3408 tionibus
2011 3358 2388 3424 comparetur,
2408 3368 2633 3406 omnem
2645 3368 2967 3406 mensuram
2977 3351 3186 3406 doloris
3200 3368 3354 3408 exce«

1747 3443 1847 3498 dit.
1867 3443 1956 3498 Sic
1983 3443 2135 3497 enim
2164 3441 2474 3514 impensius
2487 3441 2787 3497 Dominum
2811 3441 3145 3514 precabatur
3166 3446 3231 3496 ut
3248 3439 3353 3496 sibi

1745 3532 2132 3604 ignosceretur
2158 3533 2308 3605 quod
2334 3535 2604 3604 gesserat,
2623 3536 2688 3586 ut
2698 3531 2870 3587 etiam
2888 3531 3129 3603 signum,
3152 3531 3200 3586 si
3226 3548 3352 3587 sus-

1745 3629 1908 3694 cepta
1935 3622 2135 3678 fuisset
2173 3624 2296 3694 ejus
2336 3621 2685 3694 paenitentia,
2717 3621 2985 3676 divinitus
3013 3622 3346 3694 postularet.

1747 3712 2234 3768 Clementissimus
2255 3712 2446 3783 itaque
2467 3712 2636 3776 Deus,
2673 3710 2770 3783 qui
2790 3711 3075 3766 neminem
3087 3712 3206 3765 vult
3219 3727 3351 3783 per-

1747 3803 1849 3870 ire,
1891 3802 1988 3857 sed
2010 3819 2204 3856 omnes
2223 3803 2294 3856 ad
2324 3801 2716 3874 pmnitentiam
2749 3800 2955 3856 reverti
2997 3804 3049 3865 (I
3094 3803 3234 3856 Tim.
3267 3799 3346 3871 ιι),

1746 3893 1827 3948 ita
1855 3893 2191 3963 condignam
2215 3892 2653 3946 satisfactionem
2673 3892 2722 3962 ej
2731 3908 2795 3946 us
2815 3890 3045 3962 recepit,
3067 3895 3133 3946 ut
3147 3889 3350 3946 oratio-

1745 3981 1911 4038 nibus
1925 3984 2048 4053 ejus
2066 3987 2193 4055 post
2201 3981 2432 4036 triennii
2448 3980 2854 4054 plenitudinem
2867 3981 3080 4035 sanitas
3091 3980 3296 4052 plurim
3306 3980 3352 4036 is

1745 4073 2094 4128 redderetur.
2117 4072 2432 4144 Impensius
2451 4087 2696 4143 namque
2726 4071 2797 4126 ad
2820 4087 2946 4125 eam
2969 4069 3137 4125 turba
3158 4071 3350 4143 p0puli

1744 4161 2080 4229 conﬂuebat,
2116 4178 2237 4233 quae
2259 4179 2360 4233 pro
2389 4161 2610 4217 illorum
2633 4160 2814 4216 salute
2836 4159 3140 4217 Dominum
3160 4161 3350 4216 efﬁca-

1744 4252 1884 4307 citer
1911 4252 2265 4324 precabatur.

1816 4343 1948 4399 CAP.
1982 4343 2078 4398 XI.
2112 4370 2170 4383 --
2207 4343 2413 4398 Beatus
2442 4347 2632 4398 autem
2661 4341 2948 4397 Abraham
2987 4341 3127 4396 alios
3155 4341 3350 4397 decem

77 4417 181 4489 ipsa
209 4428 475 4484 mundata
498 4433 584 4482 est
607 4447 620 4482 :
650 4428 913 4499 lacrymis
939 4429 1110 4500 pedes
1141 4428 1364 4483 Domini
1383 4429 1537 4495 lavit,
1569 4446 1657 4483 ca-
1737 4449 1915 4486 annos
1934 4432 1991 4486 in
2013 4432 2582 4505 hacvitaperdurans,
2606 4436 2664 4487 et
2689 4447 2924 4487 cernens
2943 4431 3215 4503 optimam
3228 4447 3349 4502 p03-

76 4508 312 4586 pillisque
339 4519 456 4572 suis
487 4517 718 4572 extersit
743 4519 912 4586 (Lucae
933 4521 1050 4587 vn).
1086 4518 1142 4573 Si
1186 4523 1374 4590 potest
1419 4518 1659 4573 scintilla
1678 4516 1727 4576 D
1748 4521 2042 4576 nitentiam
2067 4524 2207 4594 ejus,
2247 4521 2678 4594 gloriﬁcansque
2707 4521 2906 4586 Deum,
2932 4519 3348 4591 septuagesimo

77 4600 287 4672 pelagus
304 4605 678 4674 inflammare,
696 4614 930 4680 possunt
942 4613 999 4662 et
1010 4612 1236 4680 peccata
1250 4613 1347 4662 tua
1367 4609 1416 4678 ej
1426 4626 1489 4662 us
1503 4625 1662 4663 mun-

75 4686 252 4748 ditiam
285 4695 610 4770 inquinare:
647 4714 758 4753 non
791 4703 877 4752 est
906 4715 1110 4752 novum
1137 4698 1335 4752 cadere
1371 4697 1430 4752 in
1479 4699 1660 4753 lucta-

79 4777 247 4847 ιηίηθς
304 4788 404 4841 sed
456 4788 670 4843 malum
725 4793 812 4842 est
853 4789 1041 4858 jacere
1089 4788 1389 4858 dejectum.
1444 4788 1662 4842 Revoca

76 4868 206 4924 unde
235 4876 508 4934 extuleras
538 4877 738 4950 pedem
767 4878 986 4932 fortiter
1010 4896 1020 4931 :
1045 4882 1103 4933 te
1132 4878 1365 4933 cadente
1395 4877 1522 4932 risit
1546 4876 1664 4931 ini-

80 4957 254 5028 micus,
279 4967 374 5021 sed
402 4968 690 5025 fortiorem
720 4973 777 5023 te
806 4969 1015 5024 sentiat
1041 4974 1450 5040 resurgentem.
1497 4968 1660 5024 Mise-

81 5060 204 5116 rere:
237 5069 439 5126 quaeso,
495 5059 798 5114 senectutis
828 5075 1002 5127 mete;
1054 5059 1244 5114 doleas
1291 5077 1391 5131 pro
1438 5057 1662 5113 canitiei

80 5149 200 5192 mete
222 5142 428 5215 labore,
452 5147 700 5215 obsecro,
727 5154 784 5203 et
807 5165 1132 5221 exsurgens,
1153 5149 1276 5204 veni
1301 5149 1371 5204 ad
1403 5149 1658 5204 cellulam

81 5238 294 5286 mecum.
325 5236 451 5292 Noli
483 5238 682 5294 timere
703 5258 716 5306 ;
737 5238 1015 5294 lubricum
1039 5239 1189 5294 enim
1211 5245 1300 5294 est
1320 5256 1500 5310 genus
1517 5256 1662 5294 mor-

80 5315 257 5401 {alium
283 5342 296 5389 ;
328 5329 422 5382 sed
447 5329 592 5384 sicut
609 5329 774 5384 citius
793 5330 961 5396 cadit,
985 5330 1062 5384 sic
1082 5330 1290 5385 iterum
1309 5330 1553 5384 velocius
1564 5347 1665 5401 per

83 5399 165 5457 Dei
186 5410 521 5482 adjutorium
551 5421 751 5490 surgit,
785 5419 881 5492 qui
904 5426 1196 5492 peccantes
1217 5437 1329 5474 non
1357 5420 1475 5476 vult
1496 5399 1661 5484 mori,

84 5494 164 5581 Sed
195 5506 374 5559 sanari
403 5509 876 5581 etvivere(E::cch.
903 5513 1076 5577 xvm).
1094 5511 1197 5564 Illa
1227 5526 1356 5564 vero
1381 5515 1571 5576 παπ
1585 5509 1666 5564 ait

85 5578 142 5631 ad
171 5599 324 5644 eum:
361 5595 418 5650 Si
447 5597 554 5652 scis
584 5598 716 5671 quia
762 5598 1152 5670 paenitentiam
1201 5615 1367 5669 agere
1410 5616 1657 5671 possum,

83 5671 131 5720 et
163 5678 584 5747 satisfactionem
613 5706 798 5744 meam
823 5689 1093 5764 suscipiat
1121 5689 1288 5757 Deus,
1323 5705 1447 5747 ecce
1473 5695 1537 5746 ut
1568 5691 1663 5761 ju-

1744 4612 1868 4666 vitae
1883 4628 1997 4666 suae
2013 4629 2160 4667 anno
2175 4612 2386 4683 quievit
2402 4611 2459 4666 in
2473 4609 3054 4683 pace.Quinquaginta
3065 4609 3346 4680 siquidem

1745 4717 1923 4755 annos
1954 4717 2162 4771 magna
2189 4717 2317 4756 cum
2345 4700 2637 4755 devotione
2667 4703 2837 4770 atque
2871 4698 3189 4754 humilitate
3229 4716 3349 4754 cor-

1744 4791 1830 4844 dis
1852 4796 1908 4844 et
1920 4789 2192 4844 charitate
2230 4806 2343 4845 non
2355 4790 2503 4856 ﬁcta,
2529 4788 2853 4844 institutum
2875 4803 3041 4844 suum
3063 4789 3340 4862 implevit.

1816 4881 1946 4935 CAP.
1970 4880 2093 4935 XII.
2121 4910 2180 4923 —
2197 4880 2504 4934 Personam
2533 4878 2776 4934 hominis
2802 4895 3092 4951 nunquam
3113 4879 3348 4953 accepit,

1744 4970 1890 5024 sicut
1909 4969 2057 5042 apud
2074 4969 2346 5040 plurimos
2377 4969 2498 5024 ﬁeri
2515 4969 2820 5037 consuevit,
2842 4975 2907 5025 ut
2923 4986 3102 5026 unum
3119 4971 3348 5042 quidem

1743 5077 1935 5115 amore
1963 5060 2280 5131 praeferant,
2304 5059 2478 5116 alium
2490 5077 2620 5116 vero
2637 5059 2967 5132 despiciant,
2983 5076 3165 5133 neque
3178 5076 3348 5131 regu-

1743 5151 1855 5204 lam
1887 5149 2240 5204 abstinentiae
2261 5167 2375 5204 suae
2395 5150 2774 5215 mutavit,non
2791 5150 3020 5223 pigritia
3039 5147 3344 5221 obtorpuit,

1744 5257 1857 5295 non
1889 5241 2136 5310 segniter
2154 5240 2288 5311 egit,
2313 5240 2409 5294 sed
2425 5240 2505 5295 ita
2519 5257 2741 5313 semper
2754 5240 2969 5294 exstitit
2987 5239 3148 5310 quasi
3168 5237 3349 5310 quoti-

1745 5330 1834 5384 die
1856 5329 2180 5385 moriturus.
2198 5329 2298 5384 Hic
2313 5329 2418 5384 fuit
2433 5330 2631 5385 modus
2645 5328 2954 5384 beatissimi
2969 5327 3272 5394 Abraham,
3290 5332 3349 5383 et

1748 5419 1863 5473 haec
1887 5419 2234 5474 conversatio
2273 5424 2330 5474 et
2369 5418 2681 5474 certamina
2719 5417 3030 5473 tolerantize
3070 5418 3212 5488 ejus.
3261 5418 3348 5473 Ita

1747 5510 1896 5564 enim
1918 5511 1973 5564 in
1997 5509 2320 5564 certaminis
2338 5509 2453 5563 acie
2476 5514 2671 5564 contra
2685 5507 3065 5562 adversarium
3083 5507 3257 5574 stetit,
3283 5513 3348 5563 ut

1746 5617 2101 5671 nequaquam
2133 5617 2191 5655 se
2223 5605 2350 5672 post
2369 5603 2588 5670 tergum
2615 5603 2964 5653 converteret
2989 5615 3002 5666 ;
3034 5597 3132 5652 sed
3163 5614 3349 5670 neque

1747 5690 1801 5747 in
1832 5689 2290 5748 tribulationibus
2320 5707 2458 5764 quas
2483 5689 2540 5748 in
2568 5689 2685 5745 vico
2701 5705 3001 5765 perpessus
3028 5693 3132 5757 est,
3164 5705 3347 5765 neque
