3868 6424
458 337 568 400 659

1509 344 1604 400 DE
1639 344 1830 403 VITIS
1869 342 2166 402 PATRUM
2202 337 2418 397 LIBER
2453 333 2743 392 PRIMUS.

3632 323 3738 384 660

459 461 520 527 in
548 470 742 544 praelia
769 485 896 526 cum
928 467 1239 542 phantasiis
1267 467 1586 526 daemonum
1607 470 1898 538 dimicans,
1925 471 2066 526 rela-
2086 467 2349 532 Ahiems,
2383 461 2673 520 etinﬁnita
2687 462 2995 531 tempestas
3013 455 3229 512 nudum
3247 469 3339 511 me
3356 457 3528 528 atque
3539 451 3739 527 spolia-

461 560 613 616 xavit
630 559 883 614 animum
905 575 1091 622 suum,
1122 559 1210 613 vel
1238 558 1298 613 in
1318 558 1507 630 aliquo
1537 559 1855 630 trepidavit.
1887 559 2064 614 Maxi-

462 665 618 704 mum
633 653 822 702 autem
841 653 1011 718 atque
1021 647 1354 702 admirabile
1365 654 1648 703 certamen
1666 649 1902 709 hocfuit.
1916 648 2065 720 quod

463 753 598 809 erga
619 736 1002 792 beatissimam
1031 737 1267 792 Mariam
1292 737 1487 808 gessit,
1517 737 1798 808 quomodo
1831 753 1932 809 per
1973 753 2065 792 sa-

461 826 733 898 pientiam
759 825 1132 897 spiritualem,
1165 825 1541 898 prudentiam,
1573 826 1824 897 inquam,
1859 833 1916 882 et
1957 826 2065 880 im-

464 915 748 988 peritiam,
779 932 881 986 per
918 915 1356 970 indiﬂerentiam
1387 921 1445 969 et
1494 915 1957 970 incontinentiam
1997 916 2066 970 de

462 1003 730 1075 voragine
743 1003 1058 1074 iniquitatis
1091 1021 1214 1058 eam
1236 1002 1530 1058 abstraxit.
1556 1004 1602 1059 Ο
1629 1004 1982 1059 miraculum!
2003 1005 2068 1060 In

464 1092 650 1166 ipsum
679 1091 862 1148 cubile
909 1093 1168 1148 draconis
1203 1093 1491 1164 ingressus
1537 1099 1640 1159 est,
1692 1093 1881 1165 ibique
1937 1110 2066 1149 eum

465 1181 704 1254 pedibus
763 1181 1124 1249 conculcavit,
1177 1188 1236 1236 et
1289 1199 1357 1236 ex
1405 1182 1590 1237 medio
1641 1183 1894 1238 dentium
1947 1185 2069 1254 ejus

469 1287 654 1327 escam
679 1271 906 1343 eripuit.
943 1271 1016 1326 Hi
1056 1287 1266 1342 agones
1289 1276 1346 1326 et
1359 1271 1593 1327 sudores
1616 1271 1764 1326 beati
1787 1273 1892 1327 viri
1907 1272 2070 1327 exsti-

467 1363 682 1416 terunt.

543 1450 676 1506 Car.
708 1449 860 1504 XIII.
892 1477 951 1492 -
979 1449 1050 1504 Et
1075 1449 1181 1505 hoc
1210 1449 1436 1522 quidem
1466 1450 1546 1505 ita
1571 1451 1972 1506 conscribimus
2000 1453 2072 1507 ad

471 1537 912 1594 consolationem
941 1543 1002 1593 et
1047 1539 1397 1594 devotionem
1441 1540 1695 1595 omnium
1739 1541 1836 1613 qui
1879 1542 2074 1596 volunt

470 1627 562 1700 pie
591 1631 650 1682 et
677 1627 940 1682 alacriter
955 1627 1126 1682 vitam
1142 1644 1304 1683 suam
1321 1629 1647 1685 instituere:
1681 1636 1735 1685 et
1760 1631 1831 1685 ad
1845 1631 2071 1686 laudem

473 1720 531 1772 et
554 1715 794 1787 gloriam
828 1715 950 1784 Dei,
973 1717 1136 1788 cujus
1153 1717 1341 1787 gratia
1361 1719 1663 1774 alﬂuenter
1691 1718 1852 1774 nobis
1872 1726 2074 1774 cuncta

2144 563 2265 612 tum
2294 555 2503 626 absque
2532 549 2869 624 perfectione
2897 546 3170 602 bonorum
3196 562 3429 618 operum
3475 544 3735 600 inveniet.

2218 647 2350 702 CAP.
2401 643 2546 698 XVI.
2597 665 2656 676 —
2709 637 2973 692 Admiror
3011 635 3070 690 in
3124 634 3474 706 memetipso,
3539 634 3742 690 charis-

2147 734 2295 801 simi,
2330 730 2609 805 quomodo
2640 727 2889 800 quotidie
2916 724 3199 796 delinquo,
3244 729 3302 780 et
3346 723 3596 796 quotidie
3627 740 3740 796 pte-

2149 823 2446 878 nitentiam
2497 835 2641 890 ago;
2689 833 2792 890 per
2832 816 3001 870 horas
3039 813 3283 880 aediﬁco,
3335 818 3394 868 et
3437 829 3539 885 per
3579 814 3741 868 horas

2149 917 2471 968 constructa
2487 908 2767 964 subverto.
2806 905 2892 960 Ad
2939 920 3227 975 vesperam
3268 903 3425 957 dico:
3477 903 3739 974 Sequenti

2151 1001 2242 1056 die
2267 999 2538 1072 poeniteo;
2570 1012 2736 1050 mane
2763 999 2955 1049 autem
2982 993 3144 1058 facto,
3197 992 3378 1046 elatus
3412 991 3562 1046 diem
3611 1007 3743 1063 pm-

2149 1095 2324 1145 tereo.
2354 1089 2570 1144 Rursus
2598 1085 2670 1139 ad
2710 1099 2996 1156 vesperam
3039 1082 3193 1136 dico:
3253 1081 3436 1136 Noctu
3485 1079 3741 1151 vigilabo,

2150 1185 2207 1236 et
2234 1196 2363 1234 cum
2389 1175 2652 1249 lacrymis
2694 1171 2995 1229 obsecrabo
3035 1171 3358 1234 Dominum,
3405 1176 3472 1225 ut
3507 1171 3743 1242 peccatis

2149 1269 2288 1324 meis
2316 1265 2590 1340 prapitius
2609 1264 2684 1318 sit
2705 1283 2718 1331 ;
2747 1279 2872 1318 cum
2889 1266 3082 1318 autem
3102 1277 3211 1316 nox
3220 1259 3528 1325 advenerit,
3551 1275 3740 1314 somno

2151 1359 2337 1432 potius
2365 1371 2622 1427 occupor.
2651 1353 2790 1408 Ecce
2820 1351 2916 1424 qui
2940 1366 3162 1407 mecum
3198 1355 3534 1422 acceperunt
3577 1365 3741 1422 pecu-

2153 1449 2306 1504 niam
2335 1447 2426 1503 die
2447 1463 2512 1501 ac
2539 1449 2702 1500 nocte
2731 1442 3005 1513 negotiari
3032 1440 3400 1508 contendunt,
3435 1444 3500 1495 ut
3527 1446 3587 1495 et
3624 1439 3740 1496 lau-

2152 1539 2282 1595 dem
2319 1535 2582 1608 praeconii
2627 1537 3062 1604 consequantur;
3096 1535 3156 1586 et
3199 1530 3393 1585 decem
3431 1528 3742 1584 civitatibus

2153 1627 2420 1701 praesint;
2447 1641 2550 1696 ego
2578 1623 2649 1678 ob
2673 1621 2959 1695 pigritiam
2993 1635 3177 1676 meam
3215 1618 3486 1675 occultavi
3515 1634 3644 1674 eam
3687 1619 3742 1674 in

2152 1723 2326 1783 terra,
2359 1720 2417 1770 et
2430 1712 2703 1770 Dominus
2729 1728 2890 1767 meus
2903 1709 3297 1782 propinquavit
3316 1707 3526 1776 venire;
3550 1713 3610 1764 et
3625 1725 3742 1763 ecce

473 1820 596 1877 quia
625 1810 942 1876 opportuna
967 1811 1100 1861 sunt
1121 1807 1505 1863 conceduntur
1526 1826 1540 1876 ;
1563 1808 1623 1862 in
1640 1807 1750 1862 alio
1771 1825 1901 1863 vero
1925 1809 2069 1864 volu-
2089 1816 2135 1877 Β
2155 1803 2537 1862 contremiscit
2552 1819 2648 1858 cor
2675 1818 2886 1866 meum,
2918 1806 2975 1856 et
3006 1800 3186 1855 deﬂeo
3230 1798 3351 1854 dies
3395 1797 3743 1870 negligentiae

472 1895 624 1950 mine
644 1894 888 1967 reliquas
903 1897 1026 1966 ejus
1034 1896 1272 1951 virtutes
1287 1897 1703 1970 descripsimus.
1720 1900 1868 1954 Hora
1882 1904 2073 1954 autem

470 1982 568 2039 illa
593 1985 820 2056 quando
849 1984 1060 2056 quievit
1083 1986 1435 2062 migraturus
1461 1987 1531 2042 ad
1560 1985 1880 2055 Dominum,
1931 2006 2074 2061 pene

471 2072 733 2130 universa
758 2074 955 2129 civitas
979 2080 1319 2146 congregata
1349 2081 1452 2131 est.
1477 2077 1547 2132 Et
1571 2078 1956 2149 unusquisque
1977 2095 2072 2133 eo-

471 2178 600 2218 rum
629 2179 758 2218 cum
786 2163 942 2220 omni
969 2163 1264 2220 devotione
1273 2165 1586 2222 castissimo
1607 2167 1730 2238 ejus
1743 2168 1962 2238 corpori
1981 2184 2077 2240 ap-

473 2251 878 2324 propinquans,
901 2251 1350 2310 benedictionem
1371 2254 1477 2310 sibi
1498 2273 1564 2311 ex
1587 2257 1938 2312 vestimentis
1957 2258 2078 2327 ejus

473 2341 724 2413 diripuit.
745 2343 814 2397 Et
829 2342 959 2398 siin
979 2359 1314 2416 quocunque
1333 2344 1603 2416 languore
1631 2345 1689 2400 id
1719 2347 1867 2418 quod
1895 2346 2078 2418 direp-

473 2434 597 2486 tum
625 2435 712 2486 est
738 2431 992 2502 contigit,
1025 2432 1146 2488 sine
1161 2433 1354 2505 aliqua
1377 2451 1539 2490 mora
1557 2434 1768 2491 sanitas
1779 2435 2078 2492 subsecuta

475 2525 579 2577 est.

548 2610 680 2664 CAP.
713 2611 858 2666 XIV.
893 2636 953 2648 —
985 2605 1136 2666 Vixit
1149 2611 1320 2667 etiam
1340 2613 1515 2671 Maria
1532 2613 1672 2669 alios
1702 2614 1951 2686 quinque
1974 2631 2076 2670 an-

477 2713 600 2764 nos,
633 2699 826 2771 sicque
853 2717 1027 2772 supra
1043 2701 1274 2757 modum
1310 2702 1479 2758 vitam
1499 2720 1660 2758 suam
1689 2703 2006 2768 instituens,
2022 2709 2080 2759 et

477 2786 676 2843 diebus
703 2805 770 2843 ac
789 2789 1044 2844 noctibus
1069 2789 1127 2844 in
1145 2791 1546 2846 lamentatione
1560 2807 1765 2863 magna
1791 2793 2078 2865 lacrymis-

479 2893 589 2950 que
617 2893 1000 2948 perseverans,
1031 2879 1333 2935 Dominum
1362 2880 1712 2952 precabatur,
1735 2887 1799 2937 ut
1828 2883 2079 2954 plerique

479 2970 884 3039 praetereuntes
901 2967 1084 3022 locum
1111 2967 1270 3023 illum
1303 2986 1404 3040 per
1429 2975 1668 3038 noctem,
1704 2977 1762 3025 et
1789 2973 2081 3027 audientes

481 3071 672 3110 vocem
723 3056 961 3112 ﬂetuum
1008 3058 1150 3128 ejus,
1199 3057 1563 3114 nihilominus
1614 3067 1970 3116 verterentur
2022 3061 2080 3116 in

2155 1912 2316 1963 mete,
2349 1911 2461 1950 non
2490 1891 2702 1948 habens
2731 1891 2956 1963 qualem
2983 1889 3397 1946 excusationem
3426 1886 3742 1943 obtendam.

2227 1985 2365 2040 CAP.
2379 1982 2549 2039 XVII.
2562 2009 2624 2022 -—
2637 1980 2900 2036 Miserere
2921 1977 3054 2046 mei,
3085 1977 3182 2050 qui
3205 1977 3357 2033 solus
3375 1976 3496 2032 sine
3523 1982 3746 2049 peccato

2157 2091 2216 2129 es
2252 2073 2421 2140 Deus,
2453 2077 2510 2126 et
2525 2071 2740 2127 salvum
2763 2087 2852 2125 me
2879 2069 2982 2134 fac,
3007 2067 3104 2140 qui
3119 2067 3272 2122 solus
3306 2063 3586 2138 benignus
3611 2084 3669 2122 es
3695 2072 3748 2121 et

2157 2163 2420 2231 clemens;
2444 2161 2576 2235 quia
2593 2165 2798 2234 praeter
2811 2164 2869 2216 te
2888 2157 3245 2214 benedictum
3263 2157 3508 2224 Patrem,
3530 2161 3594 2212 et
3627 2156 3748 2212 uni-

2157 2254 2413 2326 genitum
2436 2251 2641 2308 Filium
2662 2257 2822 2307 tuum
2834 2248 2931 2322 qui
2946 2249 3270 2304 incarnatus
3283 2251 3368 2302 est
3381 2251 3613 2319 propter
3631 2263 3744 2313 nos,

2161 2349 2219 2398 et
2243 2343 2517 2415 Spiritum
2543 2345 2801 2396 sanctum
2818 2339 2916 2411 qui
2934 2338 3176 2394 vivificat
3197 2336 3406 2403 omnia,
3431 2336 3612 2393 alium
3635 2352 3751 2391 nes-

2158 2433 2262 2498 cio,
2296 2448 2480 2504 neque
2507 2432 2568 2486 in
2597 2431 2771 2487 alium
2799 2429 2986 2486 credo.
3019 2429 3090 2484 Et
3114 2443 3264 2484 nunc
3293 2432 3578 2484 memento
3625 2426 3747 2492 mei,

2158 2527 2379 2578 amator
2403 2521 2718 2586 hominum,
2741 2534 2799 2576 et
2826 2518 3005 2574 deduc
3031 2533 3122 2574 me
3150 2517 3219 2572 de
3246 2533 3468 2574 carcere
3493 2515 3751 2588 iniquita-

2157 2618 2282 2668 tum
2311 2627 2587 2678 mearum,
2616 2610 2749 2682 quia
2774 2615 3081 2680 utrumque
3108 2613 3272 2663 tuum
3285 2612 3386 2673 est,
3419 2607 3676 2672 Domine,
3699 2613 3751 2662 et

2160 2701 2383 2773 quando
2412 2699 2638 2756 voluisti
2669 2715 2761 2754 me
2805 2699 2866 2754 in
2907 2697 3057 2754 hunc
3097 2697 3370 2752 mundum
3414 2697 3650 2764 intrare,
3699 2705 3751 2752 et

2159 2791 2384 2862 quando
2411 2807 2477 2845 ex
2504 2807 2570 2844 eo
2588 2789 2831 2860 migrare
2851 2787 3202 2860 praeceperis.
3223 2787 3538 2842 Memorare
3558 2787 3668 2842 mei
3679 2787 3754 2842 in-

2160 2880 2394 2945 defensi,
2425 2886 2482 2935 et
2516 2879 2669 2934 salva
2688 2895 2778 2933 me
2799 2883 3147 2950 peccatorem
3177 2882 3264 2945 ;et
3279 2876 3466 2948 gratia
3487 2883 3608 2943 tua,
3639 2894 3754 2948 quae

2163 2969 2301 3024 mihi
2330 2969 2388 3023 in
2417 2969 2521 3023 hoc
2547 2968 2747 3023 saeculo
2765 2967 3080 3040 opitulatio,
3095 2967 3392 3038 refugium,
3415 2972 3472 3021 et
3498 2967 3754 3038 gloriatio

2163 3058 2312 3114 facta
2339 3064 2442 3125 est,
2467 3058 2590 3129 ipsa
2619 3075 2708 3113 me
2736 3056 2840 3113 sub
2860 3057 2977 3112 alas
2997 3056 3054 3111 in
3075 3056 3174 3112 illa
3187 3056 3574 3133 diehorrenda
3595 3062 3755 3128 atque

480 3144 788 3218 planctum,
803 3151 862 3201 et
871 3147 1066 3202 ﬂetum
1093 3163 1260 3202 suum
1273 3148 1322 3219 ej
1331 3165 1395 3204 us
1416 3150 1551 3204 ﬂetu
1567 3151 1911 3222 copularent.
1929 3151 2081 3206 Hora
2105 3144 2149 3206 C
2166 3147 2402 3204 terribili
2424 3153 2700 3220 protegat.
2723 3149 2808 3204 Tu
2827 3147 2979 3202 enim
2993 3145 3267 3218 agnoscis,
3282 3147 3378 3220 qui
3407 3163 3468 3202 es
3477 3153 3754 3203 scrutator

480 3239 671 3290 autem
699 3235 1056 3291 dormitionis
1087 3237 1226 3308 ejus,
1261 3254 1372 3310 qua
1400 3255 1463 3293 ex
1493 3239 1597 3293 hac
1639 3240 1750 3294 vita
1788 3245 2081 3312 assumpta
2161 3237 2342 3294 cordis
2370 3242 2428 3291 et
2448 3253 2668 3302 renum,
2701 3236 2850 3309 quod
2881 3236 3088 3292 multas
3111 3235 3414 3308 pravitates
3443 3241 3504 3291 et
3523 3237 3750 3292 scanda-

481 3328 585 3392 est,
617 3341 812 3380 omnes
840 3324 937 3397 qui
965 3325 1228 3382 viderunt
1262 3344 1407 3395 eam,
1451 3334 1681 3401 propter
1725 3330 2080 3402 splendorem
2161 3329 2346 3384 lorum
2371 3326 2648 3394 tramites,
2664 3324 3388 3398 impudentiumvanitatem
3404 3326 3751 3382 ethmretico-

480 3413 672 3469 vultus
695 3415 838 3484 ejus,
857 3415 1098 3484 gloriam
1124 3416 1365 3472 Domino
1391 3418 1724 3474 retulerunt.
2165 3435 2293 3474 rum
2323 3417 2706 3472 defensionem
2733 3415 3063 3488 contempsi.
3089 3415 3158 3470 Et
3171 3415 3275 3470 hoc
3293 3431 3406 3470 non
3426 3432 3494 3471 ex
3513 3433 3627 3482 me,
3660 3417 3748 3472 sed

556 3502 687 3557 CAP.
720 3503 837 3558 XV.
866 3534 924 3546 --
947 3504 1072 3559 Heu
1091 3504 1231 3560 mihi
1253 3489 1732 3576 (6),dilectissimi,
1748 3509 2012 3580 quoniam
2025 3510 2084 3564 hi
2167 3525 2233 3568 ex
2249 3507 2436 3579 gratia
2461 3511 2581 3574 tua,
2614 3521 2714 3578 per
2739 3521 2908 3578 quam
2951 3504 3268 3560 illuminata
3294 3510 3382 3562 est
3408 3521 3574 3561 mens
3619 3523 3753 3562 mea.

486 3590 710 3664 quidem
737 3591 1107 3649 dormierunt.
1135 3599 1193 3649 et
1211 3594 1282 3650 ad
1303 3596 1604 3652 Dominum
1619 3614 1746 3653 cum
1775 3599 1926 3654 omni
1947 3600 2088 3654 ﬁdu-
2168 3596 2326 3654 Unde
2357 3595 2606 3661 obsecro,
2644 3600 2835 3650 sancte
2880 3594 3137 3661 Domine,
3171 3594 3323 3650 salva
3368 3610 3460 3650 me
3487 3594 3554 3650 in
3593 3612 3757 3667 regno

486 3680 978 3753 ciaperrexerunt;
997 3699 1236 3754 quorum
1257 3685 1486 3740 mensin
1509 3687 1662 3742 nullo
1680 3703 1910 3759 prorsus
1925 3704 2086 3744 mun-
2170 3692 2286 3755 tuo,
2315 3691 2373 3742 et
2400 3685 2634 3757 dignare
2663 3683 3091 3740 mebenedicere
3103 3701 3230 3740 cum
3243 3683 3502 3740 omnibus
3537 3685 3633 3758 qui
3655 3684 3758 3757 pla«

487 3769 650 3826 danis
678 3771 917 3843 negotiis
941 3772 1203 3844 colligata
1226 3779 1330 3842 est,
1363 3775 1462 3830 sed
1490 3775 1548 3831 in
1577 3777 1698 3832 sola
1724 3777 1948 3833 Domini
1960 3779 2086 3833 cha-
2165 3780 2407 3832 cuerunt
2433 3780 2566 3831 ante
2593 3779 2669 3841 te,
2687 3773 2953 3847 quoniam
2965 3774 3126 3829 decet
3144 3773 3411 3845 tegloria,
3435 3774 3692 3830 adoratio
3709 3779 3758 3829 et

487 3858 674 3918 ritate.
694 3861 809 3933 Ego
829 3865 1018 3929 8'38
1035 3879 1165 3919 vero
1184 3862 1560 3936 impromptus
1579 3871 1748 3938 atque
1775 3867 2084 3940 imparatus
2168 3864 2608 3938 magniﬁcentia,
2617 3864 2840 3921 Patrem
2852 3869 2911 3920 et
2919 3863 3123 3920 Filium
3137 3869 3196 3920 et
3205 3863 3478 3936 Spiritum
3488 3870 3753 3922 sanctum.

485 3965 614 4006 mea
640 3950 928 4008 voluntate
956 3953 1260 4024 permansi,
1305 3958 1364 4010 et
1390 3971 1516 4011 ecce
1542 3957 1970 4030 comprehendit
1995 3975 2086 4014 me
2165 3958 2366 4015 Amen.

1751 4081 2134 4138 ROSWEYDI
2169 4081 2509 4138 NOTATIO.

561 4173 642 4254 (l)
673 4175 866 4254 Maria?
894 4177 1704 4254 meretricialchtum_hujus
1721 4179 1779 4234 in
1809 4181 1980 4235 nullis
2004 4187 2096 4254 tag-
2220 4179 2320 4254 _(5)
2346 4177 2751 4254 Chamaunian]
2776 4179 2953 4254 Vetus
2981 4178 3169 4254 editio,
3203 4181 3575 4254 continentia;
3609 4177 3756 4254 Colo-

490 4244 637 4326 bulis
663 4245 1056 4326 ecclesiasticis
1076 4244 1298 4326 invenio
1315 4251 1579 4326 certo_die
1597 4244 1969 4326 assignatum,
1987 4253 2094 4307 nisi
2176 4244 2408 4326 nien'sis,
2442 4244 2758 4326 caumem'ai.
2797 4252 2945 4306 Vera
2987 4244 3170 4326 lectio,
3206 4266 3392 4326 quain
3427 4250 3582 4326 dedi:
3629 4251 3757 4326 Sunt

491 4315 718 4442 quodin
741 4316 960 4372 Menaeis
982 4318 1049 4374 29
1068 4319 1322 4400 Octobris
1363 4322 1530 4376 Maria
1549 4315 1788 4405 Abrahae
1811 4315 2092 4408 jungitur.
2176 4315 2458 4396 χαμευνίὸιι,
2519 4325 3013 4408 hmm‘catationes.
3074 4315 3275 4396 Supra,
3325 4321 3462 4406 Vita
3511 4321 3754 4403 Abrahae,

539 4392 559 4442 t
592 4388 760 4442 Simul
778 4389 1048 4442 hactenus
1076 4390 1209 4442 Vita.
1229 4391 1542 4442 Abrahaaet
1562 4393 1750 4442 Mariam.
1776 4402 1959 4442 nantis
1973 4413 2095 4442 mm:
2177 4411 2297 4442 can.
2337 4393 2418 4442 18-
2453 4395 2798 4442 clmmmums
2827 4412 3035 4442 mmmm
3077 4399 3483 4442 ntimntrmone
3530 4409 3754 4442 corporis

493 4388 559 4470 Et
592 4388 760 4442 simul
778 4389 1209 4470 hactenusVita
1215 4391 1468 4470 Abrahae
1485 4393 1750 4470 et_Marize
1764 4388 1959 4470 neptis
1973 4397 2095 4470 ejus
2177 4388 2297 4466 Eap.
2337 4393 2418 4461 18,
2453 4395 2798 4470 chameuniis
2827 4412 3035 4465 quoque
3077 4388 3483 4470 ct_'_'cqnti:itione
3530 4395 3756 4470 corporis

491 4459 764 4530 impressa
787 4459 928 4536 fuit,
946 4466 1172 4536 auctore
1215 4463 1495 4536 Ephrazm.
1539 4465 1798 4530 Distinxi,
1843 4459 1908 4521 ut
1947 4459 2095 4522 viros
2177 4459 2469 4536 utinquam
2499 4469 2728 4520 omnino
2761 4459 2996 4521 lassatus
3017 4465 3257 4520 est.Vide
3279 4459 3696 4536 Onomasticon.

490 4531 1023 4621 ascgtasma‘femi‘n'is
1043 4531 1296 4621 ascetiriis
1308 4541 1596 4621 separatos
1617 4536 1871 4621 haberes.
1933 4610 1981 4621 η
2040 4610 2055 4621 _
2109 4548 2158 4609 ι)
2249 4531 2326 4621 (ϐξ
2352 4539 2465 4621 ﬂeti
2491 4539 2678 4621 mihi.)
2708 4537 3160 4621 Tria'seque'ntia
3182 4536 3371 4621 capita
3399 4535 3608 4590 desunt
3651 4541 3754 4617 tam

492 4673 504 4685 ο
554 4601 636 4685 ςξὶ)
665 4603 938 4685 Stabula]
955 4605 1027 4685 id
1054 4612 1140 4685 est
1167 4601 1472 4685 diversorio
1492 4609 1577 4664 vel
1606 4609 1915 4665 meritorio.
1933 4610 2093 4666 Unde
2113 4601 2152 4609 ⁷
2175 4601 2322 4685 apud
2339 4609 2630 4685 _Ephraem_.
2658 4601 2795 4685 tom.
2820 4610 2918 4675 III,
2941 4601 3012 4685 in
3025 4609 3154 4662 Vita
3167 4601 3543 4685 Abrahaeinec
3557 4624 3616 4662 se
3635 4607 3754 4685 eain

487 4672 654 4752 infnes
674 4692 806 4752 PaP-
830 4672 896 4752 5a
917 4672 1295 4752 έὲαρυιαῖξωο,
1466 4750 1477 4752 μ
1627 4751 1663 4752 η
2175 4672 2384 4735 Graecis
2400 4672 2815 4752 exemplaribus
2834 4672 3108 4752 reperisse
3135 4684 3377 4752 testatur
3391 4678 3667 4750 Ephraimi
3686 4679 3756 4752 in:

563 4745 638 4813 (3)
660 4745 1261 4824 Gaijwlaucliiurn.]‘lta
1283 4749 1602 4824 legendum.
1625 4751 1792 4819 Editi,
1812 4757 2095 4824 calaman-
2173 4756 2390 4824 terpres
2409 4745 2658 4824 vossius,
2683 4769 2852 4824 quam
2865 4745 3014 4824 apud
3045 4745 3500 4824 Metaphrastein,
3521 4748 3752 4824 tomo_VI

491 4815 686 4894 cltum,
707 4819 765 4871 id
791 4823 864 4894 est
891 4821 1120 4894 pilatim.
1138 4815 1404 4876 DccurFit
1431 4829 1488 4876 et
1516 4823 1678 4889 infra,
1712 4815 1892 4894 capite
1919 4823 1972 4885 9,
1997 4825 2091 4880 ubi
2175 4815 2489 4894 Lipomani,
2522 4829 2579 4878 et
2605 4815 2759 4879 tonio
2788 4825 2838 4879 II
2871 4815 3038 4878 S-urii.
3073 4815 3314 4894 Deerant
3341 4815 3517 4894 etiarn
3564 4822 3622 4894 in
3652 4820 3754 4894 Ma-

492 4887 843 4966 Coloniensis
893 4889 1083 4956 editio,
1135 4895 1464 4949 calamancn
1512 4887 1702 4950 habet.
1758 4887 1897 4950 Vide
1941 4897 2093 4951 Ono-
2177 4887 2485 4966 nuscriptis
2507 4895 2733 4950 nostris.
2767 4895 2874 4950 Sed
2905 4895 3038 4966 quia
3082 4892 3427 4966 Coloniensis
3454 4893 3627 4966 editio
3653 4891 3755 4966 haec

490 4959 783 5038 ωῆξιὶίὶοηι
945 5033 954 5038 Α
1004 5033 1033 5038 ί·
1064 5034 1074 5038 _
1200 5034 1218 5038 _
1258 5034 1305 5038 __
1520 5033 1554 5038 υ
1589 5035 1598 5038 Α
2176 4959 2568 5038 haben-etiam
2599 4967 2864 5038 expressi.
2899 4959 3448 5038 Vossiuswexistimat
3492 4963 3754 5038 clausulas

2174 5037 2295 5111 has,
2324 5055 2390 5092 ex
2418 5038 2544 5111 aliis
2567 5034 2846 5109 Epliraemi
2866 5038 3020 5105 locis,
3053 5036 3256 5111 quibus
3281 5035 3489 5091 similia
3517 5034 3752 5109 quadam

2173 5108 2361 5177 habet,
2395 5108 2752 5166 concinnatas
2773 5127 2912 5166 esse.

563 5030 648 5107 (4)
668 5031 846 5107 Super
864 5033 1219 5107 psiathiumq
1258 5034 1432 5107 Vetus
1471 5033 1658 5107 editio,
1717 5053 1884 5107 super
1933 5039 2096 5094 humi

494 5105 759 5178 spatium.
795 5103 1035 5178 Sed_ja_m
1051 5103 1395 5178 anteisacpius
1415 5105 1473 5160 in
1483 5106 1609 5162 aliis
1619 5108 1762 5164 Vitis
1783 5103 2092 5177 psz'athium

495 5173 755 5247 occurrit,
789 5180 856 5232 ut
881 5175 951 5232 de
977 5175 1231 5232 lectionis
1255 5173 1487 5234 veritate
1517 5179 1731 5236 nullum
1747 5173 1820 5234 sit
1833 5181 2087 5240 dubium.

2237 5326 2292 5358 ο
