3868 6402
143 446 3404 494 Μ

1536 579 1823 629 OCTOBRIS
1869 577 2002 626 VIII.

323 733 904 889 ΓΣΤΙΤΑ
998 733 1707 888 SANG’I

1791 735 1973 886 ίἘ
2059 727 2993 884 THAISIS
3077 802 3201 901 (ι),

1414 970 2093 1057 MERETRICIS,

1063 1123 1721 1212 AUCTORE

1801 1123 2458 1210 INCEBTO.

191 1383 374 1443 CAPUT
402 1399 629 1443 panum.
662 1415 728 1430 --
760 1388 951 1454 314
987 1382 1119 1439 Fuit
1138 1381 1395 1455 quaedam
1425 1376 1709 1445 meretrix,
1726 1381 1778 1439 A
1791 1376 1975 1450 jubes,
2007 1380 2187 1449 pater,
2219 1380 2286 1431 ut
2307 1390 2512 1447 aquam
2545 1391 2731 1430 meam
2763 1374 3074 1430 eﬂ‘undam?
3102 1376 3175 1429 At
3204 1374 3299 1429 ille
3318 1392 3401 1430 re-

124 1473 335 1529 Tliaisis
346 1474 771 1543 nomine,tantae
785 1471 1308 1547 pulchritudinis,ut
1322 1468 1722 1540 multipropter

126 1578 245 1617 eam
270 1563 575 1620 vendentes
585 1563 978 1620 substantiam
1016 1577 1175 1617 suam
1205 1559 1275 1615 ad
1301 1557 1561 1614 ultimam
1588 1571 1719 1629 per-

125 1652 376 1708 venirent
409 1659 834 1726 paupertatem;
875 1652 973 1710 sed
1016 1656 1073 1707 et
1100 1651 1228 1705 lites
1254 1648 1404 1704 inter
1430 1663 1490 1703 se
1520 1662 1717 1702 conse-

126 1740 368 1797 rentibus
397 1743 746 1799 amatoribus
771 1742 907 1809 suis,
936 1737 1543 1813 frequentersanguine
1562 1737 1720 1809 juve-

125 1846 251 1886 num
279 1831 662 1903 puellaelimen
680 1831 1023 1905 replebatur.
1074 1830 1210 1895 Quae
1248 1845 1377 1884 cum
1410 1825 1582 1882 abbas
1609 1826 1719 1882 Pa-

124 1919 385 1992 phnutius
425 1921 696 1990 audisset,
730 1926 955 1993 sumpto
984 1920 1181 1976 habitu
1209 1917 1460 1995 saeculari
1502 1922 1561 1971 et
1605 1932 1719 1972 uno

125 2008 308 2077 solido,
313 2009 597 2083 profectus
608 2016 696 2066 est
705 2010 775 2066 ad
790 2027 913 2066 eam
925 2011 985 2066 in
997 2010 1241 2083 quadam
1254 2007 1483 2081 Egypti
1494 2006 1719 2062 civitate

123 2098 375 2172 deditque
389 2100 442 2157 ei
464 2101 705 2157 solidum
728 2118 831 2174 pro
846 2100 1104 2156 mercede
1128 2098 1364 2173 peccati.
1389 2098 1471 2153 Ac
1498 2096 1597 2151 illa
1620 2112 1715 2151 ac-

124 2193 275 2261 cepto
294 2189 496 2262 pretio,
526 2190 1033 2263 aitzlngrediamur
1053 2190 1303 2245 domum.
1334 2188 1492 2243 Tunc
1508 2186 1603 2241 ille
1627 2185 1716 2240 in-

124 2284 428 2349 gressus,ut
438 2280 648 2336 lectum
666 2281 925 2353 pretiosis
935 2279 1182 2335 vestibus
1201 2282 1443 2334 stratum
1456 2293 1719 2332 conscen-

125 2366 290 2434 deret,
314 2368 591 2424 invitabat
609 2385 754 2437 eam,
779 2373 837 2425 et
847 2369 1012 2425 dixit:
1048 2370 1108 2425 Si
1131 2367 1463 2425 estinterius
1486 2365 1715 2423 cubicu-

123 2455 250 2524 lum,
274 2457 331 2513 in
350 2458 474 2531 ipso
500 2475 714 2528 eamus,
733 2459 830 2515 illa
848 2459 1021 2515 dixit:
1047 2460 1145 2515 Est
1165 2458 1411 2531 quidem,
1437 2457 1534 2512 sed
1548 2456 1596 2512 si
1612 2456 1713 2511 ho-

125 2546 295 2602 mines
333 2550 566 2617 vereris,
607 2566 709 2605 nec
736 2549 795 2604 in
817 2550 925 2606 isto
956 2549 1219 2605 exteriori
1264 2547 1519 2603 cubiculo
1564 2546 1713 2601 ullus

1800 1466 2072 1539 spondit:
2126 1466 2191 1520 In
2242 1464 2400 1531 cella,
2444 1470 2509 1519 ut
2557 1464 2726 1536 digna
2770 1481 2847 1520 es.
2896 1464 3150 1537 Cumque
3194 1463 3399 1519 iterum

1800 1555 2275 1629 quemadmodum
2322 1554 2505 1610 Deum
2560 1559 2749 1609 oraret
2782 1553 3112 1626 requireret,
3145 1553 3283 1609 dicit
3302 1553 3353 1608 ei
3386 1571 3401 1609 :

1800 1647 1925 1701 Non
1954 1663 2014 1701 es
2041 1645 2213 1717 digna
2242 1644 2536 1701 nominare
2556 1645 2757 1712 Deum,
2777 1660 2879 1699 nec
2895 1644 2951 1698 in
2975 1642 3138 1699 labiis
3165 1643 3278 1698 tuis
3296 1659 3399 1705 no-

1798 1753 1932 1792 men
1962 1735 2272 1792 divinitatis
2326 1735 2450 1806 ejus
2485 1733 2782 1800 adducere,
2816 1733 2915 1789 sed
2954 1749 3057 1788 nec
3087 1733 3160 1788 ad
3196 1733 3401 1789 coelum

1800 1842 2005 1881 manus
2021 1826 2359 1898 expandere,
2380 1825 2647 1896 quoniam
2665 1822 2815 1878 labia
2833 1828 2934 1879 tua
2952 1822 3252 1895 iniquitate
3267 1828 3402 1877 sunt

1800 1915 1987 1990 plena,
2017 1922 2076 1973 et
2119 1931 2322 1971 manus
2348 1918 2462 1970 tuae
2489 1912 2746 1968 sordibus
2769 1911 3079 1984 inquinatas
3105 1930 3117 1979 ;
3144 1911 3250 1967 sed
3278 1918 3401 1965 tan-

1799 2005 2092 2060 tummodo
2134 2004 2335 2060 sedens
2378 2006 2574 2058 contra
2617 2001 2907 2058 Orientem
2956 1999 3189 2071 respice,
3248 1999 3400 2054 hunc

1798 2110 2116 2150 sermonem
2144 2094 2325 2149 solum
2352 2092 2677 2164 frequenter
2702 2090 2914 2147 iterans
2938 2106 2950 2145 :
2972 2088 3080 2156 Qui
3107 2086 3400 2161 plasmasti

1795 2200 1907 2252 me,
1937 2184 2206 2239 miserere
2234 2183 2346 2238 mei
2368 2182 2460 2254 (2).

1870 2279 2001 2334 CAP.
2028 2279 2201 2337 III.—
2225 2278 2366 2334 Cum
2380 2293 2513 2349 ergo
2531 2275 2713 2332 tribus
2729 2274 2891 2330 annis
2914 2274 2996 2329 ita
3008 2273 3206 2330 fuisset
3222 2273 3396 2330 inclu-

1798 2384 1878 2435 sa,
1904 2368 2189 2425 condoluit
2200 2367 2371 2424 abbas
2384 2366 2758 2439 Paphnutius,
2791 2370 2848 2420 et
2860 2381 2986 2420 mox
3001 2364 3283 2437 profectus
3311 2369 3398 2419 est

1798 2461 1869 2516 ad
1882 2459 2141 2515 abbatem
2160 2459 2490 2526 Antonium,
2515 2456 2659 2513 utab
2670 2474 2735 2513 eo
2750 2456 3067 2529 requireret
3090 2456 3138 2511 si
3166 2462 3397 2529 peccata

1795 2552 1918 2623 ejus
1947 2549 2257 2605 remisisset
2284 2547 2336 2604 ei
2356 2546 2649 2615 Dominus,
2681 2563 2755 2601 an
2783 2561 2915 2601 non.
2949 2546 3090 2602 Cum
3110 2562 3243 2617 ergo
3264 2562 3393 2618 per-

122 2633 443 2733 ingreditur;
471 2639 521 2694 si
552 2656 683 2695 vero
711 2640 911 2707 Deum,
943 2640 1132 2695 nullus
1162 2644 1248 2694 est
1273 2638 1428 2694 locus
1450 2635 1545 2708 qui
1573 2635 1710 2691 divi-
1731 2641 2058 2733 Bvenisset,
2093 2644 2151 2694 et
2176 2643 2393 2694 tantam
2416 2638 2497 2693 illi
2527 2653 2756 2693 causam
2777 2635 3060 2692 subtiliter
3086 2641 3393 2702 narrasset,

122 2723 305 2781 uitatis
333 2729 456 2799 ejus
476 2727 654 2783 oculis
681 2727 1074 2784 abscondatur.
1101 2727 1264 2793 Quod
1298 2743 1426 2781 cum
1455 2724 1710 2780 audisset
1731 2723 2114 2787 "convocatis
2143 2727 2432 2801 discipulis
2457 2727 2578 2783 suis
2621 2726 2795 2783 abbas
2823 2725 3105 2783 Antonius
3130 2727 3399 2799 praecepit

122 2832 296 2883 senex,
326 2818 463 2874 dicit
484 2818 571 2873 ei:
610 2819 680 2874 Et
707 2819 815 2875 scis
845 2835 968 2874 esse
990 2818 1199 2875 Deum?
1238 2817 1342 2873 Cui
1367 2816 1464 2872 illa
1477 2830 1709 2887 respon-

120 2905 227 2962 dit:
265 2906 339 2963 Et
362 2908 546 2964 Deum
575 2908 686 2964 scio
710 2914 767 2964 et
794 2925 1032 2982 regnum
1052 2907 1228 2964 futuri
1252 2906 1460 2974 saeculi,
1492 2920 1713 2961 necnon

122 2999 453 3053 ettormenta
464 2998 657 3054 futura
677 3004 1055 3071 peccatorum.
1072 2997 1225 3053 Dicit
1246 2997 1297 3051 ei
1312 3016 1329 3051 :
1352 2995 1410 3051 Si
1439 3011 1576 3066 ergo
1593 2995 1712 3051 haec

120 3085 272 3152 nosti,
310 3104 410 3142 cur
420 3092 609 3143 tantas
625 3088 842 3144 animas
857 3087 1167 3161 perdidisti,
1185 3092 1250 3143 ut
1266 3102 1379 3142 non
1418 3085 1599 3140 solum
1611 3101 1711 3157 pro

121 3174 240 3242 tuis,
270 3177 363 3231 sed
385 3182 442 3233 et
470 3194 573 3250 pro
600 3177 825 3233 illorum
871 3177 1205 3233 criminibus
1243 3175 1464 3231 reddita
1491 3174 1709 3230 ratione

122 3260 425 3322 damneris?
441 3267 606 3337 Quod
632 3284 764 3323 cum
780 3268 1001 3324 Thaisis
1025 3267 1293 3332 audisset,
1327 3264 1621 3338 provoluta
1635 3263 1707 3319 ad

120 3352 275 3423 pedes
301 3356 604 3430 Paphnutii
646 3357 904 3413 monachi
960 3370 1086 3413 cum
1130 3354 1392 3429 lacrymis
1419 3353 1703 3421 exorabat,

121 3439 320 3499 dicens:
347 3445 746 3501 Paenitentiam
784 3446 1034 3518 injunge,
1066 3445 1272 3512 Pater;
1306 3444 1525 3499 conﬁdo
1555 3442 1705 3498 enim

119 3533 491 3592 remissionem
503 3541 562 3591 te
573 3542 771 3592 orante
782 3537 992 3605 sortiri;
1011 3537 1280 3591 horarum
1290 3540 1513 3591 tantum
1530 3534 1708 3590 trium

121 3618 358 3680 inducias
382 3633 534 3699 peto,
567 3632 626 3683 et
653 3632 780 3699 post
809 3628 912 3682 hoc
938 3643 1272 3700 quocunque
1312 3623 1568 3697 jusseris,
1618 3640 1708 3679 ve-

118 3708 292 3780 niam;
318 3719 374 3769 et
404 3716 775 3788 quodcunque
804 3715 1153 3788 praeceperis,
1184 3714 1405 3769 faciam.
1453 3714 1706 3785 Cumque

118 3796 285 3856 locum
312 3802 395 3858 illi
424 3804 599 3861 abbas
619 3805 971 3877 Paphnutius
996 3804 1395 3869 constituisset,
1419 3820 1529 3876 quo
1556 3802 1706 3858 veni-

117 3902 172 3941 re
196 3889 435 3962 deberet,
457 3895 555 3950 illa
572 3893 879 3963 discedens,
895 3894 1142 3950 collectis
1164 3893 1423 3949 omnibus
1443 3909 1704 3966 qua‘cun-

118 3992 214 4047 que
235 3996 298 4035 ex
324 3989 551 4055 peccato
595 3990 935 4057 susceperat,
959 3984 1302 4057 prolatisque
1330 3984 1388 4039 in
1416 3982 1602 4038 media
1629 3983 1703 4037 ci-

1792 2826 1858 2877 ut
1902 2818 2002 2874 illa
2030 2823 2194 2874 nocte
2252 2834 2446 2873 omnes
2474 2817 2789 2889 vigilarent,
2817 2821 2874 2872 et
2902 2817 2960 2871 in
2993 2816 3248 2872 oratione
3284 2816 3399 2872 sin-

1791 2909 2030 2982 gillatim
2070 2909 2454 2981 persisterent,
2489 2910 2768 2979 quatenus
2796 2905 2964 2962 alicui
2993 2921 3060 2960 ex
3103 2905 3185 2960 eis
3213 2906 3395 2961 decla-

1792 3004 1947 3054 raret
1973 3000 2123 3055 Deus
2151 3014 2378 3055 causam
2393 3015 2497 3072 pro
2513 3013 2625 3070 qua
2653 2995 2824 3052 abbas
2850 2995 3205 3068 Paphnutius
3233 3013 3393 3051 vene-

1794 3096 1902 3145 rat.
1928 3090 2124 3162 Itaque
2154 3106 2282 3146 cum
2313 3088 2521 3160 singuli
2550 3086 2929 3155 secessissent,
2960 3091 3019 3142 et
3047 3086 3395 3143 incessanter

1790 3185 2041 3247 orarent,
2069 3178 2241 3235 abbas
2261 3179 2490 3245 Paulus,
2522 3179 2707 3250 major
2733 3175 3043 3250 discipulus
3064 3177 3246 3232 sancti
3273 3178 3391 3232 An-

1788 3268 1950 3335 tonii,
1983 3268 2119 3323 vidit
2142 3266 2327 3323 subito
2364 3266 2425 3321 in
2453 3267 2593 3322 coelo
2622 3266 2826 3321 lectum
2856 3265 3114 3337 pretiosis
3144 3264 3391 3322 vestibus

1788 3357 2144 3424 adornatum,
2180 3373 2346 3430 quem
2365 3361 2481 3412 tres
2497 3356 2918 3428 virgines,clara
2931 3354 3071 3411 facie
3088 3356 3387 3428 fulgentes,

1789 3446 2200 3505 custodiebant.
2235 3448 2377 3503 Cum
2406 3462 2540 3518 ergo
2580 3446 2703 3518 ipse
2733 3446 2941 3501 Paulus
2978 3445 3192 3501 diceret
3221 3464 3233 3500 :
3260 3447 3388 3502 Non

1790 3541 1877 3591 est
1906 3536 2136 3609 largitio
2157 3537 2273 3591 haec
2302 3537 2536 3591 alterius
2563 3534 2674 3590 nisi
2697 3534 2881 3590 Patris
2895 3533 3003 3590 mei
3016 3534 3266 3604 Antonii;
3284 3552 3388 3591 vox

1788 3626 1861 3682 ad
1891 3643 2018 3682 eum
2069 3626 2215 3681 facta
2241 3630 2355 3682 est:
2403 3626 2530 3680 Non
2560 3630 2648 3680 est
2682 3623 2867 3679 Patris
2894 3623 2977 3679 tui
3006 3624 3256 3692 Antonii,
3288 3625 3388 3681 sed

1787 3716 2007 3771 Thaisis
2049 3715 2362 3771 meretricis
2406 3719 2508 3769 est.
2540 3714 2700 3780 Quod
2729 3730 2857 3770 cum
2888 3712 3183 3770 manifeste
3214 3713 3387 3771 abbas

1788 3805 1998 3861 Paulus
2030 3805 2335 3873 retulisset,
2371 3804 2598 3875 cognita
2625 3803 2727 3859 Dei
2759 3803 3045 3859 voluntate
3081 3802 3255 3859 abbas
3277 3805 3384 3859 Pa-

1786 3895 2061 3967 phnutius
2090 3894 2367 3963 discessit,
2400 3900 2458 3949 et
2498 3910 2754 3949 reversus
2782 3892 2853 3948 ad
2884 3892 3289 3948 monasterium
3328 3892 3386 3949 in

1785 4002 1896 4058 quo
1946 3986 2132 4041 fuerat
2160 3985 2394 4053 inclusa,
2427 3984 2634 4040 ostium
2669 3983 2816 4056 quod
2846 3983 3200 4039 obstruxerat
3225 3983 3386 4039 dissi-

114 4064 271 4125 Vitate
298 4074 504 4145 populo
547 4079 841 4146 spectante
881 4074 1000 4146 igni
1042 4073 1354 4146 supposuit,
1401 4074 1651 4129 clamans
1684 4093 1696 4129 :
1722 4075 1937 4151 Cpavit
1967 4095 1979 4145 ς
2012 4076 2110 4131 illa
2128 4093 2279 4144 vero,
2312 4080 2376 4130 ut
2396 4080 2586 4142 τινες
2612 4074 2797 4129 adhuc
2822 4073 2905 4129 ita
2927 4078 3284 4146 permaneret
3301 4074 3384 4129 in-

117 4152 302 4214 Venite
330 4179 527 4219 omnes
556 4162 652 4236 qui
682 4164 952 4236 peccastis
981 4180 1219 4231 mecum,
1253 4167 1310 4218 et
1338 4162 1537 4231 videte,
1570 4180 1703 4236 quo-

116 4246 268 4303 modo
292 4268 359 4306 ea
380 4269 503 4325 quae
537 4253 675 4308 mihi
705 4253 1018 4309 contulistis
1041 4270 1292 4309 exuram.
1326 4254 1462 4309 Erat
1508 4258 1700 4309 autem

96 4334 339 4403 ‘pretium
366 4342 638 4399 librarum
664 4343 1056 4416 quadraginta.

178 4425 301 4483 CAP.
325 4430 461 4486 II.-
472 4434 608 4499 Quae
629 4450 756 4489 cum
767 4434 958 4489 omnia
967 4434 1423 4506 consumpsisset,
1438 4434 1497 4490 in
1512 4435 1697 4490 locum

116 4525 268 4581 quem
297 4517 467 4578 abbas
513 4523 808 4579 constituit
856 4523 928 4591 ei,
966 4524 1242 4597 perrexit:
1271 4541 1441 4597 quam
1466 4525 1581 4591 ille,
1612 4542 1698 4580 re-

114 4607 260 4668 Ρθηο
285 4608 544 4682 Virginali
582 4614 942 4682 monasterio,
975 4614 1034 4669 in
1049 4614 1248 4670 cellula
1265 4631 1437 4687 parva
1463 4615 1691 4681 ducens,

117 4691 307 4777 cstium
341 4701 554 4759 cellula
584 4703 813 4776 plumbo
835 4704 1077 4776 signavit
1093 4721 1436 4777 parvamque
1466 4705 1698 4777 reliquit
1735 4757 1739 4763 .

118 4775 466 4876 fenestellam,
503 4775 605 4865 per
632 4809 799 4865 quam
816 4794 867 4848 ei
881 4775 1058 4849 victus
1085 4775 1691 4861 modicusiinferret—ur,

110 4871 371 4948 iussitque
382 4881 433 4936 ei
453 4882 710 4940 omnibus
720 4881 916 4939 diebus
944 4901 1143 4956 parum
1156 4884 1316 4957 panis
1332 4888 1389 4940 et
1403 4884 1697 4956 paululum

116 4971 598 5054 ﬁumasororibus
620 4973 948 5029 monasterii
976 4974 1307 5030 ministrari.
1340 4974 1481 5029 Cum
1505 4978 1696 5030 autem

114 5042 410 5114 discederet
425 5059 569 5117 ostio
592 5061 990 5134 plumbato,ait
1014 5063 1085 5118 ad
1107 5062 1266 5119 illum
1281 5062 1532 5119 Thaisis:
1572 5064 1694 5129 Quo

1783 4167 1956 4235 clusa,
1992 4166 2312 4240 postulabat
2343 4186 2355 4234 ;
2388 4182 2515 4222 cum
2535 4182 2666 4220 vero
2690 4164 3007 4237 aperuisset
3018 4163 3227 4220 ostium
3246 4162 3391 4221 dixit

1783 4256 1870 4312 ei:
1924 4257 2222 4327 Egredere,
2256 4255 2523 4328 quoniam
2567 4254 2789 4310 remisit
2839 4252 2942 4308 tibi
2969 4253 3119 4310 Deus
3153 4259 3385 4327 peccata

1779 4350 1897 4402 tua.
1922 4347 2027 4402 Illa
2054 4346 2342 4419 respondit
2376 4365 2388 4402 :
2419 4346 2618 4402 Testor
2645 4345 2847 4411 Deum,
2879 4343 3013 4416 quia
3041 4361 3106 4399 ex
3153 4360 3264 4417 quo
3293 4344 3385 4401 hic

1779 4436 2034 4509 ingressa
2071 4454 2220 4505 sum,
2259 4436 2450 4509 omnia
2496 4440 2726 4509 peccata
2757 4450 2885 4489 mea
2920 4434 3073 4490 velut
3099 4434 3384 4491 sarcinam

1778 4526 1953 4582 statui
1981 4532 2114 4582 ante
2140 4526 2328 4582 oculos
2357 4542 2534 4596 meos,
2564 4529 2621 4580 et
2646 4541 2761 4580 non
2784 4524 3164 4581 discesserunt
3189 4539 3381 4596 pecca-

1776 4620 1839 4671 ta
1865 4633 1993 4671 mea
2011 4616 2081 4671 ab
2109 4616 2284 4672 oculis
2312 4616 2473 4682 meis,
2506 4614 2605 4669 sed
2627 4612 2832 4669 ﬂebam
2875 4629 3099 4685 semper
3124 4612 3223 4668 illa
3242 4628 3377 4668 con-

1778 4704 2040 4777 spiciens.
2087 4704 2191 4761 Cui
2232 4703 2404 4759 abbas
2432 4702 2783 4775 Paphnutius
2811 4701 2934 4757 ait:
2978 4701 3105 4757 Non
3149 4707 3382 4774 propter

1777 4793 2168 4867 paenitentiam
2198 4798 2353 4849 tuam
2380 4792 2613 4849 remisit,
2638 4790 2742 4845 tibi
2769 4791 2938 4860 Deus,
2969 4791 3065 4847 sed
3099 4791 3233 4865 quia
3276 4792 3381 4847 ho-

1779 4901 1905 4942 rum
1930 4884 2327 4955 cogitationem
2352 4898 2575 4954 semper
2590 4880 2837 4937 habuisti
2857 4881 2918 4937 in
2944 4881 3155 4938 animo.
3172 4883 3381 4938 Etcum

1779 4991 1903 5030 eam
1928 4973 2060 5028 inde
2079 4973 2379 5039 eduxisset,
2414 4970 2736 5044 quindecim
2754 4976 2979 5029 tantum
3006 4971 3205 5029 diebus
3217 4972 3387 5030 Thai-

1777 5064 1855 5120 sis
1883 5063 2037 5130 vixit,
2070 5068 2127 5118 et
2148 5062 2229 5118 sic
2256 5060 2515 5135 pausavit
2540 5060 2600 5118 in
2624 5078 2780 5135 pace.

1298 5181 1724 5244 ROSWEYDI
1796 5181 2162 5243 NOTATIO.

173 5267 227 5369 Si
231 5278 256 5369 ξ
262 5275 535 5369 .7193}er
550 5285 731 5369 Hujus
747 5285 1203 5369 commemoratio
1217 5286 1370 5369 estin
1386 5287 1701 5369 Menologio
1716 5290 1766 5350 D
1784 5286 2123 5369 pauperibus
2142 5284 2446 5369 distribuit,
2467 5291 2524 5369 et
2534 5286 2776 5369 seipsam
2799 5289 2861 5347 in
2875 5287 3277 5369 cella‘quadam
3293 5286 3381 5369 in-

116 5332 463 5460 graecorums
478 5332 735 5411 o‘ctoiiris
756 5375 767 5411 ε
794 5377 817 5409 α
842 5358 1059 5413 Natalis
1075 5364 1281 5414 sanctae
1296 5358 1555 5425 Thaisiae,
1573 5332 1698 5430 qiiae

169 5420 282 5460 erat
307 5427 570 5460 νηονοινςτ
621 5429 748 5460 nm.
772 5427 842 5460 ni.
871 5428 1242 5460 ..Αηιηαηηηιςη
1268 5430 1372 5460 αεξι
1404 5446 1431 5460 η
1474 5430 1696 5460 ηηηηκεη

169 5420 282 5502 ﬁgit
307 5427 590 5502 meretrix.
620 5429 750 5502 Haec
771 5427 842 5483 ab
869 5428 1248 5502 adolescentia
1267 5430 1376 5502 fuit
1403 5446 1445 5502 a7
1474 5420 1701 5502 propria

114 5488 279 5572 εξ
306 5489 607 5572 depravata
646 5518 660 5566 ;
702 5500 894 5572 itaque
938 5500 1218 5555 ofﬁcinam
1247 5501 1452 5556 diaboli
1474 5488 1542 5557 se
1564 5488 1698 5557 con-

118 5553 302 5675 scqtuit.
361 5553 470 5623 s‘ed
524 5553 586 5625 εἷ
605 5553 742 5626 viro‘
762 5553 960 5627 sagas
977 5553 1336 5639 "assignas
1356 5553 1548 5644 ’ὁὲρῶ
1571 5553 1697 5629 'ééi.

190 5637 372 5675 nvem
406 5637 582 5675 in“..-
628 5649 682 5675 ..4
712 5644 1040 5675 ῇωθὶῖιηηῦξα
1073 5643 1346 5675 οηαιηεκιιιινι
1372 5652 1697 5675 ..η-νιηηηηι..

190 5637 378 5717 “Erga
406 5637 600 5711 igitur,
627 5649 685 5699 et
711 5644 1046 5717 poenitentia
1073 5637 1348 5717 scelerum
1370 5637 1703 5717 compuncta

124 5660 378 5716 vvalvcl’BSI
408 5660 600 5711 lglulr,
627 5660 685 5699 et.
750 5660 1046 5699 manentia
1073 5660 1348 5699 scelerum
1370 5660 1703 5717 compuncta

120 5693 173 5748 et
208 5711 393 5765 omnia
440 5727 544 5771 sua
595 5660 1136 5795 quasi-ingean
1190 5715 1373 5798 pretio
1428 5715 1706 5780 aestimata

1783 5358 1967 5424 clusit,
2004 5359 2119 5426 ubi,
2152 5358 2414 5431 lacrymis
2433 5364 2491 5414 et
2501 5358 2806 5430 gemitibus
2827 5376 2894 5414 ex
2909 5358 3183 5431 profundo
3198 5358 3383 5431 cordis

1782 5431 2020 5498 emissis,
2051 5429 2352 5486 clamabat:
2388 5430 2495 5496 Qui
2506 5429 2797 5501 plasmasti
2816 5429 2928 5496 me,
2954 5430 3220 5485 miserere
3247 5429 3378 5485 mei.

1781 5503 1847 5558 In
1886 5503 1991 5559 hac
2043 5502 2435 5558 exercitatione
2477 5518 2653 5557 annos
2692 5507 2809 5556 tres
2850 5501 3169 5572 transegit:
3232 5501 3382 5556 unde

1784 5591 2009 5645 egressa
2021 5576 2183 5646 jussu
2213 5574 2429 5629 abbatis
2450 5579 2578 5645 post
2601 5572 2923 5646 quindecim
2952 5571 3380 5646 diesexcessit.»

1786 5644 1920 5718 Quae
1949 5644 2273 5703 ad'verbum
2309 5644 2606 5718 desumpta
2618 5644 2767 5718 sunt
2793 5661 2860 5700 ex
2889 5644 3135 5718 Menaeis,
3170 5644 3231 5701 in
3263 5645 3383 5716 qui-

1787 5716 1893 5778 bus
1950 5723 2143 5782 tamen
2216 5716 2535 5795 Paphnutio
2604 5717 2792 5797 patria
2845 5717 3189 5797 assignatur,
3250 5733 3375 5795 quae
