3868 6410
455 358 558 418 663

1484 359 1580 416 DE
1613 359 1804 418 vms
1840 360 2138 444 ramum
2173 358 2389 418 LIBER
2422 356 2715 416 ramus.

3624 349 3734 410 664

457 487 753 561 ΙιίοΑᾶθθξι.
786 485 1002 540 Dicitur
1029 484 1180 538 enim
1209 483 1286 561 ibi
1313 483 1579 561 Σιδώνιρς,
1610 485 1890 561 Sldonius,
1924 486 2053 542 Flo-
2070 488 2121 549 Α
2138 487 2212 541 At
2230 484 2346 552 illa,
2377 480 3010 561 Testor,inquit,Deum,
3027 480 3161 561 quia
3171 496 3245 561 _ex
3259 493 3371 551 quo
3390 477 3733 561 hucingres-

458 558 671 612 rarium
691 560 1023 628 Sanctorum
1053 573 1158 628 ms.
1169 595 1184 620 ,
1213 553 1284 628 28
1297 555 1564 628 Augusti:
1584 574 1610 608 α
1623 556 1841 611 Thaisis
1856 573 2056 628 pecca-

460 629 615 684 tricis
625 627 932 683 conversio.
949 627 1052 682 nEt
1068 627 1100 682 8
1121 626 1376 682 Octobris
1392 626 1439 682 ie
1463 627 1678 699 Sanctae
1696 626 1916 682 Thaisis
1932 645 2052 699 pec-

458 700 678 754 catricis
706 699 980 770 depositio
997 715 1100 770 per
1127 703 1383 770 sanctum
1401 698 1790 770 APfaphnutium
1806 769 1811 770 γ
1830 698 2053 754 conver-

460 789 520 826 sa
552 787 585 825 a
605 768 797 825 studio
825 768 1161 826 meretricio.
1186 769 1366 834 Quam
1396 768 1504 824 ille’
1517 776 1742 840 reperto
1766 769 2046 840 virginum

459 841 822 906 monasterio,
849 841 906 896 in
938 841 1196 895 cellulam
1229 857 1455 912 parvam
1497 840 1806 906 recludens,
1838 841 2045 896 ostium

457 912 694 985 plumbo
709 912 992 985 sigillavit,
1015 918 1071 985 et
1087 911 1314 985 parvam
1333 911 1384 965 ei
1397 911 1697 985 fenestram
1707 911 2049 985 dimisit,per

457 983 625 1056 quam
649 984 701 1039 ei
730 983 888 1038 cibus
916 983 1166 1056 modicus
1196 983 1533 1056 deferretur.
1562 983 1696 1056 Post
1721 983 1891 1056 trium
1905 983 2047 1056 vero

455 1053 732 1110 annorum
769 1054 1373 1128 pinnitentiamabbas
1402 1053 1752 1128 Paphnutius
1799 1053 2040 1120 rediens,

457 1132 586 1198 post
640 1125 1036 1198 revelationem
1085 1125 1194 1180 sibi
1242 1141 1277 1179 a
1304 1125 1420 1180 Deo
1462 1125 1531 1198 de
1570 1125 1928 1198 iillaffactam,
1962 1143 2046 1181 os-

455 1196 600 1253 tium
629 1197 778 1269 quod
800 1196 1027 1269 plumbo
1058 1201 1424 1269 signaverat,__
1447 1196 1758 1269 dissipavit,
1794 1196 2044 1268 dixitque

456 1269 506 1323 ei
531 1287 543 1322 :
594 1263 891 1340 Egredere,
938 1268 1087 1340 quia_
1106 1263 1322 1323 dimisit
1365 1266 1467 1322 tibi
1492 1263 1642 1323 Deus
1668 1274 1895 1340 peccata
1922 1263 2039 1324 tua.
2123 1263 2362 1325 Thaisiaa
2383 1263 2697 1324 orationem
2721 1265 2895 1322 habes
2916 1265 2977 1320 in
2999 1263 3227 1320 Menaeis
3264 1269 3324 1318 et

2137 573 2202 612 sa
2227 573 2376 618 sum.
2404 573 2470 610 ex
2499 551 2760 610 omnibus
2797 552 2938 608 meis
2974 551 3217 624 peccatis
3245 551 3408 624 quasi
3445 551 3730 624 sarcinam

2135 629 2240 683 feci
2269 627 2428 696 mihi,
2452 632 2510 682 et
2537 631 2668 682 ante
2694 625 2884 680 oculos
2900 621 3086 696 Jm—eos
3131 621 3324 696 statui.
3347 622 3419 677 Et
3437 621 3591 696 sicut
3615 637 3730 696 non

2133 699 2366 756 recessit
2391 691 2674 754 anhelitus
2693 697 2762 750 de
2791 693 3020 750 naribus
3075 694 3236 758 meis,
3268 693 3349 750 ita
3367 708 3471 748 nec
3495 691 3728 764 quidem

2134 787 2246 826 uno
2277 776 2560 826 momento
2603 783 2781 840 usque
2827 766 2898 840 ad
2925 767 3067 820 hanc
3115 765 3315 840 horam
3331 769 3574 840 peccata
3600 779 3730 818 mea

2129 847 2479 897 recesserunt
2497 857 2532 894 a
2560 857 2668 894 me.
2689 833 2918 894 "Claruit
2943 852 3091 892 anno
3117 835 3314 891 salutis
3329 833 3454 893 344.
3479 853 3506 886 ι

2201 914 2330 968 Vita
2358 913 2474 967 hac
2501 911 2560 965 in
2613 909 2949 982 quibusdam
2983 907 3371 982 Manuscriptis
3416 905 3726 982 separatim

2130 985 2376 1056 ponitui,
2405 984 2467 1038 in
2495 976 3006 1056 aliis-interseritur
3033 978 3160 1056 aliis
3185 976 3362 1042 libi-is,
3392 976 3628 1056 ut‘librg
3656 990 3722 1056 ιε2

2129 1047 2250 1128 cap.
2287 1047 2371 1128 16,
2401 1053 2619 1128 ratione
2647 1051 2951 1128 Paphnutii
2975 1050 3074 1128 qui
3102 1067 3226 1105 eam
3255 1048 3550 1128 convertit.
3581 1047 3726 1104 Dedi

2125 1122 2451 1199 separatim,
2494 1129 2559 1180 ut
2587 1122 2794 1179 femina
2816 1122 3046 1199 feminis
3053 1123 3408 1199 jungeretur:

2194 1189 2275 1266 '(2)
2314 1201 2421 1266 Qui
2441 1189 2542 1279 'me
2590 1197 2930 1276 plasmauit
2967 1189 3224 1275 miserere
3261 1191 3416 1319 mei.)

2194 1270 2362 1325 iaisiaa
2383 1274 2697 1324 orationem
2721 1265 2895 1322 habes
2916 1281 2977 1320 ιιι
2999 1265 3227 1320 Menam
3264 1269 3324 1318 et
3407 1261 3688 1333 enologio.

3407 1279 3688 1318 811010210.

449 1408 3730 1456 Μ

1846 1546 2136 1595 οστοιιιιιε
2179 1545 2319 1594 VIII.

785 1681 1226 1830 VITA
1331 1679 2146 1829 S‘ANCT/E
2245 1673 3149 1830 PELAGIIE
3243 1759 3384 1843 (ι),

1742 1899 2425 1989 MERETRICIS,

885 2055 1258 2119 AUCTORE
1291 2055 1588 2120 JAGOBO
1618 2051 1962 2118 DlACONO
1993 2053 2104 2134 (2),
2133 2051 2642 2116 INTEBPRETE
2684 2049 3130 2116 EUSTOCHIO
3159 2048 3271 2132 (3).

1308 2323 2058 2410 PROLOGUS
2134 2321 3123 2409 INTERPRETIS.

585 2469 776 2525 Verba
795 2468 1102 2524 sacerdotis
1130 2467 1292 2534 tanti,
1315 2473 1373 2522 et
1399 2468 1580 2524 celata
1596 2466 1829 2532 Latinis,

655 2541 991 2597 Eustochius
1019 2539 1227 2597 Christi
1257 2539 1520 2596 transtuli
1545 2538 1815 2596 subsidio.

2265 2464 2375 2520 Sed
2407 2478 2523 2530 vos,
2557 2463 2812 2528 lectores,
2846 2477 3067 2534 mecum
3095 2465 3328 2534 pensate
3355 2461 3628 2529 laborem,

2335 2537 2406 2592 Et
2425 2550 2704 2593 memores
2728 2534 2910 2592 nostri
2937 2533 3157 2592 fundite
3179 2533 3351 2590 verba
3365 2534 3502 2593 Deo.

1402 2869 2054 3050 mrarfatio
2128 2870 2750 3016 sartoris.

503 3132 702 3198 οἵα
728 3129 964 3200 Magnas
989 3141 1215 3200 semper
1237 3126 1474 3183 Domino
1495 3132 1688 3182 nostro
1711 3125 1924 3198 gratias
1953 3123 2163 3179 referre
2187 3121 2476 3192 debemus,
2510 3123 2607 3197 qui
2627 3138 2742 3180 non
2771 3123 2890 3180 vult
2913 3123 3098 3196 perire
3125 3127 3446 3196 peccatores
3465 3123 3529 3180 in
3558 3139 3716 3180 mor-

435 3225 569 3288 tem,
597 3219 696 3276 sed
724 3235 919 3274 omnes
947 3235 1048 3290 per
1069 3216 1454 3289 paenitentiam
1473 3215 1720 3273 converti
1743 3215 1900 3289 cupit
1926 3213 1998 3270 ad
2026 3213 2196 3269 vitam
2222 3215 2276 3282 (1
2295 3214 2436 3268 Tim.
2468 3218 2555 3277 ιι).
2573 3213 2778 3268 Audite
2803 3229 2942 3285 ergo
2962 3213 3298 3270 miraculum
3325 3215 3475 3286 quod
3488 3220 3722 3287 gestum

433 3314 522 3367 est
549 3310 608 3368 in
627 3309 826 3365 diebus
853 3308 1081 3364 nostris.
1106 3308 1302 3364 Visum
1333 3312 1419 3364 est
1435 3307 1575 3364 mihi
1599 3305 1878 3380 peccatori
1905 3302 2112 3360 Jacobo
2150 3301 2394 3358 scribere
2419 3302 2576 3358 vobis
2601 3302 2873 3358 fratribus
2891 3302 3118 3380 sanctis,
3137 3308 3204 3360 ut
3215 3303 3494 3360 audiendo
3525 3305 3612 3360 vel
3641 3305 3723 3360 le.

431 3400 616 3472 gendo
639 3399 847 3466 sciatis,
878 3404 936 3454 et
955 3397 1250 3454 animabus
1287 3397 1488 3453 vestris
1516 3397 1826 3453 maximum
1853 3393 2249 3451 consolationis
2276 3393 2549 3449 auxilium
2566 3393 2891 3466 acquiratis.
2913 3393 3224 3451 Misericors
3245 3392 3395 3450 enim
3422 3394 3595 3461 Deus,
3619 3395 3718 3468 qui

433 3490 654 3548 nullum
675 3489 966 3544 hominem
986 3489 1108 3544 vult
1131 3487 1337 3561 perire,
1369 3487 1568 3544 stamit
1587 3487 1648 3543 in
1675 3487 1780 3543 hoc
1806 3486 2008 3542 saeculo
2036 3488 2102 3539 ut
2125 3499 2226 3555 per
2244 3481 2685 3538 satisfactionem
2707 3483 2912 3539 delicta
2928 3482 3230 3550 donentur,
3254 3483 3391 3555 quia
3425 3482 3488 3538 in
3513 3484 3708 3540 futuro

428 3579 652 3649 justum
677 3575 954 3649 judicium
975 3575 1103 3644 erit,
1126 3575 1186 3631 in
1210 3591 1321 3648 quo
1351 3574 1584 3646 recipiet
1597 3573 1986 3647 unusquisque
1999 3571 2309 3628 secundum
2328 3587 2500 3646 opera
2526 3589 2648 3627 sua.
2663 3573 2826 3628 Nunc
2841 3589 2974 3644 ergo
2985 3571 3274 3628 silentium
3285 3571 3425 3630 mihi
3443 3573 3717 3646 praebete:

435 3673 496 3724 et
519 3665 822 3724 intuemini
848 3681 1071 3722 mecum
1088 3664 1242 3722 omni
1271 3664 1562 3736 diligentia
1588 3663 1792 3733 cordis,
1815 3663 1950 3738 quia
1968 3663 2168 3721 relatio
2191 3668 2384 3721 nostra
2401 3664 2828 3738 compunctione
2859 3663 2998 3720 satis
3027 3661 3311 3722 uberrima
3337 3663 3512 3737 plena
3537 3672 3647 3720 est.

1768 3960 2347 4098 VITA.

512 4157 700 4214 CAPUT
718 4165 950 4210 animum.
983 4181 1050 4196 —
1079 4150 1501 4208 Sacratissimus
1521 4151 1812 4226 episcopus
1839 4155 2040 4211 Antio-
2059 4155 2106 4218 B
2127 4156 2223 4229 qui
2243 4157 2568 4216 audiebant.
2591 4159 2822 4217 Cunctis
2850 4175 2980 4216 vero
2991 4157 3152 4216 nobis
3174 4158 3588 4216 admirantibus
3600 4174 3727 4216 san-

440 4245 580 4302 chiae
603 4243 845 4301 civitatis
873 4243 1191 4298 convocavit
1215 4242 1288 4297 ad
1315 4258 1376 4297 se
1408 4258 1602 4298 omnes
1631 4260 1802 4316 prope
1829 4262 1890 4301 se
1920 4246 2037 4302 exi-
2120 4251 2270 4302 ctam
2287 4248 2604 4305 doctrinam
2621 4250 2764 4322 ejus,
2789 4266 2914 4306 ecce
2925 4249 3109 4306 subito
3129 4249 3466 4322 transiitper
3485 4267 3593 4306 nos
3606 4250 3728 4324 pri-

437 4340 653 4404 stentes
679 4333 982 4407 episcOpos,
1017 4349 1122 4405 pro
1178 4335 1333 4387 certa
1362 4331 1607 4404 quadam
1631 4351 1799 4390 causa
1822 4353 1834 4389 :
1884 4337 2035 4392 unde
2117 4353 2212 4391 ma
2237 4337 2539 4395 mimarum
2560 4339 2894 4408 Antiochiae;
2917 4339 3148 4413 ipsaque
3180 4346 3266 4396 est
3289 4339 3472 4413 prima
3494 4339 3730 4396 choreu-

441 4429 820 4481 convenerunt
846 4422 1089 4496 episcopi
1126 4438 1362 4478 numero
1400 4428 1545 4491 octo,
1585 4424 1736 4480 inter
1761 4441 1900 4498 quos
1929 4426 2037 4481 fuit
2121 4426 2360 4483 triarum
2387 4429 2862 4500 pantomimarum
2883 4429 2975 4501 (6),
2995 4430 3194 4486 sedens
3211 4430 3650 4502 superasellum;
3670 4435 3729 4485 et

443 4521 501 4572 et
527 4514 919 4571 sanctissimus
947 4511 1049 4569 Dei
1075 4513 1160 4567 vir
1177 4513 1412 4568 Nonnus
1446 4514 1542 4584 (4),
1576 4515 1867 4589 episcopus
1881 4533 2041 4572 meus

446 4606 532 4660 vir
555 4605 826 4661 mirificus
853 4608 912 4659 et
937 4602 1358 4660 efficacissimus
1393 4605 1722 4671 monachus,
1755 4605 1825 4660 de
1852 4622 2046 4661 mona-

445 4696 618 4751 sterio
665 4695 814 4768 quod
858 4693 1065 4750 dicitur
1093 4692 1653 4749 Tabenensiotarum.
1681 4694 1919 4767 Pr0pter
1954 4695 2044 4749 in-

445 4783 880 4858 comparabilem
925 4783 1075 4838 enim
1113 4783 1238 4854 ejus
1273 4783 1447 4838 vitam
1479 4787 1537 4838 et
1563 4783 2044 4840 decoratissimam

445 4873 928 4929 conversationem
957 4877 1154 4946 raptus
1193 4878 1280 4928 est
1306 4873 1376 4928 de
1415 4874 1776 4941 monasterio,
1812 4880 1870 4930 et
1895 4875 2045 4946 epis-

445 4979 618 5036 copas
647 4962 959 5018 ordinatus.
1015 4963 1400 5034 Congregatos
1429 4980 1562 5034 ergo
1591 4963 1650 5020 in
1677 4964 1944 5036 praedicta
1971 4963 2047 5019 ci-

445 5053 636 5120 vitate,
659 5052 832 5124 jussit
867 5067 971 5107 nos
1010 5051 1303 5124 episcopus
1338 5051 1514 5124 ipsius
1543 5053 1786 5108 civitatis
1815 5069 2046 5109 manere

445 5143 507 5200 in
534 5143 766 5200 basilica
790 5141 1102 5209 beatissimi
1121 5141 1389 5215 martyris
1419 5142 1626 5198 Iuliani
1649 5143 1743 5214 (5).
1779 5143 2047 5214 Ingressi-

447 5250 558 5306 que
613 5231 1006 5301 successimus,
1046 5230 1145 5287 ubi
1191 5236 1248 5286 et
1292 5231 1480 5287 caeteri
1523 5231 1618 5304 qui
1669 5237 2048 5289 convenerant

375 5367 400 5382 ο
448 5323 693 5396 episcopi
713 5329 846 5380 ante
868 5323 1104 5393 januam
1127 5320 1304 5394 ipsius
1332 5321 1572 5377 basilica;
1595 5322 1945 5379 resederunt.

523 5414 654 5468 Car.
669 5411 1036 5478 II.—Quibus
1059 5409 1404 5476 sedentibus,
1423 5410 1854 5484 aliquiepiscopi
1872 5412 2049 5468 domi-

451 5506 588 5556 nu'fn
634 5517 824 5557 meum
874 5503 1139 5557 Nonnum
1171 5499 1446 5572 rogabant
1492 5504 1560 5554 ut
1585 5499 1797 5572 aliquid
1825 5500 1894 5556 ab
1922 5502 2044 5576 ipso

455 5589 818 5661 docerentur;
863 5591 1168 5664 statimque
1179 5607 1245 5646 ex
1257 5607 1356 5646 ore
1383 5606 1484 5645 suo
1497 5594 1723 5646 sanctus
1753 5591 2046 5666 episcOpus

456 5679 788 5753 cmpitloqui
813 5679 1324 5758 adsediﬁcationem
1337 5684 1396 5740 et
1423 5679 1494 5738 ad
1523 5680 1766 5757 salutem
1793 5683 2050 5742 omnium

2125 4518 2534 4589 processitcum
2549 4535 2772 4574 summa
2781 4519 3375 4593 phantasia,adornata
3389 4519 3564 4586 ita,ut
3583 4519 3728 4575 nihil

2126 4605 2412 4664 videretur
2429 4624 2600 4682 super
2627 4625 2693 4664 ea
2713 4609 2824 4664 nisi
2851 4625 3053 4664 aurum
3086 4614 3144 4665 et
3161 4609 3481 4681 margaritae
3511 4614 3570 4665 et
3587 4609 3726 4682 lapi-

2127 4697 2226 4751 des
2257 4698 2486 4768 pretiosi
2511 4717 2524 4765 ;
2581 4698 2808 4754 nuditas
2861 4715 2990 4754 vero
3036 4699 3243 4772 pedum
3269 4699 3392 4770 ejus
3412 4715 3478 4754 ex
3503 4715 3642 4755 auro
3669 4705 3728 4755 et

2128 4787 2451 4859 margaritis
2487 4793 2609 4843 erat
2660 4794 2922 4861 cooperta
2953 4807 2968 4842 :
3027 4806 3154 4844 cum
3179 4806 3289 4862 qua
3325 4789 3572 4844 maxima
3603 4794 3727 4845 erat

2127 4893 2334 4950 pompa
2361 4895 2667 4950 puerorum
2697 4886 2755 4934 et
2783 4879 3099 4952 puellarum
3117 4879 3176 4934 in
3203 4877 3448 4934 vestibus
3463 4879 3726 4952 pretiosis

2129 4962 2354 5030 amicta,
2377 4969 2435 5018 et
2461 4969 2691 5036 torques
2709 4981 2882 5020 aurea
2895 4981 3066 5038 super
3083 4965 3285 5020 collum
3308 4967 3450 5036 ejus.
3482 4966 3726 5031 Quidam

2128 5052 2538 5124 praecedebant,
2569 5054 2665 5110 alii
2707 5069 2840 5110 vero
2869 5054 3251 5128 sequebantur
3274 5071 3399 5110 eam
3430 5073 3444 5110 :
3475 5055 3726 5128 pulchri-

2127 5142 2343 5199 tudinis
2363 5149 2553 5200 autem
2565 5144 2784 5200 decoris
2800 5146 2923 5216 ejus
2946 5161 3056 5200 non
3079 5149 3202 5200 erat
3213 5145 3446 5201 satietas
3464 5144 3726 5202 omnibus

2129 5233 2490 5290 saecularibus
2533 5233 2876 5290 hominibus.
2929 5235 3066 5300 Qua:
3095 5240 3288 5290 tamen
3316 5234 3598 5291 transiens
3624 5252 3726 5309 per

2128 5339 2250 5388 nos,
2279 5328 2464 5379 totum
2492 5324 2744 5397 implevit
2785 5341 2974 5380 aerem
3005 5342 3070 5380 ex
3099 5324 3270 5380 odore
3298 5325 3478 5380 musci
3509 5325 3606 5394 (7),
3639 5325 3724 5380 vel

2129 5418 2460 5468 ceeterorum
2534 5413 2992 5469 suavissimorum
3056 5413 3551 5470 odoramentorum
3615 5415 3724 5470 fra-

2125 5502 2368 5573 grantia.
2393 5503 2573 5569 Quam
2603 5508 2667 5559 ut
2695 5503 2955 5560 viderunt
2973 5503 3216 5578 episcopi
3243 5502 3325 5560 ita
3351 5507 3539 5572 ετιυ
3567 5504 3719 5561 nudo

2129 5590 2313 5663 capite
2345 5597 2404 5647 et
2447 5593 2600 5648 omni
2656 5593 3040 5650 membrorum
3079 5610 3350 5666 compage
3387 5595 3466 5650 sic
3505 5594 3720 5651 invere-

2129 5681 2311 5738 cunde
2338 5682 2582 5740 transire
2608 5699 2738 5740 cum
2789 5683 2964 5742 tantis
3011 5683 3294 5758 obsequiis
3336 5690 3404 5742 ut
3427 5701 3534 5742 nec
3569 5685 3720 5741 vela-
