3868 6424
179 377 288 435 665
1127 387 1296 444 VITA
1334 385 1635 445 SANCTE
1672 385 2022 457 PELAGIE,
2065 385 2517 446 MERETRICIS.
3355 382 3460 443 666

177 524 313 563 men
342 524 513 580 super
565 515 735 581 caput
763 511 1026 582 positum,
1073 527 1176 567 nec
1203 528 1372 585 super
1399 515 1676 587 scapulas,
1707 516 2398 590 ta-Aminica,postquam
2419 515 2818 588 complevimus
2837 517 3140 570 nocturnas
3151 513 3455 579 orationes,

175 603 371 652 centes
400 599 817 670 ingemuerunt,
853 606 910 656 et
939 601 1100 673 quasi
1130 618 1164 656 a
1194 607 1420 675 peccato
1449 604 1781 676 gravissimo
1863 607 1998 662 dicit
2045 607 2114 662 ad
2145 623 2233 661 me
2261 611 2489 660 sanctus
2536 607 2770 661 Nonnus
2800 605 3092 676 episcopus
3117 621 3128 656 :
3156 601 3280 659 Tibi
3308 602 3456 669 dico,

169 693 503 742 averterunt
530 688 697 743 facies
727 705 874 744 suas.
1861 697 2037 752 frater
2063 697 2314 762 diacone,
2348 695 2460 749 vidi
2493 695 2775 750 somnium
2805 699 2862 748 et
2889 693 3110 749 fortiter
3129 691 3451 758 conturbor,

249 777 384 832 CAP.
406 778 504 832 III.
527 808 591 819 -—
616 778 980 834 Beatissimus
1007 785 1196 835 autem
1217 783 1451 837 Nonnus
1478 784 1782 839 intentissi-
1863 804 1928 840 eo
1959 787 2105 857 quod
2126 803 2238 841 non
2277 802 2504 857 possum
2529 770 2842 839 discemere
2870 782 3148 847 illud.Qui
3171 798 3298 836 mox
3319 781 3457 836 dicit

173 882 270 919 me
287 882 412 920 eam
433 872 491 920 et
509 867 606 921 diu
630 867 982 938 respiciebat,
1015 869 1094 923 ita
1127 875 1191 924 ut
1213 878 1582 943 posteaquam
1601 878 1779 929 trans-
1861 877 1931 930 ad
1961 893 2050 930 me
2087 876 2289 930 vidisse
2320 891 2378 930 se
2408 875 2467 928 in
2497 875 2729 941 somnis,
2764 873 3042 944 quomodo
3074 871 3145 926 ad
3175 887 3350 926 cornu
3381 870 3460 924 al-

170 954 333 1020 isset,
357 956 674 1010 intueretur
688 961 744 1010 et
765 957 1069 1028 respiceret
1088 975 1232 1013 eam.
1261 961 1328 1014 Et
1353 968 1548 1032 postea
1577 964 1778 1019 avertit
1859 967 1999 1021 taris
2029 970 2206 1020 staret
2230 965 2393 1036 nigra
2421 963 2698 1030 columba,
2735 963 2926 1017 multis
2955 961 3212 1016 sordibus
3237 961 3458 1015 involu-

168 1044 375 1099 faciem
403 1062 585 1110 suam,
627 1045 816 1100 dicens
846 1047 914 1100 ad
940 1048 1412 1105 circumsedentes
1450 1053 1772 1125 episcopos:
1857 1060 1934 1121 ta,
1971 1071 2094 1126 quae
2125 1053 2558 1109 circumvolabat
2579 1057 2760 1118 me,et
2782 1053 3017 1106 fetorem
3043 1067 3108 1106 ac
3139 1051 3457 1122 squalorem

168 1135 288 1188 Vos
301 1151 414 1189 non
429 1135 688 1189 delectati
707 1135 841 1190 estis
863 1141 1024 1190 tanta
1044 1137 1461 1208 pulchritudine
1484 1143 1642 1211 ejus?
1660 1143 1776 1197 Illis
1856 1143 2108 1199 sordium
2139 1144 2260 1214 ejus
2288 1144 2437 1197 ferre
2465 1159 2578 1196 non
2607 1142 2886 1196 valebam.
2921 1141 3024 1196 Illa
3058 1157 3188 1195 vero
3218 1140 3457 1194 circum-

169 1240 306 1279 vero
337 1224 477 1278 nihil
491 1225 976 1295 respondentibus,
994 1227 1181 1297 posuit
1199 1228 1396 1283 faciem
1411 1246 1578 1301 super
1589 1249 1776 1301 genua
1857 1234 2016 1288 stetit
2043 1250 2152 1299 me,
2177 1233 2353 1286 donec
2381 1231 2612 1285 dimissa
2627 1237 2713 1285 est
2733 1231 2912 1285 oratio
2924 1231 3455 1284 catechumenorum

168 1330 297 1377 sua,
327 1319 384 1368 et
409 1315 670 1368 manuale
700 1319 955 1369 sanctum
983 1316 1132 1386 quod
1160 1317 1391 1373 tenebat
1421 1321 1630 1376 sanctis
1660 1338 1776 1376 ma—
1859 1323 1955 1392 (8).
2010 1324 2316 1393 Postquam
2345 1337 2475 1375 vero
2503 1319 2868 1392 proclamavit
2896 1319 3163 1374 diaconus
3191 1319 3455 1373 catechu-

168 1402 341 1458 nibus
371 1403 504 1470 suis,
539 1409 596 1458 et
623 1403 702 1458 sic
739 1420 964 1458 omnem
1001 1405 1187 1460 sinum
1237 1423 1401 1462 suum
1427 1410 1662 1481 replevit
1689 1411 1772 1466 la-
1858 1409 2038 1464 menis
2076 1427 2086 1463 :
2124 1407 2437 1474 Procedite,
2470 1407 2662 1461 statim
2703 1421 2984 1476 nusquam
3022 1404 3353 1476 comparuit.
3387 1404 3457 1458 Et

168 1493 400 1565 crymis,
431 1498 488 1548 et
517 1493 808 1566 suspirans
833 1494 1099 1564 graviter,
1132 1495 1276 1550 dixit
1313 1497 1517 1553 iterum
1550 1500 1620 1554 ad
1651 1501 1773 1573 epi-
1855 1504 1983 1570 post
2020 1499 2249 1552 missam
2293 1497 2514 1551 fidelem
2567 1501 2625 1550 et
2673 1494 3100 1567 completionem
3133 1493 3451 1558 oblationis,

168 1598 370 1654 scapos
385 1601 397 1636 :
413 1583 539 1638 Non
559 1582 821 1637 delectati
837 1583 971 1638 estis
991 1589 1151 1639 tanta
1169 1586 1587 1657 pulchritudine
1607 1591 1770 1661 ejus?
1853 1605 1981 1644 cum
2011 1587 2246 1642 dimissa
2274 1591 2425 1654 esset
2453 1585 2707 1652 ecclesia,
2741 1584 3065 1656 egrediente
3086 1599 3176 1638 me
3214 1583 3453 1638 limitem

169 1673 291 1728 Illis
312 1687 442 1727 vero
470 1671 610 1726 nihil
639 1673 1133 1744 respondentibus:
1157 1675 1319 1744 Vere,
1352 1677 1448 1743 ait,
1479 1695 1583 1750 ego
1612 1680 1770 1735 valde
1853 1679 2052 1734 domus
2069 1677 2189 1744 Dei,
2211 1676 2366 1730 venit
2391 1675 2576 1730 denuo
2602 1675 2726 1746 ipsa
2765 1673 3026 1729 columba
3052 1673 3246 1728 multis
3276 1671 3453 1728 sordi-

167 1762 480 1816 delectatus
514 1777 662 1828 sum,
696 1766 754 1816 et
797 1763 1012 1834 placuit
1042 1763 1180 1818 mihi
1221 1765 1582 1836 pulchritudo
1623 1771 1765 1839 ejus,
1797 1838 1806 1839 ί
1855 1767 1958 1822 bus
1978 1766 2246 1832 involuta,
2271 1769 2329 1819 et
2352 1764 2556 1819 iterum
2577 1761 3013 1818 circumvolabat
3040 1778 3152 1816 me.
3187 1763 3301 1833 Ego
3323 1777 3455 1817 vero

169 1851 439 1924 quoniam
465 1851 632 1905 istam
652 1850 821 1906 habet
854 1851 1006 1907 Deus
1038 1869 1357 1924 praeponere
1372 1861 1429 1911 et
1448 1838 1696 1914 statuere
1712 1838 1834 1914 inB
1854 1857 2158 1912 extendens
2191 1871 2444 1920 manum,
2485 1852 2830 1924 apprehendi
2875 1868 3020 1917 eam,
3067 1856 3126 1906 et
3157 1851 3364 1922 jactavi
3394 1851 3454 1906 in

169 1945 474 2012 conspectu
487 1941 793 1997 tremendae
812 1947 869 1996 et
882 1941 1229 2015 admirabilis
1243 1945 1392 2000 sedis
1404 1963 1536 2014 suae,
1560 1949 1773 2018 judica-
1853 1947 2140 2013 concham,
2187 1961 2310 2016 quae
2339 1948 2463 1998 erat
2488 1942 2547 1997 in
2573 1942 2717 1996 atrio
2737 1946 2944 1996 sanctae
2969 1940 3246 2009 ecclesiae,
3278 1945 3336 1995 et
3362 1940 3452 1994 di-

167 2037 333 2088 turus
343 2037 460 2086 tam
480 2047 581 2086 nos
601 2047 770 2102 quam
783 2031 1166 2104 episc0patum
1183 2039 1459 2090 nostrum.
1478 2036 1548 2091 Et
1565 2037 1772 2094 iterum

167 2121 313 2176 dixit
326 2121 397 2176 ad
417 2121 704 2193 episcopos
729 2139 740 2175 :
767 2121 912 2186 Quid
938 2122 1169 2194 putatis,
1195 2122 1562 2194 dilectissimi,
1597 2143 1773 2198 quan-

167 2217 259 2266 tas
287 2211 455 2267 horas
485 2211 615 2265 fecit
643 2211 702 2266 in
734 2211 988 2267 cubiculo
1018 2228 1118 2267 suo
1162 2212 1282 2268 haec
1324 2214 1547 2282 mulier,
1580 2216 1772 2273 lavans

164 2305 226 2356 et
253 2316 593 2372 componens
628 2316 708 2367 se,
743 2317 871 2356 cum
914 2301 1066 2356 omni
1093 2301 1469 2359 sollicitudine
1499 2304 1673 2361 animi
1716 2311 1774 2361 et

165 2389 482 2446 intentione
521 2390 592 2445 ad
630 2391 1010 2463 spectaculum
1048 2407 1254 2446 ornans
1279 2409 1358 2460 se,
1392 2398 1459 2449 ut
1495 2396 1772 2468 corporali

165 2479 578 2553 pulchritudini
598 2485 654 2536 et
669 2480 893 2536 ornatui
922 2481 1064 2535 nihil
1091 2481 1328 2549 deesset,
1360 2488 1638 2555 quatenus
1658 2501 1775 2540 om-

165 2570 336 2627 nibus
364 2571 626 2642 placeret,
659 2586 729 2625 ne
749 2570 932 2642 turpis
951 2570 1237 2627 videretur
1272 2588 1393 2628 esse
1413 2573 1532 2629 suis
1552 2580 1772 2631 amato-

167 2661 348 2726 ribus,
373 2659 468 2733 qui
488 2660 656 2715 hodie
682 2666 838 2728 sunt,
865 2665 923 2715 et
945 2661 1189 2716 crastino
1210 2678 1324 2717 non
1352 2663 1520 2718 sunt?
1549 2664 1696 2736 Ergo
1717 2670 1775 2721 et

164 2767 274 2806 nos
301 2749 570 2806 habentes
597 2755 818 2822 patrem
840 2749 899 2804 in
931 2751 1084 2806 caelis
1114 2751 1576 2824 omnipotentem,
1601 2771 1772 2826 spon-

1852 2036 2008 2091 misit
2034 2036 2094 2091 in
2125 2051 2272 2107 aqua
2315 2049 2511 2088 omnes
2543 2032 2736 2086 sordes
2776 2047 2907 2086 suas
2936 2029 3141 2101 quibus
3189 2028 3454 2085 obvoluta

1855 2132 1996 2194 erat,
2029 2130 2087 2180 et
2115 2122 2369 2179 ascendit
2391 2122 2461 2176 de
2488 2137 2638 2192 aqua
2654 2119 2894 2175 candida
2918 2119 3064 2174 sicut
3085 2118 3210 2172 nix:
3244 2133 3371 2189 quae
3394 2121 3456 2172 et

1854 2219 2067 2284 volans,
2102 2215 2161 2270 in
2191 2212 2468 2268 excelsum
2499 2209 2799 2276 ferebatur,
2834 2215 2892 2264 et
2915 2208 3146 2264 omnino
3176 2207 3246 2263 ab
3275 2207 3452 2262 oculis

1858 2307 1997 2364 meis
2049 2303 2273 2360 sublata
2313 2306 2415 2358 est.
2458 2301 2600 2357 Cum
2656 2316 2790 2371 ergo
2837 2302 3124 2354 narrasset
3167 2296 3452 2352 somnium

1855 2402 2081 2454 sanctus
2109 2393 2210 2450 Dei
2241 2394 2479 2448 Nonnus
2504 2390 2815 2462 episcopus,
2846 2386 3220 2460 apprehendit
3237 2401 3357 2442 me:
3395 2391 3456 2442 et

1855 2484 2210 2560 pervenimus
2252 2481 2323 2536 ad
2375 2480 2650 2551 majorem
2688 2477 2980 2533 ecclesiam
3044 2491 3174 2532 cum
3237 2473 3454 2530 caeteris

1856 2574 2149 2650 episcOpis,
2175 2577 2233 2627 et
2259 2568 2626 2626 salutavimus
2643 2567 2967 2640 episcopum
2995 2564 3255 2622 civitatis.

1928 2667 2060 2722 CAP.
2092 2663 2187 2717 VI.
2232 2684 2291 2698 —
2322 2660 2392 2715 Et
2419 2657 2762 2730 ingrediens,
2795 2671 3022 2711 omnem
3051 2655 3325 2728 populum
3355 2671 3449 2710 ec-

1854 2754 2038 2810 clesiae
2084 2753 2344 2807 hortatus
2383 2753 2487 2814 est,
2553 2745 2649 2819 qui
2685 2735 2927 2818 ingressi
2980 2744 3250 2800 sederunt
3286 2759 3457 2817 super

167 2858 295 2896 sam
333 2840 730 2907 immortalem,
783 2841 1089 2896 donantem
1134 2840 1278 2896 bene
1321 2843 1770 2899 custodientibus
1853 2846 2086 2901 thronos
2107 2857 2268 2912 suos;
2291 2844 2350 2895 et
2366 2844 2492 2911 post
2520 2853 2746 2892 omnem
2776 2833 3103 2891 canonicam
3132 2833 3458 2890 celebratio-

165 2929 585 3003 promissiones,
611 2947 733 3002 quae
760 2915 1211 2985 habent’divitias
1238 2931 1492 2987 caelestes
1523 2942 1581 2986 et
1603 2937 1767 2987 aeter-
1851 2951 1983 2992 nem
2012 2933 2095 2988 vel
2123 2931 2421 2987 lectionem
2445 2927 2625 2983 sancti
2646 2926 2954 2997 Evangelii,
2980 2925 3132 2981 idem
3161 2925 3456 2997 episcopus

161 3037 243 3076 na
271 3020 519 3092 praemia,
551 3036 673 3092 quae
701 3019 971 3075 aestimari
997 3035 1109 3074 non
1130 3026 1383 3091 possunt,
1426 3037 1550 3092 quae
1577 3021 1772 3078 oculus
1852 3024 2090 3080 civitatis
2119 3021 2412 3094 porrigens
2448 3022 2706 3074 sanctum
2732 3015 3095 3087 Evangelium
3127 3013 3455 3071 beatissimo

162 3127 281 3166 non
309 3109 466 3177 vidit,
505 3126 608 3165 nec
647 3110 801 3165 auris
822 3109 1052 3176 audivit,
1080 3125 1183 3164 nec
1202 3109 1262 3164 in
1281 3126 1378 3166 cor
1399 3110 1646 3168 hominis
1676 3128 1768 3166 as-

1851 3109 2412 3180 Nonno,hortabatur
2422 3124 2552 3163 eum
2573 3112 2639 3162 ut
2649 3105 2820 3161 verba
2842 3105 3052 3162 faceret
3067 3106 3138 3159 ad
3157 3105 3454 3177 pepulum.

163 3201 496 3267 cenderunt,
530 3217 652 3272 quae
703 3199 1037 3272 praeparavit
1067 3199 1217 3254 Deus
1271 3199 1632 3271 diligentibus
1682 3219 1760 3257 se.
1785 3203 1829 3266 C
1852 3205 1961 3271 Qui
1990 3200 2247 3274 aperiens
2275 3215 2338 3253 os
2370 3213 2536 3252 suum
2565 3195 2905 3267 loquebatur
2939 3193 3274 3266 sapientiam
3325 3192 3448 3260 Dei,

163 3290 314 3356 Quid
337 3290 486 3344 enim
514 3290 678 3361 plura
704 3287 1224 3361 loquor?habentes
1252 3289 1764 3361 repromissionem,

163 3379 368 3434 faciem
397 3379 552 3434 illam
582 3395 849 3448 magnam
872 3383 930 3432 et
945 3377 1316 3449 splendidam,
1340 3378 1771 3436 etinaestimabi-

161 3471 279 3525 lem
315 3469 506 3542 sponsi
529 3470 742 3525 vultum
771 3468 975 3536 videre,
1018 3468 1107 3524 cui
1155 3467 1459 3524 Cherubim
1487 3470 1769 3543 respicere

163 3575 284 3615 non
310 3559 538 3626 audent,
570 3575 684 3614 non
704 3574 972 3613 ornamus
993 3574 1176 3631 neque
1203 3559 1548 3631 detergimus
1575 3561 1769 3617 sordes

161 3650 238 3704 de
270 3649 492 3705 miseris
512 3647 806 3705 animabus
833 3648 1175 3718 nostris,sed
1191 3648 1530 3709 dimittimus
1555 3668 1650 3708 eas
1675 3668 1770 3707 ne-

159 3739 446 3813 gligenter
459 3742 667 3811 jacere.

241 3831 379 3886 CAP.
419 3829 514 3888 IV.
549 3857 622 3872 —
649 3828 749 3884 His
787 3827 1045 3885 omnibus
1071 3827 1252 3898 dictis,
1280 3830 1652 3903 apprehendit
1678 3849 1769 3888 me

163 3925 521 3993 peccatorem
540 3918 861 3987 diaconum,
882 3917 1351 3994 pervenimusque
1369 3920 1429 3976 in
1461 3921 1768 3994 hospitium

163 4009 266 4064 ubi
276 4008 434 4065 nobis
448 4009 634 4066 fuerat
651 4009 853 4064 cellula
867 4009 1018 4064 data.
1044 4009 1115 4064 Et
1139 4009 1426 4081 ingressus
1449 4010 1768 4067 cubiculum

163 4116 356 4166 suum,
374 4099 608 4171 jactavit
625 4116 685 4154 se
705 4098 764 4155 in
785 4099 1190 4171 pavimentum,
1208 4105 1266 4155 et
1283 4099 1481 4156 faciem
1501 4117 1664 4157 suam
1697 4103 1768 4159 ad

161 4195 414 4258 terram;
441 4188 873 4262 percutiensque
903 4194 1096 4261 pectus
1120 4205 1310 4258 suum,
1329 4190 1764 4264 lacrymabatur,

161 4280 360 4336 dicens
384 4297 395 4333 :
412 4280 650 4336 Domine
677 4281 706 4335 J
711 4296 809 4334 esu
833 4279 1073 4347 Christe,
1092 4280 1320 4351 ignosce
1335 4280 1471 4336 mihi
1493 4282 1770 4355 peccatori

163 4376 230 4426 et
247 4370 499 4442 indigno,
517 4370 649 4442 quia
664 4370 831 4426 unius
850 4369 960 4425 diei
977 4374 1208 4425 ornatus
1231 4372 1541 4427 meretricis
1572 4390 1769 4446 super-

1852 3309 1976 3366 quae
2015 3287 2308 3344 habitabat
2332 3287 2390 3341 in
2421 3302 2508 3352 eo,
2542 3283 2809 3356 quoniam
2838 3281 2982 3338 nihil
3009 3281 3449 3354 compositionis,

1852 3388 1949 3438 aut
1961 3377 2344 3454 philosophiae,
2361 3381 2462 3431 aut
2478 3375 2843 3430 indiscretum
2866 3371 3275 3444 alloquebatur,
3311 3371 3452 3427 nihil

1852 3473 1912 3527 in
1941 3488 2000 3526 se
2032 3468 2242 3524 habens
2273 3468 2532 3522 humanae
2561 3468 2776 3518 naturae
2807 3463 3156 3535 superﬂuum
3193 3479 3204 3515 :
3242 3462 3339 3517 sed
3367 3477 3454 3516 re-

1853 3562 2038 3635 pletus
2064 3558 2279 3631 Spiritu
2308 3560 2520 3623 sancto,
2551 3551 2825 3625 arguebat
2839 3558 2896 3608 et
2916 3552 3310 3610 commonebat
3338 3551 3454 3625 ple-

1851 3651 1999 3719 bem,
2031 3647 2405 3705 sincerissime
2433 3647 2669 3717 loquens
2697 3643 2768 3698 de
2794 3643 2986 3699 futuro
2999 3641 3230 3715 judicio,
3264 3646 3318 3697 et
3329 3658 3453 3715 per-

1851 3740 2038 3815 petuis
2062 3739 2225 3794 bonis
2256 3753 2379 3809 quae
2420 3734 2669 3807 reposita
2706 3738 2858 3789 sunt.
2890 3733 3106 3789 Cuncta
3133 3746 3267 3804 ergo
3291 3729 3451 3804 plebs

1851 3833 2187 3903 compuncta
2215 3831 2301 3882 est
2328 3843 2393 3882 ex
2420 3829 2611 3893 ατε
2633 3822 2837 3889 verbis,
2881 3821 3086 3895 quibus
3119 3822 3337 3876 locutus
3367 3825 3454 3876 est

1852 3938 1954 3996 per
1998 3936 2127 3975 eum
2168 3915 2412 3990 Spiritus
2440 3919 2688 3981 sanctus,
2712 3913 2794 3968 ita
2822 3917 2888 3968 ut
2912 3912 3296 3984 pavimentum
3325 3927 3451 3966 san-

1850 4017 1952 4067 ctae
1977 4007 2233 4066 Ecclesiae
2262 4005 2564 4063 inundaret
2582 4003 2774 4076 populi
2804 4001 3091 4075 lacrymis.

1921 4100 2182 4157 CAr.VII.
2229 4128 2294 4139 —
2327 4094 2747 4152 Gubernatione
2775 4109 2906 4149 vero
2936 4091 3337 4148 misericordiae
3364 4091 3450 4147 di-

1850 4189 1992 4246 vince
2020 4188 2274 4260 contigit,
2305 4192 2372 4243 ut
2423 4185 2748 4242 conveniret
2777 4184 2848 4239 ad
2873 4183 3132 4239 eamdem
3159 4183 3453 4238 ecclesiam

1853 4284 1912 4335 et
1938 4279 2204 4335 meretrix
2238 4280 2373 4345 haec,
2407 4277 2476 4332 de
2506 4293 2618 4349 qua
2644 4275 2827 4332 factus
2855 4279 2941 4331 est
2969 4273 3130 4330 nobis
3152 4290 3367 4341 sermo;
3398 4277 3457 4329 et

1853 4371 2003 4442 quod
2020 4369 2229 4426 mirum
2249 4365 2875 4436 est,catechumena,cui
2906 4380 3197 4437 nunquam
3221 4362 3455 4420 accessit

162 4460 326 4516 venit
340 4466 604 4516 ornatum
625 4459 826 4516 animae
847 4476 1004 4514 meae.
1021 4460 1184 4524 Quali
1204 4461 1361 4516 vultu
1379 4462 1674 4534 respiciam
1697 4464 1767 4520 ad
1788 4497 1838 4558 Β
1857 4463 2173 4520 sollicitudo
2203 4468 2580 4535 peccatorum,
2609 4478 2714 4517 nec
2748 4461 3051 4542 aliquando
3077 4460 3147 4515 ad
3193 4459 3296 4515 Dei
3326 4475 3454 4516 con-

164 4551 272 4606 te?
313 4556 412 4606 aut
449 4548 653 4622 quibus
681 4548 1032 4605 sermonibus
1063 4550 1342 4621 justiﬁcer
1368 4551 1427 4606 in
1469 4545 2101 4626 conspectuuvenisset
2148 4553 2457 4618 ecclesiam,
2507 4550 2692 4606 subito
2749 4545 3085 4622 compuncta
3121 4555 3208 4603 est
3252 4549 3454 4604 timore

162 4639 308 4696 tuo?
348 4641 474 4694 Non
505 4639 657 4695 enim
691 4638 982 4694 occultabo
1011 4656 1108 4694 cor
1141 4656 1331 4694 meum
1359 4646 1490 4696 ante
1519 4646 1592 4710 te,
1638 4660 1770 4714 quo-
1854 4643 2099 4709 Domini,
2117 4659 2243 4697 cum
2273 4644 2539 4712 argueret
2561 4643 2788 4694 sanctus
2800 4640 3037 4693 Nonnus
3053 4638 3343 4710 populum,
3371 4639 3455 4694 ita

164 4731 326 4786 niam
349 4730 621 4803 prospicis
643 4734 856 4785 secreta
876 4745 1022 4784 mea.
1039 4731 1109 4786 Et
1135 4746 1218 4785 vae
1247 4729 1386 4785 mihi
1415 4733 1696 4803 peccatori
1714 4737 1772 4788 et

1857 4738 1923 4788 ut
1947 4733 2274 4803 desperaret
2314 4731 2384 4786 de
2417 4747 2494 4796 se,
2522 4729 2646 4800 ipsa
2675 4727 2882 4782 mulier
2909 4727 3183 4799 plangens
3217 4727 3456 4784 ﬂumina

161 4819 422 4892 indigno,
456 4817 722 4892 quoniam
749 4823 881 4874 ante
917 4819 1092 4873 altare
1122 4823 1284 4874 tuum
1313 4819 1534 4888 assiste,
1568 4825 1625 4876 et
1651 4838 1765 4878 non
1845 4823 2224 4896 lacrymarum
2253 4819 2539 4887 fundebat,
2567 4835 2670 4874 nec
2690 4817 2804 4873 ullo
2846 4817 3013 4873 modo
3045 4834 3080 4872 a
3107 4818 3244 4874 ﬂetu
3273 4818 3452 4875 centi-

165 4911 345 4966 oll'ero
374 4909 664 4982 pulchram
686 4908 933 4964 animam
965 4909 1188 4980 qualem
1217 4909 1428 4982 expetis
1457 4927 1492 4965 a
1532 4927 1640 4966 me.
1665 4912 1770 4968 Illa

167 4999 327 5055 enim
355 4999 615 5072 promisit
645 4999 867 5071 placere
911 4998 1255 5068 hominibus,
1287 5005 1344 5056 et
1372 4999 1530 5069 fecit;
1562 5007 1618 5057 et
1663 5019 1767 5074 ego

166 5091 407 5164 promisi
435 5091 538 5146 tibi
568 5091 807 5163 placere,
837 5095 890 5146 et
914 5091 1184 5148 mentitus
1200 5108 1324 5148 sum
1353 5099 1585 5166 propter
1601 5094 1773 5167 pigri-

167 5183 312 5239 tiam
340 5199 546 5238 meam.
567 5182 764 5238 Nudus
783 5199 910 5237 sum
928 5186 1048 5237 tam
1071 5182 1131 5237 in
1156 5183 1294 5238 coelo
1314 5200 1486 5255 quam
1520 5184 1577 5240 in
1596 5189 1770 5255 terra,

169 5289 286 5329 non
316 5273 628 5344 adimplens
649 5277 929 5345 praecepta
947 5273 1347 5330 mandatorum
1368 5279 1616 5330 tuorum.
1632 5276 1776 5349 Ergo

170 5381 288 5421 non
321 5369 407 5420 est
434 5363 572 5418 mihi
601 5379 727 5435 spes
759 5380 824 5418 ex
853 5362 1116 5436 operibus
1144 5361 1327 5432 bonis,
1359 5365 1459 5420 sed
1496 5383 1622 5439 spes
1645 5383 1775 5424 mea

171 5454 232 5508 in
264 5453 652 5509 misericordia
683 5457 801 5521 tua,
834 5470 946 5525 qua
974 5453 1192 5509 confido
1223 5454 1445 5510 salvari.
1477 5454 1614 5512 Haec
1644 5473 1773 5513 vero

172 5543 272 5599 illo
303 5544 540 5614 dicente,
591 5548 648 5600 et
686 5543 890 5600 horum
943 5560 1113 5600 causa
1158 5544 1466 5616 plurimum
1496 5546 1768 5617 ululante,

177 5632 379 5690 eodem
411 5635 504 5691 die
530 5635 899 5692 vehementer
925 5634 1068 5692 festa
1083 5633 1504 5693 celebravimus.

243 5716 380 5778 CA2.
410 5716 478 5774 V.
507 5748 563 5759 —
580 5715 1021 5793 Superveniente
1049 5721 1240 5777 autem
1269 5716 1383 5788 die,
1409 5735 1533 5794 quae
1559 5725 1645 5781 est
1664 5723 1777 5782 Do-

1853 4928 1988 4968 nere
2021 4928 2080 4966 se
2108 4915 2350 4982 poterat.
2393 4911 2463 4966 Et
2493 4908 2685 4965 statim
2715 4909 2982 4981 praecepit
3007 4907 3226 4965 duobus
3255 4910 3447 4982 pueris

1853 5001 1988 5067 suis,
2013 4999 2203 5055 dicens
2226 5017 2236 5054 :
2264 4999 2549 5056 Sustinete
2571 4999 2632 5054 in
2669 4999 2775 5054 hoc
2794 4999 2943 5067 loco;
2965 5003 3022 5054 et
3040 4999 3175 5055 dum
3196 5015 3454 5071 egressus

1853 5091 2025 5147 fuerit
2054 5094 2281 5145 sanctus
2300 5090 2540 5146 Nonnus
2560 5089 2871 5163 episcopus,
2897 5088 3215 5162 sequamini
3242 5094 3458 5160 eum,et

1854 5180 2122 5254 inquirite
2149 5179 2246 5236 ubi
2276 5185 2523 5248 maneat,
2557 5184 2615 5235 et
2643 5179 2830 5235 venite
2859 5183 2917 5234 et
2944 5179 3268 5236 renuntiate
3288 5178 3450 5234 mihi.

1859 5271 2025 5328 Pueri
2054 5286 2184 5326 vero
2216 5269 2465 5326 fecerunt
2495 5269 2640 5326 sicut
2652 5269 2916 5344 praecepit
2943 5269 3024 5325 eis
3053 5267 3283 5324 domina
3311 5285 3414 5324 sua
3441 5288 3457 5340 ;

1860 5367 1916 5417 et
1945 5366 2241 5433 sequentes
2279 5377 2401 5429 nos,
2434 5365 2708 5416 venerunt
2734 5360 2794 5416 in
2821 5357 3111 5415 basilicam
3140 5357 3453 5415 beatissimi

1856 5453 2123 5526 martyris
2164 5451 2392 5521 Juliani,
2424 5451 2520 5507 ubi
2549 5450 2711 5506 nobis
2758 5448 3068 5523 hOSpitium
3100 5464 3199 5504 seu
3252 5448 3456 5506 cellula

1859 5543 2075 5599 erat.Et
2097 5543 2357 5615 regressi,
2408 5545 2700 5609 venerunt,
2743 5539 2981 5596 dominae
3019 5555 3134 5594 sum
3163 5537 3451 5596 dicentes:

1860 5634 2137 5700 Quoniam
2151 5635 2210 5691 in
2222 5632 2456 5690 basilica
2489 5629 2800 5689 beatissimi
2816 5629 3081 5703 martyris
3092 5630 3120 5686 J
3127 5629 3302 5687 uliani
3331 5646 3455 5687 ma-

1861 5728 1977 5782 net.
2011 5725 2132 5793 Quo
2164 5724 2263 5784 illa
2291 5724 2503 5795 audito,
2548 5722 2742 5782 statim
2776 5721 3092 5781 transmisit
3129 5721 3460 5796 diptychum
