3868 6426
416 362 522 424 667
1422 364 1516 422 DE
1552 364 1742 424 VITIS
1779 366 2077 425 PATRUM
2114 365 2327 423 LIBER
2366 363 2655 420 PRIMUS.
3599 350 3714 412 668

414 490 740 550 tabularum
763 487 847 564 (9)
866 503 968 563 per
991 487 1214 546 eosdem
1233 505 1457 564 pueros,
1480 491 1559 547 ita
1583 492 1965 549 continentem
1987 509 2000 544 :
2023 494 2074 554 Α
2088 496 2144 545 te
2173 488 2570 563 exspectabant
2593 504 2764 561 opera
2789 487 2920 554 ista,
2935 484 3049 541 scio
3076 483 3225 558 quod
3246 500 3309 539 os
3336 496 3534 541 meum
3562 478 3705 535 eris.

419 601 445 635 α
478 569 702 638 Sancto
745 579 1017 653 discipulo
1073 578 1300 648 Christi,
1330 582 1611 653 peccatrix
1651 588 1709 637 et
1735 583 2012 655 discipula
2093 580 2164 636 Et
2207 580 2396 636 statim
2436 577 2753 636 transmisit
2788 592 3011 632 mecum
3039 573 3327 630 dominam
3373 572 3708 628 Romanam

414 670 640 728 diaboli.
670 669 875 725 Audivi
908 668 979 725 de
1020 669 1138 725 Deo
1169 674 1286 738 tuo,
1317 671 1467 743 quod
1491 672 1658 726 cmlos
1687 671 2005 738 inclinavit,
2092 669 2336 741 primam
2378 668 2842 724 diaconissarum.
2877 666 3011 731 Qum
3039 663 3287 730 veniens,
3319 660 3543 717 invenit
3572 674 3705 714 eam

416 765 474 816 et
500 758 789 815 descendit
814 775 985 830 super
1009 763 1241 839 terram,
1274 777 1387 815 non
1409 766 1639 832 propter
1661 761 1863 833 justos,
1912 762 2010 816 sed
2093 760 2277 815 adhuc
2305 759 2377 814 ad
2409 759 2580 831 pedes
2610 756 2790 849 sancti
2823 753 3010 849 Nonni
3038 752 3305 849 episcopi,
3322 751 3420 849 cui
3439 750 3533 805 vix
3561 765 3704 849 per-

413 853 479 905 ut
504 854 823 922 peccatores
851 848 1095 904 salvaret
1114 832 1336 916 (Matth.
1367 854 1447 919 Ix)
1469 868 1481 917 ;
1505 832 1789 906 intantum
1823 851 2010 906 humi-
2092 849 2271 904 suasit
2296 865 2526 918 surgere
2552 865 2587 901 a
2614 846 2852 918 pedibus
2885 845 3023 911 suis,
3048 843 3241 898 dicens
3273 860 3286 895 :
3319 842 3523 912 Surge,
3554 838 3700 905 ﬁlia,

412 938 603 1005 liatus,
645 943 711 993 ut
738 937 1052 1009 publicanis
1081 938 1633 1011 appropinquaverit,
1669 944 1726 995 et
1753 939 1814 995 in
1843 957 2010 1012 quem
2092 936 2798 1007 utexorcizeris.-Dixitque
2813 934 2893 990 ei:
2932 933 3216 988 Conﬁtere
3245 929 3436 986 omnia
3460 932 3706 1002 peccata

415 1026 711 1083 cherubim
740 1027 1019 1099 respicere
1065 1043 1180 1084 non
1209 1028 1437 1096 audent,
1465 1046 1593 1085 cum
1617 1028 2008 1101 peccatoribus
2090 1031 2209 1083 tua.
2233 1027 2367 1092 Quae
2386 1026 2714 1098 respondit:
2747 1024 2806 1080 Si
2829 1027 3179 1097 perscrutata
3207 1020 3365 1077 fuero
3396 1017 3704 1075 scientiam

415 1122 778 1173 conversatus
824 1115 915 1171 sit.
949 1117 1020 1171 Et
1046 1120 1128 1184 tu,
1171 1116 1397 1173 domine
1426 1134 1607 1185 meus,
1647 1118 1743 1191 qui
1772 1119 2012 1174 multam
2091 1116 2274 1172 cordis
2293 1116 2424 1182 mei,
2444 1132 2556 1171 non
2567 1114 2789 1170 invenio
2807 1114 2867 1169 in
2886 1129 2976 1168 me
2991 1112 3182 1184 aliqua
3202 1126 3374 1182 opera
3400 1108 3695 1206 bonorum

414 1206 774 1263 sanctitatem
798 1204 989 1272 habes,
1019 1206 1127 1261 etsi
1151 1206 1469 1262 carnalibus
1497 1207 1671 1262 oculis
1684 1208 1869 1279 ipsum
1900 1209 2010 1263 Do-
2093 1211 2346 1263 actuum.
2383 1206 2619 1261 Peccata
2638 1204 2794 1265 enim
2822 1219 2951 1258 mea
2976 1202 3111 1267 scio,
3136 1200 3287 1273 quod
3309 1214 3485 1254 arena
3511 1200 3696 1252 maris

415 1296 638 1351 minum
676 1296 869 1352 Jesum
900 1294 1207 1362 Christum,
1240 1296 1336 1367 qui
1373 1313 1434 1351 se
1463 1297 1545 1352 illi
1575 1296 1799 1352 mulieri
1825 1314 2008 1352 mere-
2089 1296 2351 1366 graviora
2378 1295 2508 1362 sint;
2534 1311 2682 1366 aqua
2698 1293 2849 1349 enim
2869 1307 3142 1365 perparva
3156 1294 3243 1345 est
3260 1305 3373 1361 prae
3398 1286 3554 1342 mole
3576 1302 3704 1358 pec-

415 1384 546 1442 trici
570 1383 939 1440 Samaritana
962 1384 1341 1440 manifestavit
1353 1386 1424 1440 ad
1450 1391 1681 1458 puteum
1705 1389 1886 1454 (Joan.
1912 1392 2005 1455 Iv),
2089 1391 2344 1440 catorum
2371 1400 2645 1439 meorum.
2669 1382 2901 1438 Confido
2924 1398 3054 1436 vero
3074 1379 3144 1435 de
3171 1380 3287 1435 Deo
3306 1383 3425 1445 tuo,
3441 1376 3603 1449 quod
3620 1374 3707 1429 di-

417 1490 533 1533 non
559 1473 843 1546 aspexisti,
874 1478 1068 1529 tamen
1094 1491 1258 1530 verus
1286 1476 1469 1530 cultor
1495 1475 1647 1531 illius
1699 1494 1777 1543 es,
1804 1476 1950 1531 sicut
1977 1493 2013 1530 a
2091 1475 2283 1529 mittat
2311 1474 2529 1546 pondus
2556 1474 2899 1544 inquitatum
2929 1486 3204 1536 mearum,
3240 1473 3299 1523 et
3316 1466 3592 1539 respiciat
3606 1481 3707 1519 su-

419 1562 756 1621 Christianis
773 1562 961 1617 audivi
977 1562 1365 1619 referentibus.
1390 1565 1448 1619 Si
1478 1582 1606 1620 vero
1622 1565 1772 1620 illius
1805 1565 2012 1621 Christi
2093 1580 2195 1636 per
2223 1581 2332 1619 me.
2364 1564 2519 1618 Tunc
2538 1562 2678 1617 dixit
2706 1562 2777 1616 ad
2808 1577 2932 1616 eam
2958 1565 3185 1614 sanctus
3216 1558 3449 1612 Nonnus
3479 1554 3702 1626 episco-

417 1669 584 1709 verus
616 1669 676 1708 es
695 1652 1020 1723 discipulus,
1053 1669 1165 1707 non
1189 1670 1280 1708 me
1310 1671 1560 1725 respuas,
1589 1671 1689 1726 per
1718 1660 1775 1709 te
1803 1655 2017 1710 deside-
2098 1670 2202 1726 pus
2233 1672 2245 1707 :
2280 1654 2380 1709 Dic
2410 1652 2558 1725 quod
2588 1652 2662 1707 sit
2691 1666 2896 1706 nomen
2923 1655 3087 1705 tuum
3117 1649 3141 1702 ?
3185 1648 3319 1713 Quae
3349 1644 3650 1717 respondit
3680 1662 3697 1698 :

416 1747 638 1798 rantem
667 1741 853 1795 videre
880 1741 1244 1809 Salvatorem,
1281 1747 1344 1797 ut
1364 1760 1466 1814 per
1493 1748 1549 1798 te
1574 1760 1795 1799 merear
1826 1744 2016 1799 videre
2097 1743 2355 1799 Naturali
2385 1742 2612 1798 nomine
2640 1740 2868 1813 Pelagia
2896 1743 3092 1794 vocata
3127 1754 3255 1793 sum
3286 1753 3321 1791 a
3356 1732 3702 1809 parentibus

363 1833 369 1840 '
416 1831 634 1887 vultum
662 1835 919 1886 sanctum
947 1846 1132 1887 suum.
1167 1850 1191 1883 ι
1221 1832 1377 1887 Tunc
1406 1833 1690 1904 rescripsit
1717 1833 1767 1887 ei
1787 1838 2014 1890 sanctus
2032 1818 2075 1876 Β
2095 1833 2235 1888 meis
2263 1852 2275 1899 ;
2309 1833 2453 1887 cives
2477 1848 2609 1887 vero
2640 1830 2947 1886 Antiochiae
2967 1827 3332 1899 Margaritam
3359 1842 3451 1880 me
3468 1827 3697 1889 vocant,

417 1920 652 1977 Nonnus
680 1920 976 1991 episcopus
1000 1937 1011 1973 :
1063 1940 1085 1973 ι
1121 1920 1477 1994 Quaecunque
1517 1940 1596 1990 es,
1628 1922 1925 1977 manifesta
1953 1941 2012 1979 es
2094 1928 2325 1995 propter
2350 1922 2569 1994 pondus
2598 1925 3060 1976 ornamentorum
3094 1916 3298 1989 quibus
3326 1931 3418 1972 me
3447 1914 3699 1969 adorna-

414 2009 550 2077 Deo,
575 2014 634 2065 et
651 2015 734 2077 tu,
758 2014 816 2064 et
839 2014 1116 2066 tractatus
1147 2014 1301 2077 tuus,
1329 2016 1386 2066 et
1413 2012 1673 2067 voluntas
1703 2018 1823 2067 tua.
1857 2014 2015 2068 Atta-
2095 2018 2295 2067 verunt
2326 2015 2555 2084 peccata
2582 2014 2775 2077 προ
2800 2024 2945 2064 mea.
2980 2008 3095 2078 Ego
3135 2006 3283 2061 enim
3329 2021 3486 2059 eram
3535 2018 3699 2057 orna-

416 2115 549 2155 men
575 2099 698 2155 dico
723 2098 847 2166 tibi,
879 2115 951 2154 ne
981 2099 1117 2155 velis
1152 2104 1374 2156 tentare
1402 2101 1782 2157 humilitatem
1802 2119 2008 2169 meam,
2095 2106 2351 2157 mentum
2409 2106 2466 2155 et
2492 2105 2777 2171 comptum
2809 2096 3181 2169 ergasterium
3208 2094 3435 2150 diaboli.
3473 2093 3696 2148 Iterum

416 2203 520 2260 ego
551 2188 704 2243 enim
743 2205 870 2244 sum
912 2189 1082 2243 homo
1129 2195 1387 2261 peccator
1425 2207 1618 2245 servus
1668 2191 1789 2245 Dei.
1824 2192 1882 2246 Si
1912 2209 2014 2264 pro
2095 2191 2235 2247 dicit
2262 2191 2333 2245 ad
2362 2207 2490 2246 eam
2530 2195 2759 2244 sanctus
2810 2190 3045 2243 Nonnus
3077 2186 3401 2257 episcopus:
3432 2180 3698 2238 Naturali

417 2282 571 2333 certo
607 2276 782 2333 habes
835 2276 1179 2332 desiderium
1224 2278 1551 2347 divinitatis,
1585 2280 1855 2335 virtutem
1896 2282 2014 2336 adi-
2096 2280 2323 2337 nomine
2374 2280 2603 2350 Pelagia
2628 2278 2882 2333 vocaris?
2911 2276 3045 2341 Quae
3074 2273 3363 2346 respondit
3392 2290 3404 2326 :
3450 2273 3560 2338 Ita,
3594 2270 3697 2325 do-

417 2366 668 2438 piscendi
709 2371 769 2422 et
813 2367 1002 2435 fidem,
1038 2373 1096 2421 et
1123 2384 1213 2423 me
1241 2368 1323 2422 vis
1361 2369 1569 2435 videre,
1603 2374 1737 2425 sunt
1786 2386 2013 2426 mecum
2094 2370 2265 2426 mine.
2299 2371 2421 2435 Quo
2452 2370 2668 2434 audito,
2704 2373 2931 2423 sanctus
2958 2367 3193 2421 Nonnus
3222 2363 3521 2435 episcopus
3545 2376 3703 2415 exor-

417 2456 661 2528 episcopi
681 2456 798 2525 alii;
816 2457 962 2524 veni,
991 2462 1049 2512 et
1067 2462 1199 2512 ante
1230 2475 1325 2512 eos
1356 2475 1445 2513 me
1468 2458 1698 2526 videbis,
1733 2476 1865 2514 nam
1894 2462 2014 2515 sola
2095 2460 2289 2515 cizavit
2315 2476 2460 2525 eam,
2481 2464 2537 2514 et
2565 2456 2893 2529 baptizavit;
2920 2452 3325 2526 etimposuitei
3343 2451 3574 2523 signum
3587 2449 3700 2504 Do-

415 2562 509 2600 me
535 2545 725 2601 videre
758 2562 873 2602 non
900 2546 1176 2618 poteris.»
1206 2548 1347 2603 Cum
1376 2548 1492 2604 haec
1518 2549 1810 2620 relegisset
1840 2566 2017 2605 mere~
2099 2549 2258 2617 mini,
2286 2548 2629 2619 tradiditque
2652 2547 2733 2601 illi
2757 2561 2962 2618 corpus
2989 2542 3216 2599 Christi.
3241 2540 3482 2612 Fuitque
3510 2538 3705 2610 illipa-

414 2634 546 2702 trix,
574 2635 783 2705 gaudio
808 2636 1041 2707 repleta,
1070 2652 1240 2691 cursu
1278 2637 1430 2692 venit
1456 2638 1527 2692 ad
1552 2637 1841 2693 basilicam
1866 2639 2019 2694 beati
2098 2645 2189 2694 ter
2211 2638 2483 2711 spiritalis
2515 2643 2711 2693 sancta
2739 2634 2970 2690 domina
2996 2632 3267 2698 Romana,
3299 2629 3486 2702 prima
3513 2628 3702 2684 diaco-

414 2724 682 2797 martyris
699 2724 927 2792 Iuliani,
951 2730 1009 2781 et
1026 2725 1475 2782 nuntiavitnobis
1495 2728 1564 2783 de
1577 2730 1873 2799 praesentia
1888 2746 2008 2784 sua.
2099 2729 2409 2784 nissarum:
2429 2744 2553 2800 quae
2582 2725 2889 2797 acccipiens
2913 2740 3058 2789 eam,
3091 2719 3341 2778 ascendit
3359 2720 3420 2774 in
3438 2716 3704 2774 catechu-

418 2813 541 2879 Quo
562 2813 754 2869 audito
776 2819 1003 2869 sanctus
1025 2816 1261 2871 Nonnus
1287 2817 1599 2889 episcopus,
1616 2819 1833 2873 vocavit
1863 2820 1933 2874 ad
1951 2836 2011 2875 se
2094 2834 2325 2873 menum
2357 2815 2486 2887 (l2),
2517 2833 2583 2871 eo
2613 2815 2763 2887 quod
2801 2819 2859 2869 et
2881 2830 2984 2869 nos
3009 2811 3089 2867 ibi
3130 2824 3514 2866 maneremus.
3542 2807 3701 2863 Tunc

417 2918 614 2958 omnes
628 2903 726 2975 qui
744 2903 857 2958 illic
869 2904 1106 2959 aderant
1120 2906 1426 2978 episcopos,
1453 2913 1511 2961 et
1520 2907 1693 2978 jussit
1715 2924 1840 2962 eam
1856 2909 2014 2964 veni-

414 3008 478 3046 re
514 2991 586 3046 ad
615 3008 692 3046 se.
726 2992 859 3057 Quae
887 2994 1154 3049 accedens
1172 2994 1266 3049 ubi
1279 2986 1607 3066 congregati
1623 3002 1785 3052 erant
1806 2999 2016 3069 episco-

413 3080 492 3153 pi,
510 3082 747 3153 jactavit
775 3099 835 3137 se
855 3083 914 3138 in
938 3083 1341 3155 pavimentum,
1367 3091 1425 3140 et
1447 3087 1819 3158 apprehendit
1842 3088 2013 3158 pedes

414 3169 564 3226 beati
581 3172 766 3226 Nonni
796 3172 1275 3245 episcoPi,dicens:
1298 3175 1454 3245 Rogo
1474 3180 1550 3242 te,
1577 3176 1803 3231 domine
1824 3193 2001 3252 meus,

412 3259 638 3316 imitare
649 3262 979 3333 magistrum
988 3268 1153 3318 tuum
1164 3264 1466 3320 Dominum
1486 3266 1514 3319 J
1521 3281 1678 3320 esum
1700 3266 1985 3321 Christum
1994 3307 2007 3333 ,

415 3353 474 3405 et
499 3349 723 3406 effunde
750 3367 921 3422 super
944 3367 1035 3406 me
1046 3355 1203 3406 tuam
1225 3351 1556 3420 bonitatem,
1572 3359 1629 3408 et
1646 3353 1739 3409 fac
1756 3371 1847 3409 me
1859 3355 2016 3410 Chri-

416 3438 679 3495 stianam.
708 3439 825 3510 Ego
841 3440 995 3495 enim
1007 3456 1155 3508 sum,
1191 3441 1417 3497 domine
1436 3459 1614 3511 meus,
1637 3443 1869 3515 pelagus
1890 3461 2015 3516 pec-

414 3532 669 3584 catorum
697 3533 752 3583 et
781 3528 1016 3602 abyssus
1044 3530 1380 3602 iniquitatis.
1420 3532 1558 3587 Peto
1595 3549 1686 3587 me
1715 3532 2011 3605 baptizari.

492 3618 623 3673 CAP.
659 3617 808 3674 VIII.
844 3648 910 3661 -—
942 3619 1084 3674 Cum
1112 3619 1203 3675 vix
1233 3636 1360 3675 eam
1382 3622 1757 3693 persuasisset
1780 3629 2012 3678 sanctus

414 3706 652 3763 Nonnus
673 3707 964 3780 episcopus
982 3725 1215 3780 surgere
1240 3726 1275 3765 a
1310 3710 1545 3782 pedibus
1564 3712 1701 3781 suis,
1738 3729 1866 3768 cum
1887 3730 2013 3768 sur-

414 3796 669 3865 rexisset,
701 3797 839 3853 dicit
864 3799 937 3853 ad
964 3815 1087 3854 eam
1113 3818 1124 3853 :
1184 3800 1440 3857 Canones
1495 3800 1606 3873 (10)
1638 3803 2016 3858 sacerdotales

415 3886 706 3943 continent
724 3904 838 3943 non
849 3887 1123 3961 baptizari
1145 3891 1633 3958 meretricem,nisi
1655 3893 1782 3963 fidej
1790 3909 2014 3949 ussores

414 3976 759 4047 praestiterit,
783 3982 849 4033 ut
876 3994 987 4033 non
1014 3995 1074 4033 se
1101 3978 1309 4036 iterum
1328 3980 1388 4035 in
1406 3980 1543 4053 ipsis
1562 3982 1725 4036 malis
1743 3983 2009 4037 revolvat.

416 4063 552 4128 Quae
569 4064 804 4120 audiens
822 4066 994 4122 talem
1015 4068 1261 4140 episcopi
1301 4069 1660 4137 sententiam,
1689 4070 1925 4141 jactavit
1953 4087 2014 4126 se

416 4153 625 4208 iterum
644 4154 703 4209 in
723 4154 1126 4225 pavimentum.
1150 4160 1207 4211 et
1228 4158 1602 4230 apprehendit
1626 4159 1797 4230 pedes
1828 4160 2010 4214 sancti

415 4242 623 4309 Nonni,
657 4247 715 4298 et
747 4242 899 4315 ipsos
930 4244 1191 4317 lacrymis
1227 4246 1343 4301 suis
1374 4246 1527 4312 lavit,
1568 4253 1623 4302 et
1652 4248 1869 4320 capillis
1897 4249 2015 4304 suis

416 4331 759 4403 extergebat,
777 4332 987 4388 dicens:
1009 4334 1305 4390 Rationem
1326 4336 1529 4391 reddas
1567 4337 1683 4392 Deo
1704 4354 1806 4410 pro
1827 4337 2017 4394 anima

416 4427 629 4487 mea,et
645 4420 748 4477 tibi
768 4422 1046 4478 ascribam
1065 4423 1393 4496 iniquitates
1425 4425 1702 4482 factorum
1734 4444 2010 4496 meorum,

2096 2907 2230 2961 dicit
2257 2906 2329 2961 ad
2355 2923 2446 2961 me
2474 2910 2700 2960 sanctus
2729 2906 2965 2959 Nonnus
3002 2902 3296 2974 episcopus
3339 2917 3352 2952 :
3386 2896 3517 2952 Tibi
3545 2895 3691 2961 dico,

2096 2995 2270 3050 frater
2297 2996 2547 3063 diacone,
2604 2995 2859 3049 laetemur
2888 2992 3052 3047 hodie
3081 3006 3209 3046 cum
3237 2987 3453 3059 angelis
3485 2985 3615 3053 Dei,
3644 2987 3701 3039 et

2096 3086 2283 3140 oleum
2310 3092 2467 3141 extra
2502 3083 2962 3139 consuetudinem
2981 3095 3269 3136 sumamus
3298 3078 3358 3132 in
3385 3075 3609 3143 cibo,et
3626 3072 3701 3126 vi-

2032 3144 2077 3209 α
2097 3191 2232 3230 num
2257 3192 2385 3230 cum
2414 3175 2611 3230 laetitia
2638 3173 2878 3245 spiritali
2900 3171 3256 3244 accipiamus,
3288 3170 3523 3241 propter
3551 3163 3694 3220 salu-

2097 3271 2212 3320 tem
2233 3265 2401 3336 hujus
2430 3264 2649 3336 puellae.

2169 3355 2400 3410 CAPJX.
2410 3351 2840 3409 —Sumentibus
2849 3367 2980 3406 vero
2994 3348 3154 3405 nobis
3171 3345 3692 3415 cibum,audiuntur

2096 3459 2255 3499 voces
2284 3443 2489 3511 subito,
2522 3444 2675 3498 velut
2697 3440 2940 3497 hominis
2969 3440 3068 3513 qui
3082 3437 3405 3495 violentiam
3433 3434 3648 3509 patitur
3672 3450 3683 3485 :

2095 3533 2350 3589 diabolus
2374 3533 2527 3588 enim
2545 3531 2828 3599 clamavit,
2853 3530 3077 3586 dicens:
3126 3529 3243 3596 Vze,
3273 3527 3387 3583 vae!
3417 3525 3556 3598 quid
3590 3538 3687 3595 pa-

2094 3622 2206 3678 tior
2238 3640 2273 3677 a
2307 3623 2591 3695 decrepito
2622 3638 2756 3697 sene
2789 3622 2897 3677 isto
2943 3620 2968 3675 ’ἶ
2999 3621 3125 3675 Non
3154 3618 3258 3674 tibi
3286 3615 3578 3672 sufﬁciunt
3598 3612 3691 3667 tri-

2094 3712 2255 3783 ginta
2283 3712 2462 3767 millia
2490 3714 2949 3777 Sarracenorum,
2983 3725 3121 3783 quos
3151 3706 3291 3763 mihi
3320 3701 3616 3777 abripuisti
3638 3702 3690 3755 et

2097 3802 2413 3874 baptizasti,
2442 3806 2500 3857 et
2528 3801 2781 3857 obtulisti
2801 3800 2917 3856 Deo
2930 3805 3029 3855 tuo
3050 3799 3219 3854 ?Non
3248 3795 3351 3853 tibi
3380 3790 3690 3851 sufﬁciebat

2104 3892 2426 3963 Heliopolis,
2461 3892 2727 3964 quoniam
2748 3907 2877 3946 cum
2897 3889 3086 3961 etipsa
3097 3904 3227 3943 mea
3247 3890 3409 3964 esset,
3433 3889 3491 3939 et
3500 3896 3688 3939 omnes

2098 3981 2194 4052 qui
2224 3980 2283 4035 in
2311 3997 2381 4035 ea
2406 3980 2755 4047 habitabant,
2787 3996 2877 4035 me
2915 3979 3235 4044 adorarent,
3290 3981 3360 4031 tu
3377 3972 3520 4029 mihi
3549 3968 3686 4027 abri-

2095 4070 2269 4142 puisti
2298 4076 2356 4126 et
2381 4069 2635 4126 obtulisti
2672 4071 2788 4126 Deo
2810 4075 2907 4125 tuo
2932 4070 2956 4123 ?
2987 4068 3096 4125 Sed
3125 4072 3183 4123 et
3210 4082 3360 4122 nunc
3387 4063 3682 4120 maximam

2096 4176 2254 4232 spem
2279 4176 2462 4215 meam
2490 4159 2772 4215 abstulisti
2790 4176 2825 4214 a
2851 4175 2960 4226 me,
2986 4160 3106 4230 jam
3127 4173 3277 4213 nunc
3302 4170 3415 4211 non
3428 4153 3549 4208 fero
3576 4165 3681 4205 ma-

2097 4248 2445 4304 chinationes
2458 4255 2604 4304 tuas.
2622 4250 2667 4305 Ο
2688 4250 2809 4320 jam
2827 4248 2962 4321 quid
2974 4247 3159 4320 patior
3188 4262 3222 4300 a
3241 4240 3551 4299 damnabili
3560 4236 3679 4295 isto!

2098 4339 2397 4394 Maledicta
2424 4339 2544 4395 dies
2571 4339 2690 4406 illa,
2714 4339 2901 4411 inqua
2928 4342 3098 4393 natus
3127 4353 3187 4391 es
3218 4340 3316 4391 tu:
3350 4330 3587 4388 flumina
3610 4328 3680 4382 la-

2098 4445 2419 4500 crymarum
2440 4428 2665 4484 inﬁrmo
2691 4426 2932 4499 hospitio
2948 4424 3244 4492 inundant,
3266 4425 3386 4495 jam
3415 4436 3545 4493 spes
3566 4430 3679 4474 mea

417 4510 469 4566 si
498 4510 785 4567 distuleris
826 4528 914 4567 me
941 4513 1193 4586 iniquam
1218 4519 1275 4569 et
1293 4516 1678 4588 turpissimam
1702 4516 2005 4590 baptizare.
2034 4511 2378 4573 Dabstracta
2408 4524 2509 4573 est.
2549 4519 2662 4573 Ista
2689 4517 2881 4573 omnia
2905 4515 3186 4571 clamabat
3211 4511 3488 4578 diabolus,
3522 4515 3578 4564 et
3602 4507 3677 4561 la—

419 4601 546 4656 Non
575 4601 827 4657 invenias
871 4603 1190 4675 portionem
1236 4605 1385 4677 apud
1415 4605 1597 4661 Deum
1624 4623 1752 4661 cum
1785 4608 2010 4675 sanctis,

417 4689 625 4746 nisime
658 4708 805 4747 nunc
824 4692 1019 4748 feceris
1038 4682 1283 4749 alienam
1303 4696 1581 4751 malorum
1603 4714 1837 4769 operum
1859 4714 2015 4752 meo-

416 4781 761 4851 rum.Neges
788 4782 987 4850 Deum,
1014 4788 1070 4838 et
1089 4783 1240 4839 idola
1257 4785 1475 4852 adores,
1503 4785 1613 4840 nisi
1648 4803 1740 4842 me
1770 4787 1937 4842 hodie
1956 4787 2015 4842 in

416 4884 685 4941 sponsam
715 4870 925 4943 Christi
953 4873 1171 4927 renasci
1217 4873 1433 4940 feceris,
1485 4881 1544 4930 et
1579 4874 1846 4932 obtuleris
1870 4877 2007 4931 Deo.

413 4958 572 5014 Tunc
601 4975 795 5014 omnes
815 4960 1060 5032 episcopi
1083 4967 1142 5017 et
1162 4962 1347 5020 clerici
1377 4965 1473 5036 qui
1495 4971 1895 5032 convenerunt,
1928 4966 2011 5020 vi-

412 5047 611 5104 dentes
621 5048 795 5104 talem
816 5051 1182 5121 peccatricem
1197 5069 1299 5125 pro
1321 5053 1558 5110 Deitatis
1577 5056 1856 5111 desiderio
1876 5054 2015 5111 talia

412 5138 758 5211 loquentem,
788 5139 1131 5196 admirantes
1158 5142 1417 5199 dicebant
1434 5160 1727 5217 nunquam
1755 5162 1814 5201 se
1837 5145 2014 5201 talem

409 5226 613 5284 vidisse
638 5228 807 5284 ﬁdem
826 5235 883 5285 et
893 5229 1235 5287 desiderium
1254 5233 1623 5302 salutis,sicut
1635 5234 1803 5303 hujus
1835 5250 2014 5288 mere-

410 5317 585 5373 tricis.
609 5319 679 5373 Et
688 5319 880 5374 statim
909 5336 1000 5376 me
1009 5322 1445 5379 transmiserunt
1459 5327 1808 5395 peccatorem
1820 5323 2011 5378 diaco-

408 5421 549 5463 num
571 5407 643 5475 ad
663 5408 987 5482 episcopum
1033 5410 1295 5479 civitatis,
1323 5418 1390 5467 ut
1415 5413 1533 5468 haec
1562 5412 1750 5468 omnia
1787 5412 1840 5467 ei
1870 5412 2009 5469 insi-

408 5510 666 5565 nuarem,
705 5503 763 5554 et
811 5516 985 5556 unam
1029 5500 1100 5556 de
1129 5500 1458 5558 diaconissis
1487 5500 1598 5572 (11)
1627 5500 1862 5573 ljuberet
1887 5504 2011 5575 ejus

410 5581 699 5641 beatitudo
718 5589 1107 5646 transmittere
1126 5606 1366 5648 mecum.
1380 5591 1489 5656 Qui
1511 5591 1764 5660 audiens,
1788 5592 2007 5649 laetatus

412 5677 501 5732 est
524 5674 732 5751 gaudio
768 5694 995 5753 magno,
1017 5679 1424 5753 dicenszBene,
1454 5686 1617 5760 pater
1642 5683 2003 5754 honorabilis,

2096 4606 2454 4663 mentabatur
2472 4612 2603 4663 ante
2611 4608 2836 4678 januas,
2860 4603 3260 4662 etaudiebatur
3280 4603 3399 4676 ipse
3425 4599 3497 4656 ab
3517 4593 3679 4654 omni-

2096 4696 2199 4752 bus
2227 4697 2568 4751 hominibus.
2602 4698 2672 4752 Et
2697 4697 2904 4752 iterum
2931 4700 3210 4768 repetens,
3248 4692 3320 4747 ad
3348 4690 3675 4763 neophytam

2095 4787 2342 4859 puellam
2363 4786 2528 4841 dixit:
2567 4786 2692 4841 Haec
2714 4786 2853 4841 mihi
2879 4785 3035 4851 facis,
3058 4783 3424 4839 dominamea
3440 4775 3672 4849 Pelagia.

2097 4881 2156 4931 et
2180 4881 2244 4931 tu
2273 4891 2463 4930 meum
2491 4876 2519 4931 J
2525 4875 2694 4931 udam
2723 4873 2995 4930 imitaris?
3016 4873 3115 4930 Ille
3135 4871 3286 4927 enim
3312 4868 3494 4942 gloria
3516 4873 3573 4923 et
3591 4866 3674 4919 ho-

2095 4981 2232 5020 nore
2252 4969 2635 5033 coronatus,et
2652 4964 2937 5037 apostolus
2955 4963 3313 5029 constitutus,
3331 4959 3567 5016 tradidit
3583 4956 3676 5012 Do-

2095 5054 2313 5111 minum
2342 5072 2529 5121 suum,
2563 5054 2645 5109 ita
2673 5060 2731 5110 et
2758 5060 2821 5111 tu
2850 5053 2988 5109 mihi
3029 5052 3230 5127 fecisti.
3274 5052 3431 5107 Tunc
3461 5048 3593 5105 dicit
3612 5041 3673 5099 ad

2094 5160 2220 5200 eam
2240 5150 2467 5200 sanctus
2487 5145 2724 5200 Nonnus
2745 5143 3043 5216 episcopus
3063 5160 3073 5196 :
3104 5142 3344 5214 Signate
3360 5156 3523 5196 cruce
3535 5133 3672 5195 Chri-

2092 5234 2185 5301 sti,
2229 5240 2287 5290 et
2339 5234 2680 5289 abrenuntia
2708 5234 2779 5288 ei.
2814 5234 2949 5299 Quae
2986 5231 3228 5305 signavit
3255 5247 3315 5286 se
3368 5230 3428 5285 in
3466 5226 3670 5285 nomine

2093 5324 2319 5393 Christi,
2335 5329 2392 5379 et
2403 5323 2709 5381 insufflavit
2718 5323 2778 5378 in
2790 5323 3122 5390 daemonem,
3140 5325 3198 5377 et
3212 5318 3402 5376 statim
3412 5327 3670 5391 nusquam

2090 5415 2424 5487 comparuit.

2163 5505 2301 5561 CAP.
2332 5504 2400 5559 X.
2434 5504 2646 5560 -Post
2671 5502 2905 5560 biduum
2936 5518 3091 5576 ergo,
3131 5500 3443 5557 dormiente
3464 5516 3534 5556 ea
3558 5509 3667 5555 cum

2089 5598 2284 5650 sancta
2313 5594 2569 5649 Romana
2594 5599 2900 5650 commatre
2932 5608 3038 5648 sua
3061 5588 3404 5648 in'cubiculo
3432 5606 3552 5655 suo,
3582 5601 3666 5657 ap-

2088 5683 2279 5759 paruit
2292 5681 2553 5742 diabolus
2577 5690 2761 5757 nocte,
2795 5688 2853 5742 et
2867 5681 3155 5742 suscitavit
3176 5680 3437 5741 ancillam
3454 5679 3556 5738 Dei
3581 5677 3665 5734 Pe-
