3868 6440
214 381 324 440 673
972 377 1144 433 VITA
1182 375 1483 433 SANCTIE
1521 371 1772 432 ΜΑΒΙΛΕ
1808 369 1849 425 Α

1936 363 2281 432 verme/3,
2322 363 2774 422 MERETRICIS.
3300 337 3308 350 ’
3417 364 3520 426 674

207 507 512 581 judicium,
564 506 659 579 qui
717 521 752 560 a
786 503 1014 560 domino
1063 503 1339 558 talentum
1384 501 1682 574 accipiens,
1715 496 1931 553 fodiens
1977 493 2038 548 in
2085 496 2298 548 terram
2337 491 2644 560 abscondit,
2695 495 2754 546 et
2783 490 2979 548 datum
3024 490 3096 546 ad
3132 491 3517 564 operationem

211 598 419 654 celavit
452 602 610 652 extra
635 594 1078 667 negotiationem
1115 593 1336 662 (Matth.
1372 594 1518 662 xxv),
1552 605 1769 645 sacram
1810 586 1879 641 ad
1910 600 2000 639 me
2031 582 2308 655 prolatam
2344 581 2730 638 narrationem
2774 597 3132 654 nequaquam
3165 581 3360 638 silebo.
3407 583 3517 640 Sed

210 688 410 742 nullus
447 686 586 741 mihi
607 686 681 740 sit
708 684 1030 739 incredulus
1061 681 1328 736 scribenti
1357 681 1426 736 de
1455 680 1534 734 eis
1565 697 1687 751 qua}
1717 675 1922 741 audivi,
1953 691 2056 728 nec
2097 674 2396 745 quisquam
2425 690 2515 727 me
2545 671 2773 727 mentiri
2797 672 3054 739 aestimet,
3087 672 3157 726 de
3187 673 3268 727 rei
3295 674 3518 745 magni-

210 777 417 832 tudine
444 775 727 831 dubitans.
757 773 893 829 Mihi
935 772 1087 826 enim
1123 770 1272 826 absit
1299 770 1471 825 sacris
1505 767 1729 824 mentiri
1759 763 1945 831 rebus,
1971 768 2029 818 ct
2057 763 2366 818 adulterari
2391 762 2643 828 verbum,
2676 760 2771 817 ubi
2801 763 2950 818 Deus
2978 767 3349 818 memoratur.
3381 764 3517 834 Ejus

212 871 432 932 autem,
456 865 552 938 qui
586 864 822 920 minima
857 861 1140 933 intelligit,
1172 866 1229 916 et
1265 860 1550 931 indignius
1581 859 1653 912 de
1679 856 1780 912 Dei
1812 852 2219 924 magnitudine,
2253 853 2348 923 qui
2379 869 2603 907 carnem
2636 852 2963 923 assumpsit,
2995 856 3052 907 et
3081 851 3404 908 incredulus
3433 858 3517 908 est

212 955 332 1011 ista
358 956 584 1022 dicenti,
617 971 731 1010 non
762 953 900 1008 mihi
936 950 1238 1024 pertinebit
1263 950 1592 1022 periculum.
1628 947 1686 1003 Si
1720 946 1815 1017 qui
1845 948 2034 997 autem
2074 941 2154 996 illi
2198 947 2331 997 sunt
2357 941 2452 1012 qui
2487 941 2655 1012 hujus
2693 941 2985 1013 scripturae
3012 941 3253 1012 legerint
3278 947 3514 1010 textum,

214 1046 637 1116 gloriosamque
669 1044 752 1098 rei
782 1041 1214 1098 admirationem
1244 1056 1378 1095 sane
1408 1039 1635 1093 credere
1662 1036 1972 1101 renuerint,
2021 1041 2078 1089 et
2111 1034 2221 1088 illis
2258 1034 2531 1089 Dominus
2579 1033 2933 1102 misereatur,
2975 1032 3254 1106 faciatque
3284 1051 3517 1106 capaces

212 1135 400 1189 sancti
426 1134 597 1201 verbi,
627 1149 695 1187 ne
727 1133 809 1186 rei
852 1131 1096 1186 existant
1123 1130 1224 1184 Dei
1255 1128 1680 1192 miraculorum,
1717 1142 1840 1197 qua:
1874 1125 2038 1197 plura
2067 1124 2124 1178 in
2156 1123 2273 1178 suis
2305 1124 2426 1177 ﬁeri
2457 1123 2872 1194 praedestinavit
2901 1123 3092 1178 electis
3120 1145 3130 1180 :
3163 1125 3429 1196 quoniam
3462 1131 3520 1181 et

214 1224 330 1296 ipsi
351 1224 611 1278 humanae
639 1228 858 1276 naturae
886 1219 1114 1274 inﬁrma
1143 1217 1579 1283 considerantes,
1607 1213 1976 1285 impossibilia
2005 1214 2321 1269 decernunt
2347 1230 2415 1268 ea
2448 1229 2572 1284 quae
2603 1213 2672 1267 de
2697 1212 3022 1269 hominibus
3052 1214 3256 1268 sanctis
3274 1214 3521 1285 gloriosa

216 1313 508 1368 dicuntur.
531 1314 831 1366 Assumam
867 1309 937 1363 de
964 1313 1163 1364 caetero
1195 1307 1596 1371 narrationem,
1634 1305 1813 1376 ipsam
1862 1321 1983 1358 rem
2023 1303 2290 1364 referens,
2335 1319 2458 1374 quae
2489 1303 2547 1357 in
2576 1303 2682 1357 hac
2727 1308 2922 1358 nostra
2965 1304 3329 1374 generatione
3375 1305 3524 1361 facta

216 1402 590 1474 dignoscitur,
623 1417 793 1473 quam
820 1416 980 1454 sacer
1026 1398 1128 1464 vir,
1161 1397 1350 1451 divina
1393 1401 1451 1450 et
1483 1413 1650 1465 agere
1693 1400 1750 1448 et
1790 1395 1988 1449 docere
2037 1394 2326 1460 educatus,
2367 1392 2635 1447 narravit.
2680 1392 2790 1448 Sed
2833 1397 2900 1447 ut
2944 1409 3116 1464 supra
3157 1393 3370 1449 dictum
3415 1401 3519 1463 est,

218 1493 413 1547 nullus
444 1491 559 1546 haec
588 1491 658 1545 ad
687 1489 1138 1545 incredulitatem
1159 1487 1366 1554 trahat,
1401 1485 1760 1541 considerans
1789 1482 2134 1556 impossibile
2165 1483 2286 1537 ﬁeri
2317 1483 2375 1537 in
2408 1482 2513 1537 hac
2540 1487 2734 1537 nostra
2763 1482 3128 1553 generatione
3158 1487 3277 1537 tam
3307 1483 3521 1553 grande

218 1583 582 1649 miraculum,
616 1582 749 1653 quia
785 1579 971 1651 gratia
1002 1578 1105 1632 Dei
1135 1594 1236 1649 per
1263 1591 1459 1631 omnes
1489 1574 1885 1645 generationes
1909 1573 1968 1627 in
1998 1579 2222 1627 sanctas
2257 1572 2642 1645 pertransiens
2671 1572 2908 1640 animas,
2943 1572 3151 1628 amicos
3177 1572 3279 1627 Dei
3305 1571 3440 1628 facit
3467 1579 3523 1629 et

217 1675 546 1746 praphetas,
574 1668 1052 1744 quemadmodum
1075 1668 1340 1724 Salomon
1367 1666 1677 1721 secundum
1697 1665 1880 1719 Deum
1899 1663 2120 1718 edocuit
2145 1661 2292 1734 (Sap.
2319 1669 2437 1733 vn).
2462 1663 2706 1734 Tempus
2722 1679 2968 1736 namque
2989 1668 3077 1718 est
3090 1679 3262 1718 sacrae
3283 1662 3520 1735 prodere
3624 1699 3626 1701 ›

220 1762 565 1819 narrationis
602 1761 848 1827 initium,
882 1774 1155 1829 magnum
1183 1756 1452 1828 virileque
1491 1759 1779 1809 certamen
1809 1753 2146 1810 venerabilis
2174 1753 2367 1808 Mariae
2397 1753 2744 1826 Egyptiacae
2774 1752 3035 1810 videlicet
3063 1755 3307 1827 qualiter
3332 1754 3522 1826 exple-

221 1853 372 1909 verit
391 1859 648 1925 tempora
691 1851 817 1906 vitae
845 1865 979 1905 suaa.

1590 2106 2170 2243 VITA.

309 2305 498 2359 CAPUT
507 2316 744 2359 PRIMUM.
761 2334 825 2345 —
838 2302 903 2358 In
917 2302 1257 2358 monasterio
1278 2300 1708 2357 Palaestinorum
1729 2298 1838 2355 fuit
1849 2299 1902 2356 Α
1924 2303 1988 2352 ut
2005 2298 2086 2353 ita
2102 2298 2304 2367 dicam,
2327 2299 2599 2356 maternis
2613 2300 2761 2357 ulnis
2779 2301 2839 2357 in
2857 2301 2963 2358 hoc
2972 2319 3032 2358 se
3043 2319 3164 2359 esse
3180 2303 3524 2362 monasterio

229 2395 321 2448 vir
348 2394 472 2448 vitae
493 2392 742 2448 moribus
763 2398 820 2448 et
848 2391 1014 2448 verbo
1030 2398 1280 2459 ornatus,
1306 2391 1401 2463 qui
1423 2390 1492 2446 ab
1513 2390 1649 2462 ipsis
1673 2407 1841 2445 cuna-

230 2483 404 2551 bulis,
432 2483 774 2538 monachicis
805 2487 890 2538 est
936 2481 1153 2537 actibus
1181 2481 1480 2552 diligenter
1507 2479 1835 2543 instructus,

232 2578 298 2628 et
325 2571 836 2627 conversationibus
860 2571 1134 2627 veraciter
1165 2572 1452 2638 educatus,
1483 2569 1708 2624 nomine
1735 2570 1837 2623 Zo-

233 2661 411 2716 simas
442 2661 535 2731 (6).
571 2661 640 2716 Et
667 2661 855 2717 nullus
898 2678 1000 2716 nos
1045 2661 1288 2716 aestimet
1323 2660 1507 2715 dicere
1562 2660 1839 2715 Zosimam

237 2751 401 2806 illum
421 2751 480 2806 in
509 2750 921 2823 praedicationis
952 2767 1200 2806 erroneaa
1229 2749 1583 2822 dogmatibus
1614 2766 1842 2805 accusa-

235 2846 363 2896 tum
387 2847 551 2895 sectae
581 2840 812 2895 alterius
836 2859 848 2896 :
883 2839 1028 2895 alius
1051 2840 1201 2895 enim
1241 2840 1351 2908 hic,
1385 2846 1441 2895 et
1469 2841 1613 2894 alius
1640 2840 1754 2907 ille,
1788 2845 1845 2894 et

236 2931 421 2985 multa
451 2930 599 2985 inter
625 2935 896 3002 utrosque
921 2929 1206 2996 distantia,
1240 2929 1371 2985 licet
1399 2946 1576 2985 unum
1605 2935 1843 3000 uterque

237 3019 427 3075 sortiti
457 3019 572 3075 sint
595 3019 850 3074 vocabuli
881 3036 1105 3074 nomen.
1142 3019 1245 3074 Hic
1274 3019 1466 3091 itaque
1497 3019 1743 3074 Zosimas
1773 3018 1842 3073 ab

235 3108 404 3164 initio
423 3109 482 3163 in
505 3125 616 3164 uno
636 3109 1065 3164 Palestinorum
1086 3115 1444 3164 conversatus
1465 3115 1551 3164 est
1566 3113 1843 3164 monaste-

237 3199 347 3266 rio,
363 3204 420 3253 et
429 3215 655 3254 omnem
666 3199 1048 3270 pertransicns
1065 3199 1448 3254 monachicam
1468 3198 1839 3271 disciplinam,

237 3289 302 3342 in
329 3288 683 3344 abstinentia
712 3305 878 3360 opere
910 3289 1160 3344 omnium
1184 3288 1367 3343 factus
1389 3293 1475 3343 est
1510 3287 1840 3360 probatissi-

239 3394 390 3432 mus.
425 3377 607 3432 Omne
640 3378 790 3433 enim
820 3382 1158 3450 praeceptum
1189 3377 1294 3432 sibi
1321 3377 1593 3432 traditum
1612 3378 1842 3433 canonis

239 3467 316 3522 ab
344 3467 432 3521 his
461 3467 556 3538 qui
576 3466 646 3521 ab
673 3467 908 3522 infantia
924 3467 1145 3522 educati
1173 3473 1323 3531 sunt,
1345 3467 1554 3521 luctam
1584 3467 1843 3538 perfectae

239 3555 552 3628 disciplinae
583 3557 923 3612 monachicae
953 3556 1519 3629 irreprehensibiliter
1547 3574 1841 3611 conserva-

1923 2390 2214 2458 traditum,
2251 2396 2308 2446 et
2351 2408 2530 2462 usque
2576 2392 2647 2446 ad
2703 2392 3232 2464 quinquagesimum
3288 2393 3523 2450 tertium

1925 2496 2137 2535 annum
2163 2480 2222 2535 in
2250 2497 2316 2536 eo
2349 2497 2574 2536 cursum
2602 2482 2991 2537 monachicum
3036 2483 3340 2554 peregisse.
3391 2483 3529 2540 Post

1923 2570 2044 2626 haec
2071 2576 2262 2626 autem
2290 2571 2546 2643 pulsatus
2568 2577 2652 2626 est
2672 2588 2707 2626 a
2721 2571 3055 2644 quibusdam
3068 2571 3523 2643 cogitationibus,

1927 2660 2084 2731 quasi
2109 2662 2230 2731 jam
2258 2661 2318 2715 in
2345 2660 2603 2716 omnibus
2634 2666 2780 2716 esset
2806 2661 3104 2733 perfectus,
3135 2662 3370 2717 alterius
3411 2679 3526 2719 non

1924 2749 2182 2822 indigens
2211 2750 2271 2804 in
2295 2751 2408 2805 ullo
2435 2751 2709 2806 doctrina.
2733 2751 2866 2806 Haec
2893 2755 3105 2818 autem,
3122 2757 3188 2807 ut
3206 2751 3444 2820 dicebat,
3468 2752 3529 2807 in

1926 2855 1984 2893 se
2016 2839 2333 2910 cogitabat:
2368 2840 2637 2912 Nunquid
2669 2845 2755 2895 est
2782 2841 2841 2895 in
2871 2841 3040 2896 terris
3069 2841 3398 2908 monachus,
3431 2841 3528 2912 qui

1927 2945 2131 2984 novum
2155 2930 2366 3001 aliquid
2386 2930 2565 3001 possit
2584 2930 2809 2985 tradere
2828 2929 2988 2998 mihi,
3008 2931 3208 3001 juvare
3232 2947 3322 2985 me
3339 2930 3530 2985 valens

1925 3017 1982 3072 in
2016 3019 2204 3090 aliquo
2233 3020 2382 3091 quod
2408 3020 2682 3090 ignorem,
2699 3024 2798 3074 aut
2817 3020 2967 3090 quod
2987 3036 3091 3090 ego
3112 3020 3171 3074 in
3201 3019 3527 3075 monachico

1925 3123 2037 3162 non
2067 3108 2402 3180 expleverim
2419 3109 2620 3180 opere?
2639 3109 2908 3180 Nunquid
2929 3108 3214 3165 invenitur
3223 3125 3418 3164 eorum
3433 3109 3530 3180 qui

1926 3197 2290 3252 solitudinem
2311 3198 2598 3253 duxerunt
2620 3198 2708 3251 vir
2733 3199 2829 3269 qui
2859 3198 3184 3270 priormein
3199 3199 3414 3254 actibus
3429 3198 3531 3253 sit?

1924 3288 2056 3342 Haec
2076 3294 2133 3342 et
2159 3288 2245 3342 his
2261 3292 2451 3354 883
2476 3288 2684 3342 similia
2697 3305 2762 3342 eo
2782 3289 3084 3359 cogitante,
3099 3289 3280 3343 astitit
3296 3287 3528 3360 quidam

1925 3384 1981 3432 et
2008 3378 2149 3432 dixit
2178 3377 2228 3432 ei
2263 3397 2275 3432 :
2300 3377 2345 3432 Ο
2373 3378 2611 3446 Zosima,
2644 3376 2785 3432 bene
2817 3377 3064 3449 quidem,
3096 3383 3154 3432 et
3182 3377 3326 3433 sicut
3354 3379 3530 3449 possi-

1923 3467 2034 3522 bile
2064 3466 2170 3522 fuit
2199 3466 2431 3534 homini,
2465 3466 2784 3535 decertasti,
2818 3465 2961 3522 bene
2987 3483 3216 3522 cursum
3246 3467 3530 3522 monachi-

1927 3573 2054 3611 cum
2093 3556 2516 3611 consummasti.
2549 3556 2762 3610 Tamen
2789 3555 2978 3610 nullus
3007 3561 3094 3611 est
3116 3556 3176 3610 in
3204 3555 3528 3610 hominibus

238 3645 360 3701 bat.
394 3645 572 3701 Multa
599 3646 768 3702 etiam
795 3652 852 3702 et
878 3647 999 3718 ipse
1020 3646 1126 3700 sibi
1146 3646 1416 3717 adjiciens
1435 3647 1839 3718 superaddidit,
1857 3659 1908 3723 Β
1931 3647 2025 3718 qui
2056 3665 2115 3701 se
2144 3647 2450 3719 perfectum
2472 3663 2593 3701 esse
2606 3645 2976 3702 demonstret.
2999 3645 3181 3717 Major
3199 3645 3351 3700 enim
3377 3646 3530 3700 lucta

243 3735 477 3808 cupiens
506 3752 735 3790 carnem
760 3735 985 3808 spiritui
1001 3734 1322 3808 subjugare.
1349 3735 1466 3790 Nec
1487 3735 1638 3790 enim
1662 3736 1721 3791 in
1747 3736 1847 3791 ali-

244 3841 359 3898 quo
389 3825 686 3881 offendisse
703 3824 1118 3898 comprobatur.
1153 3827 1241 3881 Ita
1263 3825 1412 3880 enim
1428 3825 1533 3880 fuit
1554 3826 1613 3880 in
1633 3826 1846 3882 cunctis

245 3915 526 3987 perfectus
545 3915 885 3970 monachicis
907 3914 1143 3983 actibus,
1162 3920 1226 3970 ut
1241 3915 1527 3970 multoties
1544 3915 1707 3970 multi
1723 3933 1849 3971 mo—

245 4004 417 4059 nachi
447 4004 516 4060 de
545 4004 795 4077 praedicti
819 4005 927 4059 loci
954 4004 1312 4060 monasteriis
1342 4009 1399 4059 et
1425 4004 1494 4059 de
1525 4005 1847 4078 longinquis

245 4093 503 4167 partibus
526 4094 598 4150 ad
629 4111 760 4150 eum
792 4095 1159 4161 conﬂuentes,
1195 4095 1318 4166 ejus
1365 4095 1633 4168 exemplis
1680 4101 1848 4167 atque

248 4184 521 4239 doctrinis
538 4201 599 4239 se
626 4184 1096 4255 constringerent,
1131 4190 1186 4239 et
1207 4185 1279 4240 ad
1307 4185 1457 4240 illius
1475 4183 1850 4240 imitationem

251 4271 606 4330 abstinentiae
635 4289 695 4328 se
726 4273 904 4328 multo
935 4273 1114 4344 magis
1138 4273 1260 4345 subj
1271 4281 1527 4346 ugarent.

325 4363 456 4417 CAP.
491 4363 563 4418 II.
596 4387 658 4399 -
685 4363 815 4416 Haec
837 4362 1027 4434 itaque
1048 4364 1238 4418 omnia
1265 4364 1325 4418 in
1345 4381 1403 4419 se
1429 4364 1660 4433 habens,
1687 4383 1720 4420 a
1740 4382 1855 4438 _me-

252 4451 528 4507 ditatione
570 4450 714 4506 sacri
762 4451 969 4523 eloquii
1016 4468 1306 4524 nunquam
1345 4453 1616 4522 discessit,
1656 4455 1754 4510 sed
1795 4455 1855 4510 in

253 4545 436 4596 stratu
454 4558 555 4595 suo
570 4540 879 4613 quiescens,
897 4541 1010 4595 sive
1026 4557 1284 4613 surgens,
1304 4549 1404 4598 aut
1413 4560 1642 4615 operam
1656 4550 1856 4600 tenens

257 4630 534 4697 manibus,
565 4630 653 4685 vel
680 4629 884 4698 cibum,
912 4630 959 4685 si
987 4630 1352 4686 conveniebat
1370 4639 1435 4686 ut
1462 4638 1728 4700 sumeret,
1762 4633 1856 4689 bo-

257 4736 412 4788 num,
432 4737 542 4792 quo
563 4719 657 4774 ille
679 4719 761 4774 uti
774 4725 1157 4789 consueverat,
1181 4721 1549 4792 spiritualiter
1569 4723 1852 4792 utebatur,

257 4826 433 4865 unum
456 4826 597 4881 opus
613 4807 856 4864 habebat
875 4809 1173 4866 intacitum
1194 4816 1250 4865 et
1268 4827 1555 4882 nunquam
1569 4811 1852 4881 deﬁciens,

255 4899 496 4972 psallere
515 4899 841 4972 frequenter
860 4905 917 4955 et
936 4900 1361 4955 meditationem
1382 4900 1564 4955 facere
1585 4901 1728 4955 sacri
1749 4903 1858 4957 elo-

1927 3753 2175 3808 praesens
2191 3753 2360 3808 quam
2371 3736 2468 3790 illa
2497 3753 2620 3807 quae
2649 3735 2941 3807 praeteriit,
2964 3735 3096 3790 licet
3118 3740 3181 3790 tu
3201 3735 3432 3790 nescias.
3457 3734 3533 3789 Ut

1929 3832 2118 3882 autem
2146 3843 2449 3898 cognoscas
2479 3830 2704 3897 quantae
2743 3826 2859 3880 sint
2899 3831 2957 3879 et
2997 3825 3121 3880 alia;
3157 3824 3259 3879 viae
3307 3824 3527 3891 salutis,

1931 3917 2196 3989 egredere
2224 3916 2294 3970 de
2313 3921 2468 3971 terra
2495 3920 2552 3971 et
2580 3916 2650 3970 de
2677 3914 3012 3986 cognatione
3039 3921 3157 3980 tua,
3190 3919 3248 3969 et
3265 3914 3334 3968 de
3363 3914 3530 3968 domo

1932 4007 2108 4080 patris
2133 4006 2235 4074 tui,
2267 4011 2332 4061 ut
2359 4005 2644 4061 Abraham
2683 4005 2779 4059 ille
2809 4004 3255 4076 patriarcharum
3295 4002 3532 4058 eximius

1934 4098 2081 4167 (Gen.
2115 4102 2241 4164 xu),
2270 4101 2329 4151 et
2355 4095 2480 4151 veni
2506 4095 2576 4150 ad
2607 4095 3014 4151 monasterium
3043 4095 3192 4166 quod
3214 4095 3376 4165 juxta
3405 4094 3531 4148 Jor-

1933 4187 2138 4242 danem
2167 4186 2386 4258 adjacet
2419 4186 2650 4240 ﬂumen.

2006 4277 2138 4331 CAP.
2162 4276 2262 4331 III.
2287 4303 2344 4313 —
2368 4275 2496 4330 Mox
2519 4275 2694 4346 igitur
2715 4280 2940 4332 secutus
2961 4275 3260 4342 dicentem,
3275 4289 3534 4347 egressus

1936 4365 2005 4420 de
2035 4364 2396 4431 monasterio,
2423 4364 2484 4419 in
2516 4381 2627 4437 quo
2651 4364 2722 4419 ab
2751 4364 2989 4420 infantia
3021 4370 3379 4420 conversatus
3427 4371 3530 4432 est,

1937 4460 1992 4509 et
2021 4455 2353 4527 perveniens
2373 4454 2444 4509 ad
2473 4454 2796 4521 Iordanem,
2827 4454 3058 4510 ﬂuvium
3101 4455 3355 4510 omnium
3402 4470 3537 4510 san-

1937 4545 2189 4611 ctiorem,
2224 4543 2488 4614 dirigitur
2506 4541 2577 4596 ab
2595 4560 2660 4598 eo
2682 4543 2778 4614 qui
2795 4542 3012 4598 vocavit
3025 4559 3155 4597 eum
3171 4543 3230 4598 in
3250 4549 3536 4598 monaste-

1939 4634 2086 4688 rium
2113 4633 2171 4687 in
2200 4633 2349 4703 quod
2378 4632 2536 4686 illum
2576 4632 2726 4686 Deus
2754 4631 2942 4686 venire
2971 4631 3253 4704 praecepit.
3297 4632 3538 4688 Pulsans

1937 4722 2114 4793 igitur
2142 4719 2469 4775 monasterii
2497 4721 2753 4790 januam,
2788 4720 3039 4792 loquitur
3065 4719 3223 4792 prius
3262 4722 3536 4778 monacho

1940 4812 2036 4882 qui
2059 4812 2295 4882 januam
2311 4809 2656 4875 observabat,
2684 4814 2742 4864 et
2759 4809 2854 4864 ille
2880 4809 3161 4864 nuntiavit
3183 4826 3312 4866 eum
3323 4809 3535 4868 abbati.

1940 4901 2047 4965 Qui
2079 4899 2384 4971 suspiciens
2415 4915 2562 4967 eum,
2584 4898 2894 4972 habituque
2913 4905 2970 4955 et
2988 4899 3174 4973 specie
3210 4901 3538 4973 religiosum

255 4989 393 5062 quii.
421 4989 699 5044 Multoties
717 4989 867 5044 enim
892 4996 1153 5046 asserunt
1173 4990 1306 5062 quia
1321 4996 1377 5044 et
1395 4990 1592 5045 divinae
1614 4991 1858 5046 illustra-
1877 4984 1922 5047 C
1939 4990 2303 5062 conspiciens,
2327 4995 2630 5062 postquam
2653 4989 2807 5046 ﬂexit
2821 5007 2991 5062 genu,
3015 4996 3081 5046 ut
3099 5007 3223 5046 mos
3242 4997 3328 5046 est
3346 5007 3539 5047 mona-

256 5079 430 5134 tionis
459 5079 661 5150 dignus
692 5079 938 5148 effectus,
975 5098 1008 5135 a
1051 5081 1168 5136 Deo
1198 5081 1304 5136 sibi
1344 5081 1582 5137 visiones
1621 5087 1857 5139 ostensa;

259 5172 412 5235 sunt,
438 5172 496 5223 et
523 5168 730 5223 mirum
760 5185 874 5223 non
904 5173 990 5224 est
1008 5187 1111 5224 nec
1131 5169 1475 5226 incredibile.
1508 5171 1566 5226 Si
1596 5170 1766 5238 enim,
1798 5176 1860 5227 ut

253 5256 335 5312 ait
355 5257 514 5311 Domi
527 5274 647 5325 nus,
669 5256 819 5313 beati
841 5258 1052 5314 mundo
1065 5259 1251 5327 corde,
1267 5259 1533 5332 quoniam
1554 5259 1662 5332 ipsi
1680 5261 1858 5316 Deum

252 5344 520 5401 videbunt
551 5347 759 5417 (Matth.
793 5350 845 5418 v)
873 5366 887 5415 ;
929 5353 1140 5420 quanto
1162 5349 1342 5420 magis
1365 5349 1461 5421 qui
1481 5366 1639 5405 suam
1671 5352 1860 5422 purifi-

251 5435 504 5492 caverint
531 5452 780 5505 carnem,
815 5437 986 5492 sobrii
1016 5455 1256 5510 semper,
1275 5439 1708 5512 animorumque
1735 5459 1859 5512 per-

251 5527 471 5598 vigiles,
535 5527 725 5583 oculos
780 5527 980 5584 divinae
1047 5529 1396 5600 prospiciunt
1444 5529 1851 5597 illustrationis,

250 5615 487 5671 visionis
517 5615 784 5671 indicium
813 5616 945 5672 hinc
984 5623 1313 5689 praeparata:
1350 5618 1552 5674 futura;
1591 5619 1860 5676 bonitatis

252 5703 632 5778 accipientes?
661 5706 895 5765 Dicebat
913 5715 1104 5765 autem
1127 5707 1248 5782 ipse
1285 5709 1555 5782 Zosimas,
1599 5711 1668 5767 ab
1701 5712 1857 5786 ipsis,

1940 5080 2077 5148 chis,
2111 5086 2339 5150 accepta
2367 5080 2641 5149 oratione,
2674 5081 2778 5136 hoc
2794 5097 2925 5138 eum
2947 5081 3344 5153 interrogavit:
3378 5080 3542 5137 Unde

1938 5171 2131 5237 frater,
2165 5169 2485 5224 advenisti?
2517 5174 2575 5225 et
2597 5187 2769 5242 quam
2795 5170 2865 5226 ob
2891 5188 3012 5226 rem
3041 5169 3190 5242 apud
3219 5169 3462 5226 humiles
3481 5175 3542 5227 te

1940 5258 2276 5332 conjunxisti
2302 5259 2652 5314 monachos?
2680 5260 2927 5314 Zosimas
2973 5263 3163 5314 autem
3211 5257 3534 5330 respondit:

1941 5351 2100 5407 Unde
2126 5349 2351 5422 quidem
2389 5349 2535 5417 veni,
2570 5365 2682 5403 non
2726 5353 2863 5420 puto
2893 5347 3271 5402 necessarium
3314 5346 3536 5420 dicere;

1940 5439 2324 5497 aadiﬁcationis
2351 5444 2538 5493 autem
2562 5438 2765 5509 gratia,
2786 5438 2971 5505 Pater,
2996 5436 3214 5491 adveni.
3245 5435 3447 5491 Audivi
3469 5435 3542 5493 de

1942 5531 2097 5588 vobis
2136 5529 2418 5602 magnalia
2445 5536 2502 5583 et
2520 5528 2684 5583 laude
2700 5527 2888 5598 digna,
2913 5532 2969 5582 et
2978 5542 3141 5599 posse
3161 5527 3278 5580 Deo
3293 5525 3543 5582 animam

1943 5622 2162 5677 sociari.
2198 5621 2348 5676 Dixit
2375 5625 2568 5675 autem
2598 5619 2648 5673 ei
2667 5616 2837 5672 abbas
2861 5637 2872 5672 :
2904 5617 3073 5683 Deus,
3102 5615 3295 5683 frater,
3325 5616 3420 5689 qui
3448 5633 3542 5670 so-

1943 5712 2031 5768 lus
2058 5717 2222 5768 sanat
2248 5711 2450 5768 animae
2482 5709 2893 5779 inﬁrmitatem,
2914 5708 3036 5781 ipse
3060 5712 3116 5764 te
3142 5712 3200 5764 et
3223 5721 3326 5765 nos
3345 5705 3544 5769 doceat
