3868 6430
399 354 506 415 675
589 309 605 329 ”

1423 351 1515 407 DE
1554 353 1743 409 VITIS
1779 353 2075 409 PATRUM
2113 354 2327 410 LIBER
2365 355 2655 411 PRIMUS.

3565 365 3701 422 676

395 482 588 538 divina
616 480 901 542 mandata,
935 484 992 533 et
1018 478 1226 549 dirigat
1271 493 1466 533 omnes
1515 477 1587 532 ad
1625 493 1691 531 ea
1738 476 1993 531 facienda
2011 474 3030 548 Abant,etpsallentesconsonavoce:
3047 482 3318 540 Dominus
3330 484 3701 545 illuminatio

395 588 521 643 quae
542 575 858 642 opportuna
868 572 1017 623 sunt.
1048 569 1228 622 Homo
1254 568 1403 623 enim
1416 566 1703 622 hominem
1717 566 1992 621 aedificare

394 677 509 715 non
524 660 687 725 valet,
708 658 816 712 nisi
834 657 1220 728 unusquisque
1233 657 1422 711 attend
1430 663 1489 711 at
1504 657 1866 727 semetipsum
1887 656 1993 709 fre-

396 754 650 820 quenter,
686 754 742 802 et
756 747 940 801 sobrio
956 747 1243 801 intellectu
1262 746 1410 817 quod
1431 746 1739 817 expedibile
1759 751 1843 798 est
1864 760 1992 815 ope.

391 843 568 902 retur,
592 837 771 890 Deum
785 835 995 889 habens
1007 841 1447 906 cooperatorem.
1466 835 1678 888 Tamen
1699 832 1985 903 quoniam,

394 931 458 981 ut
485 925 695 992 dixisti,
727 924 973 979 Charitas
992 925 1200 979 Christi
1219 930 1277 979 te
1291 924 1478 977 videre
1496 939 1597 977 nos
1621 921 1861 976 humiles
1874 937 1991 975 mo-

391 1014 601 1070 nachos
628 1013 909 1085 perduxit,
938 1030 1104 1068 mane
1135 1012 1444 1079 nobiscum,
1471 1012 1517 1065 si
1539 1011 1610 1065 ob
1639 1012 1744 1066 hoc
1764 1010 1985 1075 venisti,

391 1108 455 1159 ut
472 1119 670 1158 omnes
689 1119 792 1157 nos
821 1102 1036 1157 nutriet
1061 1106 1254 1174 pastor
1295 1100 1476 1156 bonus
1527 1100 1707 1155 sancti
1747 1098 1990 1170 Spiritus

391 1193 480 1249 sui
506 1193 708 1264 gratia.
734 1192 829 1264 qui
849 1192 1099 1247 animam
1128 1207 1289 1246 suam
1306 1190 1461 1245 dedit
1478 1188 1869 1244 liberationem
1887 1203 1989 1259 pro

390 1282 570 1349 nobis,
605 1287 663 1337 et
680 1281 935 1354 pr0prias
956 1298 1085 1336 oves
1113 1286 1273 1335 vocat
1300 1296 1365 1334 ex
1388 1279 1615 1334 nomine
1646 1280 1862 1343 (Matth.
1883 1295 1986 1345 xx;

386 1375 549 1427 Joan.
581 1374 655 1441 κ).
689 1372 821 1427 Haec
846 1371 1066 1426 dicente
1094 1369 1315 1438 abbate,
1347 1370 1577 1424 ﬂectens
1607 1368 1816 1423 iterum
1835 1367 1989 1422 Zosi-

389 1478 513 1516 mas
540 1477 745 1533 genua,
776 1465 1008 1532 accepta
1042 1460 1313 1527 oratione,
1356 1458 1647 1531 respondit
1683 1458 1884 1523 Amen,
1932 1460 1991 1511 et

388 1551 601 1606 mansit
626 1551 687 1605 in
714 1548 912 1605 eOdem
949 1550 1311 1605 monasterio.

462 1640 596 1696 CAP.
627 1640 722 1695 IV.
752 1666 820 1678 —
848 1639 1003 1694 Vidit
1023 1644 1214 1695 autem
1229 1638 1308 1693 ibi
1338 1638 1585 1692 seniores
1600 1636 1815 1691 actibus
1836 1640 1895 1690 et
1912 1634 1988 1689 vi-

388 1728 546 1784 sione
572 1727 949 1800 splendentes,
981 1728 1183 1799 spiritu
1212 1727 1507 1794 ferventes,
1534 1732 1591 1781 et
1613 1726 1853 1781 Domino
1864 1740 1984 1779 ser-

2073 580 2202 619 mea
2226 572 2283 621 et
2308 567 2459 622 salus
2484 585 2628 632 mea,
2660 585 2828 639 quem
2845 570 3096 626 timebo?
3127 572 3392 629 Dominus
3413 575 3700 631 defensor

2075 654 2198 709 vitae
2221 672 2387 721 meae,
2411 673 2446 710 a
2474 674 2584 728 quo
2607 658 2926 730 trepidabo?
2949 665 3051 716 etc.
3123 662 3284 730 (Psal.
3332 669 3507 736 xxvx),
3556 666 3695 720 exi-

2073 742 2210 798 bant
2237 762 2412 800 unum
2444 748 2730 801 multoties
2758 755 2858 803 aut
2884 749 3025 804 duos
3053 752 3381 807 monasterii
3408 755 3693 810 custodes

2071 833 2472 904 relinquentes,
2504 852 2617 890 non
2646 842 2711 890 ut
2731 838 3077 893 custodirent
3093 855 3161 895 ea
3189 857 3311 911 qua
3330 842 3486 896 intus
3511 848 3696 898 erant

2072 922 2320 992 reposita
2345 923 2484 994 (non
2513 925 2663 979 enim
2692 933 2854 981 erant
2883 928 3033 998 apud
3070 928 3197 983 illos
3224 929 3416 1001 aliqua
3456 930 3693 987 furibus

2070 1010 2361 1082 congrua),
2394 1013 2490 1066 sed
2512 1030 2582 1067 ne
2611 1016 2918 1070 oratorium
2943 1016 3152 1088 absque
3171 1018 3374 1073 divinis
3393 1020 3691 1093 relinque-

2072 1106 2201 1153 rent
2216 1100 2522 1156 solemniis.
2536 1103 2933 1176 Unusquisque
2942 1111 3133 1161 autem
3147 1123 3208 1162 se
3225 1108 3553 1164 annonabat
3572 1108 3680 1180 (9),

2071 1194 2241 1259 prout
2263 1195 2485 1261 poterat
2510 1198 2611 1247 aut
2631 1193 2869 1248 volebat.
2901 1196 3047 1250 Nam
3076 1212 3223 1252 unus
3249 1196 3515 1268 portabat
3544 1215 3687 1254 cor-

2071 1278 2196 1348 pori
2214 1278 2285 1332 ad
2314 1296 2639 1336 mensuram
2654 1282 2939 1338 sufﬁciens
2965 1282 3092 1353 (10),
3108 1285 3252 1341 alius
3264 1302 3512 1358 carycas,
3525 1288 3685 1344 alius

2071 1367 2386 1437 palmarum
2429 1371 2653 1425 fructus
2682 1371 2955 1444 dactylos,
3007 1374 3151 1429 alius
3200 1392 3329 1430 vero
3379 1377 3682 1447 legumina

2071 1460 2257 1522 .84
2270 1458 2433 1529 aquis
2444 1458 2798 1527 infusa,alius
2809 1462 3155 1535 nihilprzeter
3162 1481 3362 1537 corpus
3374 1467 3680 1537 proprium

2070 1550 2128 1599 et
2154 1546 2550 1602 vestimentum
2580 1566 2691 1620 quo
2712 1549 2997 1607 utebatur.
3024 1552 3433 1610 Nutriebantur
3450 1562 3673 1623 autem,

2070 1635 2293 1705 quando
2302 1638 2606 1693 necessitas
2629 1638 2885 1709 exigebat
2900 1647 3114 1720 natura;
3140 1642 3328 1698 herbis
3340 1661 3463 1716 qua;
3477 1661 3680 1702 nasce-

2068 1722 2274 1778 bantur
2294 1743 2394 1796 per
2406 1727 2787 1785 solitudinem.
2813 1730 3006 1784 Canon
3025 1736 3214 1786 autem
3224 1738 3347 1788 erat
3359 1736 3679 1807 unusquis-

389 1818 621 1873 vientes.
647 1818 949 1873 Psallentia
991 1817 1058 1887 (7)
1105 1816 1183 1872 ibi
1227 1823 1368 1883 erat,
1411 1815 1769 1871 incessabiles
1811 1806 2048 1868 totiusB
2075 1829 2182 1883 que
2203 1814 2309 1868 sibi
2338 1815 2443 1886 ipsi
2473 1821 2529 1869 et
2556 1817 2643 1871 lex
2672 1817 2881 1889 absque
2924 1822 3400 1891 praevaricatione,
3448 1806 3677 1881 utinon

389 1907 569 1963 noctis
597 1906 810 1962 habens
847 1906 1205 1973 stabilitates,
1256 1912 1314 1960 et
1357 1905 1414 1960 in
1459 1904 1717 1959 manibus
1766 1920 1988 1973 semper

391 1988 663 2068 Operatio,
695 2002 753 2051 et
769 1995 829 2051 in
849 2013 945 2051 ore
966 1995 1170 2068 psalmi
1180 1993 1353 2049 divini
1367 1992 1578 2065 absque
1590 1991 1982 2047 diminutione.

391 2086 587 2141 Sermo
616 2084 693 2140 ibi
705 2086 916 2141 otiosus
943 2101 1056 2139 non
1085 2083 1444 2156 proﬁciebat:
1477 2082 1739 2152 cogitatio
1756 2081 1880 2135 auri
1900 2097 1988 2135 ar-

386 2175 674 2247 gentique,
708 2180 809 2230 aut
837 2175 919 2229 rei
949 2174 1187 2244 alicujus
1215 2172 1363 2244 apud
1392 2172 1516 2227 illos
1560 2188 1673 2226 non
1698 2176 1821 2225 erat
1844 2190 1856 2238 ;
1889 2187 1985 2225 ex-

354 2288 358 2293 δ
383 2281 559 2337 pensa
586 2264 722 2319 anni
750 2264 945 2329 totius,
977 2269 1078 2318 aut
1101 2278 1387 2328 mensura,
1416 2262 1501 2316 vel
1525 2260 1851 2331 temporalis
1863 2259 1985 2315 vitae

384 2354 800 2419 meditationes,
835 2351 1121 2407 doloribus
1155 2368 1433 2423 congruae,
1466 2368 1568 2405 nec
1598 2367 1803 2405 nomen
1834 2350 1985 2421 apud

382 2443 513 2499 illos
535 2441 975 2515 cognoscebatur
1000 2460 1015 2511 ;
1046 2442 1144 2497 sed
1172 2458 1347 2497 unum
1369 2447 1492 2496 erat
1514 2441 1760 2512 primum
1777 2440 1985 2494 solum-

385 2533 572 2600 modo,
590 2532 740 2604 quod
751 2531 1125 2587 festinabatur
1133 2531 1203 2587 ab
1215 2531 1474 2586 omnibus
1490 2550 1502 2596 ;
1523 2536 1589 2585 ut
1597 2529 1983 2602 unusquisque

383 2627 642 2676 mortuus
674 2626 824 2676 esset
845 2637 1097 2692 corpore,
1136 2621 1281 2676 sicut
1316 2620 1490 2676 semel
1530 2619 1750 2685 saeculo,
1800 2624 1855 2673 et
1902 2618 1981 2672 eis

385 2726 510 2781 quae
534 2709 594 2764 in
619 2710 821 2765 saeculo
849 2715 984 2764 sunt
1010 2709 1400 2776 mortiﬁcatus,
1435 2715 1492 2763 et
1506 2710 1624 2780 jam
1636 2725 1748 2762 non
1768 2708 1977 2762 vivens.

386 2798 589 2855 Cibum
609 2805 799 2854 autem
814 2799 1101 2855 habebant
1121 2800 1549 2865 indeﬁcientem,
1573 2798 1851 2853 divinitati
1872 2798 1983 2852 elo-

387 2889 522 2959 quia
543 2908 556 2956 ;
590 2888 916 2944 nutriebant
940 2906 1069 2945 vero
1086 2906 1286 2961 corpus
1308 2906 1453 2960 pane
1467 2894 1523 2943 et
1542 2904 1708 2959 aqua,
1728 2893 1793 2942 ut
1803 2888 1980 2942 multo

383 2978 563 3049 magis
575 2978 725 3050 apud
737 2978 981 3034 divinam
991 2979 1347 3034 clementiam
1359 2983 1697 3051 apparerent
1707 2977 1957 3032 efﬁcaces
1965 3017 1977 3029 .

453 3067 584 3122 CAP.
616 3068 683 3122 V.
715 3094 778 3104 -
803 3069 935 3123 Haec
962 3068 1228 3136 Zosimas,
1258 3074 1322 3123 ut
1346 3067 1584 3135 dicebat,
1619 3067 1976 3139 perspiciens,

2068 1910 2427 1972 cognosceret
2458 1906 2662 1977 aliquis
2690 1908 3027 1975 consocium,
3062 1911 3304 1981 qualiter
3325 1910 3672 1980 abstinebat,

2069 1998 2170 2044 aut
2197 1994 2478 2063 quomodo
2508 1994 2728 2065 agebat.
2759 1996 3061 2052 Jordanem
3107 1999 3260 2054 enim
3306 2017 3439 2056 mox
3483 2007 3679 2057 trans-

2068 2087 2340 2147 meantes,
2356 2082 2519 2153 longe
2534 2084 2604 2137 ab
2616 2084 2853 2141 invicem
2866 2103 2925 2142 se
2940 2088 3386 2159 sequestrabant,
3404 2096 3463 2146 et
3475 2092 3677 2149 nullus

2066 2185 2127 2224 se
2150 2170 2427 2241 jungebat
2450 2172 2521 2226 ad
2549 2174 2782 2241 socium,
2816 2175 3095 2232 civitatem
3108 2178 3451 2234 aastimantes
3462 2180 3677 2236 solitu-

2067 2258 2278 2314 dinem.
2313 2261 2423 2315 Sed
2451 2267 2508 2316 et
2535 2262 2582 2317 si
2602 2279 2750 2318 unus
2765 2280 2835 2319 ex
2851 2265 2987 2337 ipsis
3003 2283 3038 2320 a
3064 2266 3229 2339 longe
3247 2268 3568 2324 venientem
3587 2270 3672 2326 ad

2068 2364 2127 2402 se
2155 2349 2401 2420 aliquem
2431 2350 2672 2419 videbat,
2705 2370 2832 2408 mox
2872 2354 3188 2410 declinabat
3231 2357 3301 2412 de
3338 2357 3559 2426 itinere,
3604 2364 3674 2413 et

2065 2438 2136 2492 ad
2165 2438 2335 2493 aliam
2363 2445 2581 2511 partem
2614 2442 2903 2513 pergebat.
2948 2443 3181 2499 Vivebat
3220 2451 3412 2501 autem
3451 2446 3559 2502 sibi
3603 2453 3675 2503 et

2064 2525 2199 2594 Deo,
2234 2528 2478 2599 psallens
2496 2529 2823 2601 frequenter
2844 2537 2902 2586 et
2925 2533 3232 2589 constituto
3255 2541 3489 2606 gustans
3517 2541 3672 2590 tem-

2062 2632 2198 2687 pore
2222 2616 2428 2673 cibum.
2457 2618 2543 2673 Ita
2570 2620 2761 2675 omnia
2781 2622 3000 2693 jejunia
3031 2623 3396 2692 celebrantes,
3418 2631 3670 2682 reverte-

2064 2703 2272 2760 bantur
2297 2707 2367 2761 ad
2395 2708 2799 2764 monasterium
2830 2716 2961 2766 ante
2986 2711 3263 2767 viviﬁcum
3291 2712 3440 2767 diem
3468 2730 3665 2769 resur-

2062 2795 2325 2851 rectionis
2353 2797 2579 2852 Domini
2604 2803 2662 2852 et
2690 2799 2993 2855 Salvatoris
3041 2802 3219 2857 nostri
3255 2802 3388 2857 Jesu
3427 2802 3659 2871 Christi,

2064 2901 2235 2955 quam
2263 2886 2466 2941 festam
2488 2888 2836 2943 Dominicam
2853 2906 2981 2944 cum
3002 2891 3176 2945 ramis
3184 2891 3500 2963 palmarum
3519 2893 3665 2947 cele-

2062 2972 2230 3029 brare
2258 2981 2451 3031 sancta
2472 2978 2687 3049 accepit
2702 2978 2962 3033 Ecclesia.
2992 2979 3657 3049 Revertebanturautem,

2063 3064 2448 3137 unusquisque
2476 3066 2687 3121 habens
2706 3068 2918 3139 proprii
2932 3067 3137 3125 laboris
3148 3075 3351 3125 testem
3370 3071 3667 3143 propriam

379 3156 765 3214 aediﬁcabatur
789 3158 969 3225 valde,
997 3128 1352 3230 praetendens
1379 3176 1438 3213 se
1468 3159 1536 3213 ad
1555 3128 1973 3230 perfectionem,
1996 3128 2039 3189 Ο
2060 3128 2480 3223 conscientiam,
2524 3128 2954 3227 cognoscentem
2984 3159 3225 3230 qualiter
3247 3128 3512 3232 cperatus
3546 3167 3661 3230 est,

379 3253 438 3303 et
464 3264 712 3303 crescere
739 3247 950 3303 faciens
984 3249 1275 3321 proprium
1305 3266 1553 3316 cursum,
1586 3251 1976 3319 cooperatores

374 3337 681 3406 inveniens,
722 3338 933 3409 optime
964 3338 1218 3393 divinum
1257 3338 1588 3394 innovantes
1630 3337 1972 3409 paradisum.

374 3428 695 3483 Transactis
739 3433 930 3482 autem
976 3427 1191 3499 aliquot
1236 3427 1454 3495 diebus,
1505 3414 1979 3500 appropinquavit

375 3521 618 3588 tempus,
652 3516 876 3588 quando
900 3532 1061 3572 sacra
1091 3516 1311 3589 jejunis
1339 3516 1673 3572 Christianis
1702 3515 1976 3570 traditum

377 3611 467 3661 est
492 3605 795 3673 celebrare,
816 3610 874 3661 et
892 3605 1190 3679 puriﬁcarc
1209 3606 1422 3677 seipsos
1443 3604 1512 3660 ob
1541 3605 1742 3660 divina:
1767 3604 1977 3675 passio-

372 3694 461 3749 nis
487 3695 639 3750 diem
664 3695 1200 3767 resurrectionisque
1256 3695 1671 3751 salutationem.
1701 3693 1875 3765 Regia
1906 3690 1973 3769 (8)

2058 3246 2113 3297 et
2140 3243 2332 3313 qualia
2359 3243 2617 3299 laborum
2646 3246 2863 3301 semina
2889 3248 3203 3303 seminavit.
3232 3248 3302 3304 Et
3327 3249 3517 3305 nullus
3536 3250 3663 3306 ullo

2057 3332 2225 3387 modo
2254 3333 2640 3405 interrogabat
2668 3335 2861 3403 alium,
2882 3337 3161 3408 quomodo
3187 3343 3289 3394 aut
3315 3338 3557 3410 qualiter
3573 3339 3664 3394 la-

2058 3419 2209 3477 boris
2237 3424 2551 3479 certamina
2582 3432 3048 3482 cousummasset.

2129 3512 2259 3566 CAP.
2275 3512 2397 3568 VII.
2416 3541 2474 3552 —
2494 3514 2598 3568 Hic
2616 3519 2704 3569 est
2721 3515 2912 3587 itaque
2923 3516 3094 3588 hujus
3113 3516 3438 3573 monasterii
3449 3533 3654 3587 canon,

2058 3604 2117 3653 et
2135 3599 2217 3654 ita
2238 3600 2480 3672 perfecte
2501 3608 2559 3657 et
2568 3603 2778 3674 optime
2798 3603 3234 3660 custodiebatur.
3256 3605 3656 3677 Unusquisque

2059 3688 2229 3757 enim,
2260 3695 2325 3746 ut
2349 3691 2558 3747 dictum
2578 3697 2681 3760 est,
2713 3709 2815 3764 per
2842 3693 3200 3749 solitudinem
3234 3694 3350 3750 Deo
3369 3694 3656 3766 jungeba-

375 3789 567 3840 autem
588 3785 917 3840 monasterii
934 3801 1226 3857 nunquam
1245 3784 1623 3857 aperiebatur.
1646 3784 1743 3839 sed
1753 3799 1977 3856 semper
2057 3787 2170 3850 tur,
2201 3789 2259 3837 et
2276 3782 2335 3837 in
2360 3783 2660 3856 semetipso
2680 3783 3020 3853 decertabat,
3044 3801 3115 3841 ne
3135 3785 3455 3841 hominibus
3468 3786 3656 3858 place-

374 3879 499 3929 erat
525 3875 734 3943 clausa,
759 3881 817 3930 et
845 3874 1056 3947 absque
1083 3875 1201 3930 ulla
1248 3874 1666 3947 perturbatione
1713 3872 1974 3929 monachi
2056 3877 2161 3940 ret,
2195 3873 2293 3928 sed
2323 3872 2429 3927 soli
2453 3874 2589 3928 Deo.
2614 3872 2718 3929 Illa
2754 3873 2902 3928 enim
2931 3890 3054 3946 qua
3106 3879 3338 3947 pr0pter
3391 3875 3652 3931 homines

374 3980 602 4019 cursum
630 3981 796 4020 suum
815 3964 1143 4037 explebant;
1161 3981 1264 4019 nec
1287 3965 1435 4020 enim
1455 3970 1579 4020 erat
1604 3964 1821 4019 licitum
1845 3979 1974 4034 ape-
2054 3961 2217 4029 ﬁunt,
2249 3966 2307 4017 et
2335 3978 2458 4033 quae
2482 3968 2547 4017 ut
2571 3961 2893 4018 hominibus
2920 3964 3179 4035 placeant
3228 3969 3493 4036 aguntur,
3532 3980 3650 4019 non

375 4052 489 4108 rire
520 4053 845 4124 aliquando,
878 4054 988 4108 nisi
1016 4053 1271 4109 fortassis
1300 4055 1608 4109 monachus
1637 4051 1973 4125 propterali-
2053 4051 2236 4105 solum
2264 4068 2378 4106 non
2404 4052 2714 4123 proderunt
2742 4052 3091 4121 facientibus,
3123 4053 3222 4108 sed
3252 4059 3310 4108 et
3338 4070 3440 4126 per
3467 4054 3651 4109 multa

375 4139 525 4211 quod
554 4156 694 4211 opus
720 4140 1102 4195 necessarium
1126 4140 1476 4195 adveniebat.
1504 4140 1798 4195 Solitarius
1820 4138 1971 4194 enim
2053 4140 2261 4195 damna
2298 4141 2619 4202 efﬁciuntur
2645 4141 2941 4213 agentibus
2969 4140 3223 4197 obnoxia.
3254 4143 3410 4198 Tunc
3456 4143 3648 4214 itaque

375 4233 499 4283 erat
526 4228 683 4283 locus
701 4228 817 4295 illc,
840 4233 899 4282 et
917 4228 1174 4300 plurimis
1194 4228 1502 4284 vicinorum
1518 4246 1630 4284 non
1647 4229 1829 4283 solum
1850 4228 1974 4283 inu-
2053 4229 2301 4286 Zosimas
2321 4237 2592 4286 consueta
2608 4230 2936 4286 monasterii
2966 4230 3087 4301 lege
3114 4230 3481 4286 transmeavit
3517 4231 3646 4286 Jor-

371 4318 595 4384 sitatus,
617 4318 716 4372 sed
732 4322 789 4372 et
807 4318 1141 4388 incognitus.
1166 4320 1361 4373 Canon
1379 4324 1568 4374 autem
1584 4319 1713 4373 talis
1729 4335 1761 4373 a
1774 4318 1970 4390 priscis
2052 4318 2277 4387 danem,
2308 4320 2589 4376 modicum
2621 4320 2753 4391 quid
2786 4337 2887 4392 pro
2917 4320 3165 4392 corporis
3193 4320 3525 4376 necessitate
3553 4320 3649 4375 de-

371 4406 699 4462 servabatur
715 4406 1092 4479 temporibus:
1118 4412 1351 4479 propter
1378 4408 1545 4479 quod,
1568 4412 1633 4462 ut
1650 4407 1962 4477 considero,

370 4496 521 4552 Deus
548 4497 824 4552 Zosimam
853 4496 1116 4568 perduxit
1138 4496 1197 4551 in
1224 4496 1374 4551 idem
1403 4498 1832 4555 monasterium.

443 4587 573 4642 CAP.
607 4587 702 4642 VI.
729 4614 790 4625 —
818 4586 1033 4644 Dehinc
1059 4603 1194 4659 ergo
1221 4586 1461 4642 referam
1510 4587 1752 4659 qualiter
1792 4588 1968 4661 ipsius

368 4676 697 4732 monasterii
724 4677 1054 4733 servabatur
1073 4677 1321 4733 traditio.
1345 4677 1639 4733 Dominica
1659 4694 1829 4750 quam
1857 4678 1969 4759 pri-

369 4782 521 4822 mam
533 4761 892 4838 'jejuniorum
921 4766 1333 4824 hebdomadam
1376 4767 1657 4823 nominari
1700 4786 1820 4823 mos
1859 4773 1962 4836 est,

368 4854 682 4927 agebantur
709 4855 897 4911 divina
922 4862 1275 4913 sacramenta
1291 4864 1574 4925 consuete,
1595 4864 1653 4914 et
1670 4858 1969 4931 unusquis-

348 4959 479 5019 que
508 4944 787 5017 particeps
815 4945 1163 5001 efﬁciebatur
1191 4948 1393 5002 viviﬁci
1421 4964 1487 5002 ac
1506 4948 1828 5003 intemerati
1849 4964 1967 5003 cor-

348 5082 355 5089 ,
365 5035 521 5107 poris
551 5038 610 5089 et
637 5035 927 5106 sanguinis
958 5036 1180 5091 Domini
1208 5037 1386 5092 nostri
1428 5038 1562 5092 Jesu
1610 5036 1840 5093 Christi.
1898 5038 1968 5091 Et

300 5192 307 5197 _
366 5124 532 5179 solito
563 5123 848 5179 modicum
899 5123 1085 5179 cibum
1123 5131 1427 5191 sumentes,
1477 5124 1966 5198 congregabantur

367 5229 563 5270 omnes
591 5214 651 5269 in
679 5214 1010 5282 oratorium,
1042 5220 1099 5270 et
1125 5216 1367 5271 curvatis
1394 5216 1652 5288 genibus,
1703 5215 1965 5285 factaque

352 5304 696 5376 suppliciter
710 5304 981 5371 oratione,
1007 5305 1330 5361 salutabant
1341 5322 1401 5360 se
1420 5304 1657 5359 invicem
1682 5304 1959 5371 monachi,

369 5397 426 5445 et
451 5393 838 5465 unusquisque
860 5395 1154 5464 genuﬂexo
1184 5393 1403 5465 publice
1414 5392 1857 5463 amplectebatur
1870 5392 1965 5447 ab-

366 5479 571 5549 batem,
610 5483 960 5553 postulantes
990 5483 1321 5551 orationem,
1358 5492 1420 5537 ut
1448 5480 1719 5537 haberent
1770 5483 1839 5537 ad
1867 5483 1959 5537 in-

368 5564 631 5621 choatum
659 5574 944 5623 certamen
972 5585 1101 5623 eum
1129 5573 1550 5640 cooperatorem
1578 5574 1633 5621 et
1662 5568 1957 5624 comitate-

2051 4413 2284 4480 portans
2309 4426 2575 4481 congrua,
2611 4415 2669 4463 et
2695 4415 2905 4464 vestem
2926 4425 3038 4481 qua
3064 4409 3357 4477 utebatur;
3387 4414 3446 4464 et
3470 4425 3645 4464 cano-

2051 4514 2181 4552 nem
2195 4499 2423 4570 quidem
2448 4497 2783 4566 celebrabat,
2798 4498 3157 4554 solitudinem
3170 4498 3570 4570 pertransiens,
3589 4504 3647 4553 et

2048 4590 2302 4659 tempore
2331 4605 2470 4644 escae
2496 4589 2887 4644 necessitatem
2925 4588 3169 4643 faciebat
3189 4594 3430 4646 naturae.
3471 4588 3644 4643 Sede-

2048 4676 2147 4731 bat
2175 4683 2365 4732 autem
2403 4684 2564 4733 nocte
2601 4679 2659 4732 in
2691 4683 2861 4744 terra,
2903 4678 3185 4733 modicum
3233 4678 3543 4749 quiescens,
3588 4681 3646 4733 et

2049 4782 2311 4821 somnum
2339 4767 2410 4821 ad
2434 4767 2716 4823 modicum
2742 4772 2995 4838 gustans,
3031 4783 3362 4840 quocunque
3376 4783 3505 4822 eum
3526 4784 3645 4822 ves-

2048 4856 2333 4928 pertinum
2363 4856 2932 4930 reperiebattempus.
2962 4857 3216 4913 Diluculo
3235 4862 3425 4912 autem
3437 4871 3641 4929 prope-

2048 4961 2176 5000 rare
2216 4945 2533 5018 incipiebat,
2580 4963 2804 5018 semper
2851 4946 3177 5002 incessabile
3220 4946 3370 5001 idem
3428 4945 3641 5001 habens

2047 5035 2482 5108 propositum,in
2495 5035 2834 5091 desiderium
2849 5035 3151 5098 habens.ut
3160 5034 3641 5102 dicebat,introire

2045 5123 2105 5178 in
2142 5125 2527 5191 solitudinem,
2554 5142 2786 5197 sperans
2814 5125 3064 5181 invenire
3084 5124 3640 5203 ahquemjamemm

2046 5229 2112 5268 ea
2140 5213 2506 5277 habitantem,
2541 5215 2638 5287 qui
2676 5231 2804 5270 eum
2847 5220 3037 5287 posset
3084 5214 3295 5286 aliquid
3341 5214 3635 5280 ediﬁcare,

2045 5302 2190 5359 sicut
2212 5303 2584 5371 desiderabat,
2615 5310 2673 5359 et
2695 5304 2819 5360 sine
2847 5304 3155 5360 cessatione
3181 5304 3291 5359 iter
3328 5302 3548 5375 agebat,
3573 5319 3639 5358 ac

2044 5392 2091 5448 si
2104 5393 2252 5464 apud
2264 5394 2510 5465 aliquem
2535 5392 2895 5450 manifestum
2904 5392 3195 5450 festinans.
3220 5392 3432 5464 Viginti
3447 5397 3638 5448 autem

2043 5481 2264 5537 dierum
2294 5482 2518 5554 exigens
2540 5484 2668 5551 iter,
2695 5500 2822 5539 cum
2842 5489 3010 5538 sextae
3039 5484 3190 5538 horae
3216 5488 3440 5554 tempus
3468 5482 3637 5536 adve-

2041 5571 2236 5638 nisset,
2269 5572 2424 5627 stetit
2451 5574 2734 5629 modicum
2761 5573 2832 5628 ab
2861 5573 3063 5629 itinere
3086 5592 3098 5628 :
3134 5579 3192 5628 et
3217 5588 3513 5627 conversus
3565 5571 3635 5627 ad

365 5669 509 5717 rem.
532 5654 633 5710 His
650 5656 730 5711 ita
754 5675 813 5713 se
835 5657 1189 5728 habentibus,
1211 5657 1358 5714 fores
1377 5657 1704 5713 monasterii
1731 5659 1960 5731 pateﬁe-
2041 5660 2350 5730 Orientem,
2386 5662 2591 5735 agebat
2625 5663 2849 5720 solitam
2888 5663 3217 5722 orationem.
3259 5663 3635 5717 Consueverat
