3868 6398
158 329 271 389 677

912 332 1079 390 Vl'l‘A
1120 330 1418 391 SANCT/E
1456 332 1705 391 MARUE
1743 328 2210 401 IEGYP’I‘IACE,
2254 336 2711 395 MERETRICIS.

3346 346 3453 410 678

162 460 320 517 enim
346 460 653 518 constituto
683 460 795 518 diei
814 466 1068 535 tempore
1091 462 1262 534 ﬁgere
1282 461 1500 517 itineris
1520 478 1766 529 cursum,
1789 460 1840 520 Α
1859 459 2011 531 piam
2065 460 2366 517 orationes.
2397 462 2553 517 Tunc
2585 469 2797 521 tremor
2822 465 3145 543 nimiusque
3174 478 3358 529 metus
3397 480 3456 532 et

164 554 229 605 et
254 555 413 607 stans
450 552 708 624 psallere,
741 557 799 607 et
832 553 1131 623 genuﬂexo
1180 569 1361 607 orare.
1395 551 1541 606 Dum
1580 556 1768 607 autem

162 641 456 713 psalleret,
475 646 533 696 et
560 642 617 696 in
644 642 847 697 coelum
875 641 1177 713 inspiceret
1200 641 1433 696 intentis
1461 640 1765 708 obtutibus,

164 729 310 785 vidit
337 748 372 784 a
400 736 560 802 parte
581 731 794 797 dextra,
827 730 923 785 ubi
951 731 1165 797 orabat,
1193 730 1450 786 umbram
1479 730 1638 802 quasi
1670 730 1770 784 hu-

165 821 327 876 mani
354 822 602 893 corporis
622 826 986 893 apparentem
1003 839 1015 888 ;
1040 826 1097 875 et
1112 820 1293 891 primo
1306 820 1532 891 quidem
1549 825 1771 875 contur-

162 908 337 965 batus
351 915 453 977 est,
469 927 533 965 ac
561 910 919 977 contremuit,
953 909 1311 981 phantasium
1342 910 1580 980 alicujus
1609 909 1769 981 spiri-

162 1004 263 1055 tus
284 999 610 1055 existimans
640 1018 699 1054 se
713 1000 934 1066 vidisse,
964 999 1124 1070 signo
1145 1005 1333 1053 autem
1356 998 1539 1054 crucis
1570 1016 1628 1053 se
1644 1016 1770 1054 mu-

161 1089 352 1156 niens,
373 1094 431 1144 et
459 1106 490 1144 a
520 1107 579 1144 se
609 1090 867 1145 timorem
898 1088 1199 1160 projiciens
1216 1089 1358 1160 (jam
1387 1090 1537 1142 enim
1565 1093 1621 1143 et
1650 1105 1772 1143 ora-

160 1178 341 1233 tionis
361 1179 483 1250 ejus
503 1179 632 1234 ﬁnis
652 1178 936 1247 instabat),
956 1183 1287 1233 convertens
1307 1178 1659 1246 oculos,vidit
1673 1178 1772 1232 ali-

162 1284 339 1340 quem
363 1269 421 1323 in
442 1268 676 1323 veritate
694 1274 1088 1340 properantem
1110 1268 1179 1322 ad
1191 1272 1408 1339 partem
1430 1267 1765 1323 Occidentis.

161 1357 374 1413 Mulier
412 1363 602 1413 autem
634 1363 775 1424 erat,
806 1356 956 1429 quod
986 1356 1296 1423 videbatur,
1329 1373 1561 1429 corpore
1589 1358 1771 1427 niger-

161 1446 334 1515 rimo,
367 1464 480 1519 prae
500 1447 635 1502 solis
654 1447 856 1501 ardore
884 1446 1197 1517 denigrata,
1225 1452 1282 1501 et
1312 1446 1541 1518 capillos
1570 1446 1768 1517 capitis

160 1534 383 1592 habens
400 1542 465 1591 ut
492 1538 623 1591 lana
641 1535 816 1604 albos,
838 1535 1086 1590 modicos
1115 1540 1173 1589 et
1199 1534 1369 1607 ipsos,
1394 1552 1506 1590 non
1526 1535 1767 1607 amplius

162 1641 337 1697 quam
369 1643 546 1698 usque
577 1626 648 1681 ad
678 1625 947 1680 cervicem
974 1625 1402 1680 descendentes.

236 1716 376 1771 CAP.
410 1716 561 1771 VIII.
586 1744 640 1755 —
670 1716 786 1770 Hoc
812 1714 1002 1787 itaque
1018 1714 1263 1769 Zosimas
1290 1714 1502 1781 videns,
1536 1720 1594 1770 et
1618 1715 1767 1770 desi-

158 1803 374 1860 deratas
405 1804 714 1860 dulcedinis
743 1805 967 1876 gavisus
987 1804 1418 1876 effectus,c(epit
1438 1803 1770 1860 festinanter

1850 549 2057 604 mentis
2086 567 2342 606 excessus
2388 553 2601 624 accepit
2654 555 2949 612 Zosimam.
2985 558 3260 618 Strenuus
3299 565 3453 621 enim

1853 639 2065 694 eratvir
2078 639 2171 694 ille
2190 641 2367 706 valde,
2390 646 2446 696 et
2474 642 2779 699 divinitatis
2794 646 2939 702 dono
2955 650 3447 723 prudentissimus,

1851 732 1908 783 et
1934 730 2192 799 cognovit
2210 730 2342 800 quia
2360 748 2425 785 ex
2454 732 2682 787 nomine
2712 751 2825 789 non
2848 744 3100 793 vocasset
3128 756 3259 795 eum
3283 758 3451 814 quem

1849 834 2140 889 nunquam
2170 819 2405 887 viderat,
2423 820 2492 876 de
2515 839 2624 893 quo
2647 840 2748 877 nec
2766 841 3014 897 unquam
3033 828 3310 897 audierat,
3342 832 3452 887 nisi

1849 907 2301 963 manifestissime
2333 910 2691 981 providentiae
2710 914 2894 984 gratia
2914 914 3111 971 fuisset
3148 918 3448 976 illustrata.

1852 996 2008 1050 Fecit
2036 1004 2227 1052 autem
2254 1015 2381 1053 cum
2412 999 2769 1057 festinatione
2804 1005 2952 1075 quod
3001 1007 3227 1076 jussum
3256 1015 3360 1079 est,
3394 1017 3452 1067 et

1853 1102 2059 1140 exuens
2089 1104 2147 1141 se
2167 1087 2335 1158 pallio
2365 1106 2474 1160 quo
2498 1096 2620 1145 erat
2642 1090 2890 1161 indutus,
2927 1098 3089 1165 terga
3114 1114 3307 1153 versus
3325 1115 3453 1171 pro-

1847 1174 1989 1245 jecit
2015 1175 2085 1231 ei.
2103 1176 2205 1231 Illa
2222 1178 2520 1249 accipiens,
2538 1179 2597 1233 in
2618 1187 2892 1251 quantum
2921 1184 3309 1257 potuittegens
3325 1205 3451 1261 par-

1851 1269 1969 1319 tem
1992 1266 2258 1337 corporis,
2290 1283 2459 1337 quam
2489 1274 2710 1339 oportet
2738 1271 2862 1341 plus
2888 1273 3004 1343 tegi
3038 1275 3272 1343 caeteris,
3302 1294 3451 1349 prae-

1851 1353 2024 1408 cinxit
2052 1371 2129 1421 se,
2165 1361 2223 1409 et
2250 1372 2519 1411 conversa
2545 1358 2616 1412 ad
2647 1359 3041 1429 Zosimam,ait
3060 1363 3112 1418 ei
3135 1383 3146 1418 :
3170 1365 3317 1430 Quid
3348 1366 3452 1422 tibi

1849 1442 2030 1498 visum
2048 1450 2151 1509 est,
2167 1444 2327 1513 abba,
2361 1447 2727 1518 peccatricem
2737 1449 2926 1506 videre
2938 1453 3234 1509 mulierem
3253 1455 3279 1508 Τ
3306 1455 3454 1521 Quid

1852 1534 2058 1605 quaeris
2089 1551 2123 1589 a
2153 1551 2243 1589 me
2272 1535 2458 1591 videre
2494 1542 2594 1592 aut
2630 1538 2862 1607 discere,
2909 1542 3043 1612 quia
3083 1548 3310 1599 tantum
3338 1561 3453 1601 non

1849 1623 2131 1695 pigritasti
2158 1625 2400 1680 tolerare
2430 1626 2718 1684 laborem?
2738 1629 2838 1684 Ille
2856 1635 3047 1686 autem
3078 1631 3137 1687 in
3157 1639 3313 1689 terra
3325 1651 3453 1708 pro-

1849 1717 2079 1779 stratus,
2112 1714 2375 1786 poscebat
2404 1714 2850 1773 benedictionem
2878 1720 3187 1777 secundum
3231 1740 3451 1781 morem

1850 1802 2116 1874 accipere.
2142 1804 2454 1860 Prostravit
2482 1811 2673 1861 autem
2693 1824 2753 1862 se
2778 1813 2837 1865 et
2860 1808 3002 1880 ipsa,
3037 1816 3094 1866 et
3115 1811 3343 1885 utrique
3366 1815 3454 1886 ja-

156 1911 389 1950 currere
416 1894 475 1949 in
505 1911 629 1950 eam
661 1899 900 1967 partem,
931 1893 1027 1948 ubi
1055 1898 1113 1948 et
1140 1894 1293 1949 aliud
1324 1894 1472 1965 quod
1503 1896 1766 1966 apparuit
1788 1865 2048 1947 Bcebant
2074 1892 2134 1947 in
2162 1900 2498 1961 terra,unus
2518 1912 2584 1950 ex
2599 1896 2710 1952 alio
2730 1896 3177 1971 benedictionem
3190 1865 3447 1974 pdscens.

155 1984 479 2039 festinabat.
505 1984 800 2040 Gaudebat
822 1984 973 2039 enim
989 1983 1196 2055 gaudio
1221 2000 1446 2055 magno.
1465 1985 1589 2038 Non
1611 1984 1761 2039 enim

152 2073 377 2130 viderat
404 2074 463 2129 in
490 2075 672 2147 spatio
714 2073 935 2128 dierum
962 2073 1190 2128 illorum
1219 2073 1461 2144 speciem
1492 2073 1756 2139 hominis,

154 2163 618 2230 autanimalium,
638 2164 726 2218 vel
735 2164 1044 2232 volucrum,
1061 2162 1482 2233 bestiarumque
1494 2163 1753 2218 formam.

154 2253 523 2309 Desiderabat
543 2253 695 2308 enim
733 2269 1067 2324 cognoscere
1097 2269 1219 2324 quae
1250 2252 1330 2306 vel
1365 2254 1545 2323 qualis
1579 2240 1760 2308 bestia

154 2349 309 2399 esset
329 2361 451 2415 quze
464 2342 778 2411 videbatur,
796 2359 1029 2414 sperans
1059 2342 1324 2413 quoniam
1350 2344 1629 2413 majorum
1657 2342 1761 2398 ali-

155 2434 323 2504 cujus
342 2432 658 2488 efficeretur
684 2433 983 2505 protectus.
1010 2433 1111 2487 Illa
1138 2436 1329 2487 autem
1348 2437 1412 2486 ut
1426 2431 1559 2486 vidit
1568 2438 1765 2487 contra

155 2522 440 2577 Zosimam
470 2523 803 2589 venientem,
819 2522 988 2593 coepit
1012 2521 1233 2592 fugiens
1259 2538 1483 2576 currere
1504 2522 1653 2593 apud
1673 2522 1762 2577 in-

156 2612 425 2667 feriorem
450 2612 830 2667 solitudinem.
864 2612 1109 2666 Zosimas
1152 2618 1343 2665 autem
1388 2611 1568 2666 aetatis
1598 2628 1761 2666 sene-

157 2707 312 2756 ctam
342 2701 686 2768 obliviscens,
715 2707 772 2756 et
800 2700 1052 2755 laborem
1082 2717 1194 2756 non
1223 2705 1489 2772 reputans
1518 2701 1756 2767 itineris,

157 2790 407 2845 tetendit
442 2791 797 2862 rapidissimo
840 2807 1027 2857 cursu,
1065 2790 1390 2845 desiderans
1437 2790 1760 2862 conspicere

156 2879 495 2951 fugientem.
519 2880 622 2934 Hic
636 2880 787 2934 enim
809 2879 1279 2952 persequebatur;
1312 2880 1408 2934 illa
1423 2884 1613 2934 autem
1636 2896 1762 2951 pro-

156 2967 541 3040 grediebatur.
564 2969 701 3024 Erat
718 2974 909 3024 autem
937 2985 1135 3023 cursus
1168 2968 1398 3025 Zosimas
1426 2969 1686 3037 velocior,
1706 2974 1761 3024 et

157 3058 1179 3131 pauloeﬁiciebaturpmpinquior.Ubi
1192 3058 1756 3131 autemappropiavit,

159 3153 224 3207 ut
240 3150 366 3220 jam
386 3147 554 3204 etiam
576 3152 768 3221 posset
778 3164 876 3203 vox
887 3147 1089 3216 audiri,
1110 3148 1295 3219 ccepit,
1310 3148 1413 3203 has
1423 3148 1755 3204 vocesemit-

156 3243 308 3304 tens,
334 3238 578 3293 clamare
590 3237 837 3293 Zosimas
864 3253 992 3292 cum
1019 3237 1282 3308 lacrymis
1308 3256 1318 3290 :
1344 3236 1459 3291 Cur
1486 3254 1578 3292 me
1604 3237 1753 3309 fugis

156 3326 509 3399 decrepitum
533 3343 598 3382 ac
624 3332 992 3399 peccatorem,
1027 3343 1183 3382 serve
1211 3326 1351 3382 Dei?
1370 3327 1515 3382 Vere
1544 3328 1760 3382 sustine

158 3432 249 3471 me
279 3433 383 3488 per
395 3416 929 3489 Deum,quicunque
960 3433 1038 3483 es,
1061 3433 1163 3488 pro
1189 3416 1350 3487 cujus
1378 3416 1604 3471 nomine
1615 3417 1760 3471 hanc

159 3504 446 3561 inhabitas
477 3506 858 3561 solitudinem.
895 3505 1122 3561 Sustine
1151 3522 1240 3559 me
1264 3505 1554 3561 infirmum
1584 3511 1641 3560 et
1670 3506 1759 3560 in-

160 3593 417 3668 dignum.
452 3595 679 3652 Sustine
703 3612 794 3650 me
824 3612 926 3667 pro
949 3611 1066 3667 spe,
1092 3611 1262 3667 quam
1290 3594 1463 3649 habes
1493 3612 1595 3667 pro
1615 3595 1760 3650 tanti

160 3683 375 3741 laboris
405 3685 877 3741 remuneratione.
910 3685 1027 3752 Sta,
1065 3688 1123 3739 et
1150 3684 1333 3740 tribue
1362 3685 1676 3740 orationem
1705 3690 1763 3740 et

159 3773 607 3830 benedictionem
618 3775 740 3831 seni
752 3774 1155 3847 perDeum,qui
1166 3775 1449 3829 neminem
1460 3774 1764 3846 aliquando

162 3864 422 3937 projecit.
451 3864 583 3921 Haec
605 3881 733 3920 cum
759 3863 1024 3936 lacrymis
1051 3864 1270 3919 Zosima
1298 3864 1637 3936 postulante,
1667 3880 1762 3920 ve-

162 3960 373 4011 nerunt
398 3960 689 4010 currentes
712 3954 772 4010 in
801 3953 1101 4026 quemdam
1130 3954 1336 4018 locum,
1368 3954 1427 4008 in
1460 3970 1568 4025 quo
1599 3953 1760 4025 quasi

163 4044 357 4101 aridus
373 4050 595 4101 torrens
613 4043 1031 4115 designabatur,
1050 4043 1109 4099 in
1130 4060 1241 4115 quo
1261 4043 1431 4099 fuisse
1452 4049 1761 4099 torrentem

1917 1981 2128 2036 CAP.X.
2155 2013 2218 2023 —
2243 1982 2376 2037 Post
2405 1984 2713 2040 multarum
2742 1991 2933 2042 autem
2963 1987 3233 2045 horarum
3264 1992 3450 2063 spatia

1841 2068 1981 2123 dixit
2000 2070 2203 2125 mulier
2228 2072 2299 2126 ad
2327 2073 2636 2129 Zosimam:
2668 2074 2828 2131 Abba
2843 2076 3199 2147 Zosima,tibi
3219 2097 3448 2154 compe-

1840 2158 1911 2212 tit
1938 2158 2268 2215 benedicere
2298 2168 2355 2217 et
2379 2179 2541 2219 orare
2565 2183 2577 2232 ;
2600 2170 2663 2219 tu
2694 2166 2845 2220 enim
2867 2167 3203 2240 presbyterii
3232 2170 3447 2226 honore

1842 2248 2015 2303 fultus
2045 2266 2123 2317 es,
2156 2257 2212 2305 et
2239 2251 2497 2322 plurimis
2526 2254 2646 2324 jam
2687 2255 2850 2310 annis
2894 2263 3087 2313 sancto
3115 2258 3332 2315 assistis
3362 2261 3449 2315 al-

1842 2338 1972 2405 tari,
1998 2344 2055 2393 et
2081 2339 2242 2394 donis
2268 2340 2575 2397 divinitatis
2587 2343 2795 2399 Christi
2817 2351 3034 2401 secreta
3054 2347 3298 2403 rimaris.
3314 2350 3448 2406 Haec

1843 2426 2013 2482 verba
2039 2429 2317 2484 Zosimam
2357 2431 2415 2486 in
2449 2448 2718 2503 magnum
2758 2433 3024 2491 timorem
3072 2442 3129 2492 et
3157 2444 3447 2495 certamen

1845 2517 2027 2588 magis
2050 2518 2410 2587 inducebant,
2444 2528 2501 2576 et
2526 2527 2777 2579 tremens
2806 2542 2976 2580 senex
3017 2528 3238 2582 sudoris
3265 2529 3445 2599 guttis

1845 2606 2266 2663 infundebatur.
2301 2610 2447 2665 Dicit
2503 2617 2695 2667 autem
2743 2613 2795 2668 ei
2848 2614 3099 2671 defessus
3149 2617 3360 2672 viribus
3386 2623 3445 2674 et

1844 2697 2003 2768 quasi
2030 2697 2208 2752 halitu
2250 2700 2371 2769 jam
2419 2702 2746 2757 conclusus:
2772 2703 3070 2759 Manifesta
3082 2707 3202 2777 jam
3219 2707 3446 2778 quidem

1844 2802 1903 2841 es
1932 2803 1995 2840 ex
2019 2786 2143 2858 ipsa
2171 2788 2399 2855 visione,
2423 2806 2455 2844 ο
2502 2790 2812 2862 spiritualis
2857 2800 3061 2860 mater,
3084 2797 3352 2867 quoniam
3380 2803 3446 2853 tu

1843 2875 1914 2930 ad
1936 2876 2239 2932 Dominum
2268 2877 2513 2949 profecta
2543 2897 2621 2948 es,
2672 2887 2731 2937 et
2783 2881 2999 2939 fortiori
3030 2892 3191 2957 parte
3219 2891 3446 2943 mortua

1843 2980 1921 3019 es.
1954 2966 2253 3022 Manifesta
2294 2973 2484 3023 autem
2529 2970 2655 3041 plus
2692 2972 2945 3028 omnium
2976 2973 3191 3030 tributa
3218 2981 3304 3031 est
3340 2976 3446 3033 tibi

1840 3056 2043 3126 gratia.
2061 3061 2126 3111 ut
2144 3073 2234 3111 me
2256 3074 2483 3113 vocares
2504 3076 2570 3114 ex
2598 3061 2846 3125 nomine,
2871 3079 3039 3134 quem
3060 3080 3349 3137 nunquam
3368 3066 3448 3122 vi-

1846 3144 1998 3199 disti.
2033 3145 2141 3201 Sed
2172 3146 2305 3217 quia
2325 3148 2511 3217 gratia
2538 3164 2651 3204 non
2672 3166 2737 3205 ex
2765 3150 3040 3222 dignitate
3067 3155 3442 3226 cognoscitur,

1845 3233 1943 3288 sed
1974 3251 2039 3288 ex
2084 3235 2403 3291 animarum
2440 3237 2656 3294 actibus
2683 3239 2987 3311 significari
3042 3249 3312 3299 consueta
3338 3250 3444 3315 est,

1842 3322 2076 3378 benedic
2100 3329 2331 3397 propter
2357 3326 2558 3395 Deum,
2589 3333 2647 3383 et
2684 3328 2997 3385 orationem
3044 3331 3232 3388 tribue
3257 3333 3441 3390 indul-

1838 3413 2043 3484 gentiae
2072 3420 2182 3469 tua;
2201 3413 2576 3486 perfectionis.
2600 3416 2907 3474 Stabilitati
2936 3425 3127 3476 autem
3146 3422 3297 3479 senis
3318 3439 3445 3481 san-

1841 3502 1914 3556 cti
1945 3520 2253 3575 compassa,
2289 3504 2436 3560 dixit
2465 3523 2477 3558 :
2513 3505 2848 3563 Benedictus
2888 3508 3180 3580 Dominus,
3216 3513 3312 3584 qui
3348 3531 3442 3569 sa-

1841 3591 2018 3647 lutem
2049 3600 2313 3665 procurat
2335 3594 2655 3651 animarum
2675 3638 2688 3665 ,
2727 3603 2785 3653 et
2824 3598 3043 3654 Zosima
3071 3603 3445 3675 respondente

1844 3682 2043 3749 Amen,
2076 3689 2440 3739 surrexerunt
2467 3685 2692 3758 utrique
2718 3687 2788 3741 de
2836 3692 3010 3743 terra.
3035 3690 3105 3745 Et
3131 3692 3213 3747 ait
3241 3693 3446 3749 mulier

1845 3771 1966 3825 seni
1991 3791 2002 3826 :
2032 3772 2232 3840 Homo,
2268 3789 2438 3845 quam
2477 3774 2547 3829 ob
2578 3792 2697 3830 rem
2727 3775 2798 3831 ad
2824 3793 2915 3831 me
2958 3780 3327 3849 peccatricem
3353 3798 3444 3838 ve.

1845 3860 1977 3915 nisti
1995 3861 2020 3914 ?
2040 3861 2251 3916 Tamen
2263 3862 2530 3934 quoniam
2545 3864 2775 3936 quidem
2790 3871 2847 3920 te
2855 3868 3044 3938 gratia
3060 3869 3305 3940 Spiritus
3316 3887 3445 3927 san-

1843 3950 1918 4005 cti
1938 3950 2159 4018 direxit,
2193 3957 2257 4006 ut
2301 3952 2529 4025 aliquod
2575 3954 2952 4011 ministerium
3009 3958 3271 4015 exhibeas
3300 3975 3443 4017 meae

1843 4040 2165 4111 exiguitatis
2211 4042 2431 4114 corpori
2476 4060 2808 4115 congruum,
2842 4046 2934 4100 dic
2970 4046 3129 4114 mihi,
3162 4049 3441 4120 quomodo

162 4133 555 4201 consideravit;
587 4133 686 4189 sed
712 4134 865 4188 locus
892 4133 985 4187 ille
1014 4133 1184 4187 talem
1206 4134 1481 4200 convenit,
1503 4138 1569 4187 ut
1596 4133 1763 4189 habe—
1843 4129 2011 4185 hodie
2040 4130 2521 4187 Christianissima
2555 4134 2771 4205 regitur
2796 4134 2996 4205 tribus,
3032 4139 3311 4209 quomodo
3341 4140 3445 4195 im-

164 4222 711 4290 retsimilitudinem,
740 4222 1018 4295 quomodo
1048 4222 1106 4277 in
1128 4227 1281 4277 terra
1300 4223 1399 4277 illa
1429 4223 1756 4296 apparebat.
1844 4225 2151 4292 peratores,
2184 4222 2463 4294 quomodo
2481 4228 2685 4279 sanctae
2706 4224 2961 4282 Ecclesiae
2992 4229 3242 4299 pascitur
3263 4229 3445 4301 grex?

164 4312 238 4369 Ut
255 4318 534 4369 venerunt
557 4312 750 4385 itaque
772 4312 832 4367 in
861 4312 1190 4384 praedictum
1219 4312 1426 4380 locum,
1448 4313 1588 4368 illud
1614 4313 1764 4385 quod
1844 4309 2090 4366 Zosimas
2118 4317 2309 4367 autem
2345 4313 2635 4385 respondit
2657 4314 2763 4370 hoc
2792 4315 3021 4372 verbum
3046 4336 3057 4371 :
3096 4319 3296 4387 Mater,
3328 4320 3443 4375 tuis

161 4399 1252 4474 fugiebatdescendit,etiterumasceudit
1264 4400 1323 4456 in
1334 4406 1554 4473 partem
1569 4402 1759 4457 aliam.
1781 4400 2193 4498 Dorationibus
2219 4403 2429 4457 sanctis
2473 4419 2669 4475 pacem
2720 4404 2981 4460 stabilem
3007 4407 3157 4464 Deus
3206 4409 3445 4480 largitus

163 4489 410 4546 Zosimas
431 4495 620 4547 autem
635 4490 884 4545 clamans
906 4495 964 4545 et
984 4506 1262 4563 nusquam
1275 4490 1536 4563 progredi
1547 4492 1756 4559 valens,
1781 4489 1824 4498 "
1844 4497 1957 4555 est;
1974 4491 2073 4546 sed
2106 4491 2326 4563 suscipe
2368 4492 2585 4563 indigni
2610 4493 2870 4549 monachi
2897 4496 3357 4567 consolationem,
3385 4502 3444 4554 et

165 4580 323 4635 stetit
350 4580 409 4635 in
440 4580 610 4636 aliam
641 4586 859 4652 partem
887 4578 1174 4647 torrentis,
1209 4580 1304 4652 qui
1335 4580 1575 4651 speciem
1605 4582 1759 4636 vide-

164 4668 334 4726 batur
355 4668 565 4726 habere
590 4670 883 4737 torrentis,
917 4674 975 4725 et
1020 4669 1237 4725 addidit
1258 4674 1449 4737 385
1484 4671 1761 4742 lacrymas

165 4757 447 4832 lacrymis,
492 4765 549 4815 et
577 4759 821 4832 suspiria
846 4759 1103 4832 suspiriis
1144 4758 1453 4831 ampliavit,
1489 4764 1553 4814 ut
1581 4760 1760 4815 multo

166 4848 345 4921 magis
373 4865 441 4905 ex
464 4849 780 4923 propinquo
807 4848 1048 4905 stridore
1078 4849 1260 4904 luctus
1289 4848 1527 4904 audiret.

234 4939 370 4994 CAP.
403 4939 499 4995 XI.
524 4969 589 4980 -
616 4937 775 4995 Tunc
800 4938 940 4994 illud
968 4955 1168 5011 corpus
1202 4938 1349 5011 quod
1370 4937 1636 5009 fugiebat,
1661 4955 1756 4993 vo-

165 5040 284 5083 cem
339 5029 511 5084 talem
567 5027 791 5084 emisit:
847 5028 1007 5084 Abba
1055 5029 1293 5095 Zosima,
1342 5028 1567 5099 ignosce
1616 5027 1758 5083 mihi

164 5125 393 5191 propter
414 5119 615 5187 Deum,
663 5119 931 5191 quoniam
968 5119 1329 5174 manifestare
1372 5135 1463 5173 me
1491 5117 1594 5173 tibi
1623 5134 1757 5173 con-

163 5222 322 5264 versa
347 5224 461 5263 non
490 5224 740 5281 possum.
771 5209 975 5263 Mulier
1000 5209 1150 5264 enim
1180 5225 1324 5275 sum,
1358 5214 1413 5263 et
1442 5208 1595 5263 omni
1633 5225 1756 5263 cor-

162 5310 327 5367 poreo
340 5297 592 5369 tegmine
616 5298 789 5366 nuda,
802 5298 995 5370 utipse
1018 5298 1190 5365 vides,
1218 5305 1276 5354 et
1301 5298 1550 5370 corporis
1574 5298 1756 5370 turpi-

163 5386 414 5443 tudinem
440 5386 652 5443 habens
670 5387 956 5444 intectam.
991 5388 1099 5444 Sed
1127 5388 1174 5443 si
1206 5389 1287 5444 vis
1319 5388 1612 5460 peccatrici
1639 5404 1760 5444 mu-

166 5475 287 5532 lieri
305 5477 618 5533 orationem
633 5495 762 5534 vere
788 5478 1055 5547 tribuere,
1075 5479 1284 5550 projice
1307 5479 1446 5533 mihi
1469 5479 1763 5534 indumen-

170 5570 287 5622 tum
315 5584 425 5640 quo
450 5568 830 5625 circumdatus
859 5586 938 5637 es,
971 5575 1037 5625 ut
1064 5568 1271 5641 possim
1304 5568 1634 5624 muliebrem
1673 5569 1762 5624 in-

174 5654 495 5715 firmitatem
538 5657 757 5733 operire
786 5658 858 5714 ad
899 5662 956 5715 te
987 5662 1334 5727 convertens,
1367 5662 1424 5713 et
1451 5663 1580 5714 tuas
1617 5659 1763 5716 acci-

1842 4596 1944 4651 per
1962 4580 2266 4635 Dominum
2297 4597 2397 4635 ora
2416 4597 2517 4651 pro
2534 4582 2688 4637 omni
2708 4583 2939 4651 mundo,
2955 4589 3011 4638 et
3028 4601 3130 4655 pro
3145 4602 3234 4641 me
3248 4601 3442 4657 pecca-

1842 4673 1982 4734 tore,
2018 4675 2076 4723 et
2102 4685 2214 4724 non
2242 4669 2414 4740 hujus
2435 4685 2633 4725 cursus
2661 4675 2718 4725 et
2744 4671 2963 4727 itineris
2986 4672 3147 4729 labor
3169 4674 3290 4731 sine
3317 4676 3439 4733 fru-

1842 4764 1936 4813 ctu
1956 4758 2095 4812 mihi
2125 4758 2404 4813 efﬁciatur
2430 4763 2603 4814 tanta:
2627 4759 2946 4817 solitudinis
2966 4762 3074 4817 via.
3109 4764 3178 4819 Et
3206 4765 3308 4821 illa
3343 4782 3437 4824 re-

1842 4848 2069 4920 spondit
2095 4848 2165 4901 ad
2187 4864 2319 4903 eum
2351 4867 2363 4902 :
2396 4848 2474 4903 Te
2502 4847 2729 4919 quidem
2754 4855 2992 4922 oportet,
3027 4851 3173 4910 abba
3196 4855 3435 4927 Zosima,

1841 4937 2227 5004 sacerdotii,ut
2239 4936 2680 5003 dixi,habentem
2693 4939 2983 5010 honorem,
2989 4959 3092 5015 pro
3106 4945 3366 5002 omnibus
3380 4952 3440 5004 et

1839 5042 1941 5100 pro
1961 5042 2051 5081 me
2072 5042 2251 5093 orare,
2286 5027 2345 5081 in
2373 5027 2477 5083 hoc
2509 5028 2660 5083 enim
2696 5034 2753 5084 et
2790 5037 3015 5089 vocatus
3044 5049 3142 5102 es;
3167 5036 3266 5091 sed
3304 5035 3439 5107 quia

1838 5116 2166 5171 obedientiae
2188 5121 2528 5187 praeceptum
2557 5117 2848 5187 habemus,
2867 5122 3015 5192 quod
3039 5122 3175 5177 mihi
3195 5139 3231 5177 a
3247 5128 3304 5177 te
3316 5125 3437 5194 jus-

1839 5223 1963 5261 sum
1987 5213 2089 5272 est,
2122 5206 2269 5261 bona
2306 5205 2507 5261 faciam
2537 5208 2843 5264 voluntate.
2887 5210 2958 5265 Et
2979 5211 3095 5266 haec
3121 5212 3331 5279 dicens,
3363 5212 3436 5269 ad

1842 5296 2130 5353 Orientem
2155 5312 2438 5359 conversa,
2472 5301 2530 5350 et
2558 5297 2787 5352 elevatis
2815 5298 2874 5353 in
2904 5301 3186 5355 excelsum
3237 5301 3434 5371 oculis,

1841 5386 2213 5458 manibusque
2242 5385 2503 5452 extensis,
2531 5387 2700 5458 cmpit
2725 5403 2888 5443 orare
2918 5394 3074 5444 motu
3103 5394 3326 5444 tantum
3349 5390 3434 5446 1a-

1840 5476 2063 5533 biorum
2084 5478 2141 5531 in
2163 5476 2409 5542 silentio,
2426 5491 2643 5547 voxque
2656 5476 2880 5547 penitus
2900 5494 3012 5533 non
3024 5478 3360 5535 audiebatur
3371 5485 3439 5537 ut

1843 5573 2032 5639 posset
2058 5566 2315 5637 intelligi.
2349 5564 2507 5622 Unde
2529 5572 2588 5620 et
2613 5565 2859 5621 Zosimas
2880 5567 3036 5622 nulla
3059 5569 3243 5640 potuit
3268 5569 3440 5627 verba

1844 5673 1911 5713 ex
1939 5658 2064 5730 ipsa
2083 5658 2337 5717 oratione
2366 5671 2689 5729 agnoscere.
2714 5656 2912 5715 Stabat
2930 5659 3444 5733 autem,utdicebat
