3868 6378
429 286 537 346 679

1453 281 1549 339 DE
1584 281 1775 341 VITIS
1814 278 2112 339 PA’I‘RUM
2148 279 2364 338 LIBER
2399 280 2690 340 PRIMUS.

3602 282 3707 342 680

429 421 701 481 tremens,
730 418 941 468 terram
972 408 1339 481 conspiciens,
1366 413 1425 464 et
1449 409 1590 465 nihil
1617 409 1734 466 ullo
1761 409 1929 466 modo
1948 408 2092 469 lo-A
2111 424 2237 465 sum
2259 413 2509 481 operata.
2541 408 2735 465 Dicam
2753 408 3112 477 autem,nihil
3130 425 3362 482 negans,
3394 409 3494 467 sed
3522 411 3706 469 verius

432 522 629 579 quens.
640 505 669 559 J
677 501 876 559 urabat
889 500 1287 567 autem,Deum
1300 503 1507 554 testem
1522 499 1671 555 verbi
1690 515 2026 572 proponens,

431 595 700 667 quoniam
725 598 788 647 ut
817 590 955 645 vidit
1004 606 1130 645 eam
1181 594 1633 661 perseverantem
1678 589 1735 643 in
1762 586 2031 643 orationis

428 681 760 747 constantia,
788 679 1082 751 paululum
1118 678 1346 734 elevatis
1374 678 1445 732 ab
1473 682 1702 750 aspectu
1725 684 1889 732 terrae
1906 693 2033 731 ocu-

428 772 516 839 lis,
545 770 684 825 vidit
710 786 837 824 eam
866 770 1139 824 elevatam
1170 768 1331 839 quasi
1368 767 1621 822 cubitum
1648 783 1825 823 unum
1852 783 1888 820 a
1914 771 2032 820 ter-

384 876 391 883 ·
428 878 510 928 ra,
542 867 601 916 et
625 859 685 914 in
713 875 843 913 aere
873 858 1211 930 pendentem
1232 872 1413 911 orare.
1435 856 1535 910 Hic
1556 861 1747 911 autem
1777 860 1843 909 ut
1870 855 2027 921 vidit,

430 950 607 1006 nimio
636 965 840 1022 pavore
864 958 1172 1019 correptus,
1194 945 1498 1019 prostravit
1521 963 1580 1000 se
1608 946 1666 1000 in
1696 952 2034 1011 terram,su-

428 1040 564 1095 dore
587 1039 851 1104 suffusus,
887 1043 944 1092 et
989 1036 1228 1092 nimium
1276 1035 1630 1108 perterritus,
1664 1034 1804 1088 nihil
1842 1033 2026 1088 dicere

428 1127 825 1202 praesumebat,
858 1127 917 1182 in
940 1126 1125 1198 seipso
1154 1130 1343 1180 autem
1369 1123 1591 1179 dicebat
1620 1143 1631 1178 :
1666 1121 2029 1191 Domine,mi-

427 1235 617 1276 serere
645 1218 777 1273 mei.

504 1310 636 1365 CAP.
654 1307 825 1363 XL—
846 1305 914 1362 In
934 1310 1087 1360 terra
1104 1308 1294 1360 autem
1312 1307 1627 1375 prostratus
1634 1303 1847 1373 jacens.
1867 1316 2029 1357 scan-

2113 498 2700 572 referam,supplicans
2715 505 2771 555 te
2791 500 2947 572 prius
2963 505 3029 555 ut
3046 517 3158 556 non
3169 500 3398 557 deﬁcias
3415 518 3583 557 orare
3605 520 3705 575 pro

2112 605 2222 655 me,
2246 593 2311 644 ut
2337 589 2779 644 misericordiam
2807 606 3025 645 merear
3038 596 3097 645 et
3121 590 3402 646 inveniam
3426 592 3487 646 in
3506 593 3598 647 die
3612 594 3706 664 ju-

2113 678 2260 733 dicii.
2289 678 2358 733 Et
2377 695 2546 733 senex
2566 679 2810 734 suffusus
2852 680 3135 751 lacrymis,
3154 680 3342 735 ﬂebat.
3364 681 3524 736 Tunc
3543 682 3709 754 cepit

2112 767 2317 823 mulier
2343 785 2575 823 narrare
2606 785 2673 823 ea
2697 786 2820 840 quae
2849 769 2918 823 de
2946 786 3005 824 se
3034 776 3214 838 erant,
3246 770 3328 825 ita
3348 770 3542 827 dicens
3565 790 3578 824 :

2185 857 2315 912 CAP.
2337 858 2489 913 XIII.
2500 887 2553 898 -
2564 858 2892 929 Ego,Pater,
2906 850 3151 931 patriam
3164 859 3391 931 quidem
3403 860 3707 932 Egyptum

2112 944 2283 1001 habui
2310 966 2321 1001 :
2355 947 2683 1019 parentibus
2713 954 2903 1002 autem
2926 949 3067 1003 meis
3096 948 3427 1017 viventibus,
3450 949 3709 1005 duodeci-

2112 1049 2267 1090 mum
2296 1053 2471 1109 agens
2498 1038 2679 1093 astatis
2706 1054 2939 1108 annum,
2968 1038 3229 1093 affectum
3278 1038 3503 1093 illorum
3549 1055 3708 1111 sper-

2110 1141 2269 1191 nens,
2297 1127 2694 1182 Alexandriam
2714 1127 2860 1194 veni,
2885 1133 2943 1181 et
2965 1127 3244 1199 quomodo
3279 1116 3508 1199 quidam
3537 1127 3708 1200 virgi-

2110 1215 2350 1270 nitatem
2374 1232 2560 1272 meam
2590 1217 2649 1272 in
2678 1217 2875 1288 primis
2896 1217 3237 1285 violaverim,
3272 1222 3331 1272 et
3356 1216 3602 1289 qualiter
3629 1218 3710 1273 in-

2112 1304 2435 1360 desinenter
2453 1311 2512 1361 et
2535 1305 2930 1362 insatiabiliter
2971 1307 3106 1362 vitio
3134 1306 3382 1362 libidinis
3407 1306 3711 1379 subjugata

431 1396 783 1454 dalizabatur
808 1396 871 1451 in
889 1400 1097 1460 mente,
1114 1398 1320 1466 putans
1339 1408 1411 1448 ne
1428 1392 1661 1463 spiritus
1683 1397 1830 1446 esset
1858 1391 1956 1464 qui
1973 1407 2033 1445 se
2107 1394 2406 1466 jacuerim,
2424 1394 2691 1451 erubesco
2710 1397 3084 1452 considerare.
3108 1397 3224 1451 Hoc
3235 1397 3385 1452 enim
3402 1413 3515 1452 non
3542 1396 3710 1453 breve

434 1488 677 1559 ﬁngeret
696 1485 1167 1541 orare.Conversa
1182 1487 1375 1537 autem
1388 1480 1612 1547 mulier,
1636 1481 1813 1536 erexit
1837 1496 2032 1536 mona-
2114 1487 2202 1539 est
2228 1483 2444 1539 dicere:
2479 1484 2620 1540 illud
2647 1491 2837 1541 autem
2865 1485 3031 1542 citius
3069 1484 3274 1551 dicam,
3301 1491 3366 1541 ut
3405 1486 3585 1559 possis
3613 1502 3710 1541 co-

433 1577 604 1634 chum
632 1576 821 1632 dicens
849 1593 861 1630 :
896 1572 1043 1639 Quid
1068 1577 1144 1639 te,
1177 1571 1340 1639 abba,
1368 1570 1736 1641 cogitationes
1763 1575 1875 1626 tuae
1911 1586 2035 1643 per—
2114 1590 2381 1644 gnoscere
2400 1573 2775 1631 insatiabilem
2794 1575 2914 1630 vitii
2939 1574 3049 1631 mei
3065 1575 3518 1648 ardorem,quem
3537 1575 3709 1632 habui

433 1665 672 1724 turbant
716 1662 1079 1720 scandalizari
1105 1662 1169 1718 in
1197 1678 1307 1725 me,
1361 1661 1496 1733 quia
1538 1660 1771 1732 spiritus
1812 1676 1957 1728 sum,
1980 1665 2053 1715 et-
2118 1662 2436 1718 inamorem
2449 1665 2650 1736 stupri.
2679 1665 2882 1721 Decem
2898 1670 3180 1738 etseptem
3196 1671 3326 1720 eteo
3338 1666 3580 1737 amplius
3606 1682 3711 1721 an-

434 1757 627 1814 ﬁctam
648 1755 960 1811 orationem
973 1751 1115 1807 facio
1133 1752 1158 1805 7
1178 1750 1513 1807 Satisfactus
1541 1756 1680 1818 esto,
1704 1750 2030 1822 homo,pec-
2051 1766 2100 1828 ῃ
2120 1769 2221 1807 nos
2240 1754 2489 1824 transegi
2509 1754 2730 1826 publice
2747 1754 2802 1810 in
2823 1755 3078 1810 incendio
3090 1756 3283 1826 jacens
3299 1755 3553 1811 luxuriae.
3584 1756 3711 1811 Non

434 1846 701 1903 catricem
727 1860 820 1900 me
864 1858 988 1900 esse
1033 1839 1441 1908 mulierculam,
1475 1844 1669 1895 tamen
1705 1856 1866 1895 sacro
1904 1856 2031 1894 sum
2119 1849 2349 1915 propter
2374 1843 2611 1915 alicujus
2639 1844 2849 1899 donum
2871 1844 3250 1916 virginitatem
3268 1861 3452 1900 meam
3470 1844 3710 1916 perdidi;

433 1933 779 1993 circumdata
791 1932 1169 2007 baptismate;
1204 1935 1263 1986 et
1286 1946 1401 1986 non
1427 1946 1554 1985 sum
1582 1928 1938 2002 spiritus,scd
1948 1928 2033 1983 fa-
2118 1948 2300 2004 neque
2329 1932 2477 1988 enim
2494 1933 2565 1988 ab
2581 1933 2863 2005 aliquibus
2894 1935 3028 1989 dare
3052 1934 3366 1990 volentibus
3394 1934 3605 2007 aliquid
3626 1950 3716 1990 ac-

432 2026 565 2082 villa
584 2029 641 2080 et
661 2022 802 2080 cinis
822 2028 881 2079 et
896 2028 1081 2079 totum
1099 2037 1249 2088 caro,
1270 2026 1327 2077 et
1346 2019 1489 2076 nihil
1508 2018 1817 2092 spiritualis
1850 2019 2034 2091 phan-
2118 2021 2393 2093 cipiebam
2417 2042 2431 2091 ;
2467 2023 2573 2081 hoc
2601 2023 2754 2078 enim
2782 2023 3029 2080 libidinis
3055 2024 3245 2080 furore
3284 2041 3554 2080 succensa
3578 2041 3716 2081 con-

432 2116 590 2172 tasiaa
600 2113 904 2188 aliquando
916 2113 1002 2168 vel
1015 2112 1082 2167 ad
1100 2115 1352 2168 mentem
1362 2110 1654 2165 reducens.
1673 2108 1802 2164 Haec
1820 2108 2032 2177 dicens,
2121 2111 2456 2174 siderabam,
2472 2118 2537 2168 ut
2563 2113 2887 2185 ampliusad
2918 2130 3008 2169 me
3026 2114 3264 2171 facerem
3287 2115 3717 2187 currere,gratis

435 2206 597 2279 signo
611 2204 792 2261 crucis
803 2202 1241 2276 signatfrontem
1252 2216 1434 2268 suam,
1460 2199 1760 2270 oculosque
1783 2203 1840 2253 et
1851 2197 2033 2268 labia;
2119 2202 2358 2274 implens
2386 2202 2568 2275 stupri
2597 2202 2709 2258 mei
2752 2208 2810 2259 et
2854 2203 3079 2259 sceleris
3127 2204 3490 2260 desiderium.
3520 2205 3718 2277 Neque

431 2296 713 2367 simulque
743 2301 801 2350 et
826 2292 1040 2366 pectori
1069 2290 1332 2346 vexillum
1359 2290 1541 2345 crucis
1568 2288 1827 2360 infigens,
1848 2288 1930 2342 ita
1959 2287 2039 2343 di—
2119 2307 2248 2346 vero
2279 2291 2597 2348 consideres
2623 2293 2755 2365 quia
2783 2310 2885 2365 pro
2915 2293 3125 2349 divitiis
3153 2293 3294 2349 nihil
3332 2292 3676 2366 accipiebam
3701 2313 3715 2361 ;

432 2385 550 2442 xit:
578 2385 748 2452 Deus,
772 2382 916 2439 abba
943 2381 1182 2449 Zosima,
1210 2380 1280 2435 de
1301 2379 1622 2434 adversario
1648 2385 1706 2433 et
1735 2378 2037 2433 immissio-
2118 2381 2447 2437 mendicans
2474 2383 2626 2437 enim
2677 2382 2944 2449 vivebam,
2972 2390 3071 2439 aut
3116 2383 3402 2439 multoties
3454 2388 3720 2456 stuppam

436 2475 602 2532 nibus
633 2476 757 2546 ejus
808 2472 1010 2528 liberet
1059 2488 1183 2536 nos,
1221 2469 1489 2541 quoniam
1517 2469 1700 2524 multa
1740 2484 1911 2539 super
1938 2484 2040 2523 nos
2122 2470 2350 2526 ﬁlando.
2371 2472 2727 2527 Desiderium
2755 2473 3009 2540 enim,ut
3030 2472 3165 2541 dixi,
3186 2471 3460 2528 habebam
3489 2473 3724 2528 insatia-

434 2570 523 2621 est
550 2562 763 2619 invidia
786 2563 926 2633 ejus.
960 2562 1091 2615 Haec
1118 2559 1355 2615 audiens
1402 2575 1593 2627 senex,
1624 2556 1929 2629 prosternit
1956 2574 2036 2623 se,
2122 2558 2251 2626 bile,
2285 2560 2366 2615 ita
2400 2565 2465 2617 ut
2482 2561 2869 2616 indesinenter
2896 2578 2988 2617 me
3018 2562 3077 2617 in
3104 2561 3456 2633 sterquilinio
3483 2562 3721 2617 luxuriae

443 2659 503 2709 et
524 2652 897 2725 apprehendit
944 2650 1114 2722 pedes
1144 2650 1287 2720 ejus,
1321 2648 1514 2702 dicens
1561 2663 1687 2702 cum
1736 2646 2034 2718 lacrymis:
2122 2650 2454 2705 volutarem.
2479 2650 2548 2706 Et
2585 2651 2691 2706 hoc
2718 2651 2858 2706 mihi
2893 2660 3020 2707 erat.
3035 2651 3326 2724 placabile,
3351 2656 3408 2705 et
3420 2651 3526 2706 hoc
3547 2651 3722 2707 vitam

438 2742 688 2800 Obsecro
716 2747 775 2795 te
804 2756 904 2812 per
954 2737 1257 2794 Dominum
1285 2738 1478 2793 Jesum
1512 2736 1821 2802 Christum,
1848 2751 2039 2790 verum
2122 2738 2530 2808 existimabam,
2564 2741 2611 2794 si
2640 2740 3023 2796 indesinenter
3048 2746 3264 2797 natum
3291 2741 3562 2813 injuriam
3599 2755 3723 2813 per-

439 2836 633 2900 asﬁ
646 2830 947 2886 Dominum
968 2825 1349 2898 nostrum,qui
1361 2825 1430 2880 de
1451 2824 1667 2896 virgine
1686 2824 1840 2880 nasci
1851 2825 2043 2896 digna-
2124 2829 2383 2899 egissem.
2410 2830 2528 2884 Hoc
2542 2830 2708 2885 modo
2722 2847 2814 2885 me
2827 2831 2999 2885 vitam
3010 2830 3384 2898 ducente,vidi
3402 2830 3461 2886 in
3475 2830 3723 2902 quodam

392 2978 395 2981 λ
438 2926 531 2976 tus
559 2924 663 2987 est,
693 2934 794 2990 pro
819 2934 930 2989 quo
964 2917 1108 2972 hanc
1135 2914 1336 2970 induta
1356 2930 1414 2967 es
1446 2912 1781 2979 nuditatem,
1805 2929 1907 2985 pro
1928 2929 2041 2983 quo
2122 2926 2291 2974 aestus
2318 2925 2572 2991 tempore
2595 2919 3015 2975 multitudinem
3035 2919 3338 2993 Libyorum
3356 2925 3415 2974 et
3430 2920 3724 2992 Egyptia-

439 3010 543 3065 has
561 3025 759 3064 carnes
776 3006 1109 3079 expendisti,
1124 3010 1189 3060 ut
1207 3002 1348 3059 nihil
1359 3002 1667 3058 abscondas
1688 3019 1722 3057 a
1742 3019 1899 3057 servo
1918 3007 2037 3071 tuo,
2061 3070 2099 3082 Π
2124 3024 2250 3063 rum
2279 3009 2440 3080 quasi
2469 3008 2537 3063 ad
2571 3025 2727 3065 mare
2741 3014 3185 3066 concurrentem.
3199 3009 3401 3082 Reperi
3419 3010 3613 3082 itaque
3625 3009 3727 3065 ali-

440 3116 563 3172 quae
592 3115 671 3164 es,
701 3103 759 3152 et
783 3070 951 3164 unde,
986 3101 1041 3150 et
1060 3070 1285 3168 quando
1308 3094 1395 3147 vel
1425 3092 1495 3147 ob
1511 3109 1680 3165 quam
1708 3108 1936 3147 causam
1958 3070 2102 3148 8040
2125 3070 2315 3170 quem:
2355 3104 2413 3154 et
2463 3098 2838 3170 interrogavi:
2897 3096 3003 3155 Ubi
3032 3070 3303 3154 festinant
3345 3098 3448 3154 viri
3477 3070 3594 3166 isti,
3627 3098 3725 3170 qui

438 3188 734 3245 litudinem
760 3188 904 3242 hanc
917 3183 1266 3248 inhabitasti,
1287 3183 1384 3238 sed
1404 3188 1462 3237 et
1474 3182 1812 3254 omnia,quse
1827 3182 1976 3237 circa
1986 3187 2043 3237 te

437 3284 590 3346 sunt,
604 3276 809 3332 edicito
838 3274 999 3343 mihi,
1020 3280 1085 3330 ut
1108 3273 1209 3329 Dei
1237 3272 1522 3344 magnalia
1540 3271 1712 3327 facias
1722 3271 2039 3326 manifesta.

439 3367 731 3440 Sapientia
758 3365 907 3420 enim
964 3362 1289 3419 abscondita
1337 3367 1392 3416 et
1441 3361 1743 3417 thesaurus
1794 3361 2045 3417 occultus

438 3473 561 3530 quae
587 3455 805 3511 utilitas
843 3454 902 3510 in
931 3452 1227 3525 utrisque?
1264 3451 1410 3506 sicut
1447 3450 1720 3523 scriptum
1750 3456 1836 3504 est
1856 3451 2039 3520 (Ecch'.

437 3546 565 3615 xx)?
586 3544 687 3599 Dic
710 3543 849 3599 mihi
888 3542 1079 3598 omnia
1110 3545 1341 3614 propter
1371 3540 1587 3608 Deum;
1611 3556 1715 3594 nec
1744 3539 1894 3593 enim
1942 3555 2044 3612 pro

438 3633 774 3707 gloriatione
826 3637 927 3688 aut
979 3630 1354 3687 ostentatione
1395 3628 1610 3701 aliquid
1664 3628 1822 3695 dicis,
1856 3628 1956 3685 sed
1979 3634 2046 3685 ut

438 3723 579 3781 mihi
611 3722 920 3779 satisfacias
946 3720 1225 3794 peccatori
1271 3724 1329 3775 et
1382 3719 1633 3791 indigno.
1671 3718 1852 3774 Credo
1891 3718 2045 3773 enim

438 3815 577 3883 Deo,
609 3813 701 3869 cui
731 3812 887 3878 vivis,
920 3828 1049 3867 cum
1080 3826 1190 3883 quo
1220 3814 1279 3865 et
1304 3808 1960 3881 conversaris,quoniam
1972 3807 2043 3863 ob

433 3901 823 3976 hujuscemodi
852 3917 974 3956 rem
1005 3900 1254 3956 directus
1281 3915 1408 3954 sum
1429 3898 1489 3954 in
1505 3899 1653 3953 hanc
1682 3898 2044 3953 solitudinem

434 3997 501 4049 ut
525 4010 593 4049 ea
618 4008 743 4065 quae
768 3990 921 4049 circa
946 3996 1003 4045 te
1031 3995 1165 4045 sunt
1200 3990 1351 4046 Deus
1372 3987 1544 4044 faciat
1579 3985 1896 4043 manifesta.
1919 3987 2046 4043 Non

436 4083 589 4138 enim
617 4086 825 4136 nostrae
854 4079 1077 4135 virtutis
1106 4086 1193 4134 est
1224 4079 1453 4151 judiciis
1483 4078 1745 4134 resistere
1770 4077 1892 4133 Dei.
1923 4076 2047 4132 Nisi

435 4171 639 4227 fuisset
654 4167 999 4241 acceptabile
1028 4168 1251 4224 Christo
1281 4168 1520 4223 Domino
1536 4166 1898 4223 manifestare
1918 4172 1975 4222 te
1990 4171 2048 4221 et

438 4268 686 4343 qualiter
712 4265 1032 4332 decertasti,
1064 4281 1169 4321 nec
1204 4265 1447 4338 teipsam
1492 4264 1827 4337 permiserat
1869 4263 2046 4319 videri

437 4358 510 4416 ab
538 4358 747 4430 aliquo,
782 4372 885 4413 nec
933 4372 1023 4411 me
1077 4355 1421 4411 confortaret
1465 4360 1684 4410 tantam
1743 4371 2047 4427 properare

2124 3194 2361 3243 currunt
2378 3186 2403 3241 ‘?
2419 3188 2575 3243 Dixit
2594 3194 2784 3244 autem
2800 3188 2940 3243 mihi
2964 3206 2975 3243 :
3011 3189 3075 3243 In
3103 3188 3509 3261 Jerosolymam
3526 3204 3725 3243 omnes

2125 3277 2436 3332 ascendunt
2455 3276 2525 3332 ob
2550 3284 2756 3334 sanctae
2781 3276 2961 3333 amcis
2990 3278 3407 3347 exaltationem,
3438 3294 3563 3350 quae
3592 3284 3725 3349 post

2126 3366 2343 3439 aliquot
2371 3366 2491 3421 dies
2506 3366 2669 3420 solito
2684 3365 3013 3421 celebratur.
3035 3365 3160 3422 Dixi
3189 3371 3380 3421 autem
3400 3366 3452 3420 ei
3480 3371 3542 3421 et
3565 3382 3672 3437 ego
3703 3381 3721 3421 :

2125 3455 2298 3511 Putas
2322 3455 2627 3527 suscipient
2652 3472 2760 3522 me,
2793 3455 2843 3510 si
2872 3454 3098 3510 voluero
3146 3455 3228 3510 ire
3255 3471 3386 3510 cum
3434 3454 3571 3527 ipsis
3591 3454 3618 3507 7
3656 3453 3726 3509 Et

2125 3544 2220 3598 ille
2249 3544 2391 3599 dixit
2418 3562 2429 3598 :
2462 3544 2521 3599 Si
2548 3543 2721 3599 habes
2750 3545 3003 3610 naulum,
3045 3543 3235 3599 nullus
3280 3550 3336 3600 te
3382 3542 3721 3617 prohibebit.

2126 3634 2252 3689 Dixi
2273 3633 2325 3689 ei
2351 3652 2364 3688 :
2399 3634 2562 3702 Vere,
2581 3633 2773 3702 frater,
2795 3633 3030 3689 naulum
3056 3633 3141 3689 vel
3162 3637 3449 3706 sumptum
3478 3649 3591 3688 non
3618 3632 3727 3688 ha-

2127 3722 2250 3779 beo.
2278 3723 2494 3779 Vadam
2520 3729 2710 3779 autem
2754 3728 2812 3778 et
2862 3722 3161 3780 ascendam
3212 3723 3272 3778 in
3311 3738 3485 3778 unam
3511 3722 3724 3791 navim,

2127 3830 2299 3889 quam
2329 3813 2735 3870 conduxerunt.
2769 3813 2835 3868 Et
2868 3812 3002 3869 licet
3044 3818 3306 3879 renuant,
3331 3811 3726 3883 memetipsam

2124 3904 2381 3973 tradam;
2407 3920 2608 3976 corpus
2636 3903 2787 3958 enim
2816 3919 3005 3958 meum
3037 3902 3098 3957 in
3125 3906 3402 3975 potestate
3428 3899 3724 3962 habentes.

2126 4010 2228 4066 pro
2249 3993 2417 4049 naulo
2446 3992 2742 4066 accipient.
2758 3993 3065 4065 Pmpterea
3092 3997 3285 4047 autem
3314 4007 3443 4047 cum
3470 3990 3553 4045 eis
3576 3989 3725 4045 volui

2127 4082 2417 4138 ambulare
2449 4082 2614 4151 (abba
2640 4099 2819 4149 meus,
2848 4082 3090 4154 ignosce)
3121 4087 3187 4137 ut
3227 4080 3434 4137 multos
3454 4077 3725 4137 haberem

2126 4178 2515 4245 cooperatores
2535 4173 2592 4227 in
2615 4189 2753 4228 mea:
2777 4171 3025 4228 libidinis
3050 4171 3329 4243 passione.

2201 4263 2331 4318 Car.
2364 4263 2510 4318 XIV.
2538 4287 2603 4300 —
2630 4261 2755 4317 Dixi
2782 4259 2903 4325 tibi,
2927 4260 3005 4316 mi
3033 4259 3259 4315 domine
3286 4275 3474 4327 senex,
3498 4258 3727 4331 ignosce

2127 4352 2287 4421 mihi,
2312 4370 2384 4408 ne
2414 4352 2716 4425 compellas
2743 4367 2833 4406 me
2878 4365 3064 4405 meam
3105 4349 3290 4404 dicere
3318 4347 3719 4405 confusionem.

438 4450 607 4516 viam,
635 4463 915 4520 nusquam
941 4445 1220 4501 valentem
1251 4445 1531 4518 progredi,
1556 4451 1658 4501 aut
1671 4450 1958 4517 potentem
1974 4445 2044 4500 de
2062 4439 2114 4502 D
2128 4441 2512 4499 Contremisco
2528 4441 2697 4509 enim,
2718 4439 3169 4506 novitDominus,
3191 4438 3475 4494 maculant
3494 4439 3645 4494 enim
3667 4444 3727 4494 et

436 4539 579 4596 cella
603 4554 732 4594 mea
751 4536 1071 4610 procedere.

509 4630 649 4685 CAP.
680 4627 1016 4684 IUL—Haec
1043 4642 1109 4681 eo
1124 4625 1365 4691 dicente,
1398 4624 1495 4681 sed
1522 4630 1580 4682 et
1608 4625 1720 4681 alia
1747 4624 2043 4699 plura,ele-

434 4734 574 4776 vans
593 4735 725 4776 eum
745 4716 1144 4785 mulier,dixit:
1165 4715 1309 4772 Vere
1329 4715 1616 4785 erubesco,
1643 4716 1887 4787 ignosce,
1900 4713 2047 4771 abba

438 4824 618 4875 meus,
641 4807 828 4864 dicere
848 4805 952 4861 tibi
970 4805 1377 4879 turpitudidem
1400 4822 1657 4862 meorum
1678 4811 1940 4873 actuum;
1963 4809 2045 4860 ta-

437 4912 571 4955 men
594 4896 729 4969 quia
744 4895 934 4951 vidisti
955 4894 1170 4950 nudum
1200 4911 1373 4968 crpus
1392 4912 1601 4963 meum,
1624 4894 1920 4952 denudabo
1938 4893 2043 4949 tibi

436 4991 499 5043 et.
511 5000 949 5060 opemmeorum
969 4988 1219 5050 actuum,
1244 4989 1310 5041 ut
1328 5000 1632 5056 cognoscas
1660 4999 1830 5056 quam
1859 4982 2043 5054 turpis

435 5075 672 5133 luxuriae
703 5080 764 5131 et
790 5072 1090 5147 approbrio
1115 5071 1460 5130 confusionis
1488 5073 1707 5145 repleta
1732 5077 1819 5128 est
1854 5071 2046 5127 anima

436 5183 582 5224 mea.
611 5166 738 5222 Non
759 5164 930 5233 enim,
955 5168 1021 5220 ut
1039 5170 1103 5220 tu
1125 5163 1245 5236 ipse
1270 5162 1657 5231 considerasti,
1689 5165 1918 5233 prapter
1945 5160 2044 5216 ali-

439 5272 612 5330 quam
629 5254 891 5328 gloriam,
907 5269 1029 5327 qua:
1046 5254 1296 5310 circame
1315 5257 1469 5319 sunt,
1499 5251 1625 5307 volo
1639 5249 2044 5317 narrare.de

435 5346 589 5403 enim
597 5351 794 5419 potero
803 5343 1056 5417 gloriari,
1064 5360 1189 5416 qua:
1203 5341 1460 5397 diabolus
1473 5358 1570 5397 vas
1579 5340 1659 5396 fui
1671 5340 1959 5396 electionis
1970 5340 2044 5397 ef-

432 5436 607 5493 fecta?
632 5435 761 5490 Scio
774 5440 967 5490 autem
982 5434 1117 5505 quia
1134 5432 1183 5487 si
1200 5448 1422 5502 coepero
1436 5447 1670 5486 narrare
1685 5447 1754 5485 ea
1768 5447 1892 5502 quae
1909 5437 2044 5487 sunt

438 5524 509 5580 de
538 5540 649 5594 me,
666 5524 849 5595 fugies
877 5540 913 5580 a
942 5540 1053 5591 me,
1073 5522 1235 5592 quasi
1256 5521 1383 5593 quis
1401 5520 1584 5592 fugiat
1601 5537 1635 5575 a
1656 5520 1795 5576 facie
1809 5538 2040 5594 serpen-

435 5612 532 5683 tis,
562 5612 794 5670 auribus
812 5629 926 5669 non
941 5612 1133 5669 valens
1152 5611 1366 5680 audire,
1399 5610 1470 5668 ob
1488 5610 1886 5685 inexpedibilia
1914 5628 2038 5684 qua

2125 4533 2308 4606 ipsum
2331 4548 2520 4588 aerem
2541 4531 2635 4587 isti
2656 4545 2947 4585 sermones
2979 4528 3110 4584 mei.
3128 4528 3376 4584 Zosimas
3394 4533 3587 4583 autem
3612 4533 3725 4582 ter-

2127 4639 2250 4678 ram
2287 4621 2548 4694 lacrymis
2596 4619 2918 4688 infundens,
2961 4617 3251 4691 respondit
3294 4617 3365 4672 ad
3421 4633 3548 4672 eam
3579 4637 3593 4671 :
3624 4617 3725 4673 Dic

2127 4717 2357 4786 propter
2375 4713 2578 4777 Deum,
2598 4727 2631 4765 ο
2660 4715 2845 4765 mater
2868 4724 3017 4776 mea,
3039 4707 3148 4774 dic,
3163 4711 3221 4762 et
3233 4723 3303 4763 ne
3329 4705 3725 4779 praetermittas

2127 4801 2479 4875 sequontiam
2490 4806 2607 4856 tam
2625 4798 2928 4855 salutifera:
2947 4795 3288 4854 narrationis
3314 4795 3417 4854 Illa
3426 4800 3621 4852 autem
3631 4796 3725 4852 ad-

2119 4892 2366 4964 jungens
2384 4889 2559 4963 priori
2611 4886 2944 4955 narrationi,
2993 4885 3153 4941 addit
3196 4885 3313 4941 haec
3346 4884 3482 4942 :Ille
3533 4891 3725 4942 autem

2125 4981 2448 5036 adolescens
2473 4978 2708 5035 audiens
2737 4992 3065 5033 sermonum
3107 4989 3364 5030 meorum
3409 4972 3724 5030 obscurita-

2126 5077 2241 5127 tem
2265 5070 2395 5142 (11),
2418 5068 2611 5125 ridens
2638 5065 2911 5124 discessit.
2957 5065 3073 5137 Ego
3102 5069 3294 5120 autem
3320 5063 3528 5132 fusum,
3557 5080 3725 5137 quem

2125 5178 2295 5218 manu
2323 5158 2607 5226 tenebam,
2639 5155 2939 5231 projiciens
2972 5154 3143 5227 (hunc
3167 5153 3318 5210 enim
3348 5158 3476 5227 post
3501 5158 3727 5227 tempus

2125 5249 2494 5308 conveniebat
2519 5264 2612 5304 me
2641 5248 2878 5315 tenere),
2900 5243 3122 5299 cucurri
3150 5242 3223 5298 ad
3254 5258 3429 5311 mare,
3472 5242 3571 5300 ubi
3599 5243 3728 5300 illos

2124 5338 2382 5413 perspexi
2401 5344 2711 5402 currentes,
2736 5339 2794 5391 et
2812 5333 2923 5388 vidi
2936 5334 3172 5405 juvenes
3205 5332 3421 5404 aliquot
3448 5331 3510 5388 in
3538 5332 3728 5389 littore

2124 5436 2358 5497 stantes,
2384 5444 2618 5484 numero
2639 5424 2801 5498 quasi
2824 5423 3038 5491 decem,
3053 5421 3191 5477 satis
3202 5438 3435 5493 corpore
3455 5422 3727 5495 vultuque

2123 5520 2445 5587 acerrimos,
2472 5523 2532 5573 et
2553 5517 2624 5574 ad
2655 5516 2712 5572 id
2744 5515 2893 5588 quod
2915 5512 3055 5568 mihi
3102 5517 3227 5567 erat
3252 5510 3545 5585 placabile,
3572 5513 3720 5585 opti-

2121 5626 2263 5667 mos.
2295 5610 2471 5667 Erant
2492 5612 2685 5665 autem
2734 5611 2793 5662 et
2831 5603 2948 5674 alii,
2985 5601 3081 5674 qui
3114 5603 3235 5674 jam
3261 5617 3431 5658 naves
3461 5601 3721 5661 ascendo-
