3868 6406
136 405 236 467 681

887 406 1057 462 VITA
1096 404 1395 462 stcrzs
1432 404 1683 461 MARI/E
1721 402 2182 465 ABGYPTIACE
2218 396 2671 469 MERETRICIS.

3309 420 3413 480 682

134 540 266 590 rant
310 534 675 606 Impudenter
687 538 896 598 autem,
921 538 986 587 ut
1000 533 1138 586 mihi
1157 532 1498 587 consuetudo
1521 538 1661 595 erat,
1682 532 1740 585 in
1758 534 1804 592 A
1822 534 2083 603 progredi
2114 536 2303 589 valens
2335 536 2559 601 (factum
2576 537 2783 607 quippe
2800 537 2985 593 fuerat
3008 555 3210 612 corpus
3223 559 3414 600 meum

134 625 323 680 medio
349 641 543 679 eorum
574 640 663 678 me
704 622 987 677 irruenter
1024 622 1174 687 dedi,
1219 622 1409 675 dicens
1441 640 1451 674 :
1486 621 1733 692 Accipite

133 720 191 769 et
220 730 313 769 me
356 714 638 767 vobiscum
669 729 778 783 quo
815 711 1066 782 pergitis,
1116 727 1230 764 non
1272 711 1422 764 enim
1453 727 1547 763 ero
1578 709 1732 763 vobis

134 801 526 873 implacabilis.
560 801 669 856 Sed
697 807 753 855 et
783 801 923 854 alios
951 799 1289 853 sordidiores
1317 798 1605 869 proferens
1622 816 1736 852 ser-

134 908 354 957 mones,
399 906 596 945 omnes
637 889 707 943 ad
752 889 1049 943 ridendum
1081 888 1372 944 commovi.
1416 887 1503 941 Illi
1545 893 1734 942 autem

131 979 617 1035 inerubescentem
644 984 859 1033 motum
891 994 1079 1031 meum
1104 977 1373 1041 videntes,
1397 976 1733 1048 accipientes

137 1074 327 1135 θεν
352 1085 459 1135 me,
492 1068 551 1122 in
566 1068 880 1121 naviculam
910 1071 1288 1138 portaverunt.
1316 1066 1524 1119 Exinde
1544 1069 1734 1119 autem

134 1158 553 1228 navigationem
582 1157 868 1228 coepimus.
915 1154 1049 1220 Quae
1078 1160 1267 1209 autem
1300 1160 1427 1225 post
1468 1155 1583 1208 haec
1612 1159 1738 1208 acta

135 1252 293 1309 sunt,
336 1246 613 1317 quomodo
640 1245 743 1300 tibi
785 1261 1049 1299 enarrare
1090 1249 1305 1315 potero,
1341 1261 1373 1297 ο
1404 1244 1571 1297 homo
1600 1243 1738 1297 Dei?

136 1336 276 1399 Qus»
304 1335 498 1405 lingua
521 1335 705 1389 dicere
738 1340 939 1406 potest,
987 1334 1070 1387 vel
1100 1335 1254 1387 auris
1281 1333 1425 1386 valet
1449 1332 1644 1386 audire
1674 1349 1742 1386 ea

135 1441 264 1495 qua:
292 1424 351 1478 in
376 1423 632 1478 navicula
644 1424 730 1477 vel
760 1423 962 1477 itinere
988 1423 1137 1476 facta
1167 1423 1333 1476 sunt?
1364 1422 1643 1493 quomodo
1671 1421 1742 1474 ad

134 1513 486 1585 peccandum
512 1518 569 1566 et
596 1513 785 1566 volens
814 1512 1050 1566 miseros
1080 1528 1181 1581 ego
1208 1510 1608 1582 compellebam
1638 1527 1742 1565 no-

137 1602 340 1657 lentes.
375 1602 501 1656 Non
531 1607 618 1656 est
631 1600 945 1662 narrabilis,
982 1600 1076 1654 sed
1108 1599 1501 1654 inenarrabilis
1523 1599 1745 1670 nequis-

136 1692 290 1746 sima
328 1691 559 1763 species,
606 1691 767 1761 cujus
804 1696 939 1744 tunc
980 1706 1107 1744 sum
1138 1689 1449 1743 infelicibus
1478 1689 1750 1758 magistra

1815 639 1849 676 a
1878 622 1929 675 vi
1973 624 2468 695 comprimentium
2515 625 2675 679 valde
2718 627 3101 693 confractum),
3147 634 3412 689 recedens

1815 711 2064 776 discessi,
2098 720 2156 766 et
2181 714 2312 767 steti
2339 714 2397 767 in
2425 714 2668 785 quodam
2698 718 2903 785 angulo
2932 718 3060 772 atrii
3091 722 3283 791 templi
3309 742 3321 790 ;
3359 728 3417 778 et

1816 799 1903 853 vix
1931 800 2252 871 aliquando,
2279 802 2350 856 ob
2394 819 2564 873 quam
2602 819 2827 858 causam
2856 806 3196 876 prohibebar
3226 812 3411 866 videre

1817 889 2093 944 viviﬁcum
2137 890 2353 960 lignum
2406 892 2464 945 in
2515 893 2912 962 cogitationem
2955 897 3168 953 reduxi.
3205 900 3417 971 Tetigit

1816 978 1966 1031 enim
1990 984 2238 1033 mentem
2267 985 2322 1033 et
2342 981 2525 1035 cordis
2555 982 2665 1035 mei
2697 984 2885 1037 oculos
2913 984 3228 1042 intellectus
3259 990 3412 1045 salu-

1814 1066 1908 1132 tis,
1930 1068 2245 1138 recogitans
2264 1069 2397 1139 quia
2410 1071 2668 1141 squalida
2688 1077 2916 1126 actuum
2933 1090 3186 1130 meorum
3206 1079 3417 1134 scelera

1821 1155 1959 1209 mihi
2004 1157 2328 1211 introeundi
2374 1159 2590 1213 aditum
2631 1159 2984 1217 obserabant.
3032 1166 3187 1235 Coepi
3223 1166 3415 1238 itaque

1824 1246 1963 1298 flens
2004 1245 2244 1299 nimium
2276 1246 2598 1301 conturbari
2629 1254 2688 1302 et
2733 1255 2928 1320 pectus
2956 1253 3215 1319 tundere,
3249 1260 3418 1327 atque

1826 1333 2069 1404 suspiria
2106 1334 2175 1388 de
2223 1334 2498 1406 profundo
2529 1337 2711 1390 cordis
2757 1340 3064 1409 proferens,
3099 1349 3156 1396 et
3189 1360 3422 1413 gemens

1827 1423 2156 1494 ejulansque
2185 1424 2442 1495 prospexi
2465 1425 2525 1478 in
2548 1426 2667 1479 loco
2690 1426 2747 1480 in
2783 1445 2893 1498 quo
2924 1430 3163 1498 stabam,
3197 1449 3424 1489 sursum

1824 1510 2125 1581 imaginem
2152 1518 2355 1567 sanctae
2385 1514 2486 1567 Dei
2512 1515 2802 1584 genitricis
2829 1522 3092 1586 stantem,
3126 1526 3183 1575 et
3212 1523 3319 1589 aio,
3355 1521 3427 1579 ad

1830 1616 1954 1653 eam
1978 1601 2278 1655 intendens
2307 1608 2365 1655 et
2396 1603 2805 1659 indeclinanter
2831 1609 3153 1664 attendens:
3188 1612 3429 1667 Domina

1832 1690 2003 1759 virgo,
2032 1707 2157 1760 quae
2187 1692 2366 1745 Deum
2408 1692 2655 1761 genuisti
2689 1696 2997 1751 secundum
3035 1715 3279 1767 carnem,
3314 1702 3426 1757 scio

137 1780 445 1835 sceleribus
476 1781 690 1834 effecta.
734 1780 879 1850 Ergo
913 1796 1062 1833 nunc
1092 1778 1410 1833 satisfactus
1444 1783 1581 1841 esto,
1617 1778 1801 1853 quia_
1831 1778 1963 1848 quia
1989 1795 2090 1832 nec
2108 1780 2416 1834 condecens
2440 1797 2543 1834 nec
2585 1788 2966 1853 opportunum
2991 1787 3067 1842 sit
3092 1805 3184 1843 me
3209 1790 3290 1844 sic
3304 1791 3432 1846 hor-

138 1875 423 1941 stupesco,
456 1868 736 1940 quomodo
766 1885 920 1922 meas
960 1885 1115 1922 mare
1151 1868 1288 1921 illud
1322 1868 1590 1921 sustinuit
1637 1848 1811 1920 ini-B
1832 1867 2014 1921 ridam
2034 1868 2269 1922 adorare
2290 1869 2598 1939 imaginem
2617 1848 2775 1926 tuam
2801 1874 2886 1928 vel
2915 1879 3282 1948 contemplari
3305 1896 3434 1936 ocu-

140 1959 428 2029 quitatum
474 1957 743 2023 luxurias,
791 1957 1070 2028 quomodo
1098 1962 1255 2010 terra
1292 1972 1405 2009 non
1435 1955 1656 2026 aperuit
1687 1972 1748 2009 os

139 2062 331 2112 suum,
365 2050 422 2101 et
462 2046 520 2100 in
567 2045 850 2099 infernum
879 2044 1155 2098 viventem
1185 2060 1274 2097 me
1307 2042 1591 2109 demersit,
1626 2059 1749 2113 quae

136 2138 335 2189 tantas
363 2136 421 2189 in
467 2135 731 2205 laqueum
776 2137 975 2188 mortis
1023 2132 1218 2187 induxi
1241 2132 1479 2186 animas.
1512 2132 1639 2198 Sed,
1686 2137 1751 2186 ut

138 2222 408 2289 arbitror,
438 2240 622 2277 meam
650 2224 819 2287 Deus,
843 2223 937 2293 qui
967 2221 1249 2276 neminem
1270 2222 1388 2275 vult
1415 2220 1615 2292 perire.
1651 2220 1750 2274 sed

138 2329 343 2367 omnes
372 2312 492 2367 ﬁeri
523 2312 703 2366 salvos
738 2313 795 2383 (Ι
827 2314 965 2366 Tim.
1000 2317 1083 2379 11},
1119 2309 1443 2381 requirebat
1470 2310 1748 2380 poeniten-

137 2402 305 2457 tiam.
337 2402 464 2456 Non
485 2401 635 2455 enim
662 2401 781 2455 vult
809 2406 1049 2454 mortem
1077 2399 1402 2471 peccatoris,
1427 2399 1525 2452 sed
1553 2399 1747 2469 longa-

137 2490 376 2545 nimiter
402 2495 701 2562 exspectat,
745 2489 1029 2543 sustinens
1070 2488 1486 2542 conversionem
1539 2488 1752 2553 (Ezech.

138 2582 323 2647 xvm).
360 2579 451 2657 Sic
478 2579 669 2649 itaque
699 2595 826 2632 cum
876 2594 1083 2647 magna
1111 2577 1469 2656 festinatione
1499 2576 1754 2629 ascendi-

141 2685 276 2722 mus
304 2651 743 2739 Jerosolymam;
770 2673 827 2722 et
856 2674 1095 2738 quantos
1118 2651 1344 2736 quidem
1374 2665 1493 2719 dies
1518 2671 1649 2719 ante
1670 2665 1753 2719 fe-

139 2757 455 2811 stivitatem
504 2757 563 2811 in
611 2756 835 2810 ciVItate
884 2761 1232 2811 commorata
1271 2772 1424 2820 sum,
1477 2753 1753 2808 similibus

140 2845 508 2917 nequissimis
553 2845 737 2900 vacavi
784 2844 1063 2916 operibus,
1112 2844 1404 2915 magisque
1444 2843 1751 2914 pejoribus.

138 2936 272 2990 Non
303 2934 453 2989 enim
496 2934 779 2989 sufﬁciens
819 2933 898 2988 fui
939 2932 1241 3005 juvenibus
1280 2949 1494 2987 mecum
1524 2932 1583 2986 in
1613 2932 1755 2986 mari

137 3023 562 3078 luxuriantibus
592 3027 649 3076 et
675 3023 734 3076 in
764 3022 986 3090 itinere,
1020 3022 1117 3076 sed
1148 3028 1203 3076 et
1233 3022 1371 3075 alios
1416 3022 1624 3077 multos
1655 3039 1753 3092 pe-

138 3111 403 3184 regrinos
432 3118 489 3166 et
526 3109 672 3166 cives
705 3111 764 3165 in
807 3112 917 3166 mei
958 3112 1165 3166 scelere
1195 3116 1355 3165 actus
1385 3127 1749 3182 congregans,

136 3200 500 3271 coinquinavi
526 3201 820 3255 seducens.

217 3290 357 3345 CAP.
406 3290 521 3344 XV.
558 3321 620 3332 —
652 3289 887 3354 Quando
924 3294 1114 3343 autem
1144 3289 1298 3343 venit
1324 3293 1529 3343 sanctas
1549 3289 1757 3342 exalta-

138 3379 317 3434 tionis
353 3379 624 3433 festivitas
665 3379 923 3451 pretiosae
951 3378 1154 3443 crucis,
1197 3394 1299 3448 ego
1332 3377 1579 3447 quidem,
1612 3378 1758 3432 sicut

142 3474 203 3523 et
233 3468 410 3540 prius,
453 3467 738 3539 preibam,
777 3469 1049 3538 juvenum
1088 3467 1403 3537 illaqueans
1432 3472 1489 3520 et
1532 3466 1755 3537 capiens

140 3556 386 3611 animas.
422 3556 546 3609 Vidi
576 3561 766 3610 autem
792 3556 973 3626 primo
1003 3555 1228 3609 diliculo
1260 3571 1455 3608 omnes
1483 3554 1553 3608 ad
1586 3555 1757 3608 eccle-

142 3646 294 3719 siam
323 3644 667 3701 unanimiter
707 3650 1127 3699 concurrentes.
1167 3643 1293 3697 Abii
1349 3648 1405 3697 et
1450 3660 1574 3713 ego,
1624 3659 1753 3697 cur-

144 3752 282 3789 rens
310 3751 438 3789 cum
477 3725 849 3799 currentibus,
883 3740 940 3787 et
981 3732 1107 3787 veni
1137 3749 1267 3786 cum
1295 3732 1403 3785 illis
1450 3732 1510 3785 in
1548 3732 1756 3786 atrium

144 3823 385 3895 templi;
419 3828 476 3877 et
516 3839 644 3877 cum
688 3823 935 3877 venisset
972 3822 1111 3875 hora
1148 3821 1502 3875 exaltationis
1552 3819 1755 3875 divinae

148 3912 355 3976 crucis,
395 3910 775 3983 impingebam
824 3916 881 3965 et
924 3909 1295 3981 impingebar,
1338 3909 1759 3980 repellebarque

151 4002 593 4073 quodammodo,
643 4002 911 4055 festinans
947 3999 1167 4071 ingredi
1196 4016 1323 4055 cum
1369 4000 1592 4071 populo,
1628 4016 1756 4053 coa-

154 4098 280 4145 ctor
326 4107 500 4163 usque
546 4091 616 4146 ad
649 4092 881 4161 januam
914 4090 1112 4161 templi
1155 4106 1282 4143 cum
1312 4089 1398 4143 his
1433 4088 1527 4160 qui
1568 4089 1757 4160 ingre-

154 4177 478 4245 diebantur,
513 4196 640 4235 cum
667 4197 872 4251 magna
917 4179 1121 4234 laboris
1150 4178 1511 4233 tribulatione
1553 4194 1758 4250 appro-

155 4268 442 4339 pinquans
473 4275 530 4324 et
556 4286 658 4340 ego
684 4270 875 4324 infelix
908 4288 919 4323 :
946 4268 1169 4340 quando
1198 4273 1389 4323 autem
1419 4266 1638 4337 ingredi
1668 4284 1759 4322 vo-

152 4356 366 4423 lebam,
400 4358 482 4412 illi
511 4358 739 4431 quidem
770 4376 964 4413 omnes
993 4358 1114 4412 sine
1147 4356 1549 4429 impedimento
1572 4357 1759 4428 ingre-

1831 1954 1901 2009 lis
1920 1956 2095 2009 tantis
2116 1956 2374 2012 sordibus
2403 1959 2649 2028 pollutis,
2675 1976 2797 2031 quae
2822 1978 2943 2018 esse
2972 1964 3124 2035 virgo
3143 1963 3435 2037 dignosce-

1832 2043 1910 2097 ris
1937 2050 1994 2098 et
2021 2051 2193 2111 casta,
2228 2062 2352 2116 quae
2373 2062 2573 2118 corpus
2612 2052 2669 2102 et
2685 2048 2932 2105 animam
2959 2051 3132 2108 habes
3156 2054 3434 2113 immacu-

1832 2133 2006 2187 latam
2040 2152 2050 2186 :
2078 2135 2298 2205 justum
2329 2141 2417 2190 est
2444 2153 2533 2191 me
2564 2137 2910 2193 luxuriosam
2941 2157 2975 2195 a
3001 2146 3101 2197 tua
3128 2144 3436 2214 purissima

1832 2222 2105 2277 castitatis
2127 2224 2404 2278 munditia
2421 2224 2733 2281 abominari
2755 2234 2813 2283 et
2831 2229 3047 2300 projici.
3069 2232 3283 2288 Tamen
3302 2252 3437 2306 quo-

1831 2311 2003 2377 niam,
2049 2316 2115 2366 ut
2158 2312 2364 2379 audivi,
2409 2313 2479 2367 ob
2513 2314 2619 2369 hoc
2657 2316 2886 2372 effectus
2925 2325 3011 2373 est
3047 2321 3196 2376 Deus
3242 2323 3432 2393 homo,

1832 2416 2000 2470 quem
2029 2400 2152 2471 ipsa
2179 2401 2350 2471 digna
2376 2403 2639 2472 genuisti,
2665 2410 2730 2459 ut
2757 2412 3076 2476 peccatores
3112 2418 3336 2467 vocaret
3363 2413 3436 2469 ad

1837 2489 2246 2559 paenitentiam,
2270 2491 2360 2561 adj
2371 2508 2475 2545 uva
2494 2509 2584 2547 me
2597 2494 2904 2550 solitariam
2921 2502 2978 2551 et
2995 2498 3213 2554 nullum
3233 2501 3442 2558 haben-

1837 2582 1953 2630 tem
1989 2578 2355 2647 adjutorium,
2410 2580 2633 2651 percipe
2680 2583 3087 2641 confessionem
3130 2604 3336 2657 meam,
3383 2596 3442 2645 et

1837 2666 1975 2719 mihi
2021 2666 2307 2721 licentiam
2342 2667 2529 2723 tribue
2570 2671 2814 2726 ecclesiae
2846 2674 3186 2744 patefactum
3222 2678 3442 2749 ingredi

1840 2754 2075 2821 aditum,
2100 2760 2157 2809 et
2179 2772 2293 2810 non
2320 2757 2531 2811 efﬁciar
2548 2759 2733 2814 aliena
2762 2762 3021 2817 avisione
3050 2767 3443 2836 pretiosissimi

1840 2843 1996 2914 ligni,
2031 2844 2090 2897 in
2133 2861 2243 2916 quo
2281 2846 2479 2900 afﬁxus
2509 2848 2657 2902 Deus
2702 2849 2890 2918 homo,
2933 2869 3102 2923 quem
3127 2857 3444 2927 concipiens

1838 2931 1961 3002 ipsa
1988 2932 2143 3003 virgo
2175 2935 2460 3005 peperisti,
2494 2941 2551 2990 et
2589 2940 2880 3009 prOprium
2908 2943 3241 3012 sanguinem
3286 2946 3447 3002 dedit

1839 3037 1941 3092 pro
1963 3039 2089 3075 mea
2114 3022 2462 3079 liberatione.
2499 3023 2660 3092 Jube,
2694 3044 2727 3081 ο
2757 3028 3015 3095 Domina,
3052 3038 3110 3086 et
3138 3034 3275 3087 mihi
3301 3035 3444 3091 indi-

1837 3126 1962 3179 gnae
1992 3110 2062 3164 ob
2076 3111 2276 3167 divina;
2296 3114 2476 3167 crucis
2496 3114 2894 3172 salutationem
2909 3119 3145 3188 januam
3166 3124 3440 3192 pateﬁeri,

1838 3206 1891 3251 et
1918 3204 1975 3253 te
2004 3214 2073 3253 ex
2104 3204 2159 3253 te
2183 3200 2376 3269 genito
2406 3201 2629 3257 Christo
2682 3204 3071 3274 dignissimam
3113 3209 3184 3263 do
3220 3211 3447 3281 Iidejus-

1838 3288 2200 3358 sorem,~quia
2232 3305 2521 3359 nunquam
2550 3291 2701 3344 ultra
2728 3309 2913 3348 meam
2941 3312 3167 3351 carnem
3195 3300 3444 3370 coinqui-

1839 3375 1984 3429 nabo
2012 3393 2113 3447 per
2155 3377 2385 3431 horrida
2432 3378 2842 3436 immistionum
2871 3383 3146 3453 ludibria;
3176 3388 3273 3441 sed
3316 3405 3446 3445 mox

1838 3470 1904 3519 ut
1931 3464 2032 3518 ﬁlii
2060 3465 2163 3531 tui,
2206 3465 2379 3536 Virgo
2411 3472 2621 3534 sancta,
2654 3468 2847 3525 videro
2890 3472 3126 3543 lignum,
3159 3477 3360 3531 saeculo
3390 3483 3449 3533 et

1840 3554 2056 3608 actibus
2083 3556 2223 3625 ejus,
2259 3561 2316 3609 et
2355 3556 2615 3611 omnibus
2639 3575 2761 3628 quae
2803 3559 2862 3614 in
2891 3578 2957 3616 eo
2984 3569 3116 3618 sunt
3161 3568 3443 3636 renuntio,

1841 3650 1898 3697 et
1940 3644 2209 3697 continuo
2248 3644 2507 3715 egredior
2534 3644 2853 3719 ubicunque
2891 3650 3016 3721 ipsa
3039 3658 3105 3707 ut
3149 3654 3447 3725 ﬁdejussor

1839 3749 1929 3787 me
1964 3732 2206 3786 duxeris.

1913 3822 2041 3875 CAP.
2077 3821 2249 3875 XVII.
2275 3850 2332 3864 -
2365 3822 2495 3877 Haec
2521 3824 2729 3891 dicens,
2762 3830 2818 3880 et
2839 3828 2997 3898 quasi
3013 3830 3262 3902 aliquam
3285 3835 3449 3890 satis—

1840 3908 2140 3964 factionem
2161 3909 2453 3981 recipiens,
2484 3912 2615 3966 ﬁdei
2638 3930 2905 3969 succensa
2924 3918 3127 3987 calore,
3152 3926 3210 3974 et
3236 3921 3305 3975 de
3332 3923 3450 3994 pie-

1840 3998 1973 4053 tatis
2003 3998 2307 4054 visceribus
2330 4000 2431 4053 Dei
2452 4002 2743 4071 genitricis
2774 4020 3140 4075 przesumens,
3175 4011 3323 4065 movi
3352 4028 3445 4067 me

1840 4087 1911 4142 de
1937 4089 2137 4143 eodem
2165 4089 2305 4157 loco,
2348 4090 2406 4144 in
2438 4107 2549 4162 quo
2580 4097 2735 4146 stans
2767 4092 2874 4148 feci
2905 4096 3326 4167 orationem;et
3352 4117 3449 4156 ve-

1840 4176 2021 4244 niens,
2046 4178 2252 4232 iterum
2267 4178 2715 4250 ingredientibus
2736 4198 2825 4237 me
2847 4183 3065 4252 miscui,
3090 4192 3149 4242 et
3166 4188 3316 4244 ultra
3337 4206 3449 4247 non

1842 4272 1965 4321 erat
1990 4267 2085 4338 qui
2106 4284 2196 4321 me
2216 4268 2527 4339 repelleret,
2557 4286 2739 4341 neque
2768 4272 2864 4343 qui
2893 4290 2983 4329 me
3014 4276 3338 4346 prohiberet
3356 4296 3453 4353 ap-

1842 4355 2221 4428 propinquare
2244 4357 2453 4427 januis,
2484 4358 2686 4429 quibus
2714 4360 2772 4414 in
2809 4363 3087 4434 templum
3114 4365 3444 4425 introibant.

153 4445 476 4513 diebantur,
494 4464 583 4502 me
603 4454 794 4502 autem
812 4448 1001 4502 divina
1013 4448 1202 4519 aliqua
1214 4446 1387 4500 virtus
1410 4446 1755 4517 prohibebat,
1843 4446 2071 4517 Accepit
2099 4463 2231 4517 ergo
2262 4464 2351 4501 me
2381 4453 2594 4503 tremor
2619 4450 2833 4504 validus
2856 4457 3043 4518 388
3066 4459 3124 4508 et
3136 4457 3366 4522 extasis,
3391 4464 3452 4514 et

153 4550 277 4589 non
312 4535 608 4606 indulgens
654 4536 965 4591 introitum.
1007 4537 1135 4591 Mox
1166 4536 1338 4605 igitur
1381 4535 1625 4605 repulsa,
1661 4534 1759 4604 eji-
1778 4523 1959 4588 Dtota
1987 4551 2050 4589 ex
2082 4535 2341 4589 omnibus
2368 4536 2736 4592 tremebunda
2765 4538 3056 4595 turbabar.
3092 4543 3288 4614 Itaque
3319 4561 3448 4600 con-

153 4623 350 4679 ciebar
384 4624 552 4685 foras;
601 4630 659 4679 et
713 4627 911 4697 ejecta,
967 4624 1291 4679 inveniebar
1340 4624 1461 4677 sola
1508 4624 1568 4677 in
1614 4624 1759 4677 atrio

156 4718 321 4766 stans
365 4713 738 4768 Considerans
766 4720 955 4770 autem
980 4730 1081 4785 per
1109 4711 1441 4767 muliebrem
1461 4710 1761 4765 inﬁrmita-

154 4808 281 4856 tem
307 4800 414 4855 hoc
439 4801 577 4856 mihi
597 4803 866 4870 accidere,
887 4803 1092 4858 iterum
1119 4801 1241 4855 aliis
1257 4817 1348 4854 me
1376 4798 1758 4866 immiscendo,

152 4890 277 4944 vim
326 4889 463 4944 mihi
492 4892 904 4962 quodammodo
950 4890 1221 4947 faciebam
1258 4888 1601 4953 introeundi,
1665 4887 1763 4942 sed

156 4978 318 5033 enim
344 4968 667 5035 laborabam
693 4982 751 5036 in
779 4998 1035 5036 vacuum.

232 5066 374 5122 CAP.
409 5067 556 5125 XVI.
580 5102 646 5114 -
676 5069 752 5126 Ut
780 5071 930 5125 enim
960 5070 1152 5125 limina
1196 5067 1428 5139 vestigio
1473 5066 1764 5137 continge-

152 5156 313 5224 bam,
334 5173 527 5213 omnes
551 5157 789 5215 interius
806 5159 1237 5231 recipiebantur,
1258 5158 1475 5213 nullum
1494 5155 1764 5211 habentes

155 5246 647 5318 impedimentum,
680 5265 773 5304 me
814 5259 1004 5304 autem
1055 5248 1232 5303 solam
1275 5263 1389 5302 non
1419 5245 1760 5317 recipiebat;

156 5335 259 5391 sed
287 5336 446 5406 quasi
483 5336 742 5392 militaris
772 5337 1075 5393 multitudo
1123 5342 1271 5391 esset
1309 5340 1499 5390 taxata
1535 5341 1599 5389 ut
1628 5335 1765 5389 mihi

155 5424 503 5495 ingredienti
516 5425 730 5481 aditum
743 5428 1046 5493 clauderet,
1064 5427 1144 5481 ita
1164 5443 1251 5480 me
1272 5424 1567 5495 repentina
1578 5425 1769 5496 aliqua

157 5513 500 5586 prohibebat
525 5516 721 5581 virtus,
746 5523 803 5572 et
822 5518 1026 5572 iterum
1050 5513 1374 5571 inveniebar
1402 5513 1459 5567 in
1470 5513 1633 5567 atrio.
1655 5515 1771 5568 Hoc

158 5608 254 5658 ter
283 5608 340 5658 et
374 5611 579 5676 quater
605 5623 769 5678 passa
794 5613 851 5661 et
899 5607 1080 5662 facere
1107 5621 1333 5669 conans,
1367 5602 1615 5674 nihilque
1648 5620 1772 5674 pro-

162 5691 385 5761 ﬁciens,
419 5693 723 5767 desperans
751 5696 820 5751 de
869 5702 1088 5761 caetero,
1124 5700 1181 5748 et
1226 5691 1467 5763 amplius
1491 5707 1769 5762 nusquam

429 5794 696 5858 Paraon.
743 5795 1018 5856 LXXIII.

1838 4624 2084 4693 jungens
2123 4640 2215 4677 me
2253 4624 2323 4677 ad
2365 4625 2620 4695 januam,
2655 4627 2815 4696 cujus
2864 4628 3003 4682 mihi
3049 4629 3237 4686 aditus
3266 4633 3449 4704 primo

1846 4711 2212 4765 claudebatur
2246 4712 2423 4783 (quasi
2472 4713 2653 4767 omnis
2679 4713 2859 4768 virtus
2899 4732 3022 4786 quae
3048 4718 3207 4788 prius
3230 4720 3452 4793 ingredi

1846 4815 1937 4852 me
1966 4799 2317 4871 prohibebat,
2354 4806 2481 4872 post
2509 4807 2700 4855 autem
2730 4802 2877 4857 viam
2907 4803 3262 4876 ingrediendi
3288 4828 3451 4882 para-

1846 4892 1975 4957 ret),
2008 4888 2088 4942 ita
2111 4888 2321 4959 absque
2352 4889 2744 4960 impedimenti
2782 4892 2972 4949 labore
3010 4895 3256 4967 introivi,
3289 4907 3347 4957 et
3376 4902 3456 4959 sic

1847 4976 1998 5031 intra
2043 4983 2238 5031 sancta
2266 4984 2589 5033 sanctorum
2618 4987 2844 5052 reperta
2873 5000 3019 5049 sum,
3050 4992 3108 5041 et
3126 4989 3358 5060 pretiosi
3386 5008 3453 5047 ac

1846 5065 2045 5119 vivifici
2076 5066 2255 5120 crucis
2284 5066 2421 5136 ligni
2442 5066 2678 5123 adorare
2704 5072 3037 5143 mysterium
3059 5074 3231 5146 digna
3260 5077 3455 5134 habita

1847 5171 1972 5209 sum
2001 5173 2012 5208 :
2048 5159 2105 5209 et
2131 5159 2265 5209 tunc
2293 5154 2405 5209 vidi
2431 5156 2529 5210 Dei
2573 5167 2942 5227 sacramenta,
2986 5168 3044 5217 et
3090 5165 3332 5235 qualiter
3366 5172 3454 5223 est

1847 5248 2077 5315 paratus
2107 5243 2389 5315 suscipere
2426 5245 2788 5315 poenitentes.
2821 5249 2979 5304 Tunc
3020 5254 3320 5322 projiciens
3361 5271 3453 5311 me

1848 5350 2034 5388 coram
2065 5332 2123 5387 in
2145 5339 2375 5398 terram,
2411 5339 2467 5387 et
2493 5340 2751 5390 sanctum
2782 5337 2921 5392 illud
2951 5341 3277 5396 exosculans
3305 5343 3457 5413 pavi-

1854 5428 2130 5486 mentum,
2164 5421 2402 5476 exibam.
2438 5423 2681 5478 Currens
2704 5431 2894 5479 autem
2928 5427 2998 5480 ad
3028 5427 3183 5483 illam
3213 5447 3336 5502 quae
3361 5448 3453 5488 me

1853 5511 2122 5576 ﬁdedixit,
2159 5510 2280 5565 veni
2310 5516 2547 5566 restans.
2574 5512 2852 5583 Conjunxi
2879 5514 3058 5585 igitur
3084 5534 3173 5572 me
3202 5519 3261 5574 in
3291 5520 3453 5577 illum

1853 5601 2037 5655 locum
2067 5600 2161 5654 ubi
2191 5600 2562 5655 ﬁdedictionis
2592 5602 2971 5674 conscriptum
3008 5612 3130 5661 erat
3166 5608 3456 5683 chirogra-

1852 5690 2050 5761 phum,
2078 5697 2132 5743 et
2145 5706 2295 5760 genu
2317 5707 2553 5745 curvans
2582 5706 2770 5746 coram
2801 5692 2958 5749 vultu
2983 5701 3190 5753 sancta
3210 5698 3460 5772 Virginis

3139 5798 3217 5857 22
