3868 6374
496 346 605 407 683

1498 349 1594 411 DE
1629 348 1820 415 VITIS
1856 349 2154 411 PATRUM
2188 348 2403 407 LIBER
2436 347 2730 407 PRIMUS.

3655 348 3745 409 684

493 476 599 533 Dei
614 475 922 550 genitricis,
939 474 1028 531 his
1044 474 1355 547 imprecata
1364 491 1491 537 sum
1510 477 1721 534 verbis:
1748 480 1833 537 Tu
1854 480 2080 551 quidem
2098 480 2149 541 Α
2162 482 2592 550 tantorumque
2611 471 2853 532 sustinui
2873 471 3273 546 periculorum,
3294 478 3354 530 et
3366 473 3745 547 cogitationum

494 582 736 638 semper,
769 583 802 621 ο
846 564 1246 637 benignissima
1290 566 1549 635 Domina,
1601 572 1760 629 tuam
1794 570 2087 624 ostendisti

493 654 721 725 pietatis
750 654 1194 715 misericordiam
1224 673 1236 709 :
1269 658 1334 711 tu
1361 672 1474 712 non
1499 655 1790 727 indignam
1811 658 2088 729 supplica-

489 743 699 799 tionem
721 743 1032 816 projecisti;
1056 743 1167 798 vidi
1185 745 1424 815 gloriam
1446 762 1615 816 quam
1636 753 1953 817 peccatores
1974 764 2087 802 me-

490 832 598 888 rito
620 849 734 889 non
751 833 1023 896 videmus,
1046 833 1287 905 gloriam
1318 834 1720 906 omnipotentis
1744 836 1841 891 Dei
1860 837 1955 907 qui
1985 852 2087 908 per

484 929 540 980 te
569 924 804 997 suscipit
848 931 1200 997 peccatorum
1234 925 1639 997 paenitentiam.
1666 924 1813 991 Quid
1844 927 2085 1000 amplius

484 1014 769 1085 peccatrix
807 1020 867 1069 et
907 1014 1115 1075 misera
1141 1016 1298 1070 valeo
1328 1015 1611 1073 recordari
1639 1021 1740 1071 aut
1776 1017 2085 1073 enarrare?

481 1102 734 1177 Tempus
764 1109 850 1159 est
870 1104 991 1175 jam
1010 1104 1245 1175 implere
1269 1120 1394 1175 qum
1421 1104 1666 1169 ﬁdedixi,
1701 1105 1811 1161 ﬁde
1836 1105 2086 1161 dilectio-

484 1192 573 1249 nis
594 1198 705 1249 tuaa
725 1193 948 1264 placita.
972 1194 1135 1249 Nunc
1153 1193 1250 1251 ubi
1266 1193 1382 1248 {tibi
1409 1194 1737 1265 complacet,
1770 1194 1949 1265 dirige
1968 1212 2076 1250 me.

483 1281 617 1337 Esto
646 1283 788 1337 mihi
833 1282 1032 1339 salutis
1071 1283 1345 1351 ducatrix,
1392 1288 1450 1338 et
1483 1283 1735 1338 veritatis
1783 1284 2073 1355 magistra,

482 1371 804 1442 praecedens
832 1388 923 1427 me
968 1372 1027 1427 in
1053 1372 1203 1427 viam
1233 1388 1356 1444 quae
1383 1372 1538 1428 ducit
1564 1372 1634 1432 ad
1663 1374 2076 1444 paenitentiam.

484 1460 556 1517 Et
581 1460 698 1516 haec
725 1460 935 1527 dicens,
983 1461 1169 1517 audivi
1201 1478 1391 1543 vocem
1430 1461 1667 1532 alicujus
1698 1478 1732 1517 a
1777 1463 1941 1533 longe
1961 1464 2076 1518 cla-

481 1549 726 1606 mantis:
761 1550 1063 1613 Iordanem
1093 1551 1141 1605 si
1169 1550 1478 1611 transieris.
1502 1550 1705 1607 bonam
1724 1551 1976 1607 invenies
1993 1570 2077 1608 re-

482 1638 691 1710 quiem.
717 1640 831 1710 Ego
862 1646 1051 1695 autem
1086 1640 1233 1697 hanc
1260 1657 1449 1697 vocem
1478 1640 1733 1706 audiens,
1768 1646 1825 1695 et
1854 1658 1954 1713 pro
1985 1659 2075 1697 me

477 1727 682 1789 factam
704 1729 955 1793 credens,
980 1730 1295 1800 lacrymans
1326 1730 1648 1795 exclamavi,
1673 1736 1732 1785 et
1749 1732 1819 1785 ad
1840 1731 1942 1785 Dei
1971 1749 2073 1802 ge-

2170 584 2293 639 quae
2318 566 2509 637 inique
2537 564 3008 638 perturbaverunt
3035 581 3124 621 me
3156 584 3168 617 :
3206 564 3375 620 timeo
3404 566 3558 620 enim
3588 582 3654 621 ne
3684 566 3743 620 ab

2170 656 2382 711 eisdem
2410 656 2659 727 aliquam
2700 655 2883 727 patiar
2914 653 3352 710 tribulationem.
3400 653 3558 709 Dixit
3609 655 3741 709 Zosi-

2168 762 2289 800 mas
2325 763 2337 799 :
2367 744 2523 799 Nihil
2550 744 2855 816 relinquas,
2889 761 2922 799 ο
2951 743 3196 809 domina,
3229 760 3352 815 quae
3388 760 3498 798 non
3529 743 3738 798 indices.

2168 834 2353 889 Semel
2381 834 2532 889 enim
2559 834 2619 889 in
2647 835 2752 889 hoc
2794 840 2851 889 te
2890 833 3245 889 manifestam
3282 833 3636 904 cognovimus
3660 850 3740 888 or-

2166 923 2314 988 dine,
2348 923 2539 979 omnia
2564 928 2622 978 te
2651 923 2987 979 indiminute
3015 928 3238 995 Oportet
3254 939 3355 978 nos
3382 923 3628 978 edocere.

2236 1012 2367 1067 CAP.
2398 1013 2545 1068 XIX.
2578 1043 2640 1053 —
2670 1014 2775 1070 Illa
2812 1018 3000 1068 autem
3032 1013 3173 1068 dixit
3216 1013 3268 1068 ei
3306 1031 3320 1067 :
3353 1013 3549 1079 Crede,
3591 1012 3733 1079 abba,

2166 1100 2357 1156 decem
2397 1107 2456 1157 et
2481 1108 2697 1174 septem
2722 1103 2887 1158 annis
2905 1103 3037 1158 feris
3057 1096 3447 1158 immansuetis
3467 1108 3525 1157 et
3540 1102 3736 1156 irratio-

2163 1190 2384 1246 nalibus
2426 1192 2678 1247 eluctans
2705 1193 3018 1253 desideriis,
3050 1193 3185 1248 dum
3226 1192 3411 1248 cibum
3439 1191 3730 1259 initiabam,

2162 1279 2439 1337 desiderio
2465 1282 2604 1337 mihi
2656 1287 2818 1337 erant
2857 1299 3087 1349 carnes;
3139 1280 3540 1353 concupiebam
3574 1281 3731 1352 pisces

2161 1384 2299 1440 quos
2325 1371 2597 1442 Egyptus
2641 1370 2915 1439 habebat;
2947 1370 3334 1427 desiderabam
3361 1370 3534 1426 etiam
3559 1370 3731 1425 vinum

2161 1458 2485 1516 delectabile
2523 1461 2693 1528 mihi;
2725 1462 2966 1517 multum
2990 1461 3140 1516 enim
3166 1460 3489 1516 delectabar
3513 1460 3571 1514 in
3598 1460 3728 1525 vino,

2158 1553 2213 1601 et
2241 1550 2788 1621 superabundantius
2814 1568 2991 1622 usque
3012 1551 3087 1606 ad
3114 1550 3443 1606 ebrietatem
3471 1548 3725 1611 bibebam,

2158 1642 2215 1691 et
2242 1654 2392 1694 nunc
2418 1639 2557 1694 mihi
2585 1647 2709 1695 erat
2732 1640 2891 1695 valde
2912 1640 2970 1695 in
2998 1640 3294 1706 desiderio,
3328 1656 3393 1695 eo
3425 1640 3573 1711 quod
3601 1639 3729 1693 mul-

2155 1730 2275 1782 tum
2306 1734 2516 1792 uterer,
2545 1730 2680 1784 dum
2696 1747 2878 1786 essem
2895 1730 2956 1785 in
2968 1730 3191 1785 saeculo.
3205 1730 3308 1785 Hic
3333 1735 3527 1784 autem
3546 1744 3731 1799 aquam

477 1816 695 1875 nitricis
720 1817 1024 1889 imaginem
1061 1818 1410 1890 prospiciens
1440 1819 1732 1875 vociferavi
1762 1838 1773 1872 :
1808 1820 2064 1887 Domina,
2088 1804 2130 1863 Β
2147 1816 2373 1873 omnino
2390 1834 2501 1874 non
2532 1818 2768 1887 habens,
2788 1820 3277 1876 vehementissime
3293 1818 3521 1885 urebar,
3553 1824 3607 1872 et
3628 1834 3729 1872 sus-

475 1906 733 1974 Domina,
759 1907 973 1979 Regina
986 1908 1162 1965 totius
1180 1908 1351 1975 orbis,
1384 1925 1486 1980 per
1513 1924 1682 1980 quam
1706 1909 1954 1965 humano
1971 1927 2071 1981 ge-

475 1995 599 2051 neri
617 1996 770 2052 salus
790 1997 1033 2064 advenit,
1059 1997 1174 2054 noli
1193 2014 1283 2055 me
1303 1998 1711 2070 derelinquere.
1745 1999 1815 2054 Et
1835 1999 1953 2054 haec
1982 2000 2071 2054 di-

474 2102 623 2153 cens,
645 2086 714 2141 de
732 2086 875 2142 atrio
892 2086 1092 2158 templi
1110 2103 1247 2144 sum.
1267 2104 1513 2159 egressa,
1535 2093 1594 2143 et
1606 2087 1939 2144 festinanter
1955 2106 2071 2145 am-

472 2172 758 2243 bulabam.
783 2176 1034 2235 Exeunte
1053 2182 1244 2233 autem
1264 2194 1375 2244 me,
1404 2176 1544 2232 vidit
1564 2194 1655 2232 me
1680 2177 1824 2248 quis,
1848 2183 1905 2233 et
1918 2178 2072 2234 dedit

478 2263 617 2319 mihi
637 2270 754 2320 tres
768 2281 1048 2332 nummos,
1083 2266 1301 2322 dicens:
1328 2266 1527 2338 Accipe
1542 2266 1676 2330 haec,
1700 2282 1889 2322 nonna
1916 2266 2023 2338 (12)
2048 2286 2061 2322 :

471 2368 574 2424 ego
603 2360 792 2411 autem
817 2354 1115 2427 accipiens,
1133 2363 1250 2411 tres
1271 2373 1339 2410 ex
1356 2356 1439 2411 eis
1461 2373 1634 2428 panes
1654 2356 1990 2428 comparavi,
2010 2362 2068 2411 et

467 2440 571 2509 hos
589 2443 778 2515 accepi
797 2443 1175 2503 benedictioni
1195 2445 1307 2500 mei
1328 2445 1550 2500 itineris
1564 2462 1857 2516 congruos.
1889 2444 2067 2501 Inter-

465 2530 658 2601 rogavi
688 2548 819 2587 eum
849 2532 944 2603 qui
974 2532 1449 2604 panesvendebat
1470 2552 1482 2587 :
1503 2534 1665 2589 Unde
1693 2541 1751 2588 et
1778 2534 1959 2605 qualis
1977 2534 2066 2588 via

468 2634 592 2673 esse
607 2620 875 2687 noscitur,
890 2621 1079 2681 homo.
1098 2638 1231 2693 quae.
1242 2622 1397 2676 ducit
1413 2623 1484 2677 ad
1504 2623 1847 2677 Jordanem?
1877 2623 1947 2677 Et
1969 2640 2062 2677 co-

465 2723 740 2779 gnoscens
770 2715 990 2780 portam
1014 2710 1253 2766 civitatis
1287 2727 1411 2782 quae
1430 2711 1491 2767 in
1514 2711 1614 2766 illa
1642 2712 1822 2766 latera
1849 2712 2054 2783 pergit,

466 2814 700 2861 currens
720 2798 830 2854 iter
857 2798 1092 2870 agebam
1123 2800 1375 2870 plorans.
1708 2833 1715 2841 -

538 2887 670 2942 CAP.
701 2887 901 2945 XVIII.
925 2917 975 2928 —
1001 2889 1438 2961 Interrogationi
1455 2894 1645 2944 autem
1668 2889 2058 2961 interrogatio-

462 2991 595 3030 nem
624 2981 948 3037 annectens,
971 2976 1247 3048 reliquum
1264 2977 1376 3033 diei
1396 2979 1715 3050 consumpsi
1733 2979 1843 3033 iter
1862 2996 2060 3051 prope-

461 3081 621 3121 rans:
650 3071 772 3121 erat
791 3071 980 3125 autem
1004 3066 1267 3122 horadiei
1293 3067 1479 3135 tertia,
1504 3068 1728 3140 quando
1752 3069 2052 3140 pretiosam

2154 1905 2403 1962 tinebam
2443 1911 2792 1966 necessitatis
2833 1911 3163 1984 periculum.
3196 1909 3391 1965 Fiebat
3414 1910 3556 1963 mihi
3592 1915 3646 1964 et
3669 1909 3727 1962 de

2154 1993 2452 2052 luxuriosis
2480 1999 2710 2055 canticis
2748 2001 2986 2056 nimium
3030 2000 3385 2067 desiderium,
3410 1998 3726 2071 perturbans

2154 2089 2211 2139 et
2236 2086 2509 2143 reducens
2526 2090 2597 2144 ad
2628 2091 2959 2145 memoriam
2989 2090 3396 2145 daemoniorum
3416 2089 3633 2144 cantica
3647 2088 3727 2142 de-

2152 2179 2399 2244 cantare,
2416 2194 2541 2249 quae
2554 2179 2612 2233 in
2623 2181 2825 2235 saeculo
2843 2180 3179 2235 dediceram.
3197 2181 3323 2235 Mox
3345 2184 3540 2235 autem
3560 2179 3724 2250 lacry-

2150 2279 2329 2331 mans,
2354 2271 2408 2321 et
2438 2274 2632 2338 pectus
2656 2286 2846 2324 meum
2874 2270 3210 2341 percutiens,
3236 2269 3511 2339 meipsam
3539 2268 3605 2321 ad
3627 2283 3724 2321 me-

2148 2354 2382 2409 moriam
2399 2356 2732 2413 reducebam
2744 2360 2813 2413 de
2823 2359 3171 2414 convenienti
3185 2358 3562 2414 fidedictionis
3571 2373 3721 2429 quam

2146 2441 2403 2511 feceram,
2436 2447 2728 2517 egrediens
2752 2453 2948 2503 contra
2966 2449 3111 2503 hanc
3128 2448 3511 2503 solitudinem.
3545 2447 3723 2501 Venie-

2146 2530 2275 2587 bam
2304 2543 2493 2590 autem
2524 2553 2627 2608 per
2654 2543 2845 2605 389
2874 2539 3253 2609 cognitionem
3274 2545 3406 2593 ante
3430 2537 3719 2608 imaginem

2145 2629 2348 2677 sanctae
2368 2625 2468 2679 Dei
2488 2627 2795 2697 genitricis,
2817 2645 2941 2699 quae
2971 2645 3061 2683 me
3098 2634 3156 2683 et
3174 2628 3232 2682 in
3260 2628 3369 2682 fide
3405 2644 3511 2683 sua
3549 2642 3721 2682 susce-

2143 2711 2245 2781 pit,
2269 2718 2327 2767 et
2343 2720 2473 2769 ante
2493 2715 2649 2771 illam
2670 2717 2978 2787 plorabam,
3021 2724 3087 2773 ut
3117 2719 3390 2789 effugaret
3416 2734 3452 2771 a
3486 2733 3572 2772 me
3590 2715 3720 2787 cogi-

2141 2800 2381 2857 tationes
2397 2820 2519 2875 quze
2537 2805 2908 2861 miserrimam
2923 2823 3106 2862 meam
3121 2807 3368 2862 animam
3385 2806 3714 2878 affligebant.

2140 2890 2374 2955 Quando
2391 2899 2581 2949 autem
2601 2897 2883 2967 superflue
2902 2897 3268 2969 dolenterque
3289 2898 3651 2971 lacrymabar,
3670 2902 3718 2951 et

2139 2980 2375 3037 viriliter
2400 2989 2595 3055 pectus
2622 3002 2811 3041 meum
2843 2987 3170 3055 tundebam,
3202 2994 3337 3043 tunc
3364 2989 3618 3043 videbam
3646 2988 3718 3042 lu-

2139 3087 2268 3125 men
2296 3072 2543 3145 undique
2572 3075 3004 3147 circumfulgens
3034 3094 3141 3135 me.
3174 3085 3231 3134 et
3276 3080 3553 3135 serenitas
3592 3079 3715 3133 mihi

460 3159 521 3209 et
545 3161 795 3211 sanctam
817 3172 1039 3212 crucem
1061 3156 1247 3212 videre
1264 3129 1477 3212 merui:
1491 3129 1561 3212 Iit
1579 3158 1696 3213 sole
1711 3129 1830 3229 jam
1856 3158 1926 3213 ad
1957 3175 2049 3213 oc-
2072 3129 2116 3191 Ο
2137 3162 2390 3232 quaedam
2414 3129 2630 3219 stabilis
2651 3129 3714 3242 moxfiabst.‘Cogi‘tationesvauvteimqu;

455 3259 645 3301 casum
667 3244 1004 3311 declinante,
1033 3245 1322 3301 ecclesiam
1361 3245 1512 3301 beati
1532 3247 1765 3302 Joannis
1785 3248 2053 3319 Baptista:
2134 3250 2202 3304 ad
2220 3250 2642 3310 fornicationem
2668 3257 2875 3311 iterum
2894 3259 3300 3330 compellebant
3316 3277 3424 3327 me,
3450 3261 3713 3333 quomodo

453 3334 694 3406 positam
708 3335 874 3405 juxta
888 3334 1187 3391 Iordanem
1217 3336 1497 3408 conspexi,
1531 3341 1588 3391 et
1606 3337 1666 3391 in
1686 3335 1883 3391 eodem
1905 3342 2051 3392 ta-m-
2132 3338 2235 3393 tibi
2245 3355 2510 3398 enarrare
2524 3346 2787 3415 possum?
2807 3346 2981 3413 Abba,
2996 3348 3238 3420 ignosce.
3252 3351 3405 3422 Ignis
3423 3351 3577 3408 intus
3594 3352 3713 3407 infe-

453 3422 547 3494 plo
565 3423 820 3495 ingressa
833 3424 1075 3491 adorans
1092 3425 1743 3482 continuoinJordanem
1764 3427 2046 3492 descendi,
2132 3427 2205 3481 lix
2221 3444 2423 3502 corpus
2440 3448 2629 3488 meum
2648 3434 2815 3490 nimis
2834 3438 3222 3506 succendebat,
3247 3445 3304 3494 et
3322 3445 3506 3495 totam
3527 3458 3611 3496 me
3625 3456 3713 3512 per

454 3516 513 3571 et
530 3528 597 3567 ex
625 3512 723 3567 illa
758 3520 952 3570 sancta
982 3530 1130 3585 aqua
1166 3531 1368 3570 manus
1396 3520 1454 3569 et
1487 3515 1685 3570 faciem
1722 3516 1850 3570 lavi.
1880 3516 2046 3570 Com-
2131 3518 2320 3572 omnia
2337 3520 2622 3591 exurebat,
2650 3529 2707 3578 et
2724 3525 2796 3580 ad
2815 3526 3153 3582 desiderium
3176 3529 3586 3586 commistionis
3604 3547 3712 3602 per-

450 3600 1155 3658 municaviautemviviﬁca
1167 3604 1574 3670 etintemerata
1591 3604 1799 3660 Christi
1824 3605 2049 3659 Domini
2129 3606 2407 3664 trahebat.
2437 3610 2580 3666 Dum
2619 3629 2752 3685 ergo
2784 3615 2922 3670 mihi
2939 3616 3066 3671 talis
3092 3618 3419 3673 ascenderet
3434 3600 3705 3691 cogitatio,

450 3697 820 3759 sacramenta,
834 3691 893 3747 in
908 3692 1107 3747 eadem
1120 3700 1313 3749 sancta
1330 3694 1688 3767 praecursoris
1710 3705 1768 3749 et
1783 3694 2048 3766 Baptistae
2128 3699 2551 3767 prosternebam
2585 3704 2858 3776 meipsam
2888 3706 2946 3761 in
2973 3711 3204 3773 terram,
3236 3713 3291 3763 et
3320 3709 3586 3783 lacrymis
3606 3717 3708 3767 ter-

449 3780 683 3837 Joannis
714 3780 960 3850 basilica,
1004 3787 1231 3851 ettunc
1265 3784 1435 3839 unius
1476 3784 1639 3857 panis
1682 3783 2043 3839 medietatem
2125 3801 2247 3840 ram
2276 3787 2595 3854 infundens,
2617 3792 2798 3864 ipsam
2813 3795 2951 3850 mihi
2966 3797 3235 3853 veraciter
3261 3780 3450 3854 astare
3468 3818 3702 3874 sperans,

448 3870 686 3938 comedi,
699 3876 757 3926 et
765 3888 993 3944 exaqua
1001 3872 1263 3962 Jordanis
1278 3872 1413 3941 bibi,
1427 3873 1487 3929 in
1505 3880 1661 3932 terra
1678 3880 1841 3929 nocte
1861 3874 2044 3945 quies.
2126 3891 2248 3946 quae
2264 3893 2354 3933 me
2377 3877 2724 3951 ﬁdedixerat,
2748 3885 2989 3941 minanti
3009 3903 3099 3942 me
3119 3870 3547 3960 compellatione
3564 3908 3708 3962 exag-

446 3975 599 4053 cens.
634 3960 972 4016 Lucescente
986 3961 1047 4016 in
1077 3961 1322 4017 crastino
1350 3962 1408 4017 in
1429 3970 1648 4035 partem
1668 3964 1836 4018 aliam
1859 3970 2045 4018 trans-
2122 3980 2321 4034 gerare
2349 3968 2646 4037 furentem,
2666 3975 2824 4045 quasi
2849 3976 3257 4048 praevaricanti,
3291 3986 3349 4033 et
3370 3996 3566 4052 pcenas
3580 3960 3705 4053 prie-

446 4046 541 4115 ivi,
565 4053 621 4103 et
649 4049 855 4104 iterum
884 4050 1021 4121 petii
1049 4048 1353 4107 ductricem
1377 4069 1560 4109 meam
1579 4058 1646 4108 ut
1669 4070 1759 4107 me
1775 4054 2044 4124 dirigeret
2124 4056 2480 4114 varicationis
2507 4060 2646 4116 mihi
2678 4046 3038 4121 imminentes
3074 4066 3161 4121 ira
3206 4046 3490 4125 mucronis
3525 4046 3704 4127 contra

443 4134 544 4195 ubi
572 4136 922 4208 eLplacitum
950 4145 1115 4194 esset.
1133 4141 1341 4196 Deveni
1371 4147 1560 4197 autem
1587 4142 1648 4197 in
1672 4143 1817 4197 hanc
1843 4143 2042 4197 solitu-
2125 4160 2216 4199 me
2242 4152 2523 4218 agentem.
2541 4151 2667 4207 Non
2687 4153 2839 4209 enim
2858 4160 2988 4210 ante
3005 4156 3302 4228 surgebam
3322 4158 3391 4214 de
3410 4165 3582 4228 terra,
3609 4159 3701 4215 nisi

445 4223 658 4287 dinem,
690 4232 748 4280 et
773 4242 841 4281 ex
886 4232 1024 4282 tunc
1061 4244 1237 4300 usque
1286 4229 1451 4285 hodie
1487 4231 1744 4301 elongavi
1794 4230 2032 4303 fugiens,
2119 4234 2276 4305 prius
2304 4237 2400 4291 illa
2442 4239 2769 4297 dulcissima
2817 4244 2912 4299 lux
2956 4223 3300 4302 illuminaret
3325 4265 3415 4303 me
3445 4223 3625 4318 solito,
3654 4253 3703 4304 et

445 4320 777 4385 exspectans
798 4318 969 4411 [deum
1001 4333 1209 4384 meum,
1228 4319 1323 4390 qui
1345 4320 1525 4376 salvos
1562 4320 1696 4375 facit
1721 4322 1952 4393 pusillos
1981 4327 2038 4377 et
2118 4325 2483 4396 cogitationes
2495 4331 2985 4402 meperturbantes
2996 4336 3702 4411 effugaret.Semperitaque

443 4419 698 4497 magnos,
728 4405 824 4497 qui
851 4412 1255 4464 convertuntur
1273 4408 1345 4464 ad
1373 4425 1502 4465 eum
1533 4413 1694 4477 (Psal.
1727 4416 1858 4480 LIV).
1891 4412 2039 4467 Zosi-
2129 4415 2311 4470 cordis
2341 4418 2449 4472 mei
2473 4420 2662 4477 oculos
2681 4423 2754 4477 ad
2786 4422 2944 4478 illam
2974 4405 3357 4497 fidejussorem
3388 4405 3576 4487 meam
3595 4405 3700 4484 sine

443 4508 566 4549 mas
585 4492 726 4550 dixit
744 4495 813 4550 ad
835 4513 993 4551 eam:
1017 4497 1166 4562 Quot
1182 4498 1315 4553 anni
1340 4505 1489 4565 sunt,
1513 4518 1546 4555 ο
1565 4501 1812 4569 domina,
1835 4519 1901 4557 ex
1930 4518 2039 4574 quo
2064 4497 2432 4562 Dcessatione
2462 4509 2767 4581 erigebam,
2800 4492 3105 4585 deprecans
3132 4533 3252 4571 eam
3286 4517 3543 4573 auxiliari
3578 4515 3699 4573 mihi

441 4581 587 4639 hanc
604 4583 885 4655 inhabitas
909 4587 1295 4644 solitudinem?
1316 4589 1622 4662 Respondit
1633 4591 1836 4647 mulier
1854 4611 1866 4647 :
1892 4593 2038 4657 Qua-

441 4671 704 4743 draginta
728 4682 945 4747 septem
973 4678 1108 4739 anni
1137 4683 1290 4742 sunt,
1322 4685 1388 4735 ut
1413 4680 1724 4751 considero,
1747 4699 1813 4738 ex
1832 4698 1941 4755 quo
1967 4682 2038 4738 de

442 4767 643 4833 sancta
665 4763 893 4821 civitate
918 4783 1144 4838 egressa
1171 4786 1318 4826 sum.
1351 4770 1503 4827 Dixit
1527 4778 1718 4827 autem
1748 4772 2031 4828 Zosimas:

441 4848 513 4907 Et
535 4850 670 4921 quid
684 4852 936 4910 invenire
955 4856 1026 4911 ad
1053 4873 1214 4913 esum
1232 4859 1485 4931 potuisti,
1513 4878 1547 4916 o
1566 4862 1663 4931 mi,
1686 4862 2030 4930 autinvenis,

420 4937 709 5013 ‘Domina.
728 4942 1038 5015 Respondit
1058 4947 1264 5003 mulier
1284 4965 1297 5003 :
1321 4949 1473 5005 Duos
1490 4952 1663 5007 semis
1681 4952 1908 5024 quidem
1937 4969 2034 5025 pa-

436 5042 539 5086 nes
576 5030 880 5087 Jordanem
916 5037 1257 5092 transmeavi
1305 5038 1637 5111 deportans;
1675 5046 1733 5097 et
1768 5042 1863 5115 qui
1906 5047 2033 5114 post

434 5118 720 5176 modicum
744 5122 974 5179 arefacti
996 5126 1156 5196 quasi
1176 5126 1389 5199 lapides
1409 5129 1814 5196 obduruerunt,
1848 5137 1905 5186 et
1918 5148 2034 5187 mo-

435 5205 621 5264 dicum
649 5209 784 5282 quid
811 5228 990 5284 usque
1013 5214 1085 5270 ad
1105 5215 1323 5289 aliquos
1350 5235 1528 5275 annos
1556 5220 1855 5276 comedens
1880 5228 2035 5276 tran-

433 5298 574 5369 segi.
602 5300 754 5355 Dixit
789 5308 980 5358 autem
1028 5305 1275 5362 Zozimas
1308 5326 1319 5361 :
1363 5308 1432 5363 Et
1468 5309 1548 5363 sic
1601 5309 1810 5382 absque
1839 5311 2031 5367 dolore

430 5389 685 5443 transisti
712 5392 857 5446 tanti
887 5395 1155 5466 temporis
1180 5396 1593 5468 longitudinem
1608 5399 1633 5451 Ἰ
1660 5398 1804 5454 nihil
1828 5417 2031 5472 repen-

428 5475 563 5531 tina
580 5477 993 5537 immutationis
1003 5488 1061 5538 et
1070 5484 1514 5541 conturbationis
1528 5486 1751 5543 sensisti
1760 5490 2031 5546 calorem?

2116 4593 2176 4649 in
2206 4594 2311 4651 hac
2329 4598 2631 4655 solitudine
2659 4607 2717 4656 et
2745 4603 3092 4674 paenitentia.
3116 4605 3300 4661 Habui
3321 4624 3455 4679 ergo
3483 4605 3700 4680 adjutri—

2118 4700 2239 4740 cem
2256 4692 2313 4741 et
2332 4688 2487 4760 coadj
2495 4690 2730 4746 utricem
2749 4684 2948 4765 ipsam,
2972 4711 3095 4766 quae
3110 4696 3308 4766 genuit
3325 4698 3598 4759 castitatis
3616 4712 3698 4751 au-

2119 4779 2349 4844 ctorem,
2373 4782 2430 4833 et
2465 4779 2543 4834 sic
2561 4780 2754 4836 decem
2788 4788 2847 4837 et
2886 4790 3099 4856 septem
3119 4801 3396 4843 annorum
3420 4784 3693 4843 curriculis

2117 4880 2246 4920 cum
2274 4866 2486 4936 multis,
2514 4874 2579 4924 ut
2605 4869 2744 4940 dixi,
2774 4887 2954 4945 usque
2982 4873 3148 4930 hodie
3177 4875 3440 4947 periculis
3469 4877 3693 4933 eluctata

2115 4969 2262 5009 sum.
2276 4956 2327 5010 A
2346 4960 2481 5013 tunc
2499 4975 2632 5030 ergo
2642 4961 2988 5033 adiutorium
2998 4980 3183 5019 meum
3195 4964 3296 5021 Dei
3316 4966 3559 5036 genitrix
3577 4964 3693 5020 asti-

2115 5044 2187 5098 tit
2208 5044 2366 5112 mihi,
2389 5063 2491 5119 per
2508 5049 2698 5103 omnia
2734 5049 2794 5104 in
2822 5050 3081 5107 omnibus
3124 5069 3215 5107 me
3243 5052 3511 5125 dirigens.
3555 5052 3691 5109 Dixit

2114 5138 2304 5188 autem
2334 5135 2581 5192 Zosimas
2606 5156 2619 5192 :
2651 5138 2776 5194 Non
2806 5139 3051 5195 habuisti
3077 5140 3264 5196 cibum
3284 5147 3383 5197 aut
3410 5143 3689 5199 vestimen-

2112 5223 2266 5278 tum?
2294 5223 2362 5280 Et
2387 5225 2487 5280 illa
2525 5226 2665 5282 dixit
2695 5245 2706 5281 :
2741 5228 2921 5284 Panes
2949 5230 3177 5301 quidem
3226 5230 3368 5298 illos,
3419 5231 3561 5287 sicut
3581 5233 3689 5303 jam

2112 5312 2244 5379 dixi,
2277 5313 2471 5369 decem
2502 5321 2559 5370 et
2586 5322 2799 5388 septem
2823 5319 3138 5390 expendens
3167 5319 3349 5387 annis,
3375 5320 3573 5376 deinde
3601 5336 3690 5373 nu-

2111 5401 2324 5457 triebar
2350 5403 2540 5459 herbis
2569 5422 2692 5477 quae
2719 5405 3147 5464 inveniebantur
3182 5425 3283 5481 per
3310 5410 3679 5466 solitudinem.

2111 5491 2311 5547 Indum
2318 5498 2508 5548 entum
2531 5500 2722 5550 autem
2733 5496 2881 5567 quod
2901 5496 3092 5565 habui,
3108 5504 3451 5563 transmeato
3462 5499 3686 5555 Jordane

424 5563 541 5660 Illa.
560 5565 742 5623 dixit:
774 5570 913 5626 Rem
944 5588 1096 5628 nunc
1122 5590 1215 5629 me
1252 5573 1587 5648 interrogas,
1629 5595 1799 5651 quam
1828 5580 2018 5638 dicens
2101 5580 2279 5636 nimia
2298 5588 2575 5641 vetustate
2595 5563 2830 5640 scissum
2851 5591 2909 5641 et
2927 5563 3318 5660 consumptum
3336 5595 3439 5644 est.
3466 5588 3683 5644 Multam

415 5651 584 5710 valde
605 5659 992 5729 contremisco,
1026 5660 1075 5718 si
1103 5662 1174 5718 ad
1202 5666 1795 5728 commemorationem
1812 5688 2016 5730 venero
2098 5688 2232 5744 ergo
2249 5671 2473 5745 glaciali
2497 5674 2705 5747 frigore
2725 5680 2783 5732 et
2802 5680 2970 5734 aestus
2986 5651 3185 5735 ardore
3203 5678 3587 5735 necessitatem
3605 5691 3683 5732 suo
