3868 6424
145 402 250 460 685
896 403 1067 459 vna
1104 364 1405 459 smmis
1426 370 1689 457 mm
1726 395 2193 465 IEGYPTIAC/E,
2236 392 2686 452 MERETRICIS.
3314 389 3421 450 686

145 529 342 590 stinui.
367 526 759 584 concrementa
768 528 943 583 aestus
959 529 1234 596 incendio,
1251 532 1306 583 et
1323 524 1496 583 nimio
1520 527 1743 599 frigoris
1760 527 1812 587 Α
1829 542 1997 598 quam
2019 540 2197 596 usque
2213 539 2361 579 nunc
2376 518 2834 576 sanctiﬁcationis
2853 517 3023 591 hujus
3042 535 3146 604 usa
3156 535 3283 576 sum
3294 536 3421 592 por.

144 626 406 691 tempore
425 619 556 691 gelu
575 618 857 690 rigescens
879 623 937 673 et
952 624 1223 685 tremens,
1248 617 1532 672 multoties
1560 618 1619 671 in
1638 622 1747 671 ter-
1828 616 1980 670 tione
2004 635 2016 682 ;
2052 621 2108 668 et
2136 613 2280 679 ideo,
2304 613 2592 684 deprecor,
2618 628 2801 666 meam
2840 627 2913 665 ne
2938 627 3170 682 spernas
3203 609 3424 682 petitio-

144 726 270 763 ram
297 710 501 764 cadens
522 708 730 779 absque
751 708 954 779 spiritu
971 708 1226 778 jacebam
1252 706 1572 773 immobilis,
1597 707 1744 761 mul-
1828 725 1975 773 nem,
2000 709 2193 773 390
2215 705 2313 760 sed
2340 721 2441 776 per
2460 703 2649 758 omnia
2665 702 2788 774 ipsa
2814 702 3027 757 viviﬁca
3048 707 3217 774 atque
3238 702 3429 757 divina

145 799 222 853 tis
243 803 301 853 et
314 798 547 852 diversis
570 797 993 852 necessitatibus
1018 804 1075 851 et
1094 796 1746 852 tentationibusimmen-
1831 796 2099 870 mysteria
2129 796 2266 850 affer
2289 794 2345 848 in
2380 810 2447 848 ea
2472 794 2632 859 hora,
2667 809 2776 863 qua
2805 792 3077 846 Dominus
3125 791 3428 862 discipulos

146 887 228 941 sis
257 887 525 951 eluctans,
560 904 662 959 per
690 887 879 941 omnia
904 904 1080 958 usque
1126 887 1186 941 in
1223 887 1366 940 hanc
1393 886 1542 941 diem
1574 885 1748 940 virtus
1832 887 2028 941 divinae
2056 902 2226 940 coenae
2255 884 2554 956 participes
2578 882 2725 936 fecit.
2771 882 2974 937 Joanni
3005 888 3195 937 autem
3239 880 3429 935 abbati

146 976 253 1030 Dei
284 977 476 1031 multis
506 976 686 1030 modis
701 977 961 1030 miseram
994 975 1241 1030 animam
1262 993 1447 1030 meam
1474 980 1530 1030 et
1547 992 1748 1046 corpus
1832 975 2177 1042 monasterii,
2206 974 2264 1028 in
2289 990 2399 1045 quo
2428 971 2864 1039 habitas,edicto
2894 990 2904 1025 :
2937 973 3180 1027 Attende
3208 970 3310 1025 tibi
3323 969 3433 1042 ipsi

146 1082 342 1119 meum
363 1065 1014 1121 custodivit.Recordans
1028 1065 1177 1120 enim
1207 1065 1275 1120 de
1297 1064 1556 1137 qualibus
1584 1064 1749 1118 malis
1834 1072 1891 1121 et
1908 1064 2067 1136 gregi
2094 1070 2227 1131 tuo;
2259 1063 2450 1135 aliqua
2477 1061 2625 1117 enim
2657 1062 2800 1116 ﬁunt
2828 1060 2905 1115 ibi
2935 1061 3330 1117 emendatione
3350 1059 3434 1114 in-

146 1154 413 1210 liberavit
430 1172 516 1210 me
538 1155 830 1222 Dominus,
857 1172 982 1210 esca
1003 1152 1747 1219 nutriorinconsummabili,
1834 1154 2103 1225 digentia.
2134 1153 2242 1208 Sed
2271 1152 2399 1207 nolo
2429 1157 2486 1205 te
2510 1152 2628 1207 haec
2654 1168 2803 1206 nunc
2833 1151 2884 1205 ei
2912 1151 3114 1218 dicere,
3148 1151 3244 1205 sed
3259 1165 3436 1222 quan-

147 1250 208 1299 et
237 1244 515 1299 satietatis
542 1244 799 1316 possideo
825 1245 1017 1316 epulas
1056 1260 1210 1315 spem
1242 1242 1437 1298 salutis
1467 1242 1754 1297 meae.Nu-
1836 1244 1907 1298 do
1936 1243 2038 1298 tibi
2068 1242 2395 1315 praeceperit
2420 1242 2589 1296 Deus.
2632 1242 2763 1296 Haec
2804 1241 3011 1308 dicens,
3045 1241 3357 1295 orationem
3400 1255 3436 1294 a

146 1333 296 1388 trior
315 1339 502 1388 autem
521 1339 579 1388 et
597 1334 888 1405 cooperior
907 1333 1153 1403 tegmine
1176 1332 1327 1387 verbi
1349 1331 1469 1399 Dei,
1494 1330 1591 1402 qui
1619 1347 1753 1385 con-
1836 1350 1967 1388 sene
1998 1332 2354 1404 postulando,
2382 1331 2439 1386 in
2468 1329 2796 1386 interiorem
2815 1330 3177 1385 solitudinem
3191 1328 3436 1384 velocius

146 1424 298 1478 tinet
313 1423 502 1478 omnia
524 1425 698 1494 (Deut.
719 1428 858 1491 vm).
889 1424 1015 1477 Non
1039 1423 1188 1477 enim
1227 1422 1286 1476 in
1304 1423 1420 1476 solo
1456 1438 1600 1493 pane
1621 1420 1755 1475 vivit
1835 1422 2135 1478 festinavit.

147 1513 324 1567 homo
356 1514 569 1581 (Matth.
588 1510 690 1583 In),
714 1518 769 1566 et
783 1528 893 1566 non
916 1511 1187 1566 habentes
1216 1510 1626 1582 operimentum
1654 1528 1754 1583 pe-
1909 1514 2039 1568 CAP.
2072 1512 2563 1567 XXI.-—Zosimas
2587 1515 2778 1566 autem
2806 1515 3169 1583 prosternens
3193 1528 3254 1565 se
3282 1527 3438 1567 oscu-

148 1609 257 1657 trse
286 1601 616 1657 circumdati
661 1606 795 1656 sunt
824 1601 1070 1672 tegmine
1098 1600 1158 1654 hi
1196 1601 1291 1672 qui
1320 1618 1378 1655 se
1417 1601 1631 1673 peccati
1669 1617 1758 1655 ex-
1839 1602 2062 1657 labatur
2091 1592 2255 1656 terrae
2281 1602 2488 1668 locum,
2515 1600 2573 1655 in
2589 1616 2700 1672 quo
2726 1601 2850 1671 ejus
2878 1601 3115 1671 vestigia
3142 1606 3436 1669 steterant,

148 1692 535 1764 spoliaverunt
561 1692 754 1746 tunica
781 1692 915 1759 (Job.
944 1704 1092 1756 xxn',
1117 1694 1286 1760 juxta
1316 1692 1455 1754 Lxx).
1840 1693 1979 1747 dans
2001 1691 2240 1762 gloriam
2269 1691 2386 1746 Deo
2419 1716 2430 1746 :
2463 1690 2881 1763 immensasque
2907 1691 3094 1762 gratia
3122 1708 3315 1762 agens,
3347 1707 3439 1745 re-

226 1782 359 1838 CAP.
392 1782 509 1836 XX.
556 1808 612 1822 ---
642 1781 892 1835 Audiens
948 1787 1138 1835 autem
1196 1780 1443 1836 Zosimas
1494 1780 1781 1851 quoniam,
1839 1799 2033 1837 versus
2063 1786 2165 1847 est,
2198 1781 2437 1835 laudans
2466 1785 2523 1835 et
2559 1779 2897 1835 benedicens
2926 1780 3229 1835 Dominum
3258 1782 3439 1835 Deum

150 1870 575 1942 Scripturarum
604 1870 929 1924 testimonia
956 1869 1273 1941 proferebat
1302 1887 1367 1923 ex
1395 1849 1554 1924 libris
1579 1849 1816 1942 MoysiB
1840 1877 2096 1927 nostrum
2125 1872 2317 1926 Jesum
2348 1870 2659 1926 Christum.
2692 1871 2903 1925 Iterum
2955 1875 3147 1925 autem
3177 1886 3438 1926 remeans

149 1959 414 2014 videlicet
432 1963 490 2013 et
509 1958 660 2014 beati
680 1959 783 2014 Job
805 1959 918 2014 sive
939 1959 1315 2026 Psalmorum,
1341 1958 1481 2013 dixit
1496 1958 1566 2013 ad
1589 1976 1714 2013 eam
1739 1978 1751 2013 :

150 2049 432 2114 Psalmos,
466 2066 497 2103 o
547 2053 748 2109 mater,
796 2048 1058 2115 didicisti,
1092 2049 1178 2103 vel
1210 2048 1350 2102 alios
1379 2047 1549 2102 libros
1588 2066 1757 2103 sacrae

153 2137 458 2210 Scriptura:
484 2137 707 2208 legisti?
726 2137 830 2194 Illa
861 2143 1051 2192 autem
1072 2137 1177 2193 hoc
1190 2137 1443 2204 audiens,
1461 2136 1756 2192 subridens

150 2227 299 2282 dixit
320 2227 389 2281 ad
408 2244 539 2282 eum
561 2246 572 2280 :
603 2227 780 2282 (Zrede
802 2227 960 2291 mihi,
980 2244 1091 2281 non
1107 2226 1219 2281 vidi
1243 2225 1530 2281 hominem
1552 2244 1617 2282 ex
1648 2244 1758 2299 quo

150 2318 459 2373 Jordanem
487 2316 740 2379 transivi,
763 2314 873 2371 nisi
901 2320 956 2371 te
981 2315 1148 2370 hodie
1173 2335 1183 2370 :
1220 2316 1318 2371 sed
1365 2333 1549 2387 neque
1580 2316 1758 2371 feram

151 2412 258 2462 aut
279 2406 431 2461 aliud
449 2406 659 2460 animal
680 2406 1081 2478 qualecunque,
1107 2423 1173 2460 ex
1193 2422 1302 2477 quo
1320 2404 1378 2460 in
1391 2406 1537 2460 hanc
1555 2405 1753 2460 deveni

151 2495 540 2552 solitudinem.
554 2494 798 2550 Litteras
819 2500 1007 2550 autem
1037 2512 1325 2566 nunquam
1341 2494 1544 2549 alicubi
1561 2495 1751 2560 didici,

1841 1961 2093 2031 ejusdem
2123 1960 2440 2015 solitudinis
2468 1960 2594 2027 iter,
2626 1978 2740 2032 quo
2778 1966 3028 2027 venerat,
3060 1961 3350 2032 conjunxit
3378 1961 3439 2015 in

1839 2050 2182 2105 monasterio
2214 2066 2278 2104 eo
2307 2055 2580 2122 tempore,
2610 2067 2720 2122 quo
2760 2055 3166 2106 consueverant
3187 2050 3229 2104 ii
3254 2049 3349 2122 qui
3377 2049 3439 2105 in

1841 2140 2036 2194 eodem
2068 2139 2452 2194 morabantur.
2478 2141 2548 2195 Et
2574 2144 2758 2195 totum
2787 2139 3012 2212 quidem
3042 2156 3254 2195 annum
3275 2140 3439 2194 illum
3478 2124 3489 2131 ’

1840 2229 2034 2296 tacuit,
2066 2230 2298 2284 minime
2325 2230 2539 2285 audens
2571 2230 2859 2302 quidpiam
2887 2231 3073 2285 dicere
3100 2247 3167 2285 ex
3194 2229 3283 2284 his
3314 2246 3438 2302 quae

1840 2318 2085 2386 viderat;
2110 2319 2170 2373 in
2192 2318 2373 2390 seipso
2390 2324 2581 2375 autem
2601 2319 3216 2391 deprecabaturDeum,
3234 2325 3301 2375 ut
3328 2318 3439 2374 ite-

1838 2425 1965 2463 rum
1984 2408 2034 2463 ci
2046 2409 2367 2464 ostenderet
2385 2408 2812 2464 desiderabilem
2837 2410 3074 2465 vultum.
3109 2408 3445 2480 Suspirabat

1837 2502 2047 2562 autem,
2062 2498 2236 2553 annui
2258 2515 2451 2554 cursus
2470 2497 2830 2553 considerans
2838 2497 3185 2553 tarditatem.
3202 2497 3440 2561 Quando

152 2584 257 2640 sed
279 2602 460 2657 neque
487 2584 820 2657 psallentem
849 2590 948 2640 aut
962 2584 1244 2656 legentem
1273 2584 1518 2656 aliquem
1539 2584 1755 2639 auscul-

151 2675 292 2730 tavi.
326 2675 521 2730 Sermo
551 2678 740 2729 autem
769 2673 871 2729 Dei
902 2675 1057 2729 vivus
1092 2678 1149 2729 et
1180 2673 1375 2728 efﬁcax
1403 2673 1755 2729 intellectum

150 2763 495 2818 intrinsecus
549 2762 709 2818 docet
756 2762 1072 2817 humanum
1122 2765 1266 2831 (Ileb.
1302 2766 1395 2833 Iv).
1428 2765 1550 2819 Huc
1576 2780 1756 2836 usque
1838 2767 2140 2837 psallentes
2162 2767 2456 2822 exierunt:
2491 2767 2612 2840 ipse
2631 2770 2823 2822 autem
2844 2767 3064 2822 modica
3089 2765 3259 2820 febris
3275 2765 3438 2821 inﬁr-

149 2852 288 2906 finis
316 2868 509 2906 eorum
540 2868 662 2923 quae
686 2868 813 2905 mea
835 2856 984 2906 sunt.
1025 2852 1187 2907 Nunc
1232 2858 1422 2908 autem
1461 2853 1757 2908 obsecrans
1838 2855 2036 2911 mitate
2056 2855 2337 2922 detentus,
2362 2856 2737 2912 mansitintus
2766 2855 2827 2911 in
2846 2854 3208 2910 monasterio.
3228 2855 3439 2910 Recor-

152 2958 348 3013 quaaso
378 2945 434 2995 te
460 2957 561 3012 per
585 2941 1032 2995 incarnationem
1080 2941 1247 2996 Verbi
1282 2942 1385 2997 Dei
1416 2948 1476 2997 et
1501 2960 1625 2998 ores
1655 2959 1755 3014 pro
1839 2945 2004 3001 datus
2032 2951 2119 3001 est
2146 2951 2336 3001 autem
2362 2946 2608 3002 Zosimas
2638 2946 2744 3001 sibi
2773 2946 3105 3018 praedictum
3142 2950 3349 3000 sanctae
3377 2944 3444 2999 il-

149 3044 249 3083 me
275 3027 581 3083 luxuriosa;
608 3029 678 3084 Et
719 3046 847 3084 cum
876 3029 994 3084 haec
1021 3029 1278 3097 dixisset,
1311 3031 1560 3085 cucurrit
1589 3047 1757 3085 senex
1839 3034 1968 3102 lius,
1995 3035 2128 3106 quia
2155 3053 2339 3108 neque
2365 3037 2556 3091 volens
2576 3036 2726 3091 exire
2743 3035 2974 3091 valebis.
2995 3034 3315 3108 Aliquantis
3342 3050 3440 3089 au-

150 3123 215 3172 et
239 3134 392 3189 genu
421 3118 562 3173 ﬂexo
604 3135 664 3172 se
700 3117 759 3172 in
784 3124 996 3173 terram
1046 3124 1419 3190 prosternere,
1450 3119 1758 3175 vociferans
1838 3129 1954 3178 tem
1979 3124 2182 3196 elapsis
2196 3124 2411 3192 diebus,
2429 3124 2499 3179 ab
2529 3125 2860 3180 infirmitate
2887 3124 3228 3191 sublevatus,
3242 3124 3301 3178 in
3322 3139 3439 3178 mo-

150 3214 214 3263 et
241 3207 432 3262 dicens
458 3226 468 3261 :
492 3205 828 3262 Benedictus
845 3207 1121 3263 Dominus
1144 3209 1292 3263 Deus
1315 3210 1409 3280 qui
1439 3211 1573 3264 facit
1591 3210 1757 3264 mira-
1780 3214 1823 3274 C
1841 3214 2086 3269 nasterio
2115 3213 2563 3270 conversabatur.
2591 3214 2826 3279 Quando
2855 3213 3064 3268 reversi
3090 3217 3225 3267 sunt
3251 3228 3444 3267 mona-

148 3297 298 3351 bilia
325 3312 529 3368 magna
554 3296 724 3363 solus,
760 3292 1005 3367 gloriosa
1029 3301 1085 3351 et
1100 3297 1462 3353 vehementer
1481 3299 1758 3371 stupenda
1839 3302 1929 3356 chi
1958 3308 2188 3358 sacratae
2210 3320 2382 3357 coenae
2407 3319 2656 3375 vespere,
2687 3302 2820 3358 fecit
2836 3303 2983 3375 quod
3005 3302 3303 3373 eijussum
3322 3306 3437 3358 est:

1837 2591 2026 2641 autem
2057 2587 2282 2643 advenit
2309 2604 2470 2642 sacra
2492 2587 2841 2659 jejuniorum
2872 2587 3096 2641 initiata
3125 2586 3310 2659 prima
3330 2586 3440 2642 Do-

1838 2676 2060 2744 minica,
2108 2693 2237 2731 mox
2284 2682 2411 2749 post
2457 2676 2681 2732 solitam
2720 2676 3034 2731 orationem
3064 2676 3164 2730 alii
3212 2676 3442 2747 quidem

151 3385 364 3458 quibus
392 3402 505 3440 non
558 3390 644 3440 est
691 3402 960 3441 numerus
994 3386 1129 3454 (Job,
1166 3386 1262 3455 Ix).
1312 3387 1644 3443 Benedictus
1674 3405 1753 3455 es,

147 3475 397 3533 Domine
417 3475 588 3543 Deus,
610 3474 706 3547 qui
724 3474 1019 3530 ostendisti
1039 3475 1178 3530 mihi
1206 3482 1418 3548 quanta
1438 3477 1662 3548 largiris
1692 3478 1760 3532 ti-

146 3554 441 3620 mentibus
461 3569 535 3619 te.
578 3565 724 3619 Vere
752 3562 902 3619 enim
933 3570 1046 3619 non
1076 3565 1417 3638 derelinquis
1447 3573 1759 3638 quaerentes

147 3660 234 3722 te,
260 3654 496 3709 Domine
511 3648 675 3715 (Psal.
703 3662 799 3715 lx).
824 3654 929 3709 Ill'a
971 3659 1160 3709 autem
1202 3655 1631 3727 apprehendens
1669 3674 1759 3712 se-

149 3762 313 3812 nem,
336 3761 448 3799 non
467 3744 726 3817 permisit
744 3744 801 3799 in
821 3747 1033 3799 terram
1058 3744 1300 3817 perfecte
1329 3744 1627 3817 prosterni,
1662 3747 1759 3802 sed

149 3834 304 3890 dixit
330 3834 383 3889 ei
416 3854 426 3888 :
462 3835 593 3890 Haec
648 3851 772 3906 qua:
801 3833 1028 3899 audisti,
1059 3834 1246 3903 homo,
1281 3835 1530 3890 obtestor
1563 3841 1623 3891 te
1658 3852 1761 3909 per

146 3923 462 3980 Dominum
476 3924 821 3980 Salvatorem
835 3928 1091 3979 nostrum
1107 3924 1136 3979 J
1141 3941 1301 3979 esum
1325 3924 1628 3991 Christum,
1664 3941 1761 3980 ne-

149 4013 301 4069 mini
323 4013 548 4081 dixeris,
568 4011 936 4085 quoadusque
958 4013 1108 4068 Deus
1128 4012 1197 4067 de
1218 4014 1439 4068 vinculo
1455 4015 1639 4070 carnis
1661 4010 1761 4069 ab-

150 4104 342 4159 solvat
368 4121 476 4159 me.
509 4102 610 4158 His
634 4102 894 4158 omnibus
926 4102 1165 4175 acceptis
1194 4103 1253 4158 in
1283 4120 1436 4176 pace,
1470 4109 1527 4159 et
1553 4103 1761 4160 iterum

150 4194 265 4247 hoc
280 4192 478 4248 eodem
502 4196 755 4266 tempore
784 4191 1113 4248 adveniente
1146 4210 1292 4247 anno
1320 4193 1600 4266 apparebo
1630 4193 1751 4261 tibi,

152 4287 217 4338 et
229 4281 440 4337 videbis
462 4300 570 4352 me,
594 4282 697 4338 Dei
711 4299 811 4337 nos
831 4280 1184 4354 gubernante
1203 4282 1407 4353 gratia.
1428 4283 1537 4338 Fac
1568 4288 1760 4339 autem

150 4377 393 4444 propter
411 4371 733 4435 Dominum,
757 4370 903 4445 quod
926 4367 1074 4426 nunc
1103 4371 1206 4426 tibi
1227 4370 1304 4443 inj
1314 4366 1481 4444 ungo,
1507 4378 1571 4429 ut
1589 4374 1760 4429 sacris

143 4462 232 4533 jej
241 4459 390 4516 uniis
410 4460 826 4517 recurrentibus
849 4458 981 4515 anni
1013 4461 1233 4515 venturi
1253 4458 1365 4517 non
1378 4468 1633 4518 transeas
1644 4464 1763 4518 Jor-

1843 3396 1901 3446 et
1930 3392 2160 3448 mittens
2189 3393 2249 3447 in
2279 3393 2499 3448 modico
2514 3392 2686 3447 calice
2706 3392 3026 3447 intemerati
3057 3391 3306 3463 corporis
3315 3408 3444 3463 por-

1841 3481 2056 3537 tionem
2086 3487 2145 3537 et
2196 3482 2426 3555 pretiosi
2480 3480 2771 3553 sanguinis
2825 3480 3053 3537 Domini
3089 3481 3269 3536 nostri
3306 3482 3442 3537 Jesu

1842 3571 2071 3635 Christi,
2108 3572 2296 3643 posuit
2322 3571 2381 3626 in
2411 3571 2655 3626 canistro
2682 3587 2909 3644 carycas
2921 3587 3125 3643 paucas
3154 3576 3213 3625 et
3231 3570 3446 3643 palma-

1842 3676 1971 3714 rum
1999 3660 2233 3728 fructus,
2255 3660 2314 3716 id
2334 3666 2423 3716 est
2445 3660 2715 3733 dactylos,
2733 3664 2791 3716 et
2818 3676 3021 3732 parum
3046 3660 3326 3716 lenticulae
3354 3660 3441 3716 in-

1843 3749 1980 3805 fusa;
2024 3749 2085 3804 in
2112 3750 2273 3822 aquis
2298 3769 2310 3817 ;
2363 3755 2420 3805 et
2444 3749 2598 3806 venit
2631 3744 2812 3817 tarde,
2838 3753 2896 3804 et
2924 3748 2996 3804 ad
3025 3748 3209 3820 ripam
3236 3749 3440 3804 Jorda-

1841 3839 1928 3893 nis
1958 3837 2207 3906 sedebat,
2240 3839 2542 3895 adventum
2572 3842 2777 3894 sanctaa
2795 3836 3145 3910 praestolans.
3177 3837 3443 3892 Beatissi-

1841 3944 1937 3982 ma
1964 3933 2153 3983 autem
2177 3928 2275 3983 illa
2317 3929 2578 3984 tardante
2622 3928 2879 3994 muliere,
2902 3927 3150 3982 Zosimas
3172 3942 3288 3982 non
3316 3925 3445 3981 dor-

1841 4016 2080 4083 mitavit,
2109 4018 2208 4072 sed
2229 4017 2465 4073 sollicite
2492 4016 2822 4073 attendebat
2848 4015 3230 4083 solitudinem,
3266 4012 3441 4071 susti-

1842 4122 1982 4161 nens
2025 4107 2175 4178 quod
2221 4107 2410 4162 videre
2457 4105 2831 4162 desiderabat.
2882 4105 3116 4161 Dicebat
3159 4110 3350 4161 autem
3377 4105 3442 4160 in

1841 4195 2142 4268 semetipso
2176 4214 2187 4250 z
2217 4196 2485 4269 Nunquid
2512 4195 2759 4263 veniens,
2787 4195 2927 4251 dum
2954 4211 3026 4251 ne
3054 4211 3169 4250 non
3204 4194 3436 4264 invenit,

1841 4301 2070 4340 reversa
2097 4285 2224 4340 est?
2252 4286 2385 4342 Haec
2413 4286 2622 4354 dicens,
2653 4283 2861 4355 ﬂebat;
2898 4288 2956 4340 et
2992 4284 3215 4341 elevans
3240 4283 3301 4341 in
3328 4300 3436 4341 coa-

1840 4373 1961 4429 lum
1989 4375 2194 4440 oculos,
2216 4376 2543 4448 suppliciter
2564 4375 2746 4431 Deum
2764 4373 3188 4446 deprecabatur,
3211 4373 3433 4430 dicens:

1842 4462 1969 4518 Non
1994 4479 2086 4518 me
2121 4464 2349 4532 alienas,
2381 4463 2636 4530 Domine,
2668 4463 2877 4519 iterum
2898 4462 3106 4530 videre,
3140 4478 3311 4534 quam
3343 4478 3436 4517 me

149 4550 386 4617 danem,
434 4556 498 4607 ut
527 4549 999 4606 consuetudinem
1036 4549 1253 4604 habetis
1296 4550 1355 4605 in
1388 4553 1751 4608 monasterio.
1772 4535 1819 4597 Π
1844 4550 2031 4607 videre
2061 4552 2328 4609 tribuisti.
2378 4553 2506 4608 Non
2541 4553 2741 4608 vadam
2786 4568 3012 4618 vacuus,
3043 4554 3274 4623 peccata
3306 4566 3437 4607 mea

150 4638 438 4712 Stupebat
463 4646 653 4695 autem
675 4638 943 4705 Zosimas,
964 4637 1196 4693 audiens
1213 4639 1476 4710 quoniam
1508 4647 1565 4695 et
1591 4657 1759 4695 cano-

146 4732 286 4784 nem
310 4724 637 4785 monasterii
655 4728 833 4784 inscia
861 4728 1019 4801 quasi
1043 4745 1164 4799 quae
1184 4734 1373 4783 nosset
1400 4727 1645 4798 dicebat;
1679 4730 1761 4784 ni-

149 4822 354 4892 hilque
383 4819 534 4874 aliud
564 4818 843 4875 clamabat
870 4816 977 4872 nisi
998 4819 1235 4889 gloriam
1266 4818 1387 4883 Dei,
1410 4819 1505 4891 qui
1542 4819 1759 4890 majora

150 4924 333 4981 quam
360 4906 573 4980 petitur
593 4906 955 4979 diligentibus
975 4923 1035 4961 se
1055 4906 1312 4977 largitur.
1332 4907 1437 4963 Illa
1457 4908 1647 4962 autem
1677 4906 1757 4961 di-

146 4999 239 5054 xit
267 5017 278 5052 :
307 4998 534 5053 Sustine
554 5003 619 5053 ut
637 4997 771 5065 dixi,
790 4997 953 5063 abba,
973 4997 1032 5052 in
1044 4997 1385 5053 monasterio
1409 5016 1422 5067 ;
1449 5014 1631 5070 neque
1651 4997 1757 5053 etsi

148 5088 312 5146 exire
332 5088 572 5143 volueris
589 5104 891 5160 quoquam,
911 5085 1137 5142 valebis.
1170 5088 1415 5160 Vespere
1444 5093 1634 5143 autem
1673 5105 1758 5144 sa-

147 5177 476 5234 cratissimo
500 5175 804 5233 Dominicae
846 5193 1034 5244 coenae,
1068 5176 1241 5232 divini
1272 5177 1518 5250 corporis
1545 5182 1603 5232 et.
1627 5176 1758 5231 vivi-

149 5268 249 5325 ﬁci
265 5265 557 5339 sanguinis
572 5265 886 5339 portionem
907 5265 966 5321 in
986 5282 1114 5321 vase
1136 5264 1293 5322 sacro
1315 5265 1598 5340 dignoque
1611 5267 1755 5323 tanti

146 5356 417 5431 mysterii
443 5356 598 5423 affer,
632 5360 689 5411 et
716 5354 929 5411 sustine
955 5372 1045 5410 me
1074 5354 1133 5409 in
1161 5361 1321 5428 parte
1334 5357 1594 5413 Jordanis
1633 5374 1755 5429 qua;

148 5446 524 5519 conjungitur
546 5445 766 5510 saeculo,
794 5450 851 5499 et
878 5444 1106 5500 veniens
1135 5445 1351 5501 vivifica
1373 5447 1641 5519 accipiam
1662 5447 1758 5502 do-

147 5555 253 5594 na.
278 5536 358 5592 Ex
388 5552 499 5608 quo
528 5535 676 5590 enim
707 5535 768 5590 in
814 5533 1069 5589 ecclesia.
1100 5533 1415 5591 beatissimi
1448 5537 1758 5592 Praecurso-

146 5626 256 5692 ris,
289 5624 621 5697 priusquam
645 5622 948 5679 transirem
976 5622 1298 5693 Jordanem,
1330 5623 1753 5694 communicavi,

147 5714 425 5788 deinceps
453 5731 633 5787 usque
660 5730 811 5770 nunc
829 5728 1117 5785 nunquam
1155 5711 1581 5782 communicavi,
1611 5729 1758 5770 nun-

1840 4645 2072 4714 portans
2095 4641 2154 4696 in
2177 4642 2577 4714 increpatione.

1913 4730 2039 4785 CAP.
2070 4732 2245 4787 XXII.
2278 4757 2338 4769 —
2370 4732 2500 4787 Haec
2528 4746 2695 4786 orans
2724 4745 2852 4785 cum
2907 4727 3188 4800 lacrymis,
3231 4729 3344 4785 alia
3380 4729 3443 4786 in

1840 4834 1972 4873 eum
1987 4820 2249 4891 cogitatio
2263 4820 2476 4875 incidit.
2501 4819 2647 4885 Quid
2665 4818 2856 4891 itaque
2875 4816 2923 4873 si
2956 4817 3189 4886 venerit,
3215 4817 3385 4875 faciet
3410 4819 3437 4873 Ἰ

1840 4908 2119 4979 quomodo
2149 4909 2385 4964 transiet
2401 4907 2722 4978 Jordanem,
2752 4907 2886 4980 quia
2904 4906 3161 4963 navicula
3179 4923 3293 4963 non
3308 4913 3396 4964 est
3413 4907 3440 4963 ?

1841 4996 2083 5068 qualiter
2102 4997 2171 5052 ad
2193 5014 2283 5051 me
2318 4996 2615 5069 indignum
2632 4995 2956 5069 perveniet?
2978 4995 3104 5051 Heu
3132 5011 3223 5051 me
3249 4995 3432 5052 infeli-

1839 5102 1956 5141 cem
1984 5085 1995 5139 l
2028 5086 2137 5141 heu
2161 5085 2284 5158 quis
2297 5103 2388 5142 me
2407 5091 2526 5145 tam
2540 5088 2707 5160 justa
2726 5084 2932 5159 speciei
2975 5084 3276 5141 alienavit?
3303 5085 3439 5142 Hec

1840 5191 1972 5231 sene
2001 5175 2300 5247 cogitante,
2330 5193 2455 5232 ecce
2486 5182 2680 5232 sancta
2707 5176 2805 5232 illa
2832 5174 3077 5240 advenit,
3106 5178 3164 5229 et
3189 5174 3247 5228 in
3271 5179 3435 5246 parte

1839 5266 1951 5320 alia
1971 5264 2218 5321 ﬂuminis
2231 5266 2405 5331 stetit,
2430 5266 2580 5322 unde
2598 5262 3107 5322 venerat.Zosimas
3135 5267 3328 5317 autem
3357 5263 3437 5319 vi-

1838 5353 1976 5409 dens
2005 5371 2148 5422 eam,
2172 5354 2414 5411 surrexit
2437 5355 2709 5426 gaudens,
2743 5359 2801 5410 et
2828 5351 3084 5409 exultans
3112 5350 3282 5406 nimis
3308 5352 3434 5423 glo-

1838 5444 2092 5500 rificabat
2105 5445 2305 5500 Deum.
2324 5444 2500 5500 Lucta
2523 5450 2713 5500 autem
2743 5438 3065 5498 certaminis
3093 5438 3154 5494 in
3178 5440 3301 5511 ejus
3330 5441 3433 5498 ﬂu-

1838 5533 2065 5589 ctuabat
2093 5534 2444 5606 cogitationis
2471 5532 2805 5597 intentione,
2821 5529 2952 5602 quia
2981 5544 3095 5584 non
3119 5530 3435 5600 potestJor-

1839 5623 2000 5679 danis
2014 5625 2255 5679 transire
2286 5625 2516 5681 fluenta.
2540 5623 2609 5679 Et
2627 5620 2930 5695 respiciens
2958 5618 3290 5687 senex,vidit
3307 5636 3436 5677 eam

1839 5713 2039 5769 vexillo
2088 5712 2268 5769 crucis
2320 5730 2494 5786 aquas
2549 5710 2810 5770 Jordanis
2864 5708 3204 5780 signantem.
3238 5708 3435 5770 Totius
