3868 6382
429 302 539 367 637
1450 296 1545 358 DE
1579 297 1769 358 vms
1804 295 2102 360 PATRUM
2135 302 2352 363 LIBER
2385 303 2677 365 ramus.
3591 306 3689 363 ess

432 435 586 493 enim
611 439 747 491 tunc
774 431 954 489 noctis
984 428 1248 486 tenebras
1272 428 1538 503 splendor
1564 428 1921 484 illuminabat
1941 429 2085 492 lu-A
2104 432 2315 487 tuitum
2346 431 2636 486 oculorum
2665 426 2966 494 deducens,
2999 431 3056 483 et
3076 427 3322 484 lustrans
3363 427 3568 501 ubique
3596 430 3691 485 sic—

429 543 534 589 nae,
544 524 677 597 quia
698 529 918 594 tempus
937 537 1196 576 recursus
1215 519 1366 575 illius
1380 519 1728 575 erat.Statim
1751 525 1938 573 autem
1959 524 2025 572 ut
2104 527 2166 574 ut
2189 521 2491 576 citissimus
2520 524 2769 584 venator,
2801 517 2977 572 sicubi
3018 519 3407 573 suavissimam
3450 536 3690 591 compre-

429 616 653 687 signum
686 611 864 669 crucis
891 609 1194 683 impressit,
1228 610 1479 665 ascendit
1511 625 1681 681 super
1713 624 1922 678 aquas;
1966 612 2022 660 et
2102 610 2375 665 henderet
2401 611 2600 665 feram.
2625 609 2700 664 Ut
2720 614 2909 661 autem
2939 606 3201 662 nihilullo
3225 609 3389 663 modo
3413 607 3691 678 viditquo-

430 703 723 758 ambulans
753 716 922 773 super
934 700 1206 772 liquidum
1230 698 1470 770 aequoris
1494 695 2022 762 ﬂuctum,veniebat
2104 714 2272 769 quam
2303 705 2640 764 moventem,
2674 698 2844 768 cmpit
2886 697 3133 768 seipsum
3161 696 3359 769 lugens
3408 697 3689 751 infundere

426 791 586 865 quasi
616 807 719 863 per
745 789 987 844 solidum
1015 788 1143 842 iter.
1167 788 1414 842 Zosimas
1457 792 1649 841 autem
1679 791 1928 857 stupens,
1964 789 2021 838 et
2102 789 2385 861 lacrymis.
2407 789 2562 842 Tunc
2588 787 2811 841 elevans
2838 786 3045 851 oculos,
3078 786 3275 841 orabat
3324 786 3514 841 dicens
3539 805 3551 839 :
3584 785 3690 840 Ob-

421 896 609 954 genua
624 879 850 934 ﬂectere
878 878 1084 944 nitens,
1102 878 1350 932 clamans
1370 876 1610 948 desuper
1638 890 1814 946 aquas
1833 873 2019 945 prohi-

418 969 560 1035 buit,
587 968 775 1024 dicens
798 986 812 1023 :
838 967 984 1033 Quid
1012 966 1167 1032 facis,
1190 965 1353 1032 abba,
1379 965 1513 1037 quia
1535 970 1594 1019 et
1622 964 1885 1019 sacerdos
1914 961 2017 1017 Dei

419 1076 499 1126 es,
527 1064 585 1113 et
608 1055 798 1113 divina
824 1062 1015 1130 portas
1043 1054 1359 1128 mysteria?
1388 1053 1495 1119 Qui
1536 1054 1729 1108 statim
1776 1051 2018 1107 obedivit

414 1147 763 1203 dicenti.llla
782 1152 973 1201 autem
1010 1145 1352 1200 descendens
1382 1143 1451 1198 de
1483 1142 1664 1214 aquis,
1691 1142 1831 1196 dixit
1850 1140 1970 1196 seni
1998 1157 2010 1193 :

417 1234 1159 1303 Benedic,Pater.benedic.
1202 1234 1303 1289 Ille
1334 1238 1525 1287 autem
1555 1249 1682 1287 cum
1714 1246 1919 1300 magna
1938 1229 2015 1284 fe-

414 1325 720 1382 stinatione
750 1323 1040 1396 respondit
1076 1323 1299 1396 (stupor
1318 1321 1468 1377 enim
1493 1322 1703 1376 nimius
1732 1320 2013 1374 invaserat

416 1433 549 1472 eum
577 1415 636 1470 in
663 1420 782 1469 tam
819 1413 1063 1485 glorioso
1093 1412 1406 1481 miraculo),
1440 1416 1497 1466 et
1524 1411 1665 1465 dixit
1688 1429 1699 1465 :
1734 1410 1877 1463 Vere
1902 1425 2015 1463 non

416 1504 695 1561 mentitur
714 1504 885 1569 Deus,
905 1502 1000 1574 qui
1014 1500 1295 1573 pollicitus
1309 1505 1395 1554 est
1413 1498 1516 1553 sibi
1529 1499 1740 1553 similes
1770 1514 1891 1552 esse
1919 1513 2014 1551 eos

414 1593 516 1667 qui
552 1592 884 1664 semetipsos
927 1590 1245 1662 puriﬁcant.
1271 1588 1464 1644 Gloria
1488 1588 1612 1655 tibi,
1633 1588 1852 1643 Christe
1868 1587 2014 1640 Deus

411 1688 628 1748 noster,
654 1681 749 1752 qui
774 1679 1069 1735 ostendisti
1090 1679 1229 1733 mihi
1260 1695 1362 1750 per
1389 1678 1651 1732 ancillam
1672 1682 1827 1732 tuam
1847 1676 2011 1741 hanc,

2099 894 2254 932 secro
2302 877 2442 931 mihi
2472 876 2722 940 ostende,
2767 876 3022 941 Domine,
3058 875 3116 929 in
3148 893 3379 947 corpore
3414 876 3687 946 angelum,

2098 966 2188 1021 cui
2217 973 2369 1021 totus
2398 964 2710 1038 comparari
2740 965 3004 1035 indignus
3026 970 3113 1019 est
3136 965 3397 1020 mundus.

2169 1057 2299 1111 CAP.
2325 1056 2493 1110 XXV.
2529 1086 2594 1096 —
2621 1055 2750 1109 Haec
2792 1054 3024 1120 orando,
3070 1054 3323 1125 pervenit
3373 1054 3445 1108 ad
3488 1054 3683 1123 locum,

2098 1145 2194 1216 qui
2225 1145 2284 1199 in
2307 1144 2673 1199 similitudine
2702 1143 2887 1197 fuerat
2904 1144 3230 1214 designatus
3256 1143 3546 1207 torrentis,
3563 1150 3619 1197 et
3634 1144 3687 1199 in

2097 1240 2349 1288 extrema
2378 1235 2501 1304 ejus
2526 1240 2685 1304 parte
2716 1232 3003 1304 supeiiore
3029 1232 3166 1287 vidit
3194 1232 3582 1303 splendentem
3601 1249 3685 1286 so-

2096 1324 2207 1378 lem
2232 1343 2245 1391 ;
2279 1332 2335 1378 et
2349 1322 2645 1395 aspiciens,
2666 1322 2805 1376 vidit
2838 1327 3041 1376 sanctae
3066 1328 3349 1376 mortuum
3354 1322 3551 1392 jacens
3578 1338 3687 1375 cor-

2096 1429 2221 1484 pus,
2255 1418 2313 1466 et
2365 1428 2585 1477 manus,
2616 1415 2681 1466 ut
2735 1416 2974 1482 oportet,
3009 1410 3089 1465 sic
3136 1411 3490 1482 compositas,
3533 1417 3590 1464 et
3623 1410 3687 1464 ad

2098 1502 2385 1557 Orientem
2417 1503 2612 1572 jacens
2639 1517 2840 1572 corpus
2883 1501 3176 1572 aspiciens.
3210 1501 3455 1555 Currens
3482 1507 3683 1567 autem,

2096 1591 2361 1664 lacrymis
2380 1591 2517 1644 lavit
2531 1589 2868 1645 beatissima;
2891 1590 3080 1661 pedes,
3100 1606 3212 1644 non
3232 1589 3381 1644 enim
3403 1589 3562 1644 aliud
3580 1607 3687 1644 cor-

2097 1681 2250 1752 poris
2271 1679 2585 1734 membrum
2614 1679 2858 1734 audebat
2878 1679 3219 1750 contingere.
3240 1680 3583 1751 Lacrymans
3600 1696 3688 1734 au-

414 1774 691 1842 quantum
723 1784 849 1822 mea
877 1766 1322 1821 consideratione
1347 1764 1580 1820 inferior
1598 1781 1724 1820 sum
1753 1754 2078 1821 mensuraB
2101 1776 2216 1824 tem
2262 1768 2607 1840 aliquandiu,
2643 1775 2699 1823 et
2749 1769 2996 1840 psalmos
3038 1769 3229 1823 dicens
3254 1768 3498 1840 tempori
3530 1776 3587 1822 et
3614 1768 3685 1822 rei

412 1873 560 1914 verae
579 1856 952 1930 perfectionis.
969 1857 1099 1911 llaec
1123 1872 1189 1910 eo
1218 1854 1457 1917 dicente,
1492 1855 1796 1925 postulavit
1813 1855 2018 1909 mulier

410 1952 477 2003 ut
497 1951 755 2002 sanctum
776 1946 988 2001 diceret
1000 1943 1328 2017 Symbolum
1367 1947 1427 1998 et
1453 1943 1534 1998 sic
1557 1943 1906 1999 Dominicam
1924 1944 2013 1998 in-

410 2037 644 2094 choaret
668 2037 999 2091 orationem.
1022 2035 1090 2089 Et
1113 2034 1333 2105 expleto
1361 2033 1531 2088 Pater
1557 2038 1769 2100 noster,
1794 2038 2004 2099 sancta,

410 2126 560 2182 sicut
590 2143 709 2182 mos
729 2130 833 2190 est,
854 2124 1011 2197 pacis
1040 2123 1293 2179 osculum
1325 2121 1529 2178 obtulit
1580 2123 1820 2191 seniori;
1852 2128 1909 2177 et
1931 2123 2011 2177 sic

406 2216 626 2272 vivifica
652 2214 1053 2288 mysteriorum
1082 2212 1390 2284 suscipiens
1423 2212 1589 2279 dona,
1614 2213 1671 2267 in
1690 2212 1893 2267 caelum
1923 2228 2012 2266 ex-

404 2305 585 2361 tensis
604 2304 864 2360 manibus
883 2303 1260 2374 ingemiscens
1280 2318 1406 2357 cum
1425 2300 1795 2373 lacrymis,ita
1808 2301 2011 2355 clama-

406 2393 507 2450 bat
536 2413 549 2449 :
578 2394 740 2450 Nunc
767 2393 1022 2459 dimittis,
1051 2392 1307 2459 Domine,
1341 2391 1600 2446 ancillam
1620 2397 1780 2446 tuam
1810 2408 2009 2446 secun-

407 2484 545 2538 dum
568 2482 800 2538 verbum
822 2488 984 2537 tuum
999 2482 1057 2536 in
1094 2498 1230 2553 pace
1254 2500 1266 2549 ;
1300 2480 1429 2551 quia
1449 2480 1712 2535 viderunt
1730 2480 1875 2535 oculi
1899 2480 2010 2535 mei

408 2573 831 2629 salutaretuum
857 2570 1002 2645 (Luc.
1034 2575 1122 2638 ιι).
1148 2569 1345 2624 Etseni
1366 2569 1539 2623 dixit:
1565 2570 1815 2639 Ignosce,
1845 2568 2006 2635 abba,

410 2667 470 2716 et
484 2660 637 2716 aliud
661 2677 796 2714 mea:
809 2658 1095 2731 petitionis
1113 2658 1285 2729 imple
1308 2658 1657 2712 mandatum.
1689 2657 1844 2712 Vade
1864 2675 2013 2713 nunc

411 2751 486 2806 ad
504 2748 1046 2813 monasterium,Dei
1093 2763 1228 2819 pace
1245 2746 1625 2818 gubernatus;
1657 2763 1885 2801 recursu
1916 2764 2013 2803 au-

408 2844 528 2896 tem
559 2838 693 2893 anni
716 2837 1063 2892 advenientis
1082 2837 1289 2891 iterum
1318 2836 1445 2890 veni
1460 2836 1519 2891 in
1535 2835 1631 2891 illo
1658 2841 1927 2903 torrente,
1953 2837 2012 2891 in

2097 1864 2489 1930 congruentes,
2525 1858 2656 1912 fecit
2704 1858 3006 1929 sepultum
3030 1858 3357 1923 orationem,
3392 1863 3451 1911 et
3477 1857 3691 1911 dicebat

2096 1947 2201 2002 sibi
2227 1948 2333 2019 ipsi
2358 1966 2368 2001 :
2394 1948 2651 2002 Forsitan
2678 1963 2791 2001 non
2822 1948 3131 2019 complacet
3167 1952 3373 2001 sanctae
3400 1946 3523 2000 haec
3551 1947 3683 2000 fieri.

2096 2038 2226 2092 Haec
2252 2054 2317 2091 eo
2346 2036 2955 2108 cogitante,designata
2984 2036 3264 2107 scriptura
3292 2040 3414 2091 erat
3438 2035 3496 2089 in
3518 2028 3682 2102 terra,

2091 2126 2187 2182 ubi
2215 2126 2319 2181 hoc
2338 2125 2668 2196 legebatur:
2706 2144 2731 2178 (ι
2766 2125 2969 2196 Sepeli,
3001 2124 3145 2179 abba
3182 2124 3416 2190 Zosima,
3475 2125 3685 2179 miserae

2091 2215 2282 2271 Mariae
2311 2215 2725 2287 corpusculum.
2753 2213 2944 2268 Redde
2980 2219 3145 2269 terrae
3171 2212 3305 2285 (l3),
3339 2213 3487 2284 quod
3528 2230 3684 2268 suum

2094 2311 2196 2371 est,
2221 2310 2277 2359 et
2296 2304 2508 2376 pulveri
2528 2303 2707 2374 adjice
2736 2304 3038 2375 pulverem.
3068 2303 3182 2359 Ora
3218 2307 3441 2357 tantum
3472 2319 3575 2373 pro
3604 2319 3685 2357 me

2093 2400 2323 2466 propter
2349 2393 2647 2448 Dominum
2678 2398 3008 2447 transeunte
3037 2407 3227 2446 mense
3257 2392 3548 2446 Parmothi
3579 2389 3687 2461 (14)

2094 2483 2403 2539 secundum
2434 2482 2724 2554 [Egyptios
2752 2501 2764 2549 ;
2798 2481 2895 2553 qui
2945 2488 3030 2535 est
3073 2481 3378 2535 secundum
3406 2480 3684 2534 Romanos

2091 2572 2301 2644 Aprilis
2340 2572 2431 2627 die
2459 2586 2626 2634 nona,
2656 2570 2713 2624 id
2743 2575 2846 2636 est,
2882 2587 2914 2623 v
2949 2570 3082 2625 Idus
3131 2569 3339 2641 Aprilis
3389 2569 3683 2623 salutiferae

2093 2661 2387 2734 passionis,
2421 2665 2549 2734 post
2579 2659 2781 2715 divina;
2830 2664 2887 2714 et
2943 2676 3112 2714 sacrae
3141 2675 3310 2714 cinna:
3339 2659 3684 2714 communio-

2095 2767 2246 2806 nem.
2275 2770 2301 2803 ))

2167 2841 2298 2895 CAP.
2328 2839 2598 2897 XXVI.-—
2619 2838 2734 2893 Has
2756 2854 2924 2893 senex
2946 2855 3073 2894 cum
3093 2837 3322 2909 legisset
3335 2839 3576 2905 litteras,
3606 2855 3686 2894 co-

418 2944 533 3001 quo
547 2934 733 2984 tecum
755 2943 883 2981 sum
896 2926 1052 2998 ptius
1078 2926 1282 2980 locuta.
1300 2926 1407 2980 Per
1424 2925 1615 2981 omnia
1626 2942 1738 2980 non
1758 2926 2003 2993 omittas,
2090 2929 2308 3001 gitabat
2322 2929 2549 3002 quidem
2571 2928 2727 3000 prius
2750 2928 3010 2999 quisnam
3036 2935 3179 2983 esset
3201 2929 3293 3000 qui
3311 2928 3561 3001 scripsit:
3596 2928 3686 2983 illa

411 3018 510 3075 sed
530 3022 761 3090 propter
779 3017 959 3071 Deum
984 3015 1111 3070 veni
1136 3033 1147 3069 :
1183 3021 1239 3070 et
1266 3014 1478 3069 videbis
1498 3032 1587 3069 me
1616 3015 1840 3082 iterum,
1874 3032 2009 3086 qua-
2091 3019 2261 3086 enim,
2291 3024 2357 3073 ut
2382 3019 2616 3084 dixerat,
2649 3018 2867 3072 litteras
2908 3017 3221 3089 ignorabat.
3254 3018 3319 3072 In
3368 3018 3473 3071 hoc
3502 3023 3685 3072 tamen

409 3107 546 3162 liter
569 3108 718 3162 Deus
746 3105 1003 3161 voluerit.
1032 3105 1132 3160 Ille
1160 3109 1350 3160 autem
1399 3104 1689 3176 respondit
1732 3105 1801 3159 ad
1833 3121 1955 3160 eam
1993 3114 2068 3175 τα
2090 3109 2249 3163 valde
2278 3108 2563 3164 exsultans
2583 3106 2883 3178 gaudebat,
2913 3107 3045 3178 quia
3073 3108 3121 3177 ej
3132 3124 3195 3161 us
3211 3112 3466 3161 sanctum
3500 3106 3686 3161 didicit

411 3196 645 3252 Utinam
673 3200 821 3250 esset
864 3194 1125 3267 possibile
1155 3211 1304 3249 nunc
1329 3200 1426 3249 tua
1482 3194 1641 3266 sequi
1669 3194 1921 3265 vestigia,
1957 3199 2015 3249 et

409 3285 500 3341 tui
530 3284 921 3357 pretiosissimi
949 3284 1137 3339 vultus
1166 3284 1378 3338 visione
1405 3282 1515 3339 frui
1541 3284 1552 3337 l
1581 3284 1714 3348 Oro,
1733 3289 1933 3349 mater,
1949 3289 2016 3338 ut

413 3390 590 3430 unam
606 3374 754 3429 senis
769 3373 1197 3446 petitiunculam
1215 3373 1405 3440 facias,
1435 3377 1492 3427 et
1507 3371 1787 3428 modicum
1808 3372 1915 3427 cibi
1945 3389 2010 3427 ex

413 3480 482 3519 eo
502 3463 653 3535 quod
671 3463 783 3518 huc
811 3463 997 3529 attuli,
1021 3461 1268 3533 digneris
1284 3461 1555 3534 accipere.
1572 3462 1642 3517 Et
1658 3462 1777 3518 hac
1797 3462 2004 3527 dicens,

405 3551 664 3607 ostendit
678 3552 730 3607 ei
751 3552 897 3623 quod
914 3568 1101 3606 secum
1137 3552 1419 3607 detulerat
1438 3550 1763 3607 canistrum.
1787 3551 1890 3607 Illa
1917 3567 2012 3606 au-

401 3644 531 3696 tem
554 3640 818 3696 extremis
842 3639 1032 3711 digitis
1059 3639 1385 3694 lenticulam
1417 3640 1671 3711 contigit,
1696 3645 1754 3694 et
1779 3640 1889 3695 tria
1909 3640 2012 3695 tol-

404 3728 534 3785 lens
556 3745 735 3800 grana
755 3728 980 3802 prOprio
1010 3727 1205 3784 intulit
1223 3728 1327 3796 ori,
1356 3728 1614 3785 sufﬁcere
1659 3728 1849 3784 dicens
1887 3745 2014 3800 gra-

388 3817 548 3873 tiam
573 3818 836 3891 Spiritus,
868 3824 933 3873 ut
953 3818 1259 3873 custodiret
1285 3818 1486 3874 animae
1515 3817 1888 3873 substantiam
1913 3818 2015 3871 im-

411 3906 774 3963 maculatam.
805 3908 963 3963 Tunc
1007 3906 1144 3962 dicit
1201 3907 1322 3962 Seni
1352 3924 1364 3962 :
1393 3909 1509 3963 Ora
1533 3924 1637 3979 pro
1667 3924 1756 3963 me
1786 3912 2017 3980 propter

410 3996 615 4065 Deum,
643 4002 702 4052 et
729 4012 867 4051 meae
896 4012 1115 4051 memor
1132 4001 1252 4051 esto
1273 4013 1499 4068 semper
1521 3995 1885 4052 infelicitatis.
1914 3996 2014 4052 Ille

412 4085 585 4158 pedes
610 4086 733 4156 ejus
761 4089 985 4140 sanctos
1012 4084 1362 4156 contingens,
1385 4090 1563 4151 θοι
1603 4101 1731 4140 cum
1751 4084 2015 4157 lacrymis

412 4173 841 4246 deprecabatur,
876 4178 942 4228 ut
965 4178 1156 4228 oraret
1182 4191 1284 4246 pro
1313 4174 1578 4240 Ecclesia,
1617 4179 1674 4229 et
1701 4191 1802 4246 pro
1830 4172 2010 4246 impe-

405 4263 518 4330 rio,
552 4268 609 4317 et
635 4278 738 4335 pro
762 4277 843 4331 se,
875 4268 932 4317 et
960 4261 1040 4316 sic
1066 4262 1286 4317 dimisit
1312 4278 1436 4317 eam
1466 4263 1620 4318 abire
1641 4264 1783 4319 ﬂens
1812 4269 1870 4318 et
1896 4264 2013 4335 eju-

402 4351 557 4407 lans.
580 4352 706 4408 Non
731 4351 881 4407 enim
911 4351 1156 4407 audebat
1183 4367 1307 4407 eam
1335 4352 1577 4408 multum
1610 4352 2009 4425 detinere,quae

410 4456 539 4511 nec,
573 4442 621 4497 si
641 4442 825 4505 vellet,
851 4447 1075 4514 poterat
1099 4441 1360 4497 detineri.

484 4532 614 4587 CAP.
643 4532 845 4587 XXIII.
879 4565 939 4575 —
971 4532 1075 4586 Illa
1099 4537 1290 4586 autem
1316 4532 1499 4587 crucis
1528 4531 1735 4588 iterum
1767 4533 2007 4605 impres-

400 4620 565 4678 sione
592 4621 897 4677 Jordanem
926 4621 1173 4693 signans,
1207 4621 1462 4677 ascendit
1489 4621 1783 4678 ambulans
1838 4639 2011 4695 super

402 4710 689 4783 liquidum
705 4712 1067 4779 elementum,
1093 4716 1151 4766 et
1160 4711 1418 4767 transivit
1449 4712 1598 4768 sicut
1617 4718 1749 4767 ante
1775 4712 2006 4768 veniens

395 4798 639 4855 fecerat.
661 4801 843 4856 Senex
858 4806 1049 4855 autem
1060 4817 1318 4857 reversus
1340 4807 1427 4857 est
1443 4802 1651 4873 gaudio
1672 4807 1730 4857 et
1758 4807 2007 4859 tremore

289 4947 295 4955 ,
401 4887 678 4961 repletus.
711 4889 781 4945 Et
809 4889 1175 4962 semetipsum
1204 4891 1668 4962 reprehendebat,
1701 4893 2001 4964 paenitens,

397 4978 543 5053 quia
570 4994 777 5034 nomen
795 4983 1003 5033 sanctae
1031 4984 1098 5033 ut
1122 4986 1498 5050 cognosceret,
1533 4998 1646 5037 non
1674 4982 2001 5054 inquisivit;

401 5066 674 5141 sperabat
692 5071 884 5123 tamen
916 5067 1233 5123 advenienti
1261 5069 1367 5126 hoc
1394 5072 1660 5144 consequi
1680 5088 1849 5128 anno.

478 5160 617 5214 Car.
638 5157 909 5213 XXIV.—
921 5158 1225 5214 Transacto
1241 5165 1430 5215 autem
1443 5162 1638 5216 eodem
1661 5162 1794 5217 anni
1812 5178 1999 5230 cursu,

394 5248 558 5303 venit
578 5248 784 5303 iterum
804 5246 860 5302 in
882 5253 1099 5303 vastam
1125 5248 1332 5304 deserti
1362 5250 1745 5312 solitudinem,
1770 5252 2002 5323 expletis

396 5335 663 5392 omnibus
710 5336 1020 5394 secundum
1068 5339 1551 5406 consuetudinem,
1596 5339 1901 5395 festinabat
1930 5341 2001 5396 ad

392 5426 704 5496 gloriosam
726 5428 878 5482 illam
907 5427 1178 5482 visionem
1209 5427 1557 5483 intuendam.
1592 5429 1999 5488 Perambulans

394 5521 593 5568 autem
622 5516 1001 5581 solitudinem,
1037 5522 1095 5571 et
1127 5532 1240 5572 non
1285 5517 1577 5572 inveniens
1606 5519 1797 5590 aliqua
1823 5522 1997 5593 cupiti

393 5601 508 5659 loci
537 5604 843 5663 indicantia
870 5605 1050 5679 signa,
1082 5606 1281 5662 dextra
1307 5606 1555 5681 laevaque
1591 5608 1884 5684 aspiciens,
1916 5611 1999 5669 in-

2094 3214 2321 3253 nomen.
2355 3196 2771 3268 Cogitavitvero
2786 3196 2917 3267 quia
2929 3212 3057 3250 mox
3074 3201 3139 3251 ut
3173 3195 3358 3250 divina
3371 3196 3431 3249 in
3447 3194 3684 3249 Iordane

2094 3287 2366 3360 mysteria
2388 3286 2761 3360 participavit,
2785 3285 2843 3340 in
2856 3286 3052 3340 eadem
3072 3285 3214 3340 hora
3234 3284 3291 3339 in
3310 3285 3497 3340 locum
3531 3286 3684 3340 illum
3742 3288 3745 3311 '
3786 3286 3793 3295 ’

2095 3376 2266 3441 venit,
2285 3375 2382 3431 ubi
2399 3393 2525 3431 mox
2542 3376 2611 3431 de
2630 3376 2735 3431 hoc
2766 3375 2977 3430 mundo
2997 3374 3279 3441 transivit,
3305 3379 3362 3428 et
3379 3374 3531 3428 idem
3562 3375 3680 3441 iter,
3752 3374 3759 3391 '

2093 3465 2240 3535 quod
2262 3464 2509 3518 Zosimas
2529 3481 2630 3536 per
2649 3464 2768 3518 dies
2785 3463 2984 3535 viginti
3011 3462 3307 3517 ambulans
3316 3462 3405 3516 vix
3430 3479 3681 3518 consum-

2092 3553 2268 3608 mavit
2283 3552 2566 3620 laborans,
2584 3554 2753 3608 unius
2781 3553 2932 3608 horae
2949 3568 3116 3607 cursu
3132 3552 3681 3624 Mariaconsumpsit,

2094 3648 2151 3697 et
2177 3642 2365 3696 statim
2389 3642 2649 3713 migravit
2686 3643 2756 3697 ad
2784 3641 3104 3697 Dominum.
3138 3640 3468 3696 Glorificans
3502 3647 3685 3696 autem

2094 3731 2340 3787 Zosimas
2368 3731 2691 3798 Dominum,
2725 3735 2782 3786 et
2804 3730 3065 3803 lacrymis
3090 3746 3291 3802 corpus
3336 3731 3458 3801 ejus
3510 3729 3686 3784 infun-

2095 3820 2233 3876 dens
2269 3821 2551 3892 :Tempus
2605 3826 2710 3888 est,
2767 3820 2972 3891 inquit,
3026 3819 3196 3874 miser
3250 3818 3488 3885 Zosima,
3547 3818 3686 3890 quod

2094 3916 2259 3965 tuum
2281 3915 2384 3977 est,
2400 3911 2623 3982 perﬁce.
2652 3908 2760 3966 Sed
2773 3907 3115 3981 quidfaciam
3135 3907 3342 3975 infelix,
3377 3908 3511 3979 quia
3546 3907 3687 3962 unde

2094 3999 2285 4054 fodere
2314 3998 2551 4065 valeam,
2578 4015 2692 4053 non
2719 3997 2932 4053 habeo?
2958 3999 3127 4054 Deest
3146 3997 3449 4058 sarculum.
3468 4014 3585 4052 non
3606 4001 3685 4051 est

2095 4095 2361 4157 rastrum,
2390 4089 2641 4160 nihilque
2672 4104 2737 4142 ex
2775 4086 3034 4142 omnibus
3061 4085 3238 4142 habeo
3268 4103 3382 4158 pra:
3410 4085 3681 4140 manibus.

2093 4179 2223 4233 Haec
2250 4179 2346 4234 illo
2375 4179 2433 4233 in
2461 4178 2627 4233 corde
2656 4194 2758 4233 suo
2789 4178 3028 4240 dicente,
3061 4176 3199 4231 vidit
3225 4192 3457 4248 parvum
3476 4175 3685 4247 lignum

2094 4273 2150 4323 et
2178 4267 2461 4323 modicum
2485 4268 2706 4338 jacere:
2744 4266 2892 4338 quod
2921 4281 3230 4329 assumens,
3263 4264 3430 4335 coepit
3472 4263 3684 4317 fodere.

2089 4357 2267 4412 Valde
2286 4363 2476 4413 autem
2499 4357 2695 4413 durior
2721 4362 2845 4411 erat
2861 4361 3032 4422 terra,
3049 4360 3105 4409 et
3124 4354 3363 4408 multum
3383 4352 3683 4407 fortissima

2017 4437 2069 4497 D
2090 4452 2147 4504 et
2175 4463 2529 4520 nequaquam
2559 4445 2781 4501 valebat
2803 4445 3013 4512 fodere,
3044 4444 3177 4515 quia
3222 4449 3279 4498 et
3316 4442 3534 4513 jejunio
3559 4456 3676 4497 con-

2090 4537 2286 4604 fectus,
2321 4543 2378 4591 et
2397 4536 2551 4608 longi
2578 4535 2796 4591 itineris
2823 4534 3148 4606 fatigatione
3177 4532 3345 4587 nimis
3374 4538 3496 4586 erat
3538 4530 3676 4585 defe-

2090 4632 2232 4682 ctus.
2252 4625 2747 4693 Laborabatenim,
2768 4631 2826 4679 et
2848 4623 3104 4695 suspiriis
3136 4622 3326 4677 nimiis
3353 4619 3670 4692 urgebatur,

2090 4721 2147 4771 et
2175 4715 2472 4771 sudoribus
2500 4714 2863 4781 madefactus,
2895 4711 3174 4784 ingemuit
3192 4710 3439 4782 graviter
3468 4726 3535 4764 ex
3562 4709 3673 4780 ipso

2089 4806 2271 4863 cordis
2327 4806 2415 4861 sui
2458 4804 2758 4878 profundo.
2788 4804 2858 4859 Et
2904 4801 3226 4874 respiciens,
3260 4799 3398 4854 vidit
3437 4796 3671 4870 ingentis

2088 4895 2281 4951 formae
2304 4895 2526 4950 leonem
2551 4896 2715 4966 juxta
2735 4909 2936 4965 corpus
2961 4895 3167 4948 sanctae
3196 4894 3458 4954 stantem,
3478 4893 3534 4943 et
3558 4889 3669 4959 ejus

2085 4985 2308 5058 plantas
2334 4984 2698 5040 lambentem.
2725 4981 2933 5039 Videns
2963 4985 3171 5046 autem,
3203 4977 3539 5034 contremuit
3565 4991 3670 5048 prae

2085 5091 2289 5148 pavore
2317 5074 2702 5147 grandissimas
2730 5072 2860 5128 ferae
2902 5070 3070 5137 illius,
3103 5068 3380 5141 praecipue
3417 5066 3548 5138 quia
3583 5080 3671 5119 au~

2085 5163 2269 5219 dierat
2297 5169 2548 5219 sanctam
2570 5162 2839 5216 feminam
2869 5160 3025 5214 illam
3060 5158 3337 5212 dicentem
3368 5155 3502 5226 quia
3536 5168 3668 5208 nun-

2087 5270 2257 5325 quam
2284 5253 2532 5326 aliquam
2562 5253 2739 5306 feram
2760 5250 2992 5304 viderat.
3015 5248 3188 5318 Signo
3204 5251 3393 5300 autem
3418 5260 3477 5298 se
3498 5241 3667 5297 crucis

2084 5343 2437 5399 conﬁrmavit
2461 5343 2707 5413 undique
2731 5341 2964 5395 credens
2980 5337 3113 5410 quia
3134 5337 3369 5391 illaesum
3396 5332 3665 5388 custodire

2082 5434 2230 5488 valet
2258 5449 2387 5488 eum
2408 5433 2586 5487 virtus
2595 5429 2853 5502 jacentis.
2886 5429 2999 5483 Leo
3030 5432 3219 5481 autem
3249 5424 3417 5495 ccepit
3439 5423 3664 5477 innuere

2082 5522 2221 5589 seni,
2239 5522 2461 5577 blandis
2481 5537 2611 5575 eum
2642 5519 2873 5575 nutibus
2902 5518 3175 5572 salutans.
3208 5514 3454 5569 Zosimas
3483 5516 3663 5566 autem

2081 5613 2221 5671 dixit
2248 5611 2399 5669 leoni
2425 5629 2438 5666 :
2472 5610 2749 5676 Quoniam
2770 5626 2805 5665 a
2828 5608 2945 5665 Deo
2973 5606 3177 5663 missus
3196 5603 3415 5673 venisti,
3432 5600 3663 5657 maxime
