3868 6382
1823 519 2161 566 FEBRUAIIII
2203 520 2316 566 ΧΠ.

807 654 1254 802 VITA
1363 650 2175 801 ΞΑΝΟΤᾹΞ
2281 651 3123 800 ΜΑΙὶΙΝίΈ
3201 715 3335 822 (ι),

1819 901 2326 989 VIRGINIS,

1362 1057 2024 1144 AUCTORE

2117 1056 2770 1146 INCERTO-

508 1333 692 1391 CAPUT
714 1347 1014 1388 PRIMUM.—
1038 1335 1229 1398 393
1240 1330 1377 1386 Erat
1396 1330 1625 1402 quidam
1646 1333 2098 1398 saecularisha-A
2120 1337 2374 1403 tendum,
2427 1335 2691 1391 manebat
2735 1337 2793 1391 in
2833 1337 2956 1408 ipso
2987 1335 3297 1408 pandochio
3329 1354 3459 1394 cum
3503 1339 3703 1394 caeteris

435 1423 576 1478 bans
604 1423 830 1477 unicam
849 1421 1024 1474 ﬁliam
1047 1420 1357 1492 parvulam.
1375 1421 1498 1492 Ipse
1516 1423 1762 1476 converti
1781 1423 2032 1494 cupiens,

437 1511 850 1568 commendavit
878 1525 1002 1564 eam
1017 1509 1239 1564 cuidam
1257 1511 1476 1581 parenti
1489 1517 1673 1578 suo,et
1683 1511 1823 1566 abiit
1839 1513 1906 1566 ad
1923 1530 2038 1568 mo.-

437 1601 772 1666 nasterium,
793 1599 943 1671 quod
972 1600 1135 1669 longe
1167 1605 1290 1653 erat
1309 1599 1378 1653 de
1406 1599 1630 1655 civitate
1657 1601 1922 1656 milliaria
1941 1603 2040 1656 tri-

436 1692 598 1763 ginta
609 1690 816 1744 duo.Et
829 1689 1113 1760 ingressus
1133 1688 1461 1760 perﬁciebat
1479 1706 1644 1743 omne
1657 1707 1796 1762 opus
1809 1692 1955 1762 quod
1977 1709 2036 1745 e-

441 1785 533 1836 rat
553 1779 898 1845 monasterii,
931 1779 1011 1832 ita
1031 1785 1095 1832 ut
1113 1777 1286 1832 abbas
1309 1779 1432 1849 ejus
1453 1780 1696 1850 amplius
1721 1796 1849 1834 eum
1867 1798 2035 1852 quam

437 1875 667 1926 caeteros
698 1869 794 1940 qui
822 1868 882 1923 in
921 1868 1264 1922 monasterio
1295 1874 1459 1922 erant
1477 1869 1756 1938 diligeret,
1785 1886 1850 1924 eo
1889 1872 2036 1941 quod

436 1960 619 2014 ﬁdelis
639 1964 787 2014 esset
807 1963 864 2012 et
887 1957 1168 2012 obediens.
1186 1957 1438 2028 Contigit
1451 1962 1795 2030 autem,post
1813 1959 2039 2030 aliquod

434 2055 680 2122 tempus,
733 2053 799 2103 ut
851 2048 1245 2102 recordaretur
1292 2047 1586 2102 charitatis
1631 2048 1759 2102 ﬁliae
1807 2066 1940 2115 suae,
1985 2055 2041 2104 et

436 2139 606 2210 coepit
633 2136 954 2191 contristari
981 2141 1152 2208 atque
1179 2135 1355 2206 affligi
1383 2136 1534 2190 intra
1559 2153 1638 2201 se,
1672 2137 1741 2190 Et
1769 2154 1896 2191 cum
1937 2156 2040 2208 por

436 2228 645 2283 multos
673 2226 794 2281 dies
813 2226 918 2280 hoc
934 2225 1318 2291 faceret,vidit
1341 2242 1472 2279 eum
1501 2224 1672 2279 abbas
1703 2227 1826 2296 ejus
1856 2227 2036 2280 tribu-

436 2319 671 2384 lantem,
721 2322 776 2371 et
820 2315 961 2370 dixit
997 2315 1047 2368 ei
1081 2332 1092 2368 :
1147 2315 1292 2379 Quid
1323 2313 1516 2381 habes,
1555 2314 1749 2381 frater,
1782 2317 1930 2386 quod
1960 2316 2039 2371 sic

437 2407 616 2463 tristis
661 2404 962 2461 ambulas?
996 2404 1085 2460 dic
1114 2404 1273 2468 mihi,
1311 2409 1368 2458 et
1404 2405 1554 2458 Deus
1593 2405 1688 2476 qui
1717 2406 2038 2460 consolatur

438 2513 652 2557 omnes,
677 2494 945 2550 dabittibi
975 2493 1264 2548 auxilium.
1293 2493 1452 2548 Tunc
1479 2493 1572 2547 ille
1603 2493 1896 2565 procidens
1909 2511 2037 2549 cum

436 2584 704 2657 lacrymis
723 2583 794 2637 ad
819 2583 988 2654 pedes
1009 2584 1150 2654 ejus,
1169 2581 1310 2636 dixit
1331 2601 1342 2636 ε
1368 2581 1560 2637 Habeo
1581 2599 1760 2637 unum
1780 2583 1959 2638 ﬁlium
1979 2583 2036 2639 in

441 2674 665 2731 civitate
687 2689 854 2745 quem
866 2672 1065 2743 reliqui
1093 2671 1407 2743 parvulum,
1442 2677 1500 2726 et
1524 2672 1868 2739 recordatus,
1893 2673 2038 2727 aﬁli-

445 2781 552 2837 gor
580 2768 811 2836 propter
831 2779 980 2817 eum.
1015 2762 1084 2816 Et
1120 2760 1303 2815 noluit
1325 2761 1574 2816 indicare
1603 2761 1654 2814 ei
1684 2762 1832 2832 quod
1856 2764 2042 2833 puella

443 2857 612 2910 esset.
626 2852 814 2908 Abbas
841 2867 970 2904 vero
996 2851 1118 2921 ejus
1136 2849 1403 2921 ignorans
1419 2849 1568 2921 quod
1588 2855 1754 2916 esset,
1775 2856 1832 2904 et
1843 2853 2040 2907 nolens

444 2961 576 3001 eum
599 2943 880 3008 amittere,
905 2941 1038 3012 quia
1066 2938 1413 2994 necessarius
1431 2945 1553 2993 erat
1580 2940 1942 3010 monasterio,
1962 2942 2042 2996 di-

443 3034 521 3091 cit
548 3033 638 3088 ei:
683 3031 741 3086 Si
775 3028 960 3100 diligis
991 3045 1142 3095 eum,
1174 3028 1332 3093 vade,
1369 3031 1427 3082 et
1453 3027 1634 3082 adduc
1665 3044 1794 3082 eum
1824 3029 1952 3092 huc,
1985 3035 2044 3084 et.

444 3123 521 3179 sit
557 3128 765 3178 tecum.
821 3121 890 3174 Et
926 3118 1121 3173 abiens
1166 3117 1400 3172 adduxit
1442 3134 1586 3182 eam,
1640 3116 2041 3190 dicebaturque

444 3212 676 3270 Marina.
711 3211 781 3265 Et
809 3209 1048 3264 mutavit
1068 3207 1120 3262 ei
1141 3223 1366 3274 nomen,
1392 3213 1450 3262 et
1477 3206 1692 3262 vocavit
1720 3224 1846 3262 eam
1877 3208 2043 3263 Mari-

445 3320 604 3360 num.
624 3301 694 3356 Et
716 3299 872 3355 dedit
892 3315 1018 3354 eam
1042 3298 1112 3352 ad
1127 3297 1422 3352 discendas
1440 3297 1660 3352 litteras
1679 3297 1834 3352 intra
1853 3314 2048 3353 mona-

446 3393 703 3458 sterium,
737 3395 796 3444 et
823 3393 947 3444 erat
969 3404 1098 3443 cum
1122 3403 1190 3442 ea
1218 3405 1229 3440 :
1251 3387 1556 3458 nullusque
1580 3387 1808 3457 agnovit
1838 3387 1908 3442 de
1939 3387 2048 3442 fra-

447 3482 631 3540 tribus
659 3479 806 3552 quod
837 3478 1025 3551 puella
1068 3481 1236 3542 esset,
1271 3476 1371 3531 sed
1404 3476 1677 3531 vocabant
1704 3492 1829 3530 eam
1852 3493 2046 3531 omnes

446 3572 744 3630 Marinum.
795 3569 866 3624 Et
911 3567 1046 3622 dum
1087 3570 1237 3621 esset
1276 3581 1554 3620 annorum
1599 3565 2042 3637 quatuordecim,

451 3660 622 3732 coepit
649 3674 772 3714 eam
802 3657 1002 3712 docere
1033 3660 1195 3728 pater
1217 3671 1353 3710 suus
1380 3654 1526 3708 viam
1555 3653 1802 3720 Domini,
1817 3659 1874 3709 et
1901 3655 2047 3710 dice-

449 3750 550 3806 bat
579 3750 631 3804 ei
667 3767 678 3804 :
709 3747 868 3814 Vide,
899 3745 1036 3811 ﬁlia,
1066 3749 1132 3799 ut
1167 3744 1358 3800 nullus
1387 3749 1686 3815 cognoscat
1715 3745 2048 3816 mysterium

451 3846 616 3896 tuum
644 3854 825 3909 usque
856 3836 915 3890 in
946 3837 1115 3889 ﬁnem
1141 3840 1322 3900 tuum,
1357 3837 1416 3888 et
1443 3833 1684 3888 sollicita
1709 3833 1786 3887 sis
1817 3833 1886 3887 ab
1913 3833 2049 3888 insi-

454 3929 563 3985 diis
581 3925 809 3992 diaboli,
838 3941 909 3980 ne
939 3923 1224 3979 seducaris
1255 3922 1324 3978 ab
1359 3939 1446 3989 eo,
1499 3928 1556 3978 et
1590 3923 1742 3978 istud
1791 3930 2048 3978 sanctum

453 4015 862 4076 monasterium
890 4013 1147 4068 videatur
1167 4029 1268 4084 per
1285 4029 1388 4068 nos
1413 4012 1568 4080 solvi,
1603 4012 1733 4067 utin
1750 4019 2049 4085 conspectu
2065 4020 2110 4082 α

459 4105 670 4164 Christi
697 4121 826 4160 cum
865 4101 1073 4157 sanctis
1109 4101 1325 4171 angelis
1365 4103 1488 4172 ejus
1527 4118 1812 4168 coronam,
1850 4107 1908 4158 et
1935 4119 2049 4157 non

455 4212 588 4253 cum
615 4193 804 4266 impiis
831 4197 1098 4247 aeternam
1133 4191 1552 4244 damnationem
1587 4190 1945 4262 accipiamus.
1982 4193 2052 4247 Et

455 4286 570 4342 alia
590 4283 772 4340 multa
797 4279 1032 4337 docebat
1059 4296 1181 4335 eam
1212 4296 1314 4353 per
1335 4279 1586 4351 singulos
1609 4279 1730 4335 dies
1766 4281 1835 4334 de
1874 4297 2047 4352 regno

450 4376 576 4434 Dei.

527 4467 661 4522 Cap.
692 4465 767 4521 ῙῙ.
791 4493 844 4504 -
862 4463 1008 4518 Dum
1029 4465 1218 4517 autem
1239 4461 1387 4516 facta
1400 4464 1548 4516 esset
1565 4476 1842 4515 annorum
1861 4461 2053 4516 decem

456 4563 516 4613 et
534 4561 771 4629 septem,
807 4553 1108 4609 defunctus
1135 4557 1221 4606 est
1256 4555 1418 4624 pater
1442 4552 1583 4622 ejus.
1611 4550 1903 4606 Remansit
1923 4567 2052 4605 vero

452 4649 571 4704 haec
599 4647 720 4702 sola
754 4645 814 4700 in
842 4644 983 4699 cella
1011 4642 1188 4715 patris
1213 4642 1319 4709 sui,
1347 4646 1405 4696 et
1431 4641 1554 4713 ipsa
1581 4640 1894 4696 observavit
1911 4658 1971 4696 se
1991 4642 2049 4695 in

456 4735 720 4793 omnibus
741 4733 1010 4790 doctrinis
1028 4733 1206 4806 patris
1225 4731 1332 4799 sui,
1365 4737 1422 4786 et
1443 4736 1565 4786 erat
1583 4731 1849 4786 obediens
1865 4729 2049 4786 omni-

451 4826 559 4882 bus
591 4826 650 4880 in
690 4823 1050 4888 monasterio,
1082 4823 1164 4877 ita
1189 4827 1255 4877 ut
1281 4821 1352 4876 ab
1379 4821 1580 4876 abbate
1609 4837 1710 4876 suo
1747 4826 1804 4876 et
1825 4820 1895 4875 ab
1925 4837 2052 4874 om-

430 4915 621 4972 ‘nibus
642 4913 992 4984 diligeretur.
1011 4910 1268 4966 Habebat
1291 4915 1485 4966 autem
1514 4911 1919 4966 monasterium
1950 4927 2054 4982 par

464 5005 641 5062 boum
670 5009 728 5060 et
756 5017 1001 5068 carrum,
1028 5001 1162 5072 quia
1208 4999 1451 5056 vicinum
1479 4999 1722 5056 habebat
1748 5017 1923 5066 mare,
1953 4999 2051 5055 ubi

455 5099 580 5152 erat
600 5091 915 5166 emporium
947 5091 1018 5145 ad
1047 5089 1224 5145 millia
1247 5089 1383 5158 tria;
1415 5095 1472 5145 et
1507 5089 1666 5145 ibant
1690 5090 1972 5156 monachi,
1996 5095 2053 5145 et

453 5183 763 5242 aﬁ'erebant
782 5198 906 5254 quae
934 5181 1249 5237 necessaria
1263 5186 1426 5236 erant
1451 5179 1949 5236 monasterio.U'na
1971 5196 2061 5234 ve-

2118 1426 2424 1481 monachis.

2195 1564 2323 1617 CAP.
2349 1561 2780 1631 IlI.—Contigit
2806 1567 2996 1616 autem
3027 1578 3127 1632 per
3153 1561 3384 1616 insidias
3413 1563 3704 1632 inimici,ut

2121 1651 2342 1723 pandox
2375 1649 2467 1704 ille
2497 1649 2730 1705 haberet
2766 1649 2942 1704 filiam
2972 1650 3262 1720 virginem.
3295 1651 3380 1705 Ad
3407 1669 3584 1722 quam
3628 1653 3704 1707 in-

2119 1756 2347 1810 gressus
2368 1739 2530 1793 miles
2557 1739 2780 1810 aliquis,
2803 1738 3102 1793 concubuit
3121 1757 3245 1794 cum
3276 1757 3361 1803 ea,
3378 1747 3437 1795 et
3464 1743 3705 1813 concepit

2121 1827 2307 1897 puella
2335 1827 2403 1880 de
2424 1827 2521 1880 illo
2552 1827 2832 1881 milite.Et
2857 1827 2993 1882 dum
3022 1829 3307 1898 cognitum
3339 1831 3541 1886 fuisset
3566 1849 3601 1886 a
3623 1849 3710 1904 pa-

2121 1915 2376 1970 rentibus
2405 1917 2548 1986 ejus,
2597 1923 2887 1988 coeperunt
2949 1917 3201 1988 affligere
3239 1921 3508 1990 puellam,
3541 1922 3710 1976 dicen-

2122 2010 2208 2059 tes
2241 2023 2253 2057 :
2285 2005 2385 2058 Dic
2409 2005 2575 2058 nobis
2601 2005 2672 2058 de
2717 2022 2828 2076 quo
2858 2006 3200 2076 concepisti?
3234 2008 3548 2080 Respondit
3592 2011 3667 2065 eis
3694 2031 3704 2064 :

2123 2094 2204 2148 De
2233 2093 2328 2147 illo
2349 2094 2640 2158 monacho,
2677 2094 2773 2165 qui
2802 2095 3007 2148 dicitur
3025 2096 3203 2150 frater
3233 2098 3611 2170 Marinus,qui
3632 2099 3709 2153 hic

2119 2182 2443 2253 frequenter
2472 2199 2601 2236 cum
2627 2199 2790 2237 carro
2820 2185 3047 2250 mansit,
3080 2185 3198 2257 ipse
3228 2203 3316 2240 me
3337 2189 3636 2258 oppressit,
3661 2196 3710 2243 et

2120 2272 2368 2343 concepi.
2397 2272 2600 2327 Statim
2623 2280 2812 2326 autem
2829 2280 3197 2344 perrexerunt
3211 2282 3474 2346 parentes
3506 2279 3628 2348 ejus
3646 2278 3708 2331 ad

2120 2361 2547 2426 monasterium,
2564 2368 2620 2415 et
2649 2362 2843 2416 dicunt
2870 2361 3054 2417 abbati
3077 2381 3088 2416 :
3124 2363 3279 2429 Ecce,
3302 2365 3535 2420 domine
3556 2365 3706 2430 abba,

2121 2451 2253 2522 quid
2276 2451 2405 2504 fecit
2423 2451 2729 2505 monachus
2748 2460 2880 2506 tuus
2901 2453 3184 2507 Marinus?
3211 2471 3320 2525 quo
3351 2454 3522 2509 modo
3555 2456 3707 2510 dece-

2120 2540 2204 2611 pit
2230 2539 2405 2594 ﬁliam
2434 2541 2729 2594 nostram?
2760 2540 2906 2594 Dicit
2939 2541 3021 2596 eis
3062 2541 3234 2596 abbas
3263 2561 3274 2596 :
3306 2543 3509 2608 Sinite,
3543 2544 3711 2598 videa-

2121 2645 2247 2683 mus
2276 2628 2324 2683 si
2367 2628 2664 2683 manifesta
2700 2635 2834 2684 sunt
2864 2647 2986 2701 qua:
3016 2630 3219 2686 dicitis.
3256 2631 3323 2686 Et
3350 2632 3610 2687 veniente
3653 2651 3709 2687 eo

2060 2695 2260 2772 Bdicit.
2295 2718 2346 2772 ei
2380 2717 2550 2772 abbas
2583 2720 2704 2789 ejus
2733 2737 2744 2771 :
2785 2695 2982 2773 Frater
3031 2719 3261 2786 Marine,
3295 2726 3359 2775 tu
3390 2721 3500 2775 hoc
3542 2723 3710 2777 scelus

2123 2814 2386 2878 operatus
2417 2825 2476 2862 es
2502 2808 2560 2862 in
2589 2808 2706 2862 tilia
2732 2809 2969 2863 eorum?
2999 2811 3166 2864 Stans
3192 2810 3404 2864 diutius
3422 2812 3704 2882 cogitavit.

2122 2896 2274 2951 intra
2293 2913 2352 2950 se
2373 2896 2742 2967 ingemiscens
2762 2898 2903 2952 dixit
2927 2916 2938 2952 :
2970 2889 3218 2963 Peccavi,
3239 2900 3424 2963 Pater,
3454 2901 3709 2972 paeniten-

2121 2985 2259 3040 tiam
2295 3003 2400 3056 ago
2429 2986 2556 3040 huic
2585 2993 2842 3057 peccato;
2877 3004 2977 3042 ora
2995 3004 3095 3059 pro
3116 3005 3224 3043 me.
3257 2989 3343 3044 Ad
3359 2989 3707 3046 iracundiam

2123 3081 2313 3130 autem
2349 3081 2662 3130 commotus
2693 3075 2882 3142 abbas,
2910 3077 3081 3148 jussit
3108 3095 3237 3132 eum
3261 3080 3535 3134 contundi
3557 3085 3614 3134 et
3641 3079 3712 3134 af-

2123 3164 2261 3235 ﬂigi.
2291 3165 2362 3219 Et
2391 3165 2472 3219 ait
2504 3181 2517 3220 :
2550 3166 2616 3220 In
2641 3165 2873 3220 veritate
2901 3166 3043 3230 dico,
3086 3167 3220 3238 quia
3241 3173 3305 3222 tu
3336 3169 3430 3240 qui
3462 3169 3572 3224 hoc
3600 3185 3708 3223 ma-

2129 3254 2247 3308 lum
2269 3260 2532 3326 operatus
2563 3271 2623 3308 es
2665 3271 2778 3308 non
2826 3255 3076 3310 manebis
3109 3255 3168 3310 in
3199 3256 3303 3311 hoc
3351 3258 3710 3313 monasterio.

2129 3343 2200 3397 Et
2205 3343 2440 3414 jactavit
2467 3360 2590 3398 eam
2619 3344 2788 3398 foras.
2820 3345 2948 3416 Ipsa
2973 3361 3104 3400 vero
3132 3363 3421 3418 nunquam
3459 3347 3566 3402 ulli
3594 3364 3718 3403 con-

2130 3432 2278 3486 fessa
2318 3441 2405 3488 est
2436 3433 2768 3505 mysterium
2803 3451 2989 3501 suum,
3029 3435 3126 3490 sed
3167 3433 3359 3492 abiens
3391 3438 3634 3508 jactavit
3661 3454 3715 3491 se

2129 3527 2261 3576 ante
2286 3522 2432 3577 fores
2468 3523 2816 3589 monasterii,
2847 3529 2905 3578 et
2943 3523 3168 3594 jacebat
3195 3541 3364 3596 super
3410 3531 3628 3581 terram
3654 3527 3709 3580 in

2128 3610 2745 3683 pcrnitentia,aﬁligens
2759 3629 2818 3667 se
2841 3617 3111 3684 tanquam
3140 3619 3328 3686 394
3359 3615 3484 3686 ipsa
3509 3632 3716 3688 peccas-

2131 3707 2234 3767 set,
2268 3705 2325 3755 et
2352 3701 2422 3754 ab
2451 3701 2895 3772 ingredientibus
2914 3703 3180 3758 fratribus
3207 3703 3532 3775 postulabat
3551 3709 3616 3760 ut
3639 3705 3715 3759 vel

2130 3807 2245 3844 una
2265 3789 2516 3846 buccella
2543 3791 2705 3862 panis
2735 3791 2786 3846 ei
2812 3792 3196 3848 daretur.Hoc
3215 3793 3422 3848 faciens
3463 3811 3572 3866 per
3611 3800 3715 3850 thas

2131 3897 2326 3948 annos,
2359 3898 2471 3936 non
2496 3883 2727 3936 recessit
2753 3882 2824 3936 de
2852 3883 3216 3938 monasterio.
3249 3883 3570 3939 Pandochis
3595 3901 3716 3939 vero

2133 3969 2250 4024 ﬁlia
2275 3971 2495 4041 peperit
2521 3971 2700 4026 ﬁlium
2734 3972 3066 4037 masculum,
3097 3979 3154 4026 et
3183 3969 3501 4040 ablactavit,
3535 3980 3594 4028 et
3620 3973 3712 4028 ad-

2131 4059 2289 4114 duxit
2312 4075 2443 4114 eum
2471 4067 2652 4115 mater
2671 4061 2867 4132 puella:
2896 4077 3105 4126 secum,
3132 4066 3189 4116 et
3219 4061 3454 4132 jactavit
3485 4079 3617 4118 eum
3647 4061 3716 4116 ibi

2131 4154 2261 4203 ante
2290 4150 2715 4216 monasterium,
2733 4155 2792 4204 ct
2821 4150 2957 4204 dicit
2981 4151 3031 4204 ei
3059 4167 3070 4204 :
3105 4151 3260 4215 Ecce,
3283 4150 3463 4205 frater
3487 4151 3713 4216 Marine,

2132 4239 2410 4310 quomodo
2436 4239 2582 4294 nosti
2613 4239 2833 4294 nutrica
2850 4239 3028 4294 ﬁlium
3058 4243 3238 4294 tuum.
3255 4240 3324 4294 Et
3342 4241 3577 4312 reliquit
3598 4257 3715 4296 eum

2134 4327 2244 4393 ibi,‘
2267 4333 2323 4382 et
2348 4327 2503 4382 abiit.
2540 4330 2746 4384 Sancta
2774 4327 2928 4399 virgo
2959 4328 3284 4400 suscipiens,
3300 4333 3576 4401 tanquam
3603 4347 3719 4402 pro-

2135 4417 2323 4489 prium
2353 4419 2550 4486 ﬁlium,
2583 4418 2652 4472 de
2675 4418 2798 4490 ipsa
2816 4417 3064 4472 buccella
3085 4419 3264 4490 panis,
3289 4435 3461 4490 quam
3491 4419 3720 4492 accipie-

2133 4505 2232 4561 bat
2248 4507 2318 4562 ab
2346 4507 2759 4563 introeuntibus
2785 4507 2844 4562 in
2873 4507 3296 4572 monasterium,
3321 4508 3643 4563 nutricabat
3665 4508 3720 4561 ﬁ-

2133 4596 2274 4651 lium
2302 4597 2568 4652 alienum.
2603 4598 2835 4652 Factum
2856 4602 2943 4651 est
2960 4597 3064 4651 hoc
3082 4612 3183 4668 per
3197 4596 3337 4651 alios
3359 4597 3502 4651 duos
3527 4613 3713 4652 annos.

2205 4732 2334 4788 CAP.
2368 4732 2462 4787 IV.
2488 4767 2554 4778 —
2579 4731 2944 4786 Postmodum
2985 4736 3175 4786 autem
3207 4731 3461 4786 videntes
3499 4733 3711 4796 fratres,

2132 4821 2516 4876 misericordia
2534 4821 2872 4892 compuncti,
2895 4821 3129 4891 ingressi
3154 4821 3224 4875 ad
3247 4819 3506 4876 abbatem
3531 4837 3717 4893 rogare

2133 4917 2424 4984 cmperunt
2450 4917 2515 4965 ut
2538 4927 2667 4965 eum
2700 4911 2972 4982 reciperet
3001 4911 3060 4965 in
3090 4910 3514 4976 monasterium,
3543 4911 3717 4964 dicen-

2131 5007 2218 5056 tes
2252 5019 2262 5054 :
2295 4999 2472 5066 Abba,
2524 4999 2752 5071 indulge
2803 5005 2860 5053 et
2887 4999 3104 5070 suscipe
3142 4999 3375 5054 fratrem
3422 4999 3713 5056 Marinum.

2142 5092 2280 5146 Ecce
2311 5091 2559 5162 quinque
2602 5089 2736 5144 anni
2774 5096 2924 5153 sunt,
2965 5088 3113 5159 quod
3141 5089 3200 5142 in
3229 5089 3563 5159 paenitentia
3601 5091 3720 5142 ante

2135 5182 2369 5252 januam
2414 5179 2740 5234 monasterii
2772 5180 2943 5250 jacet,
2994 5184 3050 5232 et
3088 5193 3200 5232 non
3233 5177 3462 5232 recessit
3483 5192 3720 5248 unquam

449 5293 516 5333 ro
545 5275 634 5332 die
666 5274 804 5332 dicit
829 5272 1002 5328 abbas
1031 5274 1154 5344 ejus
1183 5289 1206 5330 :.
1228 5273 1427 5327 Frater
1454 5271 1688 5335 Marine,
1718 5286 1892 5342 quare
1921 5274 1978 5324 et
1997 5274 2058 5326 tu
2140 5271 2288 5326 hinc.
2324 5270 2554 5342 Suscipe
2585 5286 2714 5325 eum
2744 5269 2802 5324 in
2832 5267 3242 5342 paenitentiam,
3279 5267 3420 5322 sicut
3460 5266 3720 5322 Dominus

451 5380 568 5420 non
585 5363 742 5420 vadis
762 5379 889 5419 cum
906 5361 1173 5417 fratribus
1188 5361 1344 5433 etadj
1353 5377 1486 5416 uvas
1503 5359 1635 5415 eos?
1665 5359 1798 5424 Quae
1819 5375 2052 5430 respon-

453 5453 539 5508 dit
571 5473 583 5509 :
624 5453 868 5521 Jussisti,
902 5452 1114 5508 Pater?
1151 5451 1287 5507 Erat
1322 5456 1511 5505 autem
1548 5450 1607 5503 in
1652 5449 1772 5520 ipso
1803 5448 2052 5520 emporio

449 5543 827 5615 pandochium
854 5542 947 5614 (2).
968 5542 1151 5614 Coepit
1163 5557 1295 5613 ergo
1316 5541 1492 5594 frater
1516 5539 1768 5594 Marinus
1792 5539 2052 5610 frequen-

447 5634 538 5689 ter
559 5647 794 5705 pergere
821 5649 950 5690 cum
969 5647 1148 5700 carro,
1173 5635 1232 5688 et
1261 5630 1308 5688 si
1341 5629 1582 5718 faciebat
1597 5629 1842 5688 tardead
1865 5645 2050 5688 rever-

2139 5367 2333 5417 noster
2351 5362 2379 5417 J
2385 5378 2513 5416 esus
2535 5359 2790 5416 Christus
2805 5357 3198 5430 praecepit.Vix
3217 5361 3408 5412 autem
3429 5358 3720 5426 coegerunt

2135 5468 2285 5519 eum,
2303 5456 2360 5505 et
2385 5451 2556 5521 jussit
2585 5465 2715 5505 eum
2731 5448 3043 5520 ingredi,et
3066 5446 3280 5501 vocavit
3309 5461 3436 5500 eum
3468 5445 3538 5500 ad
3567 5462 3646 5511 se,
3667 5447 3718 5498 et

2132 5541 2220 5596 ait
2245 5558 2258 5595 :
2293 5542 2462 5597 Pater
2491 5545 2625 5595 tuus
2653 5539 2759 5594 fuit
2786 5538 2871 5594 vir
2898 5541 3142 5604 sanctus,
3181 5535 3331 5608 quod
3369 5541 3432 5591 tu
3460 5534 3627 5602 nosti,
3668 5537 3720 5588 et

2133 5631 2434 5706 parvulum
2449 5629 2767 5688 introduxit
2777 5634 2834 5686 te
2846 5627 2906 5686 in
2916 5628 3024 5685 hoc
3045 5632 3294 5684 sanctum
3309 5625 3705 5682 monasterium
