3868 6424
174 316 286 378 693

1016 316 1189 374 VITA
1226 316 1526 377 SANCTIE
1559 316 1865 377 MARINE
1900 316 2250 389 VIRGINIS.
2290 318 2629 378 NOTATIO.

3346 321 3449 382 694

170 451 233 502 et
261 463 375 513 non
406 452 493 505 est
511 453 777 521 operatus
804 448 1111 521 quidquam
1132 444 1285 510 mali,
1306 446 1455 518 quod
1475 450 1538 501 tu
1558 447 1773 517 cogita-
1790 450 2008 519 Aagas.
2039 447 2139 504 Ille
2176 449 2408 505 territus
2436 448 2704 520 perrexit,
2736 453 2794 505 et
2822 449 2975 506 venit
3014 450 3088 507 ad
3126 468 3347 524 corpus.
3381 453 3452 511 Et

169 537 266 601 sti,
288 543 347 591 et
372 538 551 593 fecisti
575 557 587 592 :
616 556 716 594 nec
744 539 949 611 aliquis
975 538 1035 592 in
1059 538 1163 592 hoc
1191 542 1383 591 sancto
1405 537 1768 592 monasterio.

167 626 338 684 Nunc
387 634 574 684 autem
613 629 900 700 ingressus
939 644 999 683 es
1043 643 1171 682 cum
1201 627 1314 681 filio
1355 632 1453 682 tuo
1498 644 1662 698 quem
1702 629 1772 684 de

165 717 450 773 adulterio
480 718 671 785 habes,
704 719 851 773 unde
889 724 1111 790 oportet
1156 722 1211 771 te
1252 717 1549 788 paenitere.
1592 718 1771 773 Grave

166 807 325 862 enim
357 814 645 880 peccatum
674 808 872 863 fecisti.
903 809 973 862 Et
1001 808 1105 861 hoc
1134 806 1235 862 tibi
1259 807 1452 877 jubeo,
1484 812 1549 862 ut
1577 824 1770 864 omnes

165 898 481 953 munditias
528 898 854 954 monasterii
894 903 955 952 tu
989 898 1142 952 solus
1186 896 1436 969 quotidie
1480 896 1672 966 facias,
1713 905 1772 954 et

163 1003 377 1059 aquam
392 988 460 1042 ad
488 988 803 1043 necessaria
818 987 1111 1060 purganda
1133 991 1341 1058 portes,
1359 992 1417 1041 et
1434 988 1768 1044 calcearium

167 1075 528 1145 (3)0mnibus
548 1094 649 1150 per
676 1077 926 1149 singulos
948 1076 1067 1131 dies
1092 1081 1154 1131 tu
1182 1076 1461 1147 perﬁcias,
1486 1077 1769 1134 omnibus-

167 1182 282 1238 que
325 1166 553 1233 servias,
584 1167 643 1221 in
690 1167 796 1221 hoc
823 1167 976 1221 enim
1021 1164 1252 1221 habebis
1289 1182 1474 1220 meam
1500 1168 1763 1238 gratiam.

166 1256 375 1311 Sancta
413 1272 543 1311 vero
580 1256 780 1311 libenti
824 1256 1013 1311 animo
1060 1255 1387 1328 suscipiens,
1419 1272 1585 1313 omne
1627 1274 1767 1330 opus

165 1345 319 1417 quod
347 1345 398 1400 ei
420 1346 642 1417 jussum
672 1344 1011 1419 perﬁciebat.

239 1435 372 1492 CAP.
409 1435 480 1492 V.
593 1436 842 1508 Contigit
867 1441 1057 1491 autem
1087 1451 1213 1490 eam
1241 1433 1393 1490 intra
1421 1452 1627 1507 paucos
1648 1434 1766 1491 dies

162 1523 414 1580 dormire
443 1525 503 1579 in
528 1525 784 1581 Domino.
820 1526 1029 1581 Euntes
1056 1541 1188 1579 vero
1216 1524 1434 1591 fratres,
1478 1525 1767 1580 nuntiave-

160 1619 300 1669 runt
318 1614 505 1669 abbati
535 1615 783 1669 dicentes
808 1634 820 1669 :
845 1615 1043 1669 Frater
1066 1615 1306 1672 Marinus
1336 1614 1633 1670 defunctus
1654 1620 1758 1670 est.

162 1702 314 1758 Dicit
331 1703 412 1758 eis
432 1702 603 1758 abbas
624 1722 635 1757 :
660 1704 876 1769 Videte,
896 1704 1115 1771 fratres,
1139 1703 1304 1775 quale
1325 1709 1615 1775 peccatum
1636 1704 1758 1771 fuit,

1854 537 2044 592 levans
2080 538 2333 609 pallium,
2378 538 2528 592 unde
2569 546 2893 609 coopertum
2949 546 3090 607 erat,
3137 541 3277 597 vidit
3315 543 3451 614 quia

1855 627 2057 682 mulier
2082 633 2258 696 esset;
2300 632 2358 682 et
2388 644 2515 681 mox
2534 628 2752 693 cecidit,
2777 635 2834 683 et
2860 639 3029 702 caput
3058 647 3220 686 suum
3256 649 3449 703 percu-

1851 717 2028 772 tiebat
2054 718 2111 771 in
2141 724 2372 772 terram:
2410 724 2466 772 et
2497 718 2905 774 vociferabantur
2928 720 3118 774 dicens
3152 740 3162 774 :
3198 721 3445 792 Conjuro

1852 812 1908 861 te
1929 809 2230 879 perJesum
2252 808 2537 863 Christum
2560 808 2879 875 Dominum.
2906 826 2974 863 ne
3002 826 3089 864 me
3106 811 3445 866 condemnes

1850 905 1981 952 ante
2036 906 2394 969 conspectum
2426 896 2527 951 Dei
2569 914 2634 951 eo
2681 898 2829 969 quod
2879 898 3174 954 afﬂixerim
3203 907 3279 962 te,
3313 900 3447 971 quia

1848 986 2115 1058 ignorans
2144 986 2267 1041 feci.
2306 987 2410 1053 Tu,
2445 986 2692 1053 domina,
2730 1003 2844 1042 non
2890 987 3079 1044 dixisti
3112 989 3444 1061 mysterium

1847 1081 2030 1142 tuum,
2065 1081 2121 1130 et
2146 1093 2247 1147 ego
2278 1092 2391 1131 non
2417 1076 2647 1148 cognovi
2677 1076 2735 1132 in
2761 1076 2999 1133 veritate
3034 1085 3285 1134 sanctam
3311 1096 3445 1135 con-

1848 1166 2223 1222 versationem
2264 1170 2443 1221 tuam.
2478 1166 2548 1221 Et
2589 1166 2760 1238 jussit
2805 1173 3064 1227 sanctum
3094 1186 3295 1242 corpus
3325 1170 3449 1241 ejus

1848 1256 2002 1311 intra
2028 1255 2433 1311 monasterium
2461 1256 2522 1311 in
2551 1257 2797 1312 oratorio
2825 1258 3042 1328 reponi.

1923 1347 2052 1400 CAP.
2085 1346 2179 1400 VI.
2215 1374 2280 1385 —
2311 1344 2519 1399 Eadem
2549 1360 2678 1399 vero
2700 1344 2792 1399 die
2830 1347 3016 1417 puella
3046 1347 3146 1403 illa
3168 1354 3449 1420 arreptae

1848 1435 2123 1491 daemonio
2175 1434 2326 1489 venit
2366 1434 2438 1488 ad
2497 1435 2924 1501 monasterium,
2965 1440 3023 1490 et
3077 1436 3449 1509 conﬁtebatur

1847 1526 2060 1580 crimen
2089 1525 2239 1596 quod
2260 1523 2586 1587 admiserat,
2610 1528 2668 1579 et
2687 1524 2757 1579 de
2777 1541 2888 1596 quo
2908 1526 3271 1599 concepisset.
3300 1528 3371 1583 Et
3388 1528 3449 1583 in

1846 1616 2086 1687 septima
2105 1615 2196 1669 die
2224 1613 2636 1685 repansationis
2658 1614 2783 1684 ejus
2807 1613 2868 1669 in
2900 1615 3158 1673 Domino.
3190 1615 3268 1672 ibi
3299 1617 3452 1672 intra

1846 1705 2157 1760 oratorium
2178 1703 2415 1767 liberata
2433 1709 2519 1757 est
2545 1718 2580 1756 a
2600 1702 2897 1757 daemonio.
2921 1705 3230 1760 Audientes
3257 1711 3449 1763 autem

162 1798 230 1848 ut
258 1809 361 1848 nec
378 1793 649 1848 meruerit
677 1793 1087 1864 paenitentiam,
1115 1792 1224 1848 Sed
1252 1798 1443 1849 tamen
1458 1793 1558 1859 ite,
1580 1794 1763 1849 lavate
1790 1787 1831 1846 Β
1851 1794 1948 1868 qui
1994 1798 2156 1849 erant
2202 1793 2258 1847 in
2296 1792 2417 1865 ipso
2469 1791 2735 1862 emporio,
2771 1796 2827 1847 et
2871 1791 3054 1848 vicina
3081 1795 3443 1863 monasteria,

161 1899 317 1942 eum.
342 1883 641 1954 etsepelite
670 1884 836 1954 longe
853 1899 887 1937 a
912 1882 1274 1938 monasterio.
1300 1883 1369 1938 Et
1396 1883 1765 1950 euntes,dum

158 1972 355 2026 lavant
374 1989 522 2039 eum,
549 1977 930 2043 cognoverunt
953 1988 1082 2027 eum
1113 1972 1247 2044 quia
1264 1972 1476 2027 femina
1500 1978 1665 2027 esset.
1696 1973 1765 2028 Et

155 2067 451 2132 cmperunt
498 2078 693 2116 omnes
732 2062 989 2116 emittere
1029 2078 1207 2129 voces,
1251 2066 1308 2116 et
1344 2062 1647 2117 tundentes
1679 2079 1757 2128 se,

156 2149 481 2205 clamabant
503 2169 514 2204 :
542 2151 686 2215 Quia
703 2152 833 2206 talis
852 2152 1198 2206 conversatio
1212 2155 1269 2206 et
1279 2152 1555 2223 patientia
1568 2156 1763 2207 sancta

154 2240 389 2295 inventa
416 2246 502 2295 est
524 2240 585 2295 in
615 2258 700 2305 ea,
735 2242 895 2311 cujus
925 2241 1261 2313 mysterium
1293 2242 1482 2296 nullus
1512 2242 1757 2312 agnovit,

153 2335 215 2384 et
233 2329 316 2383 sic
343 2329 412 2383 ab
432 2329 513 2383 eis
540 2329 749 2384 afﬂicta
776 2330 992 2385 fuisset.
1024 2331 1090 2385 Et
1108 2330 1396 2385 venientes
1425 2347 1552 2385 cum
1583 2331 1761 2402 lacry-

151 2418 285 2483 mis,
319 2418 511 2473 dicunt
532 2418 720 2474 abbati
754 2437 766 2472 :
790 2419 966 2486 Abba,
999 2420 1124 2474 veni
1154 2424 1211 2474 et
1241 2420 1365 2475 vide
1389 2419 1622 2475 fratrem
1647 2421 1762 2475 Ma-

153 2508 367 2562 rinum.
412 2508 558 2563 Dicit
598 2508 679 2563 eis
719 2524 734 2561 :
784 2508 931 2573 Quid
977 2514 1063 2564 est
1104 2509 1254 2565 hoc?
1298 2510 1524 2564 Fratres
1564 2509 1762 2564 dicunt

152 2596 394 2653 iterum:
414 2597 555 2653 Veni
573 2603 631 2652 et
644 2598 769 2653 vide
798 2598 1082 2654 mirabilia
1099 2599 1221 2666 Dei,
1245 2599 1436 2654 etvide
1457 2599 1593 2671 quid
1614 2599 1684 2655 de
1705 2604 1761 2654 te

1848 1883 2129 1938 mirabilia
2166 1900 2288 1954 quae
2332 1881 2480 1937 facta
2522 1879 2767 1946 fuerant,
2796 1881 3137 1953 accipientes
3165 1900 3359 1940 cruces
3392 1891 3452 1942 et

1847 1988 2052 2037 cereos,
2087 1986 2216 2025 cum
2248 1968 2473 2043 hymnis
2500 1972 2560 2022 et
2586 1967 2819 2023 canticis
2847 1973 2906 2022 et
2934 1970 3185 2040 psalmis,
3218 1971 3446 2029 benedi-

1845 2067 2034 2117 centes
2082 2061 2281 2126 Deum,
2325 2062 2602 2114 venerunt
2647 2057 2703 2111 in
2745 2057 2941 2113 eodem
2982 2062 3345 2130 monasterio,
3391 2068 3450 2119 et

1845 2150 2154 2206 oratorium
2174 2149 2415 2220 ingressi
2434 2147 2531 2207 ubi
2559 2162 2761 2221 corpus
2783 2147 2832 2223 ej
2843 2164 2905 2202 us
2928 2149 3332 2220 requiescebat,
3354 2151 3449 2208 be-

1843 2241 2179 2296 nedixerunt
2206 2240 2404 2295 Deum.
2438 2236 2543 2293 Ubi
2566 2253 2745 2308 usque
2775 2237 2940 2295 modo
2960 2238 3217 2299 Christus
3243 2243 3448 2301 oratio-

1844 2331 2008 2385 nibus
2022 2336 2229 2384 sanctaa
2245 2327 2475 2399 virginis
2492 2327 2670 2381 multa
2680 2325 2814 2382 facit
2832 2326 3205 2395 mirabilia,ad
3220 2331 3445 2389 laudem

1843 2420 2089 2476 nominis
2112 2418 2221 2474 sui.
2249 2418 2355 2483 Qui
2393 2432 2523 2473 cum
2552 2416 2720 2469 Patre
2748 2419 2806 2469 et
2845 2415 3059 2488 Spiritu
3087 2426 3282 2476 sancto
3312 2422 3447 2479 vivit

1843 2514 1900 2565 et
1917 2513 2119 2581 regnat
2131 2509 2300 2576 Deus,
2316 2523 2418 2579 per
2437 2504 2629 2563 omnia
2645 2504 2849 2561 saecula
2868 2507 3220 2566 saeculorum.
3237 2512 3439 2570 Amen.

1372 2724 1797 2786 ROSWEYDI
1841 2725 2210 2787 NOTATIO.

228 2830 310 2900 (1)
324 2828 608 2903 Marius]
627 2831 762 2885 Tres
781 2831 1035 2903 Marinus
1055 2830 1114 2884 in
1130 2829 1337 2884 tabulis
1356 2830 1759 2885 Ecclesiasticis

143 2901 784 2965 invenio,Alcmai2drina
794 2902 1294 2967 m,Antiochenam,
1312 2903 1638 2969 Hispanam,
1657 2903 1754 2956 sed

144 2974 311 3027 valde
356 2973 506 3027 inter
538 2990 599 3027 se
628 2972 906 3037 confusas,
938 2978 1003 3026 ut
1029 2972 1257 3028 difficile
1284 2979 1535 3028 statuere
1581 2974 1657 3028 sit
1683 2991 1757 3028 an

142 3043 276 3098 duae
298 3050 542 3110 tantum,
573 3060 647 3098 an
672 3050 789 3098 tres
816 3044 1045 3098 fuerint.
1071 3044 1375 3099 Videamus
1396 3044 1466 3098 de
1492 3044 1751 3115 singulis,

145 3121 209 3169 et
239 3132 337 3170 eas
362 3116 510 3170 inter
531 3132 591 3169 se
619 3131 1026 3186 comparemus,
1060 3116 1279 3169 collatis
1309 3115 1650 3171 auctoribus.

222 3187 451 3241 Marinae
489 3192 712 3247 nostrae,
749 3203 871 3256 quae
915 3186 1295 3241 Alexandrina
1340 3192 1444 3249 est.
1479 3187 1752 3241 memoria

145 3264 307 3313 certo
327 3259 417 3312 die
437 3264 761 3312 consecrata
786 3257 1073 3311 invenitur
1092 3258 1151 3311 in
1173 3258 1399 3311 Menaeis
1417 3256 1488 3312 12
1510 3258 1751 3312 Februa-

144 3330 241 3394 rii,
256 3328 353 3383 ubi
382 3331 565 3383 Maria
585 3329 787 3400 primo,
806 3328 1008 3384 deinde
1027 3334 1246 3384 mutato
1277 3328 1473 3400 habitu
1492 3331 1751 3389 Marinus

144 3401 377 3455 dicitur.
397 3401 567 3455 Nulla
586 3398 714 3470 ejus
736 3398 793 3454 in
812 3400 1126 3469 Menologio
1147 3399 1378 3465 mentio,
1398 3400 1495 3453 sed
1516 3400 1770 3455 alteaius

145 3471 385 3527 Marinze
410 3472 531 3543 virg
580 3478 637 3527 et
654 3476 845 3539 mart.,
882 3472 941 3528 17
971 3472 1125 3539 Julii,
1148 3487 1270 3543 quae
1289 3471 1506 3526 Latinis
1524 3473 1752 3541 Marga-

145 3548 273 3596 reta
302 3543 522 3596 dicitur.

144 3548 273 3597 rcta
302 3543 522 3597 dicitur.

224 3614 389 3685 Apud
420 3614 648 3669 Latinos
675 3619 875 3670 vereor
899 3617 963 3668 ut
991 3613 1128 3667 certi
1168 3612 1302 3685 quid
1341 3613 1515 3669 statui
1551 3612 1744 3684 possit.

143 3684 298 3741 Nam
339 3685 498 3739 valde
536 3686 757 3741 variant
796 3690 914 3739 tam
962 3684 1199 3738 vetusta
1226 3701 1396 3755 quam
1435 3684 1751 3739 recentiora

143 3756 555 3828 Martyrologia
571 3758 753 3828 quoad
776 3756 947 3819 diem,
973 3756 1157 3826 quoad
1172 3756 1375 3821 locum,
1401 3755 1585 3826 quoad
1607 3771 1752 3828 mar-

142 3827 312 3899 tyrii
340 3827 611 3894 lauream,
645 3835 710 3883 ut
750 3828 867 3881 haec
915 3833 1109 3899 nostra
1156 3827 1392 3899 Marine,
1442 3843 1564 3898 quas
1593 3827 1749 3899 virgo

140 3898 372 3954 tantum
402 3899 525 3965 fuit,
555 3899 812 3954 videatur
833 3915 962 3952 cum
992 3898 1103 3952 alia
1121 3898 1328 3969 aliqua,
1362 3915 1484 3968 quae
1506 3903 1563 3952 et
1592 3898 1748 3969 virgo

144 3976 209 4025 et
229 3976 443 4042 martyr
459 3970 585 4036 fuit,
618 3987 687 4025 ex
718 3969 1266 4042 nominisafiinitate
1281 3970 1531 4042 confusa.

223 4039 401 4112 Cujus
446 4042 730 4096 varietatis
760 4046 819 4097 et
850 4039 1191 4095 confusionis
1235 4041 1585 4095 occasionem
1613 4040 1744 4095 inde

144 4117 334 4168 ortam
388 4112 667 4179 existimo,
712 4112 861 4185 quod
909 4117 1104 4185 sancta
1148 4112 1466 4185 Margareta
1498 4112 1639 4185 virg.
1690 4116 1747 4185 et

143 4191 317 4239 mart.
351 4185 696 4239 Antiochena
727 4182 771 4238 a
799 4183 1006 4238 Graecis
1046 4182 1265 4237 Marina
1292 4184 1442 4238 dicta
1478 4183 1570 4238 sit.
1594 4182 1743 4238 'Inde

141 4255 321 4321 Beda,
354 4255 729 4325 Rabanus,et
763 4254 1103 4318 Nothkerus,
1137 4254 1233 4325 qni
1270 4255 1543 4309 Marinam
1590 4271 1741 4308 mar-

142 4333 336 4398 tyrem
367 4326 578 4382 habent
606 4324 671 4385 18
713 4326 885 4391 Junii,
906 4325 1067 4398 apud
1085 4324 1438 4380 Antiochiam
1467 4325 1571 4381 sub
1606 4326 1743 4397 Oly-

142 4396 272 4452 brio
328 4398 607 4468 praefecto,
660 4398 915 4453 eamdem
946 4396 1167 4451 eodem
1215 4398 1354 4469 loco,
1416 4396 1744 4469 Margareta:

142 4469 379 4555 nomine
425 4470 635 4555 habent
672 4469 737 4555 11}
780 4468 931 4524 Julii.
982 4468 1053 4522 Et
1096 4468 1323 4555 quidem
1368 4468 1641 4555 Rabanus.
1686 4468 2141 4555 etnag‘ﬁgg‘ga
2155 4468 2261 4555 ἕξις

144 4541 435 4597 Notkerus
465 4541 541 4595 ibi
565 4540 824 4596 eumdem
854 4555 1076 4612 quoque
1101 4537 1421 4666 praefectum
1443 4537 1807 4623 .OlybriumD

145 4611 490 4666 exnrimunt.
524 4613 841 4666 Romanum
870 4616 1061 4666 autem
1129 4612 1559 4666 lartvrolosnum
1590 4611 1744 4666 Mar-

145 4611 490 4683 exprimunt,
512 4613 844 4684 Romanum
870 4611 1061 4667 autem
1101 4611 1559 4684 Martyrologium
1590 4611 1744 4667 Mar-

141 4690 403 4755 garetam
434 4683 605 4739 habet
624 4683 695 4741 20
722 4683 874 4740 Julii.

222 4754 513 4811 Usuardus
538 4772 666 4811 vero
695 4773 760 4810 ex
784 4755 968 4827 prima
992 4754 1318 4827 recensione
1337 4752 1548 4808 Molani
1575 4753 1747 4827 habet

146 4831 346 4892 895
364 4827 428 4883 18
449 4827 602 4883 Junii
626 4846 637 4881 :
663 4847 690 4879 α
706 4825 1054 4882 Alexandriae
1081 4825 1265 4897 passio
1294 4829 1511 4897 sanctae?
1523 4826 1744 4882 Marinae

141 4897 312 4970 virg,
336 4917 362 4951 ι
389 4899 537 4970 quod
568 4899 627 4952 in
654 4899 909 4954 Usuardo
948 4913 1013 4952 ex
1040 4896 1519 4970 secundaMolani
1548 4912 1743 4970 recen-

139 4968 303 5023 sione
341 4968 658 5035 omittitur;
691 4986 794 5024 nec
820 4970 936 5023 ulla
969 4971 1035 5023 fit
1066 4969 1126 5023 in
1156 4985 1221 5023 ea
1251 4968 1495 5024 editione
1532 4969 1743 5025 mentio

138 5039 397 5107 Marinae,
431 5058 553 5111 quas
576 5040 925 5096 Alexandria
954 5040 1029 5094 sit
1056 5056 1241 5111 passa.

217 5111 327 5165 Sed
358 5110 613 5167 Molanus
631 5118 751 5166 tam
772 5113 829 5166 in
855 5112 1039 5183 prima
1060 5110 1230 5183 quam
1247 5110 1741 5183 secundaUsuardi

139 5183 493 5250 recensione,
525 5183 595 5238 ‘20
632 5183 785 5248 Julii,
818 5182 932 5237 non
978 5182 1038 5236 in
1068 5182 1222 5238 textu
1252 5182 1512 5249 Usuardi,
1548 5182 1645 5237 sed
1682 5183 1742 5237 in

141 5252 546 5327 additionibus,
566 5254 897 5326 Margaretae
922 5252 1074 5327 diem
1100 5253 1307 5327 festum
1337 5254 1514 5327 penit,
1538 5252 1606 5327 de
1631 5270 1743 5327 qua

140 5324 207 5379 in
237 5327 598 5381 annotatione
625 5324 715 5381 ex'
731 5325 977 5381 secunda
1014 5324 1502 5380 recensione’dicit
1536 5324 1742 5381 Usuar-

143 5394 293 5469 dum,
312 5397 540 5452 nomine
559 5397 789 5453 Marinae
810 5395 1017 5452 habere
1051 5395 1107 5453 l8
1129 5396 1302 5469 Junii,
1327 5396 1474 5467 quod
1492 5396 1742 5469 intellige

144 5466 220 5520 de
248 5468 522 5540 Usuardo
544 5486 611 5523 ex
638 5469 823 5540 prima
852 5469 974 5539 ejus
1016 5466 1377 5536 recensione;
1407 5484 1541 5523 nam
1565 5468 1624 5524 in
1652 5466 1712 5524 se
1730 5503 1743 5511 ι

147 5538 354 5604 cunda,
384 5545 447 5595 ut
474 5539 605 5604 dixi,
630 5538 930 5595 omittitur.

225 5610 333 5674 Qui
366 5628 529 5674 porro
559 5611 617 5666 in
647 5610 1104 5666 annotationibus
1129 5611 1388 5667 secundae
1407 5613 1748 5670 recensionis

147 5681 222 5736 ad
251 5679 322 5739 20
342 5679 476 5743 Julii
505 5683 679 5751 addit,
711 5683 965 5739 fortassis
988 5681 1206 5738 incuria
1242 5683 1529 5751 scriptoris
1560 5684 1625 5740 18
1654 5684 1749 5740 Ju-

147 5754 233 5810 nii
259 5754 455 5813 vitiose
478 5754 771 5832 irrepsisse
788 5755 1158 5814 Alexandriae.
1181 5754 1329 5813 Nam
1348 5754 1519 5826 Beda,
1540 5755 1744 5832 inquit,

1840 2847 1905 2886 eo
1956 2832 2047 2892 die
2094 2832 2402 2887 secundum
2449 2834 2745 2891 historiam
2783 2835 2973 2898 habet,
3017 2840 3083 2893 in
3124 2837 3438 2895 Antiochia.

1838 2903 1998 2957 Unde
2019 2910 2253 2974 apparet
2279 2904 2565 2980 Molanum
2585 2907 2883 2980 utrobique
2915 2910 3188 2965 Marinam
3217 2916 3275 2966 et
3297 2912 3442 2967 Mar-

1836 2981 2092 3044 garetam
2122 2992 2225 3046 pro
2248 2976 2448 3031 cadam
2467 2978 2765 3050 accepisse.

1910 3055 2015 3119 Qui
2032 3072 2228 3110 rursus
2255 3056 2313 3111 in
2344 3058 2726 3114 additionibus
2745 3060 2815 3114 ad
2843 3062 3161 3117 Usuardum
3183 3067 3300 3117 tam
3330 3064 3442 3120 nri-

1768 3126 1813 3187 C
1834 3141 1941 3181 ma:
1958 3143 2127 3202 quam
2154 3129 2412 3203 secundae
2431 3146 2546 3203 suae
2567 3131 2927 3203 recensiqnis,
2954 3132 3180 3203 laJulii,
3200 3134 3280 3188 ait
3297 3126 3442 3189 Mar-

1830 3198 2086 3271 garetam
2127 3214 2193 3252 eo
2232 3198 2507 3271 dieapud‘
2531 3201 2737 3257 multos
2767 3198 2892 3259 coli.
2928 3205 2997 3261 Et
3026 3220 3091 3258 eo
3119 3198 3210 3259 die
3241 3221 3439 3261 manu-

1832 3268 2073 3344 scriptus
2106 3268 2584 3344 meus_Us_uar_du_s
2611 3272 2819 3327 diserte
2842 3274 3214 3344 Margaretam
3245 3275 3432 3344 habet,

1833 3339 2246 3466 ἓξὲιέθοξξὲθῗιιέἳ
2265 3341 2437 3409 Beda,
2463 3341 2711 3411 Rabano,
2740 3339 2993 3415 Mother?)
3009 3346 3078 3400 de
3099 3339 3431 3418 Margaretae

1865 3560 1877 3571 .
1905 3490 2169 3571 Nondum
2188 3490 2363 3571 igitur
2380 3492 2611 3571 Marine
2625 3500 2833 3571 nostrae
2844 3498 3055 3571 ‘testum
3078 3497 3228 3571 diem
3244 3514 3436 3555 excus-

1832 3562 1911 3616 sis
1940 3568 2183 3633 quatuor
2208 3564 2442 3646 vetustis
2484 3562 2860 3650 Martyrologii
2888 3568 3272 3640 scriptoribus,
3306 3587 3430 3627 cer-

1830 3637 1953 3686 tum
1990 3634 2140 3697 apud
2167 3635 2397 3690 Latinos
2427 3634 2735 3697 habemus;
2782 3655 2897 3694 imo
2937 3656 3008 3694 ne
3043 3641 3271 3697 quidem
3309 3645 3430 3697 eius

1830 3651 1953 3686 tum
1990 3651 2140 3716 apud
2167 3651 2397 3690 Latinos
2427 3651 2735 3706 naoemus;
2782 3655 2897 3694 imo
2937 3656 3008 3694 ne
3043 3651 3271 3713 quidem
3309 3651 3433 3714 ejus

1830 3719 2182 3773 memoriam.

1906 3784 2158 3861 Habe_tu_r
2176 3784 2479 3861 quidemin
2508 3789 2703 3861 Adone
2725 3792 2968 3861 vulgato,
2999 3789 3066 3848 18
3090 3793 3244 3848 Junii
3267 3812 3279 3847 :
3314 3814 3337 3844 ι
3364 3796 3430 3851 In

1830 3855 2170 3933 Alexandria
2180 3855 2391 3933 sanctae
2411 3859 2661 3933 Marium,
2683 3855 2914 3933 virginis
2942 3855 2999 3917 et
3019 3868 3208 3931 mart.,
3225 3871 3284 3921 et
3308 3866 3432 3921 Bal-

1831 3925 2006 4006 binan
2032 3948 2055 3980 ι
2091 3928 2199 4006 S_ed
2229 3928 2465 4006 praefixa
2493 3930 2593 4006 hic
2631 3925 2992 4006 estUEtellula
3035 3951 3071 3988 a
3106 3925 3425 4006 Mosandro,

1828 3998 2040 4081 Adonis
2059 3998 2291 4081 editors,
2321 4001 2469 4081 quod
2496 4002 2553 4058 id
2580 4001 2636 4058 in
2659 4003 2783 4059 aliis
2804 4004 2984 4060 tribus
3010 3998 3427 4081 Manuscriptis,

1830 4068 2031 4160 quibus
2057 4070 2175 4160 ipse
2205 4068 2468 4160 usus—est,
2502 4090 2616 4130 non
2635 4082 2810 4160 esset,
2821 4084 3204 4160 praeterquam
3227 4068 3425 4160 mimo

1827 4130 1865 4225 ξεῖ
1888 4130 2249 4225 Mediam?
2279 4130 2523 4225 quadam
2549 4152 2734 4225 ευίξιοε
2769 4130 3019 4225 Είέεβῖςὲ
3046 4130 3427 4225 ἷιὲζᾶἷςῖἔάᾞόῖ

1826 4210 1928 4266 bus
1958 4210 2348 4289 vetustissimis
2379 4215 2766 4289 \lanuscriptis
2791 4220 2947 4276 nulla
2966 4219 3057 4276 hic
3082 4221 3313 4279 Marinze
3329 4241 3427 4280 no-

1825 4289 1965 4368 strae.
1982 4285 2134 4368 apud
2154 4285 2415 4368 Adcnem
2438 4285 2874 4368 mentio’;_quare
2903 4308 3006 4368 nec
3030 4292 3179 4363 quod
3203 4293 3426 4368 martyr

1825 4354 2064 4437 dicatur,
2087 4357 2270 4412 Adoni
2293 4354 2818 4437 estimputandiim,
2839 4369 2903 4418 ut
2918 4363 3008 4418 hic
3027 4354 3245 4437 putavit
3258 4354 3427 4422 Baro-

1826 4428 1976 4506 nius;
1995 4428 2114 4506 Iino
2145 4445 2274 4483 vero
2289 4430 2440 4506 _quia
2462 4428 2682 4504 martyr
2701 4432 2924 4506 dicitur.
2950 4428 3282 4506 capiendum
3311 4438 3423 4495 erit

1930 4504 2141 4580 tiarina
2159 4517 2261 4555 seu
2280 4504 2624 4580 Margareta,
2650 4509 2715 4580 ut
2733 4504 2989 4580 Molanus
3007 4504 3079 4559 ad
3101 4504 3421 4580 Usuardum

1825 4572 1972 4645 cepit
2005 4587 2017 4623 :
2051 4576 2108 4645 et
2134 4587 2235 4643 pro
2267 4573 2331 4645 in
2359 4572 2719 4645 Alexandria,
2754 4575 3075 4645 ponendum
3099 4574 3210 4631 erit
3227 4582 3291 4633 in
3308 4582 3422 4637 An-

1825 4641 2050 4766 :iiolqgia,
2083 4641 2203 4696 locu
2227 4642 2387 4713 cujus
2407 4659 2520 4699 non
2544 4644 2650 4699 rite
2681 4641 2830 4717 apud
2856 4645 3203 4702 Galesinium
3228 4654 3332 4718 est,
3357 4653 3423 4707 in

1873 4729 1900 4766 ο
1979 4729 2053 4766 ια.

1898 4793 1984 4886 ita
2011 4792 2489 4886 in‘yanuscripto
2532 4794 2727 4877 Adone
2751 4796 2939 4886 ‘nulla
2982 4798 3424 4886 marinae”).th

1825 4879 2048 4987 qduoque
2076 4865 2405 4948 Margaret;
2436 4866 2725 4921 memoria.
2750 4867 3073 4952 Namquod
3090 4870 3148 4929 in
3175 4865 3423 4932 editione

1825 5004 1839 5016 ‘
1884 4934 2113 5016 osandri
2128 4936 2436 5016 Margarita
2452 4936 3024 5016 habetur13_1_uhi,i_bi
3050 4958 3273 5016 quoque
3292 4946 3424 5003 stel-

1824 5004 1941 5059 lula
1965 5007 2191 5076 praeﬁxa
2220 5004 2324 5071 est,
2359 5009 2507 5080 quod
2532 5008 2589 5065 id
2617 5010 2741 5074 aliis
2764 5011 2896 5071 Mss.
2939 5004 3179 5071 deesset.

1894 5095 2035 5174 Quis
2051 5095 2237 5174 igitur
2263 5097 2382 5174 dies
2411 5098 2639 5174 Matinae
2662 5106 2872 5174 nostris
2900 5103 3049 5174 apud
3080 5104 3311 5160 Latinos
3334 5120 3419 5160 as-

1824 5165 2161 5245 signabitur?
2180 5167 2432 5245 [labetur
2442 5165 3157 5245 quidemin‘jwartyrologio
3172 5176 3422 5245 Romano

1824 5236 2139 5321 Baronii1§
2176 5239 2329 5321 =Iunii
2358 5254 2371 5293 :
2408 5258 2433 5293 α
2457 5236 2815 5327 Ἀιςδαηάιςίω
2846 5236 3424 5327 ρᾷεείοέᾳῐεᾳεχδίαε-

1824 5314 1960 5387 rima
1988 5314 2242 5380 virginis,
2278 5329 2314 5387 ε
2346 5326 2514 5387 quam
2546 5314 2925 5387 Baroniusibi
2955 5320 3118 5387 putat
3143 5317 3421 5373 Marinam

1823 5384 2075 5436 nostram
2104 5398 2244 5455 esse.
2280 5380 2391 5455 Sed
2432 5385 2712 5455 quomodo
2764 5385 2846 5440 illi
2899 5380 3079 5455 passio
3124 5389 3382 5445 conVenit
3398 5389 3425 5444 ’ἲ

1828 5468 1929 5508 cur
1952 5468 2065 5508 non
2094 5453 2281 5526 potius
2309 5454 2379 5509 de
2409 5453 2629 5511 Marina
2655 5472 2753 5511 seu
2778 5453 3098 5584 Magneta
3123 5458 3337 5584 virgine
3366 5466 3423 5516 et

1831 5529 2083 5584 martvre
2116 5525 2444 5584 accipiatur.
2489 5526 2573 5583 uti
2618 5534 2873 5584 praeeunt
2955 5529 3080 5584 eda.
3134 5529 3218 5584 Ra
3256 5546 3418 5584 anus.

1829 5529 2083 5651 1rEIiatIEyre
2116 5525 2444 5651 qccipiatur,
2489 5526 2573 5583 uti
2617 5534 2873 5601 praeeunt
2907 5525 3080 5597 Beda,
3134 5525 3418 5601 Rabanus,

1883 5614 1914 5651 ο
1982 5614 2111 5651 erus

1883 5602 2111 5652 otkerus

1899 5685 2021 5740 Nisi
2051 5686 2284 5763 velimus
2306 5692 2420 5743 tres
2444 5687 2546 5743 hos
2573 5687 2980 5763 Martyrologos
3016 5689 3292 5761 Marinam
3321 5708 3423 5750 seu

1831 5757 2204 5833 Margaretam
2226 5760 2369 5835 virg.
2401 5764 2458 5818 et
2484 5765 2652 5819 mart.
2674 5757 2803 5818 cum
2823 5757 3044 5841 marina
3070 5757 3267 5833 nostra
3295 5769 3422 5825 tan-
