3876 6402
491 344 595 402 707

1500 345 1595 401 DE
1627 342 1820 403 VITIS
1855 343 2153 403 PATRUM
2187 344 2421 404 LIBER
2440 341 2732 403 PRIMUS.

3658 343 3750 402 708

488 471 580 550 via
608 468 852 550 Qstiensi
881 468 1120 550 positam
1160 468 1561 550 perduxerunt,
1596 486 1706 542 quo
1734 473 1822 540 (ut
1848 475 2079 526 eventus
2092 473 2147 534 A
2165 472 2331 527 malis
2356 488 2449 526 me
2470 470 2681 550 crucio.
2704 469 3008 550 Postquam
3025 482 3159 550 vero
3179 466 3565 550 clarissimum
3585 472 3749 550 terra:

489 542 697 607 docuit)
726 540 1145 595 custodirentur
1168 540 1411 595 intactae.

558 616 681 667 Post
699 615 914 687 aliquos
942 611 1100 687 dies]
1133 612 1571 679 Baronius,ibid.
1606 615 1917 687 {Caeterum
1950 631 2083 687 pau-

489 700 582 737 cos
605 687 731 752 post
747 682 867 736 dies
888 682 1143 736 eamdem
1164 690 1415 738 sanctam
1442 685 1747 738 Marcellam
1766 702 1830 739 ex
1852 682 2083 740 hac'vita

487 754 778 823 migrasse.
812 753 967 826 idem
988 761 1214 826 sanctus
1235 756 1609 826 Hieronymus
1637 756 1798 809 docet
1843 757 1948 820 Qui
1979 758 2084 810 hoc

486 830 738 897 tempore
766 841 893 878 cum
924 823 1277 897 elucubraret
1295 823 1727 897 commentarios
1756 843 1927 897 super
1956 829 2085 881 Eze-

485 895 739 959 chielem,
774 912 886 949 uno
928 896 1236 966 eodemque
1283 898 1482 951 nuntio
1521 895 1866 951 obsidionem
1904 898 2077 963 urbis,

485 966 856 1037 eamdemque
886 973 1105 1037 captam
1128 967 1359 1033 audivit,
1394 968 1673 1037 simulque
1702 974 1907 1023 sanctae
1938 971 2083 1023 Mar-

484 1038 836 1118 cellaeatque
858 1038 1011 1118 chari
1040 1038 1407 1118 Pammachii_
1526 1039 1707 1092 Deum
1735 1040 2039 1118 transitum
2059 1058 2075 1103 ;

484 1124 615 1162 nam
647 1108 725 1161 ibi
745 1108 853 1162 ista
870 1109 988 1179 ipse
1012 1109 1311 1179 praefatur:
1339 1111 1608 1175 (Ηὶιενοηη
1624 1112 1841 1178 prerat.
1861 1114 1922 1164 in
1944 1111 2037 1164 lib.
2061 1124 2080 1164 ι

486 1126 615 1162 nam
647 1126 725 1161 1m
745 1126 886 1162 ismi
929 1126 988 1161 se
1012 1126 1311 1179 praeratur:
1339 1126 1608 1175 (Macram,
1624 1126 1841 1178 pra/az.
1861 1128 1922 1164 an
1944 1126 2037 1164 no.
2061 1126 2080 1164 ι

486 1184 778 1261 comment.
797 1183 859 1261 in
881 1126 1388 1261 Ezech.)_'i‘ransire,
1405 1180 1925 1261 inquit,.cu_piebam
1935 1183 2084 1261 (post

478 1250 1004 1322 interpretationem
1019 1250 1233 1322 scilicet
1253 1251 1598 1305 elaboratam
1613 1251 1670 1304 in
1684 1251 1916 1322 Isaiam)
1929 1250 1985 1305 et
1996 1268 2080 1306 ex-

484 1319 725 1394 tremam
745 1323 839 1392 (ut
864 1319 1094 1394 dicitur)
1117 1322 1522 1394 manumoperi
1535 1323 1821 1394 imponere
1839 1319 2083 1394 prophe-

485 1392 605 1464 tali.
632 1393 843 1464 Etiecce
856 1392 1042 1445 subito
1057 1408 1215 1464 mors
1229 1393 1367 1446 mihi
1388 1392 1733 1447 Pammachii
1749 1392 1917 1464 atque
1931 1392 2079 1448 Mar-

485 1463 658 1523 cellae.
690 1463 957 1517 Romanae
985 1462 1141 1517 urbis
1159 1463 1391 1520 obsidio.
1416 1462 2081 1534 multorumqueffratrum

487 1539 545 1587 et
552 1550 810 1605 sororum
823 1534 1088 1589 dormitio
1100 1534 1357 1588 nuntiata
1369 1538 1660 1605 est.Atque
1673 1535 1753 1588 ita
1763 1543 2085 1590 consterna-

486 1610 581 1676 tus
602 1603 885 1676 obstupui,
914 1610 980 1658 ut
1007 1605 1145 1658 nihil
1167 1606 1319 1659 aliud
1349 1606 1544 1659 diebus
1571 1603 1647 1659 'ac
1669 1606 1940 1670 noctibus,
1973 1607 2082 1660 nisi

488 1675 559 1730 de
594 1675 784 1730 salute
799 1676 1049 1729 omnium
1079 1676 1403 1745 cogitarem,
1436 1693 1619 1747 neque
1655 1676 1714 1730 in
1763 1678 2084 1747 captivitate

487 1752 807 1801 sanctorum
823 1755 1089 1830 putarem-
1100 1763 1221 1829 esse
1235 1748 1547 1830 captivum}
1569 1763 1671 1801 nec
1688 1765 1907 1830 possem
1929 1749 2086 1830 prius

488 1834 588 1872 ora
606 1834 877 1882 reserare,
902 1818 1011 1871 nisi
1040 1818 1249 1888 aliquid
1269 1819 1748 1884 certiusdicerem,
1782 1820 1918 1874 dum
1936 1818 2087 1873 inter

486 1904 642 1959 spem
657 1894 716 1944 et
734 1888 1182 1960 desperationem
1192 1889 1461 1944 sollicitus
1478 1890 1714 1961 pendeo,
1732 1890 2084 1962 aliorumque

2166 561 2293 598 rum
2337 542 2588 597 omnium
2632 541 2822 594 lumen
2860 538 3198 593 exstinctum
3237 544 3341 599 est.
3376 539 3492 593 imo
3520 540 3745 594 Romani

2162 614 2383 685 imperii
2410 617 2731 685 truncatum
2748 616 3009 685 caput,et
3038 612 3123 677 (ut
3139 611 3324 685 verius
3340 610 3541 675 dicam)
3569 610 3627 664 in
3648 628 3746 665 una

2162 682 2303 740 urbe
2321 691 2472 739 totus
2492 683 2642 739 orbis
2662 682 3165 744 interiit,obmutui,
3191 686 3241 735 et
3260 684 3600 735 humiliatus
3612 699 3743 747 sum,

2164 763 2212 810 et
2227 760 2366 810 silui
2380 758 2443 809 de
2464 759 2614 809 bom's-
2627 756 2794 822 (Psal.
2815 756 3174 817 xxxv1n),etc.
3196 753 3324 807 Haec
3344 753 3743 823 Hieronymus:

2166 826 2367 898 quibus
2382 825 2862 898 signiﬁcat,paulo
2873 831 2999 898 post
3015 831 3391 894 eXpugnatam
3408 823 3746 898 urbem,san-

2164 895 2309 976 ctam
2332 895 2646 976 Marcellam
2660 896 2807 949 diem
2815 895 3084 976 clausisse
3101 901 3434 976 extremum,
3458 896 3621 976 cujus
3641 912 3744 976 me-

2165 969 2402 1023 moriam
2433 968 2678 1021 reddunt
2719 966 3103 1020 ecclesiasticae
3140 964 3345 1020 tabulae
3380 964 3747 1019 anniversaria
3840 996 3841 1001 ι

2163 1040 2271 1103 die,
2295 1040 2393 1094 sed
2414 1055 2525 1093 non
2537 1055 2645 1108 qua
2668 1037 2955 1108 ipsaobiit,
2974 1052 3166 1090 verum
3190 1053 3300 1108 qua
3333 1037 3642 1108 decentiori
3670 1054 3746 1090 se-

2162 1111 2389 1181 pultura
2416 1106 2641 1171 donata,
2675 1106 2950 1181 translata
2970 1114 3073 1169 est,
3095 1106 3275 1178 pridie
3295 1108 3420 1181 Kal.
3441 1106 3743 1181 februarii,

2163 1178 2288 1235 cum
2313 1180 2758 1249 Pammachi,qui
2779 1180 2975 1233 eodem
2992 1184 3244 1249 tempore
3260 1178 3544 1241 obiit,dies
3560 1179 3747 1233 natalis

2164 1198 2288 1235 cum
2313 1198 2654 1241 rammacm,
2700 1198 2758 1233 ui
2779 1198 2975 1233 eouern
2992 1198 3244 1249 tempore
3260 1198 3544 1241 oout,aies
3560 1198 3746 1233 natans

2164 1258 2366 1322 agatur
2392 1253 2560 1305 tertio
2592 1198 2827 1305 Kaqend.
2860 1248 3140 1320 Septemb.
3162 1250 3268 1322 Qui
3295 1250 3472 1322 igitur
3489 1250 3746 1322 sanguine

2165 1295 2444 1393 cgnjuncti
2480 1329 2660 1385 erant,
2708 1327 2765 1375 et
2801 1295 3207 1375 vitaarsancta;
3228 1295 3512 1393 inintutop
3534 1295 3745 1391 collega:

2164 1391 2347 1454 (ambo
2374 1394 2524 1448 enim
2555 1393 2922 1447 monasticam
2962 1392 3323 1446 excoluerant
3375 1391 3743 1462 disciplinam)

2163 1466 2332 1519 iidem
2363 1465 2624 1519 obierunt
2660 1464 2763 1517 hoc
2793 1464 2989 1517 eodem
3021 1478 3187 1516 anno.

2236 1538 2315 1590 De
2335 1536 2422 1589 his
2442 1541 2567 1605 post
2586 1540 2672 1589 tot
2689 1539 2958 1606 tantaque
2977 1534 3234 1605 superius
3263 1533 3431 1606 dicta,
3465 1533 3607 1587 illud
3624 1534 3746 1587 satis

2166 1608 2235 1661 ad
2270 1607 2561 1676 utriusque
2592 1606 2834 1670 laudem,
2867 1605 3015 1675 quod
3037 1610 3262 1659 sanctus
3296 1605 3674 1676 Hieronymus
3701 1606 3746 1657 in

2166 1675 2489 1750 prtefatione
2517 1678 2584 1731 ad
2614 1677 2839 1750 eosdem
2870 1677 2929 1731 in
2958 1676 3304 1750 Danielemgzg
3330 1695 3357 1727 (ι
3391 1675 3637 1750 Obsecro
3666 1676 3750 1735 (in-

2206 1748 2755 1812 uituvos,Pammachi
2768 1749 3236 1819 φιλομαθέστατε,θι
3247 1747 3748 1812 Marcella,unicum

2206 1766 2423 1812 ιιιιινοε,
2436 1766 2755 1803 rammacm
2768 1766 3236 1819 φιλομαυεστατε,θι
3247 1766 3748 1812 Ματοθιια,υηιευω

2166 1766 2432 1876 ἓξοῐηαηαθ
2463 1819 2777 1874 sanctitatis
2804 1818 3105 1889 exemplar,
3136 1819 3362 1889 junctos
3406 1818 3520 1872 ﬁde
3550 1825 3608 1872 et
3640 1833 3749 1871 san-

2164 1891 2352 1961 guine,
2362 1897 2424 1946 ut
2442 1896 2673 1945 conatus
2694 1906 2848 1944 meos
2859 1888 3055 1944 vestris
3066 1888 3414 1944 orationibus
3425 1889 3496 1943 ad
3495 1890 3519 1960 j
3526 1889 3716 1943 uvetis.
3724 1908 3745 1943 ι

1356 2176 1563 2328 DE
1644 2173 2117 2330 VITIS
2197 2174 2906 2328 PATRUM

790 2442 1700 2674 LIBER
1800 2430 3441 2719 SECUNDUS,

2022 2763 2217 2828 SIVE

543 2940 1747 3115 HISTORIA
1875 2936 3680 3109 MONACHORUM

950 3206 1406 3283 AUCTORE
1455 3204 1893 3282 RUFFINO
1949 3197 2573 3289 AQUILEIENSI
2626 3196 3281 3275 PRESBYTERO.

845 3490 1627 3604 PR/ELUDIA
1704 3504 1855 3602 IN
1927 3502 2495 3601 LIBRUM
2569 3496 3374 3599 SECUNDUM.

1859 3805 2386 3949 Emori.

547 4042 737 4102 4‘4
762 4038 907 4101 Quia
934 4036 1024 4090 hic
1053 4036 1164 4090 duo
1190 4038 1507 4106 sequuntur
1529 4031 1679 4101 libri,
1701 4034 1927 4090 Rufﬁno
1950 4032 2039 4087 vel
2067 4037 2296 4087 auctore
2324 4031 2410 4086 vel
2433 4031 2741 4102 interprete
2756 4028 2846 4097 (de
2867 4043 2979 4101 qua
3006 4044 3067 4083 re
3096 4026 3465 4082 disseruimus
3491 4026 3735 4096 Prolego-

475 4143 642 4181 meno
674 4124 727 4191 4,
749 4125 776 4197 §
799 4124 885 4196 10)
919 4125 1132 4196 placuit
1156 4125 1268 4191 hic,
1297 4124 1445 4196 quod
1471 4129 1527 4179 et
1557 4124 1739 4196 primo
1767 4124 1912 4180 libro
1946 4124 2005 4178 in
2036 4123 2376 4194 Hieronymo
2416 4119 2801 4193 praestitimus,
2833 4135 2899 4173 ex
2928 4117 3118 4189 magni
3144 4116 3394 4171 historici
3431 4115 3730 4171 Annalibus

475 4213 687 4269 Ruffini
716 4214 1227 4286 peregiinationem
1256 4212 1512 4284 seligere,
1548 4229 1787 4285 eamque
1813 4212 1995 4268 verbis
2024 4212 2359 4269 Baronianis
2406 4216 2736 4283 repraestare
2776 4210 2860 4281 [F.
2900 4208 3348 4281 repraesentare].
3381 4207 3575 4263 Sicubi
3616 4204 3732 4278 quid

473 4302 791 4370 obscurum,
817 4303 904 4357 vel
932 4302 980 4356 si
1009 4318 1122 4373 qua
1148 4301 1208 4356 in
1235 4317 1299 4356 re
1327 4317 1442 4357 non
1466 4302 1694 4357 omnino
1726 4302 1878 4358 inter
1903 4318 2006 4358 nos
2033 4301 2310 4369 convenit,
2350 4299 2578 4356 Notatio
2608 4305 2666 4356 et
2691 4299 2874 4355 lucem
2904 4297 3252 4365 obscuritati,
3283 4302 3343 4352 et
3369 4295 3605 4352 diversae
3633 4294 3733 4367 opi-

472 4392 720 4447 nationis
749 4392 1025 4446 nationem
1050 4390 1224 4446 dabit.

543 4480 688 4546 Quia
704 4498 832 4536 vero
854 4481 1127 4537 Baronius
1147 4478 1486 4536 existimavit
1504 4478 1790 4536 Ruﬁlnum
1811 4480 2061 4541 Melaniae
2079 4479 2306 4537 haesisse
2323 4479 2507 4547 lateri,
2528 4480 2578 4551 ej
2586 4495 2763 4550 usque
2784 4474 3250 4550 peregrinationis
3270 4471 3442 4530 fuisse
3459 4476 3726 4537 comitem,

467 4570 764 4643 utriusque
784 4570 1265 4643 peregrinationes
1295 4570 1447 4624 velut
1478 4574 1663 4625 rotam
1693 4576 1829 4626 rota:
1861 4570 2118 4637 intexuit,
2154 4586 2256 4625 nec
2279 4586 2373 4624 eas
2397 4585 2547 4625 nunc
2574 4568 2711 4623 mihi
2739 4568 3025 4640 disparare
3043 4568 3270 4640 placuit.
3298 4571 3395 4626 sed
3426 4577 3492 4626 ut
3505 4565 3729 4625 Baronio

468 4660 667 4726 visum,
694 4677 974 4716 connexas
1001 4660 1267 4727 exhibeo;
1301 4658 1408 4715 etsi
1438 4658 1594 4713 nulla
1618 4658 1875 4716 Melaniae
1898 4660 2004 4716 hoc
2030 4658 2174 4714 libro
2197 4659 2300 4715 ﬂat
2327 4657 2559 4725 mentio,
2577 4657 2674 4714 sed
2695 4656 2765 4713 de
2791 4673 2860 4713 ea
2886 4666 3080 4714 octavo
3106 4660 3335 4715 demum
3358 4659 3505 4715 libro
3535 4659 3595 4713 in
3618 4654 3729 4711 Pal-

468 4747 606 4802 ladii
634 4749 872 4805 historia
900 4750 1173 4806 Lausiaca
1204 4751 1460 4806 disertim
1484 4755 1706 4821 agatur.

539 4837 678 4892 Toto
708 4839 934 4910 quidem
967 4840 1072 4896 hoc
1098 4840 1240 4897 libro
1269 4841 1528 4897 Rufﬁnus
1559 4839 1628 4909 (si
1655 4843 1847 4895 tamen
1877 4846 2074 4895 auctor
2089 4839 2211 4910 ejus
2240 4841 2299 4893 et
2326 4854 2440 4893 non
2466 4836 2652 4910 potius
2679 4836 2957 4909 interpres
2984 4840 3085 4907 est)
3117 4856 3279 4895 suam
3305 4857 3407 4911 per
3434 4838 3723 4912 Egyptum

466 4926 981 4996 peregrinationem
1010 4929 1275 4984 describit
1302 4949 1313 4985 :
1348 4936 1540 4997 4’5
1564 4945 1735 5000 quam
1764 4929 2040 4985 Baronius
2070 4943 2138 4983 ex
2165 4928 2270 4983 hoc
2295 4926 2436 4982 libro
2467 4941 2581 4982 non
2605 4926 2861 4997 attingit;
2892 4927 3025 4999 quia
3046 4929 3399 4994 existimavit,
3422 4929 3553 4984 libri
3570 4929 3721 4998 hujus

467 5019 755 5069 auctorem
790 5015 965 5070 fuisse
1011 5017 1328 5088 Evagrium,
1362 5018 1432 5073 de
1471 5034 1581 5089 quo
1611 5018 1777 5074 aliter
1824 5017 2184 5073 sentiendum
2228 5016 2539 5081 docuimus,
2581 5016 2889 5086 prolegom.
2922 5016 2973 5082 4,
3006 5016 3034 5089 §
3063 5015 3113 5073 5.
3152 5017 3212 5073 Si
3246 5022 3438 5072 tamen
3483 5018 3721 5073 Bullinus

463 5100 595 5156 libri
618 5102 788 5174 hujus
816 5108 1030 5170 auctor,
1062 5105 1571 5176 peregrinationem
1600 5107 1723 5177 ejus
1751 5122 1852 5179 per
1883 5107 2195 5178 [Egyptum
2218 5111 2337 5161 toto
2369 5105 2473 5161 hoc
2503 5102 2646 5159 libro
2677 5104 2857 5175 leges;
2891 5104 2938 5158 si
2964 5104 3263 5178 interpres,
3291 5106 3501 5162 Ruffini
3526 5105 3716 5160 variam

469 5192 982 5264 peregrinationem
1014 5210 1081 5249 ex
1110 5194 1277 5249 variis
1302 5194 1614 5263 collectam,
1643 5195 1731 5250 his
1760 5194 2043 5267 praeludiis
2074 5194 2246 5250 habes
2274 5194 2603 5268 expositam.

816 5407 1367 5503 RUFFINI
1424 5409 1570 5503 ET
1619 5408 2240 5504 MELANIZE
2294 5429 2376 5509 (α)
2439 5404 3388 5503 PEREGRINATIO.

943 5563 1208 5631 Profectio
1244 5565 1581 5633 ﬁgyptiaca.
2143 5564 2270 5620 dira
2298 5563 2612 5636 persecutio
2640 5561 2941 5633 exagitavit
2960 5560 3246 5617 ecclesiam
3276 5558 3710 5620 Alexandrinam,

537 5643 657 5703 Hoc
682 5663 832 5705 anno
1106 5649 1230 5717 372,
1273 5652 1502 5708 Damasi
1531 5666 1691 5725 papae
1724 5653 1775 5721 5,
1808 5652 2060 5710 Valentis
2141 5659 2432 5725 totamque
2462 5654 2789 5725 Egyptum,
2819 5650 3005 5723 ipsum
3034 5650 3441 5721 Hieronymum
3465 5664 3528 5703 ex
3556 5645 3712 5717 Syria

463 5726 600 5806 imp.
631 5728 667 5793 9
683 5750 812 5808 quo,
832 5742 899 5792 ut
926 5726 1196 5808 dicemus,
1218 5737 1480 5799 defuncto
1505 5739 1709 5815 Magno
1727 5738 2055 5813 Athanasio,
2141 5740 2442 5800 solitudine
2459 5741 2529 5798 ad
2550 5739 2838 5800 Rumnum
2854 5739 3151 5812 Egyptian
3164 5742 3530 5811 petentem,et
3540 5749 3712 5791 mona-
