3876 6386
88 443 201 500 709

1533 427 1939 489 PRAELUDIA.

3258 427 3363 488 710

89 567 230 621 chos
259 564 373 619 illic
405 562 752 618 confessores
777 559 1130 625 invisentem,
1158 559 1463 629 scripsisse,
1488 557 1691 611 litterae
1709 557 1756 614 A
1779 570 1903 607 rum
1929 552 2165 607 invisere
2195 553 2412 618 choros,
2446 557 2501 606 et
2528 551 2807 606 caalestem’
2831 552 2888 606 in
2913 553 3078 607 terris
3123 553 3363 608 circum-

95 654 172 727 (b)
195 647 340 710 tunc
361 653 430 708 ab
455 670 521 707 eo
552 653 694 706 data
724 650 1058 721 significant,
1092 654 1196 702 etc.

165 743 486 799 Instituisse
513 742 644 796 vero
667 739 943 811 ejusmodi
976 737 1486 809 peregrinationem
1511 734 1691 789 Rufﬁ-

88 850 230 888 num
244 849 355 888 una
376 848 502 886 cum
522 830 763 885 Melania
779 830 1032 883 Romana
1052 827 1360 880 clarissima
1382 825 1590 879 femina
1605 825 1693 877 Je-

88 923 456 994 rosolymam,
480 920 575 974 sed
591 920 650 973 in
670 920 933 990 Egytum
960 916 1139 987 primo
1154 916 1223 969 ad
1246 915 1562 968 invisendos
1579 914 1692 966 illic

89 1018 328 1081 agentes
351 1015 571 1065 sanctos
591 1009 892 1062 monachos
938 1005 1246 1074 navigasse,
1289 1004 1438 1058 idem
1468 1009 1695 1056 sanctus

90 1100 474 1170 Hieronymus
503 1101 567 1165 (ε)
591 1097 662 1150 ad
684 1094 1051 1158 Florentium,
1076 1109 1292 1146 necnon
1313 1093 1384 1146 ad
1406 1092 1694 1146 Rufﬁnum

86 1189 170 1256 (d)
214 1187 482 1252 scribens,
513 1185 732 1240 duabus
777 1183 1025 1254 epistolis
1064 1181 1368 1235 declaravit
1418 1183 1688 1250 (Hieron.,

89 1279 254 1346 epist.
303 1276 353 1341 5,
387 1277 497 1343 41),
531 1291 669 1345 quas
699 1290 763 1326 ex
814 1272 990 1344 Syriae
1031 1271 1333 1324 solitudine
1372 1270 1545 1323 dedit.
1585 1271 1693 1322 Ac-

89 1366 304 1420 cedunt
323 1365 410 1418 his
439 1364 535 1418 alii
563 1368 736 1417 testes
762 1380 774 1428 ;
818 1361 1113 1415 confirmat
1131 1360 1281 1414 enim
1303 1359 1600 1430 hocipsum
1625 1358 1694 1412 de

91 1454 549 1525 peregrinatione
566 1451 777 1506 Rufﬁni
793 1467 920 1504 cum
931 1449 1174 1503 Melania
1186 1454 1412 1502 sanctus
1426 1448 1694 1502 Paulinus

97 1546 166 1610 (ε)
199 1543 260 1598 in
292 1542 526 1614 epistola
556 1541 626 1595 ad
660 1542 924 1595 Severum
954 1541 1235 1605 (Paulin.,
1266 1541 1418 1606 epist.
1453 1537 1528 1604 9),
1562 1553 1692 1591 nec-

93 1648 215 1686 non
243 1630 527 1686 Palladius
553 1630 621 1700 (f)
647 1629 715 1682 de
735 1629 932 1682 eadem
953 1627 1194 1682 Melania
1213 1643 1404 1697 agens.

170 1720 427 1783 Quonam
451 1734 582 1772 vero
598 1717 954 1789 potissimum
984 1721 1236 1786 tempore
1268 1713 1542 1784 ejusmodi
1565 1711 1696 1767 Ruf-

93 1808 200 1864 ﬁni
220 1825 346 1864 cum
381 1807 622 1862 Melania
650 1805 1025 1877 peregrinatio
1055 1804 1339 1869 acciderit,
1373 1804 1603 1856 diversae
1629 1817 1696 1855 ea

1773 643 1854 696 ire
1896 643 2166 696 familiam
2219 645 2412 709 (Ilien,
2463 646 2684 710 epistola
2741 643 2910 706 41).»
2973 643 3040 696 Et
3091 642 3357 697 inferius:

1777 751 1802 783 «
1835 733 2076 786 Rursum
2101 749 2427 803 suspensam
2440 737 2566 785 voto
2593 738 2826 786 nutante
2849 738 3112 796 mentem,
3135 733 3362 803 quidam

1772 821 2178 875 Alexandrinus
2210 822 2514 875 monachus
2552 823 2645 892 (k),
2689 820 2783 892 qui
2829 821 2899 874 ad
2941 821 3192 891 zEgytios
3232 836 3364 873 con-

1772 908 2026 976 fessores,
2059 916 2116 963 et
2134 911 2418 964 voluntate
2441 912 2560 980 jam
2594 917 2888 982 martyres,
2916 910 3007 981 pio
3027 909 3205 980 plebis
3221 911 3366 979 jam-

1776 998 1988 1051 dudum
2016 998 2199 1053 fuerat
2228 1000 2590 1054 transmissus
2621 1000 2906 1071 obsequio,
2939 999 3267 1053 manifestus
3294 996 3367 1050 ad

1776 1086 2160 1141 credulitatem
2179 1089 2358 1142 nuntii
2371 1095 2567 1143 auctor
2581 1090 2900 1161 impulerat.
2915 1110 2935 1139 ι
2957 1090 3025 1143 Et
3038 1089 3204 1159 paulo
3221 1091 3360 1158 post:

1781 1193 1806 1226 (ι
1838 1176 2124 1230 Rufﬁnum
2155 1178 2348 1232 Nitrim
2375 1196 2516 1242 esse,
2562 1186 2620 1233 et
2665 1181 2735 1234 ad
2783 1179 3008 1234 beatum
3058 1177 3368 1250 perrexisse

1777 1264 2100 1333 Macarium,
2131 1267 2326 1321 crebra
2353 1269 2790 1323 commeantium
2828 1271 3131 1326 multitudo
3161 1275 3366 1329 refere-

1776 1351 1889 1407 bat.
1921 1375 1944 1407 ››
1975 1357 2102 1409 limo
2127 1358 2263 1427 ipse.

1847 1444 2060 1506 Quibus
2089 1446 2352 1500 omnibus
2384 1447 2639 1503 redditur
2668 1450 3028 1508 manifestum
3071 1454 3370 1512 Melaniam

1776 1549 1901 1586 cum
1935 1534 2155 1589 Rufﬁno
2182 1535 2285 1590 hoc
2305 1553 2470 1603 anno,
2496 1540 2796 1610 superstite
2827 1543 3010 1597 adhuc
3034 1544 3366 1612 Athanasio,

1775 1622 2170 1678 Alexandriam
2202 1627 2536 1696 pervenisse,
2570 1635 2627 1682 et
2657 1636 2914 1685 sanctum
2962 1633 3370 1706 Hieronymum

1781 1713 1861 1782 (ut
1906 1713 2117 1768 dictum
2178 1721 2278 1782 est)
2333 1723 2459 1786 post
2503 1718 2796 1772 Athanasii
2855 1720 3087 1788 obitum,
3162 1725 3369 1778 excita-

1776 1806 1834 1854 ta
1885 1802 1988 1856 hoc
2035 1819 2182 1857 anno
2241 1803 2310 1857 ab
2355 1805 2580 1860 Arianis
2641 1810 3028 1877 persecutione
3075 1813 3132 1865 in
3194 1814 3370 1868 eccle-

93 1898 169 1953 de
199 1915 261 1952 re
289 1896 649 1968 reperiuntur
692 1894 1018 1960 sententiae;
1068 1910 1197 1947 nam
1245 1893 1526 1946 Palladius
1573 1890 1918 1967 ipsoBsiam
1975 1892 2410 1946 Alexandrinam
2465 1900 2523 1948 et
2577 1896 2786 1950 incolas
2835 1901 3028 1964 eremi,
3088 1901 3240 1955 illam
3299 1903 3371 1956 ad

96 1987 328 2041 exordio
356 1985 608 2039 Valentis
634 1983 856 2055 imperii
885 1987 953 2051 (g)
1004 1983 1059 2037 id
1102 1983 1310 2036 factum
1349 1998 1489 2047 esse,
1541 1980 1694 2034 affir-

94 2091 260 2130 mare
289 2075 509 2129 videtur
539 2075 844 2140 (Palladius
885 2075 946 2125 in
978 2074 1252 2134 Lausz'ac.,
1283 2087 1398 2140 cap.
1428 2070 1510 2136 33)
1539 2089 1550 2136 ;
1596 2069 1695 2123 sed

94 2164 252 2236 apud
281 2163 457 2218 sancti
485 2161 1140 2234 HieronymiChronicon
1155 2159 1529 2214 annodecimo
1543 2160 1695 2228 ejus-

92 2253 232 2308 dem
252 2251 606 2324 imperatoris
623 2251 741 2304 hmc
755 2251 1020 2320 leguntur
1035 2267 1046 2302 :
1059 2270 1080 2300 ι
1102 2248 1340 2303 Melania
1353 2247 1697 2302 nobilissima

93 2342 404 2396 mulierum
416 2342 816 2404 Romanarum,
825 2345 881 2394 et
890 2338 1194 2394 Marcellini
1207 2338 1489 2408 quondam
1501 2352 1697 2392 consu-

93 2432 169 2486 lis
200 2431 318 2486 ﬁlia
349 2430 442 2501 (ἡ),
475 2430 640 2484 unico
678 2435 914 2501 praetore
944 2434 1079 2482 tunc
1109 2427 1324 2482 urbano
1350 2429 1414 2496 (τ’)
1451 2427 1564 2480 ﬁlio
1595 2427 1696 2480 de-

100 2521 323 2584 relicto,
356 2519 759 2590 Jerosolymam
789 2517 1084 2587 navigavit,
1121 2516 1213 2570 ubi
1237 2522 1395 2570 tanto
1422 2516 1697 2570 virtutum

93 2609 494 2681 praecipueque
521 2607 858 2662 humilitatis
889 2606 993 2660 fuit
1039 2605 1326 2672 miraculo,
1375 2612 1438 2660 ut
1480 2605 1696 2660 Thecla;

96 2715 312 2753 nomen
341 2696 634 2768 acceperit.
657 2716 682 2748 »
717 2696 847 2750 Haec
875 2694 983 2748 ibi:
1004 2711 1126 2766 quae
1155 2694 1520 2763 intelligenda
1539 2699 1699 2764 puta-

93 2803 253 2851 mus,
279 2802 389 2840 non
411 2802 536 2840 cum
566 2784 813 2856 primum
833 2785 1012 2838 Roma
1038 2783 1284 2854 profecta
1305 2789 1407 2848 est,
1441 2783 1537 2837 sed
1569 2798 1698 2838 cum

93 2892 167 2930 ex
184 2875 428 2946 Egypto
453 2875 856 2944 Jerosolymam
871 2872 1141 2943 pervenit.
1157 2873 1300 2927 Nam
1317 2873 1464 2943 quod
1486 2877 1702 2942 spectat

94 2965 174 3018 ad
206 2964 606 3035 profectionem
636 2963 694 3016 in
723 2963 1046 3033 Egyptum,
1081 2978 1210 3016 cum
1250 2963 1426 3033 ipsius
1465 2962 1696 3026 Rufﬁni,

95 3074 323 3113 necnon
354 3057 588 3111 Palladii
619 3059 683 3126 lj)
709 3056 1018 3110 assertione
1055 3062 1273 3110 constet
1309 3056 1606 3110 Melaniam
1637 3071 1702 3109 ac

97 3149 228 3218 ejus
249 3147 500 3209 comites,
533 3147 750 3200 vivente
778 3146 960 3200 adhuc
988 3145 1315 3209 Athanasio,
1337 3145 1508 3200 fuisse
1537 3145 1702 3199 Alex-

1780 1980 2065 2034 Rufﬁnum
2097 1981 2386 2052 epistolam
2415 1984 2807 2056 conscripsisse
2838 2005 2902 2042 ex
2941 1989 3114 2060 Syriae
3157 2007 3366 2055 eremo,

1778 2068 1872 2123 ubi
1902 2068 2104 2139 agebat
2131 2069 2530 2140 subaegrotans,
2564 2080 2669 2128 etc.

1852 2158 2029 2222 Quam
2043 2165 2229 2214 autem
2244 2161 2484 2216 diximus
2503 2164 2801 2220 Melaniam
2822 2183 2947 2221 cum
2966 2167 3188 2224 Rufﬁno
3201 2175 3371 2242 atque

1780 2248 1944 2301 sociis
1972 2255 2102 2304 ante
2133 2249 2344 2304 obitum
2377 2252 2670 2308 Athanasii
2716 2261 2927 2310 certum
2964 2274 3084 2312 esse
3131 2260 3374 2314 Alexan-

1777 2336 1958 2391 driam
1981 2355 2046 2391 ex
2067 2337 2204 2393 urbe
2225 2340 2463 2407 venisse,
2488 2359 2730 2412 quonam
2744 2346 3094 2416 potissimum
3117 2352 3372 2420 tempore

1778 2425 1835 2480 id
1865 2427 2132 2482 accidisse
2163 2430 2522 2499 putandum?
2560 2432 2617 2486 Si
2671 2433 2921 2490 Palladio
2967 2439 3372 2493 assenserimus

1779 2515 2083 2570 afﬁrmanti
2113 2518 2169 2572 id
2198 2518 2402 2574 factum
2430 2520 2577 2575 circa
2602 2523 2829 2577 exordia
2847 2524 3100 2580 Valentis
3126 2527 3370 2598 imperii,

1779 2603 1960 2675 ipsum
1994 2607 2275 2663 Rufﬁnum
2292 2608 2381 2679 adj
2392 2626 2598 2680 ungere
2619 2627 2908 2681 possemus
2927 2614 3370 2685 astipulatorem,

1779 2694 1874 2748 ubi
1891 2696 1972 2750 ait
1983 2697 2146 2750 annis
2168 2715 2263 2751 sex
2284 2701 2335 2766 (ἰ)
2356 2716 2414 2752 se
2434 2700 2783 2756 Alexandriae
2797 2711 3205 2758 commoratum
3228 2722 3370 2772 esse,

1783 2791 1837 2838 et
1856 2791 2048 2856 postea
2075 2786 2280 2841 iterum
2310 2789 2379 2841 ad
2399 2789 2615 2860 aliquot
2633 2789 2852 2845 dierum
2878 2793 3122 2863 spatium
3147 2794 3279 2849 illuc
3291 2811 3377 2849 re-

1781 2890 2001 2928 versum
2026 2876 2358 2930 commorari
2379 2878 2676 2948 contigisse
2700 2881 2948 2948 (Ruf/in..
2966 2884 3029 2935 in
3052 2884 3273 2938 Hieron.
3292 2886 3378 2938 in-

1784 2969 1912 3017 vect.
1934 2963 2006 3030 2).
2025 2965 2130 3019 Sed
2146 2966 2248 3020 hoc
2261 2983 2483 3021 rursum
2498 2967 2786 3022 dissuadet
2805 2975 2869 3023 ut
2887 2971 3198 3037 credamus,
3229 2972 3377 3043 quod

1786 3069 1849 3105 ex
1860 3055 2217 3124 nupercitata
2232 3056 2558 3128 Hieronymi
2581 3057 2818 3128 epistola
2837 3059 2905 3112 ad
2922 3060 3207 3114 Rufﬁnum
3221 3061 3380 3115 inau-

1786 3142 1935 3196 ditus
1963 3149 2130 3198 antea
2150 3151 2208 3198 et
2234 3144 2556 3216 inopinatus
2573 3147 2843 3201 adventus
2865 3148 2986 3218 ejus
3006 3149 3062 3203 in
3075 3149 3378 3221 Egyptum

98 3236 339 3302 andriaz,
368 3253 534 3307 quem
562 3235 741 3306 liquet
766 3235 871 3288 hoc
898 3235 1018 3306 ipso
1044 3251 1190 3288 anno
1220 3252 1284 3289 ex
1313 3235 1417 3289 hac
1448 3235 1560 3289 vita
1593 3235 1700 3289 mi-
1720 3203 1766 3265 ο
1787 3237 1844 3286 et
1871 3249 2040 3303 quam
2070 3234 2487 3290 recentissimus
2526 3234 2697 3289 fuisse
2741 3236 2980 3304 videtur,
3025 3243 3091 3292 ut
3118 3238 3378 3310 superius

99 3341 325 3397 grasse,
357 3326 552 3397 utique
581 3329 712 3379 ante
735 3323 1015 3378 decimum
1044 3324 1295 3378 Valentis
1333 3341 1543 3380 annum
1575 3341 1701 3378 eam

97 3433 237 3471 cum
270 3414 387 3470 suis
434 3415 737 3486 Egyptum
774 3413 1079 3484 profectam
1111 3430 1248 3478 esse,
1294 3414 1576 3468 afﬁrmare
1602 3430 1701 3468 ne-

1785 3320 1993 3376 dictum
2025 3327 2128 3390 est,
2156 3328 2261 3377 etc.

1853 3414 2147 3467 Baronius.
2167 3417 2496 3482 postm-ulta,
2521 3430 2672 3468 anno
2689 3416 2888 3468 eodem.
2916 3447 2976 3456 —
3006 3417 3166 3482 Quod
3187 3423 3380 3473 autem

96 3521 262 3560 cesse
287 3509 389 3559 est.
423 3504 582 3568 Quod
607 3503 756 3558 enim
781 3503 1098 3573 contigerit,
1126 3503 1245 3574 ipso
1275 3503 1492 3558 vivente
1520 3504 1703 3558 adhuc
1787 3501 1857 3556 ad
1886 3503 2108 3574 {Egypti
2133 3503 2434 3558 monachos
2454 3508 2669 3575 spectat
2695 3503 2973 3560 dirissime
2995 3507 3211 3562 aLucio
3249 3524 3380 3562 exa-

96 3600 302 3650 sancto
314 3592 642 3659 Athanasio,
675 3592 976 3647 Melaniam
1001 3591 1397 3648 Alexandriam
1427 3593 1707 3664 pervenis-
1786 3593 1992 3664 gitatos
2019 3613 2030 3660 ;
2064 3594 2337 3661 Rufﬁnus,
2372 3593 2467 3664 qui
2494 3611 2622 3649 cum
2654 3596 2890 3652 Melania
2906 3597 2965 3650 in
2985 3597 3224 3669 Egypto
3255 3613 3384 3668 age-

98 3700 186 3750 se,
220 3682 506 3737 Palladius
535 3699 602 3736 ex
622 3698 687 3736 eo
716 3697 1009 3754 perspicue
1038 3681 1424 3737 demonstrare
1467 3683 1702 3749 videtur,
1787 3681 1904 3749 bat,
1937 3683 2055 3737 hac
2077 3683 2145 3737 de
2185 3683 2295 3738 illis
2343 3683 2678 3755 scriptorum
2725 3686 3105 3741 monumentis
3142 3686 3382 3756 posteris

98 3789 238 3828 cum
258 3770 339 3825 ait
362 3771 657 3826 Melaniam
695 3769 765 3825 ab
786 3770 906 3842 ipso
935 3771 1240 3825 Athanasio
1273 3771 1539 3826 donatam
1588 3787 1708 3825 esse
1790 3771 2028 3843 legenda
2044 3773 2301 3827 tradidit:
2321 3774 2573 3842 (Ruf/£71.,
2597 3777 2634 3828 ι.
2659 3788 2719 3828 II.
2745 3792 2789 3829 ο.
2812 3774 2862 3840 3,
2885 3775 2934 3845 4)
2963 3794 2988 3826 α
3007 3775 3144 3830 Inde
3156 3779 3284 3846 post
3301 3774 3384 3828 fu-

98 3861 273 3918 ovina
304 3860 465 3932 pelle,
491 3876 660 3931 quam
685 3860 832 3914 dono
849 3864 1138 3931 acceperat
1157 3877 1191 3914 a
1217 3861 1460 3917 Macario
1484 3859 1704 3925 abbate,
1789 3880 1890 3933 gas
1920 3863 2122 3918 civium
2145 3868 2201 3918 et
2229 3863 2438 3924 exsilia,
2462 3869 2590 3935 post
2609 3864 2784 3919 caedes
2817 3870 2875 3919 et
2909 3870 3193 3919 tormenta
3221 3865 3383 3918 ﬁam-

99 3951 299 4006 oblata
319 3949 425 4021 ipsi
450 3966 684 4004 munere
705 3966 740 4004 a
759 3950 919 4004 leone
945 3965 1046 4020 pro
1067 3950 1379 4020 gratiarum
1402 3951 1618 4005 actione
1639 3949 1708 4003 de
1791 3969 2021 4024 masque
2051 3952 2252 4024 quibus
2281 3952 2606 4008 innumeros
2635 3953 2966 4020 confecerat,
3011 3953 3082 4008 ad
3107 3961 3386 4008 monaste-

99 4039 312 4095 catulis
347 4040 504 4094 caacis
528 4039 598 4094 ab
628 4039 748 4111 ipso
793 4040 905 4094 luci
939 4041 1199 4108 redditis;
1243 4041 1402 4111 cujus
1440 4040 1521 4094 rei
1568 4041 1708 4094 adeo
1790 4042 1876 4096 ria
1909 4044 2001 4108 (γη)
2023 4042 2228 4097 furoris
2251 4043 2337 4097 sui
2357 4059 2516 4097 arma
2545 4044 2834 4106 convertit.
2869 4049 3052 4098 vastat
3109 4059 3380 4109 eremum,

103 4130 460 4186 admirandae
494 4129 750 4184 Rufﬁnus
778 4129 1071 4183 historiam
1101 4135 1314 4196 narrat,
1341 4129 1434 4202 qui
1463 4135 1520 4184 et
1542 4130 1621 4184 ait
1649 4147 1707 4182 se
1792 4137 1848 4185 et
1875 4131 2022 4185 bella
2040 4131 2455 4204 quiescentibus
2475 4131 2686 4186 indicit.
2710 4133 2842 4187 Tria
2863 4133 3040 4186 millia
3068 4132 3255 4196 simul,
3289 4135 3389 4187 aut

102 4225 446 4294 prasentem
473 4219 644 4274 fuisse
663 4235 788 4273 cum
820 4219 1132 4290 persecutio
1151 4225 1236 4273 est
1247 4219 1410 4273 illata
1421 4219 1710 4274 monachis
1793 4237 1857 4274 eo
1868 4221 2109 4293 amplius
2118 4221 2263 4276 viros
2275 4239 2376 4293 per
2385 4226 2563 4276 totam
2580 4239 2834 4276 eremum
2845 4227 3060 4276 secreta
3071 4227 3126 4276 et
3137 4220 3390 4276 solitaria

102 4315 239 4382 post
253 4309 547 4364 Athanasii
569 4307 784 4363 obitum
804 4307 874 4362 ab
891 4308 1143 4363 Arianis:
1167 4327 1192 4359 (ι
1218 4309 1297 4363 Ea
1313 4309 1481 4375 enim,
1505 4309 1706 4381 inquit,
1792 4308 2138 4366 habitatione
2177 4311 2458 4383 dispersos
2499 4328 2825 4383 oppugnare
2877 4311 3090 4383 pariter
3129 4309 3389 4382 aggredi-

105 4415 237 4471 que
258 4415 504 4470 praesens
534 4397 664 4461 vidi,
701 4397 916 4468 loquor,
962 4403 1019 4451 et
1062 4413 1255 4452 eorum
1300 4403 1460 4469 gesta
1507 4399 1706 4464 refero,
1794 4399 3391 4472 tur:mittitarmatamequitumetpeditummanum:tri-

106 4504 354 4561 quorum
377 4487 435 4541 in
456 4486 810 4559 passionibus
823 4486 1006 4540 socius
1023 4503 1142 4541 esse
1153 4488 1437 4558 promerui
1458 4490 1708 4556 (Ruf/im,
1794 4485 1993 4554 bunos,
2010 4491 2350 4561 praepositos.
2364 4496 2420 4543 et
2430 4489 2700 4544 bellorum
2717 4490 2904 4553 duces,
2919 4494 3188 4559 tanquam
3200 4487 3392 4541 adver-

107 4582 146 4634 ι.
186 4592 249 4644 II,
285 4593 402 4646 cap.
435 4575 512 4644 4).
548 4595 572 4628 ν
605 4577 733 4630 Haec
761 4575 898 4646 ipse.
935 4577 1014 4630 De
1045 4576 1242 4630 eadem
1280 4577 1523 4632 Melania;
1547 4571 1893 4649 pere-D‘sus
1918 4577 2184 4632 barbaros
2213 4585 2582 4650 pugnaturus,
2615 4577 2784 4648 eligit.
2813 4577 2918 4641 Qui
2941 4593 3066 4631 cum
3083 4575 3386 4640 venissent,

103 4667 432 4740 grinatione
469 4667 603 4721 dum
629 4666 909 4721 Palladius
933 4666 1052 4736 agit
1089 4669 1323 4733 (Pallad.
1354 4669 1418 4721 in
1445 4669 1710 4734 Lamiam,
1800 4682 1998 4720 novam
2027 4667 2158 4721 belli
2186 4668 2427 4738 speciem
2455 4667 2662 4729 vident,
2697 4666 2884 4719 hostes
2914 4681 3045 4719 suos
3072 4664 3258 4736 gladio
3290 4663 3391 4717 ob-

108 4775 232 4827 cap.
265 4757 320 4822 ‘2,
338 4756 578 4828 Lipom.,
603 4761 645 4810 t.
671 4757 793 4824 IlI),
814 4755 894 4809 ait
915 4772 1039 4810 eam
1063 4755 1202 4810 duce
1228 4756 1445 4810 Isidoro
1464 4773 1716 4811 eremum
1794 4755 2008 4824 jectare
2037 4757 2295 4820 cervices,
2328 4762 2384 4810 et
2404 4755 2542 4809 nihil
2570 4754 2721 4809 aliud
2749 4754 2950 4820 dicere,
2983 4753 3091 4807 nisi
3116 4769 3126 4802 :
3175 4753 3387 4819 Amice,

108 4846 348 4918 zEgypti
378 4846 667 4911 lustrasse,
699 4850 756 4899 et
783 4844 932 4899 inter
960 4844 1097 4899 alios
1115 4845 1304 4916 magni
1333 4845 1574 4900 nominis
1595 4863 1717 4900 mo-

110 4936 329 4990 nachos
355 4939 548 5001 Λιπο
573 4934 825 4988 invisisse
874 4933 1236 5001 Pambonem,
1285 4935 1577 5006 eidemque
1615 4951 1716 5006 pro

114 5024 531 5080 monachorum
563 5039 669 5078 usu
697 5023 935 5078 donasse
962 5028 1245 5078 trecentas
1274 5024 1445 5078 libras
1475 5024 1712 5096 argenti.

190 5114 338 5168 Cum
369 5119 559 5168 autem
593 5113 758 5184 (quod
791 5111 1048 5182 diximus)
1078 5118 1211 5168 tunc
1239 5113 1538 5183 contigerit
1581 5114 1716 5167 Hie-

113 5219 423 5275 ronymum
442 5218 567 5256 eam
587 5202 882 5273 epistolam
911 5201 1153 5256 scribere
1173 5203 1243 5257 ad
1263 5202 1570 5270 Rufﬁnum,
1589 5219 1716 5257 cum

113 5293 214 5347 ille
244 5291 511 5346 inviseret
538 5290 840 5344 monachos
869 5291 1256 5362 persecutione
1287 5298 1511 5346 vexatos
1553 5291 1718 5364 (quod

114 5381 228 5435 hoc
256 5380 378 5450 ipso
398 5395 546 5434 anno
565 5379 775 5434 factum
797 5385 884 5433 est
909 5385 1036 5450 post
1049 5378 1263 5433 obitum
1305 5379 1621 5444 Athanasii,
1652 5381 1720 5433 de

115 5485 234 5541 quo
263 5469 431 5540 paulo
460 5474 588 5540 post
605 5469 809 5523 dicturi
829 5471 1044 5536 sumus)
1075 5467 1473 5523 affirmandum
1503 5469 1725 5524 videtur

118 5560 231 5614 hoc
251 5559 445 5612 eodem
467 5574 690 5629 quoque
714 5574 860 5613 anno
875 5575 908 5612 a
927 5564 1120 5612 sancto
1145 5558 1486 5629 Hieronymo
1507 5558 1577 5612 ad
1594 5559 1724 5614 Ruf-

118 5649 307 5702 ﬁnum
335 5663 430 5702 eas
455 5647 675 5702 litteras
702 5647 864 5702 datas
893 5662 1035 5713 esse,
1070 5645 1164 5700 ubi
1195 5645 1344 5701 inter
1370 5647 1513 5701 alia:
1553 5667 1576 5700 ‹
1613 5650 1724 5703 Au-

118 5737 216 5793 dio
246 5741 323 5806 te,
355 5736 558 5810 inquit,
576 5735 802 5809 Egypti
827 5740 1044 5793 secreta
1069 5739 1384 5808 penetrare,
1416 5735 1722 5793 monacho-

1801 4843 1873 4897 ad
1902 4843 2037 4913 quid
2053 4843 2251 4897 venisti
2273 4843 2297 4896 ’I
2317 4844 2425 4897 Per
2451 4843 2507 4896 id
2528 4848 2750 4914 tempus
2779 4847 2967 4914 patres
2988 4842 3393 4897 monachorum

1805 4935 1901 5000 (η),
1934 4932 2060 4987 vitae
2079 4939 2135 4988 et
2163 4932 2517 5004 antiquitatis
2539 4931 2760 4996 merito,
2793 4931 3092 5000 Macarius,
3124 4932 3391 4999 Isidorus,

1801 5021 2056 5092 aliusque
2091 5021 2376 5088 Macarius,
2409 5027 2578 5092 atque
2599 5021 2918 5076 Heraclides
2941 5027 2998 5077 et
3024 5021 3266 5078 Pambus
3285 5024 3421 5076 An-‘

1800 5110 1941 5165 tonii
1970 5111 2226 5180 discipuli
2261 5128 2361 5182 per
2390 5112 2714 5183 1Egyptum,
2748 5117 2806 5166 et
2823 5111 3062 5166 maxime
3100 5111 3159 5165 in
3200 5109 3396 5164 Nitriae

1801 5200 2006 5254 deserti
2046 5199 2300 5271 partibus
2345 5199 2696 5255 habebantur
2737 5201 2858 5266 viri,
2910 5200 3004 5271 qui
3054 5198 3396 5253 consortium

1801 5289 1926 5344 vitae
1955 5295 2012 5344 et
2029 5297 2254 5344 actuum
2277 5306 2387 5344 non
2403 5306 2529 5344 cum
2551 5290 2766 5344 caeteris
2783 5289 3132 5347 mortalibus.
3150 5288 3244 5341 sed
3267 5303 3396 5341 cum

1805 5379 2061 5450 supernis
2094 5379 2308 5449 angelis
2335 5377 2540 5432 habere
2570 5378 2962 5435 credebantur.
2989 5378 3122 5442 Quae
3153 5392 3395 5447 praesens

1805 5469 1937 5536 vidi,
1970 5470 2168 5540 loqucr
2191 5488 2204 5536 ;
2229 5475 2286 5523 et
2307 5484 2500 5522 eorum
2525 5473 2685 5538 gesta
2708 5467 2906 5532 refero,
2927 5482 3166 5537 quorum
3196 5466 3254 5518 in
3276 5481 3400 5536 pas-

1807 5558 2055 5614 sionibus
2079 5556 2261 5612 socius
2282 5575 2403 5611 esse
2433 5555 2738 5628 promerui.
2779 5576 2802 5607 ι
2838 5555 2905 5610 Et
2944 5555 3001 5608 in
3040 5553 3279 5626 epistola
3323 5550 3396 5608 ad

1803 5647 2164 5704 Anastasium
2185 5647 2503 5703 Romanum
2520 5645 2843 5720 pontiﬁcem
2871 5644 2986 5700 haec
3013 5643 3152 5700 item
3168 5659 3226 5700 se
3277 5658 3401 5716 pas-

1805 5753 1931 5794 sum
1955 5753 2078 5793 esse
2105 5736 2400 5809 gloriatur,
2423 5751 2552 5794 cum
2577 5733 2690 5792 ait:
2719 5750 2746 5790 α
2777 5733 3040 5799 Quamvis
3061 5732 3234 5805 igitur
3261 5727 3400 5788 ﬁdes
