3876 6382
513 412 614 467 711

1529 401 1623 459 DE
1659 402 1851 459 VITIS
1893 401 2190 459 PATRUM
2225 402 2441 458 LIBER
2476 399 2768 460 PRIMUS.

3689 403 3776 460 712

508 540 701 590 nostra
722 533 1124 605 persecutionis
1152 532 1548 589 haereticorum
1585 534 1863 601 tempore,
1903 545 2030 583 cum
2055 528 2114 582 in
2131 532 2180 589 Α
2199 528 2260 582 in
2288 527 2582 595 latebram,
2616 528 2711 600 qui
2747 534 2979 599 propter
3005 526 3285 599 insignem
3312 524 3484 583 ﬁdem
3515 534 3571 582 et
3594 531 3777 600 majori

510 629 705 679 sancta
730 622 1110 677 Alexandrina
1138 621 1384 676 Ecclesia
1411 622 1771 690 degeremus.
1796 618 1857 672 in
1885 617 2118 673 carceri-

508 712 612 766 bus
644 711 782 765 etin
808 710 1037 777 exsiliis,
1063 727 1185 781 quae
1202 727 1301 781 pro
1324 710 1433 765 ﬁde
1451 706 1860 765 inferebantur.
1880 706 2118 777 probata

508 800 601 863 sit,
630 805 821 854 tamen
852 806 909 853 et
936 816 1084 855 nunc
1113 800 1159 853 si
1189 798 1313 870 quis
1342 805 1429 854 est
1453 800 1549 870 qui
1583 795 1672 849 vel
1702 801 1923 850 tentare
1948 795 2117 849 ﬁdem

506 894 757 947 nostram
784 889 992 959 cupiat,
1027 888 1183 953 sciat,
1217 893 1322 942 etc.

576 980 652 1033 At
678 978 797 1032 haec
816 978 885 1032 de
902 995 959 1033 se
986 994 1206 1032 summa
1228 977 1504 1047 jactantia
1522 976 1592 1031 ab
1609 976 1737 1047 ipso
1753 975 1978 1030 Rufﬁno
1994 990 2114 1028 esse

505 1074 841 1133 commenta,
876 1067 1147 1121 exclamat
1172 1071 1400 1120 sanctus
1440 1066 1836 1136 Hieronymus.
1870 1080 1999 1118 cum
2026 1062 2114 1115 his

505 1156 756 1211 recitatis
785 1155 961 1226 ipsius
991 1154 1191 1221 verbis,
1232 1155 1312 1208 sic
1343 1153 1568 1208 subdit:
1615 1154 1793 1207 Miror
1820 1154 1969 1223 quod
1998 1166 2115 1207 non

505 1245 794 1316 adjecerit,
831 1246 1049 1299 Vinctus
1074 1246 1201 1297 Jcsu
1224 1244 1461 1307 Christi;
1483 1248 1564 1297 et:
1592 1244 1879 1296 Liberatus
1897 1258 2022 1295 sum
2046 1243 2113 1295 de

505 1351 595 1388 ore
622 1336 830 1398 leonis;
865 1338 947 1386 et:
984 1334 1333 1386 Alexandria
1361 1333 1435 1385 ad
1465 1332 1658 1384 bestias
1684 1333 1940 1398 pugnavi
1970 1348 1983 1396 ;
2020 1336 2103 1383 et:

506 1422 744 1476 Cursum
759 1422 1159 1485 consummavi,
1179 1421 1335 1487 ﬁdem
1349 1421 1567 1472 servavi
1582 1438 1595 1481 ;
1619 1423 1859 1485 superest
1872 1419 2015 1471 mihi
2027 1434 2109 1470 co-

503 1526 648 1564 rona
666 1512 921 1578 justitiae.
952 1508 1086 1571 Quae
1108 1512 1293 1571 ινιτ
1328 1507 1562 1570 malum,
1587 1506 1801 1571 exsilia,
1835 1522 1974 1576 quos
2002 1505 2106 1559 iste

504 1614 756 1653 carceres
786 1596 1079 1651 nominat?
1100 1596 1282 1649 Pudet
1311 1612 1401 1649 me
1430 1593 1772 1666 apertissimi
1804 1594 2102 1659 mendacii,

506 1686 669 1759 quasi
691 1702 941 1741 carceres
968 1690 1025 1739 et
1053 1684 1247 1739 exsilia
1275 1683 1487 1755 absque
1512 1682 1767 1753 judicum
1811 1681 2107 1736 sententiis

504 1776 847 1846 irrogentur.
871 1774 1011 1828 Volo
1042 1779 1234 1827 tamen
1260 1772 1379 1844 ipse
1408 1772 1552 1827 scire
1578 1787 1852 1836 carceres,
1885 1776 1942 1824 et
1965 1786 2106 1841 qua-

2198 617 2587 672 haereticorum
2634 618 2763 672 odio
2810 616 3243 680 infestabantur,
3292 622 3350 671 et
3396 618 3776 673 occultantium

2198 705 2576 776 tangebantur
2602 705 2829 772 invidia,
2862 705 3020 776 gravi
3046 711 3183 760 tunc
3212 705 3487 760 seditione
3510 706 3778 761 diabolicis

2198 794 2410 849 facibus
2439 795 2810 860 inﬂammata,
2845 794 3005 866 quasi
3048 799 3244 848 contra
3278 794 3465 866 legem
3516 794 3775 866 publicam

2197 890 2517 949 contumax,
2549 883 2802 954 protrahi
2821 899 2887 936 ac
2910 883 3027 953 pati
3043 883 3202 952 jussa
3235 888 3321 937 est
3348 899 3472 953 quae
3514 883 3637 938 illos
3670 902 3777 938 ma-

2196 971 2426 1035 nebant,
2457 971 2566 1027 nisi
2588 972 2828 1043 prodere
2851 971 3164 1025 maluisset.
3189 972 3468 1027 Processit
3494 972 3776 1044 impavide,

2196 1060 2399 1132 cupida
2453 1060 2749 1132 passionis,
2802 1065 2860 1114 et
2913 1060 3125 1130 injuria
3175 1059 3570 1131 publicationis
3615 1064 3782 1117 exsul-

2195 1156 2345 1213 tans,
2397 1148 2653 1221 quamvis
2700 1165 2813 1203 non
2870 1153 3250 1219 exspectasset
3289 1150 3460 1215 trahi,
3519 1156 3781 1205 tracturos

2196 1239 2522 1293 antevolans
2550 1238 2620 1291 ad
2658 1237 2941 1307 judicem;
2989 1236 3086 1308 qui
3130 1238 3392 1292 confusus
3438 1240 3781 1293 veneratione

2194 1328 2509 1399 praesentis,
2541 1343 2655 1381 non
2675 1331 2969 1381 exsecutus
2999 1331 3085 1380 est
3112 1326 3461 1381 inﬁdelitatis
3480 1326 3780 1393 iram,dum

2192 1416 2327 1472 ﬁdei
2357 1416 2598 1470 miratur
2620 1414 2934 1469 audaciam.

2269 1524 2292 1554 ε
2324 1504 2534 1559 Eadem
2563 1510 2900 1575 tempestate
2930 1520 3031 1576 per
3059 1504 3311 1559 triduum
3339 1505 3589 1577 quinque
3618 1507 3779 1561 millia

2192 1594 2600 1648 monachorum
2626 1593 2923 1647 latentium
2943 1592 3181 1665 panibus
3217 1594 3333 1648 suis
3376 1594 3534 1665 pavit
3579 1596 3775 1663 (Matth.

2191 1695 2317 1749 xlv;
2352 1684 2525 1736 Marc.
2553 1695 2638 1748 vI;
2677 1682 2824 1735 Luca:
2852 1684 2963 1749 ix):
3007 1687 3073 1736 ut
3107 1698 3209 1753 per
3244 1683 3366 1752 ejus
3416 1698 3651 1737 manum
3692 1683 3779 1738 ite-

2192 1787 2320 1825 rum
2347 1770 2620 1825 Dominus
2647 1771 2675 1825 J
2681 1787 2807 1825 esus
2836 1770 3137 1841 pristinum
3163 1788 3463 1826 numerum
3482 1771 3545 1826 in
3571 1772 3778 1827 deserto

504 1882 631 1919 rum
664 1862 1077 1937 provinciarum
1105 1879 1165 1916 se
1209 1862 1361 1916 dicat
1396 1860 1593 1915 exsilia
1634 1859 1987 1914 sustinuisse.
2041 1847 2467 1931 Ethasceret,
2487 1864 2646 1914 tanto
2668 1859 2893 1930 quidem
2926 1876 3073 1915 nunc
3100 1860 3430 1931 impensiori
3468 1861 3775 1927 clementia,

504 1954 702 2025 utique
715 1952 886 2007 habet
900 1951 1118 2022 copiam
1135 1951 1205 2005 de
1232 1949 1425 2004 multis
1441 1947 1759 2004 carceribus
1783 1948 1841 2002 in
1870 1946 2109 2001 inﬁnitis

504 2042 712 2097 exsiliis
742 2057 920 2096 unum
951 2039 1177 2110 aliquod
1206 2036 1553 2092 nominandi.
1585 2035 1796 2090 Prodat
1808 2034 1969 2090 nobis
1980 2050 2110 2088 con-

502 2130 761 2186 fessionis
787 2147 905 2185 sum
929 2130 1088 2194 Acta,
1134 2144 1256 2198 quae
1298 2127 1589 2197 hucusque
1645 2124 1995 2187 nescivimus,
2043 2128 2110 2178 ut

499 2221 649 2275 inter
668 2220 808 2274 alios
835 2216 1184 2272 Alexandriae
1206 2223 1484 2287 martyres
1504 2215 1673 2285 hujus
1699 2229 1921 2284 quoque
1948 2218 2111 2282 gesta

499 2309 821 2373 recitemus,
855 2313 910 2361 et
934 2311 1131 2362 contra
1158 2298 1456 2359 latratores
1482 2319 1613 2358 suos
1656 2301 1835 2373 possit
1880 2301 2066 2355 dicere
2090 2319 2102 2355 :

500 2398 582 2452 De
606 2403 808 2452 caetero
839 2412 1005 2450 nemo
1036 2394 1174 2448 mihi
1207 2394 1477 2447 molestus
1521 2392 1613 2457 sit,
1657 2408 1761 2460 ego
1816 2389 1962 2444 enim
2011 2389 2107 2443 sti-

499 2492 694 2557 gmata
722 2484 945 2540 Domini
976 2483 1155 2538 nostri
1181 2482 1315 2537 Jesu
1344 2480 1556 2535 Christi
1596 2479 1656 2533 in
1687 2494 1919 2550 corpore
1980 2494 2106 2532 meo

501 2580 664 2645 porto
696 2574 835 2640 (Gal.
858 2577 954 2640 vi).
987 2573 1117 2626 Haec
1146 2570 1522 2640 Hieronymus
1548 2568 1820 2639 (Apotog.,
1855 2570 1950 2621 tib.
1984 2570 2069 2635 Π).

575 2662 740 2715 Certe
756 2660 981 2731 quidem
998 2659 1236 2714 Melania
1268 2656 1581 2711 clarissima
1598 2655 1825 2720 femina,
1859 2654 2103 2709 consulis

501 2748 812 2805 Marcellini
838 2747 1021 2818 neptis
1052 2748 1142 2815 (ο),
1172 2746 1406 2816 antiqua
1430 2743 1724 2799 nobilitate
1750 2749 1807 2798 et
1834 2744 1936 2797 ﬁlii
1965 2760 2103 2814 prae-

500 2837 728 2892 fectura:
756 2835 983 2891 urbanae
1014 2840 1112 2905 (ρ),
1146 2834 1479 2905 magistratu
1526 2839 1644 2887 toto
1684 2832 1936 2886 Romano
1980 2831 2104 2886 orbi

502 2926 817 2990 notissima,
834 2924 979 2996 apud
994 2940 1164 2995 quam
1189 2923 1433 2995 primum
1462 2922 1645 2976 locum
1675 2921 1932 2975 Rufﬁnus
1963 2919 2106 2975 obti-

502 3014 692 3081 nebat,
726 3014 980 3069 omnium
1010 3012 1422 3084 prmiectorum,
1451 3026 1800 3082 quocumque
1821 3014 2098 3081 pergeret,

499 3102 968 3177 frequentabatur
995 3100 1278 3171 obsequiis
1312 3119 1323 3166 ;
1356 3104 1693 3170 tantumque
1713 3097 1893 3163 abfuit
1920 3104 1985 3152 ut
2015 3097 2103 3151 vel

2194 1954 2405 2019 quanto
2434 1947 2639 2002 minori
2664 1948 2892 2003 licentia
2917 1947 3246 2003 fovebantur
3271 1948 3492 2015 occulti,
3518 1966 3688 2021 quam
3710 1950 3779 2003 illi

2195 2036 2498 2107 quondam,
2534 2036 2631 2107 qui
2655 2037 2726 2091 ad
2751 2036 3054 2091 Dominum
3079 2038 3392 2092 voluntarie
3423 2038 3483 2093 in
3532 2038 3779 2093 libertate

2194 2130 2252 2181 et
2273 2142 2409 2198 pace
2430 2132 2826 2181 convenerant.
2868 2128 2977 2182 Sed
2997 2128 3114 2182 haec
3133 2144 3235 2182 nec
3251 2127 3451 2182 timida
3482 2128 3781 2200 deprehen-

2192 2215 2271 2280 di,
2304 2214 2667 2270 interdictum
2699 2232 2894 2271 secura
2936 2215 3219 2288 praebebat
3255 2216 3522 2283 ofﬁcium,
3547 2233 3652 2272 nec
3702 2235 3782 2272 vo-

2191 2303 2315 2357 lens
2342 2304 2525 2374 gloria
2552 2304 2893 2376 operationis
2923 2306 3167 2376 agnosci,
3207 2311 3398 2361 tamen
3445 2306 3638 2378 operis
3678 2323 3781 2360 ma-

2192 2392 2488 2463 gnitudine
2512 2393 2871 2464 prodebatur,
2896 2393 3133 2449 totidem
3161 2394 3311 2466 apud
3354 2394 3616 2450 homines
3642 2395 3783 2450 testi-

2192 2481 2399 2535 moniis
2420 2482 2684 2551 gloriosa,
2717 2488 2855 2553 quot
2878 2483 3073 2553 pastis,
3105 2484 3222 2538 Deo
3249 2484 3469 2539 conscio
3517 2487 3776 2549 (Pautin.,

2192 2572 2349 2638 epist.
2390 2569 2494 2638 10).
2531 2590 2557 2623 ιι
2609 2572 2739 2625 Haec
2784 2571 3074 2639 Paulinus,
3118 2572 3358 2626 miriﬁca
3395 2572 3779 2643 praedicatione

2189 2664 2310 2713 tam
2340 2660 2567 2729 egregia
2595 2659 2741 2714 facta
2756 2659 3063 2727 celebrans,
3089 2677 3211 2731 quae
3241 2677 3375 2715 sane
3402 2667 3566 2730 gesta
3597 2678 3713 2715 esse
3730 2661 3778 2714 in

2187 2749 2427 2819 [Egypto
2460 2749 2546 2816 (ς),
2578 2765 2690 2803 non
2713 2755 2902 2804 autem
2931 2750 2991 2803 in
3020 2750 3334 2815 Palaestina,
3386 2749 3525 2803 illud
3566 2766 3779 2819 persua-

2187 2837 2301 2899 det,
2336 2837 2484 2907 quod
2506 2837 2704 2891 nullibi
2719 2844 2836 2892 tam
2857 2838 3057 2907 ingens
3082 2854 3349 2892 numerus
3380 2838 3777 2891 monachorum

2188 2924 2357 2978 simul
2384 2925 2743 2980 collectorum
2780 2926 2889 2980 nisi
2931 2926 2990 2980 in
3032 2926 3278 2997 [Egypto
3317 2924 3490 2979 fuerit
3526 2924 3773 2996 reperiri.

2190 3013 2455 3069 Mansisse
2483 3014 2710 3084 quidem
2739 3014 2921 3084 ipsam
2947 3014 3245 3068 Melaniam
3274 3014 3333 3068 in
3362 3015 3608 3084 Egypto
3639 3030 3779 3067 inen-

2187 3101 2340 3156 sibus
2364 3108 2487 3156 octo
2521 3106 2602 3170 (t),
2651 3103 2936 3157 Palladius
2958 3103 3121 3157 docet
3169 3104 3494 3169 (Palladius,
3546 3105 3611 3157 in
3654 3104 3779 3156 Lau-

497 3193 606 3265 ipsi
636 3193 721 3247 vel
750 3191 916 3246 alicui
934 3207 999 3245 ex
1010 3191 1134 3261 ejus
1147 3189 1359 3244 familia
1376 3187 1628 3257 irrogata
1649 3187 1844 3242 exsilia
1865 3186 2095 3250 fuerint,
2120 3193 2342 3262 Csina,
2374 3207 2492 3259 cap.
2527 3189 2632 3260 33).
2670 3192 2844 3246 Porro
2872 3190 2943 3246 ab
2971 3191 3059 3245 his
3074 3191 3297 3246 diversa
3324 3208 3445 3245 esse
3474 3198 3781 3245 noscuntur

499 3281 649 3354 quod
678 3281 937 3336 Rufﬁnus
949 3280 1147 3351 jactat,
1183 3285 1249 3333 ut
1267 3278 1436 3332 etiam
1458 3277 1553 3348 qui
1567 3276 2015 3349 persecutionem
2036 3276 2101 3329 ﬁ-

498 3370 588 3425 dei
618 3386 787 3424 causa
814 3374 1163 3441 paterentur,
1186 3367 1258 3421 ad
1279 3366 1459 3438 ipsam
1486 3371 1759 3437 tanquam
1788 3364 1861 3419 ad
1880 3365 2100 3435 asylum

497 3459 885 3530 confugerent,
919 3457 989 3511 ab
1018 3456 1328 3527 eademque
1356 3454 1573 3526 pariter
1599 3454 1658 3509 in
1705 3458 1830 3508 tuto
1869 3453 2101 3507 colloca-

495 3553 714 3612 rentur,
748 3553 917 3617 atque
942 3546 1113 3600 etiam
1160 3545 1464 3612 alerentur,
1499 3548 1564 3597 ut
1601 3559 1725 3613 quin
1767 3542 1837 3596 de
1875 3558 1943 3596 ea
1977 3558 2103 3612 pro-

496 3636 648 3691 xime
678 3636 882 3689 dicturi
911 3650 1273 3701 sumus,cum
1303 3633 1425 3705 ipsa
1445 3631 1717 3703 processit
1733 3631 1805 3685 ad
1828 3629 2096 3701 judicem,

497 3724 667 3779 ﬁdem
695 3730 906 3779 certam
937 3724 1169 3778 faciunt.
1202 3724 1277 3776 At
1316 3737 1415 3776 cur
1460 3720 1738 3786 Bullinus,
1785 3720 1931 3774 sicut
1968 3719 2103 3773 alio-

495 3831 642 3880 rum,
675 3830 788 3868 non
820 3813 993 3868 etiam
1015 3829 1176 3867 suam
1194 3810 1476 3865 recensuit
1495 3808 1898 3863 confessionem
1917 3825 2102 3863 exem-

493 3902 587 3974 plo
617 3902 778 3955 Pauli
807 3899 1085 3973 apostoli?
1115 3899 1263 3971 quod
1294 3897 1608 3969 praesertim
1637 3896 1806 3951 sciret
1829 3913 1949 3951 rem
1978 3902 2101 3951 tan-

494 3995 612 4044 tam
634 3989 785 4044 haud
808 3989 878 4042 ab
901 3987 1237 4042 adversariis
1252 3986 1411 4040 facile
1436 3991 1619 4039 ratam
1644 3985 1762 4039 fore
1781 3984 2098 4039 habendam

497 4078 709 4149 absque
732 4077 922 4148 aliqua
951 4076 1177 4131 certiori
1198 4074 1544 4147 probationis
1574 4074 1701 4138 ﬁde,
1738 4090 1862 4127 cum
1885 4072 2096 4145 alioqui

495 4166 737 4221 aliorum
766 4164 1143 4220 confessiones
1172 4163 1313 4218 adeo
1346 4168 1536 4216 exacte
1568 4164 1642 4231 (q)
1666 4159 1988 4215 describat?

567 4254 627 4309 Si
656 4270 768 4324 qua
794 4258 986 4307 tamen
1031 4256 1167 4307 tunc
1220 4250 1572 4306 Alexandriae
1612 4250 1847 4321 contigit
1884 4250 2094 4307 Rufﬁni

495 4340 788 4407 confessio,
831 4357 899 4396 ea
931 4346 1153 4395 tantum
1202 4340 1375 4394 fuisse
1421 4339 1774 4395 existimatur
1821 4341 1918 4411 (r),
1965 4357 2093 4396 cum

494 4437 794 4504 provocata
818 4429 1062 4485 Melania
1075 4428 1146 4483 ad
1164 4428 1460 4499 judicium,
1487 4427 1636 4499 quod
1656 4428 1867 4483 faveret
1894 4429 2095 4485 Ortho-

2186 3295 2310 3350 qua:
2338 3279 2407 3333 de
2436 3280 2688 3350 ejusdem
2720 3280 2974 3335 Melaniae
3004 3280 3218 3346 ofﬁciis,
3247 3280 3447 3352 quibus
3479 3288 3774 3351 prosecuta

2184 3374 2271 3422 est
2297 3368 2356 3422 in
2384 3369 2669 3424 Palestina
2696 3371 2973 3441 relegatos
3008 3372 3372 3437 contessores,
3406 3369 3563 3424 idem
3609 3370 3780 3423 Palla-

2184 3456 2311 3511 dius
2340 3458 2532 3525 tradit,
2564 3475 2687 3530 qum
2706 3460 2874 3530 paulo
2901 3465 3028 3530 post
3050 3459 3334 3514 narraturi
3350 3464 3543 3524 λειτῇ
3566 3475 3772 3514 sumus.

2184 3545 2259 3599 Ut
2295 3552 2485 3600 autem
2524 3553 2642 3601 tam
2665 3547 2881 3619 ingenti
2912 3564 3097 3619 opere,
3130 3547 3188 3602 in
3218 3548 3569 3602 occultandis
3609 3552 3773 3618 atque

2185 3635 2476 3704 pascendis
2497 3637 2785 3691 monachis
2805 3637 3052 3709 quinque
3067 3636 3317 3692 millibus
3343 3636 3401 3691 in
3426 3636 3676 3701 deserto,
3699 3652 3777 3689 ve-

2185 3722 2290 3777 luti
2317 3725 2672 3779 contumeliis
2701 3731 3028 3797 provocatus
3068 3724 3381 3796 praefectus,
3431 3724 3621 3780 libens
3663 3726 3774 3795 ejus

2183 3813 2642 3882 responsionibus
2668 3815 2914 3882 cesserit,
2956 3830 3179 3869 summa
3215 3814 3434 3869 femina:
3479 3813 3769 3877 claritudo,

2184 3916 2306 3971 quae
2326 3902 2475 3972 apud
2507 3902 2697 3957 hostes
2711 3919 2933 3974 quoque
2960 3902 3330 3957 reverentiam
3376 3901 3485 3957 sibi
3521 3901 3775 3958 concilia-

2182 3988 2295 4056 bat,
2326 3989 2387 4044 in
2415 4006 2583 4046 causa
2609 3991 2735 4047 fuit.
2770 3992 2905 4046 Erat
2922 3991 3149 4063 quidem
3174 3990 3427 4047 Melania:
3452 4006 3667 4046 nomen
3696 3992 3771 4056 (ut

2178 4077 2390 4133 dictum
2420 4083 2524 4146 est)
2556 4097 2669 4135 non
2698 4082 2888 4136 Romae
2909 4086 3148 4146 tantum,
3174 4080 3272 4135 sed
3289 4079 3500 4151 ubique
3525 4081 3771 4135 locorum

2176 4166 2415 4221 Romani
2430 4168 2651 4241 imperii
2672 4170 2958 4240 cognitum
2967 4214 2979 4232 ,
2994 4175 3163 4240 atque
3174 4168 3232 4223 in
3243 4169 3454 4223 honore
3492 4168 3765 4233 habitum,

2176 4260 2296 4310 tum
2329 4255 2620 4313 nobilitate
2656 4259 2898 4330 generis,
2928 4264 3049 4313 tum
3088 4258 3324 4328 egregiae
3366 4258 3600 4329 pietatis
3641 4275 3767 4330 piae-

2176 4345 2419 4414 stantia;
2443 4347 2513 4401 de
2530 4364 2641 4419 qua
2668 4347 2786 4403 haec
2808 4347 2959 4402 idem
2982 4347 3081 4419 qui
3094 4362 3265 4419 supra
3278 4346 3576 4402 Paulinus:
3613 4366 3640 4399 α
3668 4350 3768 4402 Νη-

2175 4432 2280 4488 lier
2304 4435 2533 4491 celsiore
2550 4437 2730 4508 gradu
2745 4436 2817 4491 ad
2836 4435 3170 4491 humilitatis
3184 4436 3392 4490 cultum
3419 4435 3490 4490 ob
3521 4451 3765 4490 amorem

494 4520 671 4586 doxis,
701 4519 822 4591 ipse
842 4523 1075 4590 putetur
1095 4533 1219 4572 eam
1248 4516 1548 4572 comitatus
1565 4534 1711 4571 esse:
1747 4517 1842 4571 sed
1859 4514 2159 4576 dimissaD
2176 4522 2386 4578 Christi
2415 4524 2630 4595 dejecta
2657 4524 2991 4591 sublimiter,
3024 4531 3089 4579 ut
3116 4525 3261 4579 viros
3289 4524 3511 4579 desides
3540 4527 3603 4579 in
3625 4526 3767 4579 inﬁr-

491 4610 591 4664 illa
620 4608 972 4681 quantocius,
1006 4607 1201 4678 utique
1230 4613 1283 4662 et
1310 4605 1406 4678 qui
1425 4622 1553 4661 cum
1569 4623 1637 4661 ea
1664 4610 1843 4674 erant,
1877 4606 2095 4663 rediere

494 4698 742 4754 domum.
776 4696 887 4754 Sed
915 4697 986 4751 de
1014 4696 1102 4751 his
1132 4696 1290 4751 satis.

562 4788 857 4851 Baronius,
886 4788 1058 4854 paulo
1082 4789 1201 4853 post
1231 4800 1381 4838 anno
1430 4785 1632 4839 eodem.
1680 4817 1743 4831 -
1785 4784 1894 4840 Sed
1944 4785 2093 4861 quod

491 4874 715 4929 silentio
744 4873 1003 4928 Rufﬁnus
1030 4872 1315 4944 praeteriit,
1364 4871 1598 4943 dignum
1639 4874 1912 4928 memoria
1959 4879 2094 4930 tunc

493 4961 742 5018 ofﬁcium
769 4961 1077 5017 exhibitum
1104 4977 1139 5015 a
1167 4961 1409 5016 Melania
1445 4960 1793 5016 nobilissima
1836 4962 2092 5019 Romana

492 5051 722 5118 femina,
750 5049 840 5105 his
866 5066 933 5104 ex
960 5049 1195 5105 Paulino
1214 5051 1521 5121 jungamus
1545 5067 1558 5118 ;
1584 5049 1836 5106 scribens
1851 5051 2003 5106 enim
2018 5053 2091 5108 ad

493 5142 781 5207 Severum,
810 5140 962 5195 inter
989 5139 1101 5194 alia
1126 5139 1296 5211 digna
1328 5139 1605 5211 praeconia
1637 5140 1967 5197 Christianae
2014 5141 2091 5197 fe-

489 5231 659 5285 minae
687 5229 996 5285 consularis
1027 5230 1143 5285 haec
1171 5228 1340 5284 habet
1364 5248 1376 5283 :

563 5339 587 5373 ι
621 5319 895 5391 Tempore
927 5319 1023 5373 illo
1053 5318 1323 5383 Valentis,
1358 5318 1582 5389 quando
1637 5318 1941 5372 Ecclesiam
1986 5319 2088 5374 Dei

487 5408 599 5463 vivi
626 5408 784 5462 furor
809 5407 1171 5475 Arianorum,
1196 5424 1328 5478 rege
1347 5407 1469 5478 ipso
1496 5406 1804 5478 impietatis
1823 5408 2082 5477 satellite,

484 5495 947 5568 persequebatur,
980 5496 1099 5551 haec
1129 5502 1253 5551 erat
1280 5497 1537 5568 princeps
1556 5500 1612 5549 et
1636 5495 1914 5567 particeps
1957 5514 2089 5553 cun-

486 5584 590 5639 ctis
614 5600 716 5654 pro
745 5584 855 5639 ﬁde
880 5584 1256 5653 instantibus;
1282 5584 1399 5641 hec
1418 5583 1639 5655 fugatos
1653 5583 1975 5655 recipiebat,
1989 5592 2088 5643 aut

488 5669 872 5745 apprehensos
898 5670 1293 5731 comitabatur.
1336 5671 1445 5729 Sed
1474 5689 1603 5730 cum
1649 5688 1746 5732 eos
1783 5673 2088 5748 recepisset

2175 4627 2268 4665 mo
2282 4628 2417 4667 sexu
2438 4612 2598 4669 fortis
2627 4620 2909 4687 argueret,
2942 4619 3269 4685 arrogantes
3283 4614 3341 4668 in
3368 4630 3504 4669 sexu
3533 4620 3767 4684 utroque

2175 4717 2464 4773 personas,
2496 4709 2808 4776 pauperata
2825 4704 2998 4770 dives,
3028 4709 3085 4758 et
3098 4702 3295 4758 nobil'm
3326 4702 3628 4759 humiliata
3648 4719 3767 4757 con-

2173 4788 2454 4846 funderet.
2489 4792 2669 4864 Igitur
2696 4794 3018 4849 Marcellino
3048 4792 3276 4847 consule
3294 4808 3395 4846 avo
3425 4796 3526 4860 (u),
3560 4792 3630 4847 de
3658 4807 3765 4845 am-

2172 4876 2296 4933 bitu
2323 4881 2545 4951 generis
2584 4889 2642 4937 et
2669 4899 2838 4955 opum
2866 4883 2999 4938 luxu
3038 4881 3099 4936 in
3125 4880 3334 4936 teneris
3378 4880 3565 4935 adhuc
3609 4880 3763 4934 annis

2173 4969 2400 5039 nuptias
2428 4988 2613 5042 passa,
2648 4978 2706 5027 et
2732 4972 2887 5027 brevi
2907 4976 3107 5038 mater,
3139 4970 3237 5026 sed
3264 4968 3592 5024 infelicitate
3624 4985 3761 5023 mor-

2171 5056 2371 5112 talium
2401 5075 2518 5115 non
2545 5062 2775 5133 longum
2806 5060 2985 5133 potita
3016 5064 3121 5127 est,
3152 5075 3224 5114 ne
3251 5058 3348 5114 diu
3375 5064 3605 5114 terrena
3639 5057 3761 5112 dili-

2170 5152 2350 5217 geret.
2380 5149 2528 5204 Nam
2556 5156 2761 5222 preter
2793 5150 2934 5205 alias
2971 5148 3258 5216 orbitates,
3303 5164 3441 5219 quas
3491 5148 3655 5202 irrito
3708 5146 3759 5199 in

2170 5235 2394 5293 fastibus
2432 5238 2697 5295 abortivis
2734 5239 2943 5306 labore,
3004 5238 3188 5293 adhuc
3237 5236 3440 5292 marito
3492 5234 3761 5308 participe

2169 5324 2412 5389 deﬂevit,
2442 5328 2526 5382 ita
2550 5328 2722 5383 crevit
2752 5328 3037 5392 aerumnis,
3070 5332 3136 5381 ut
3159 5326 3298 5381 duos
3323 5326 3466 5380 filios
3503 5330 3562 5378 et
3590 5322 3758 5378 mari-

2168 5416 2289 5467 tum
2318 5414 2468 5470 intra
2489 5417 2622 5472 anni
2644 5422 2866 5489 tempus
2890 5415 3194 5482 amitteret,
3213 5414 3377 5469 unico
3398 5419 3624 5468 tantum
3662 5409 3759 5465 sibi

2167 5504 2400 5574 parvulo
2429 5506 2501 5560 ad
2533 5506 2867 5562 memoriam
2892 5506 3099 5577 potius,
3134 5520 3305 5575 quam
3334 5504 3404 5557 ad
3433 5516 3759 5573 compensa-

2166 5590 2380 5648 tionem
2417 5595 2716 5652 affectuum
2767 5594 3032 5651 derelicto
3077 5595 3340 5665 (Paulin.,
3379 5595 3530 5662 epist.
3580 5589 3695 5661 l0):
3730 5607 3751 5639 ι

2165 5678 2297 5739 Haec
2326 5687 2385 5740 et
2405 5683 2517 5740 alia
2537 5684 2607 5740 de
2621 5684 2745 5758 ipsa
2762 5683 3052 5752 Paulinus,
3084 5686 3189 5739 etc.
