3876 6422
109 401 206 459 713

1472 400 1804 458 ΡΒΛΕΕΠΒΙ
1812 400 1884 454 Α.

3267 378 3372 464 '744

175 530 345 585 Porro
364 526 609 584 Melania
637 526 753 583 ﬁlio
786 528 891 583 hoc
909 533 1163 599 tempore
1192 533 1495 599 praeturam
1524 525 1922 587 urba-Aillius
1948 525 2154 596 conqu
2182 522 2286 595 fui,
2312 522 2515 581 ancilla
2540 543 2669 581 vero
2696 543 2845 584 nunc
2873 528 3081 586 Christi
3106 548 3267 602 sum;
3296 550 3367 589 ne

109 637 230 675 nam
244 617 588 688 fungenti(v)
603 617 864 687 junctum
886 615 1056 671 fuisse
1086 622 1305 671 constat
1322 617 1381 671 in
1408 617 1694 672 matrimo-

107 708 255 762 nium
290 705 570 772 Albinam,
601 705 843 760 Melania
866 722 996 759 vero
1019 705 1213 775 junior
1247 706 1368 776 ejus
1400 707 1585 777 neptis
1609 706 1695 761 Pi-

106 797 265 852 niano
300 795 355 849 in
401 794 821 850 matrimonium
867 794 1075 849 tradita
1117 794 1224 849 fuit
1268 796 1528 862 (Pallad.,
1573 812 1689 865 cap.

107 885 189 955 33)
209 904 221 953 ;
245 884 340 939 sed
371 884 441 937 de
471 884 558 937 his
586 884 838 939 interius.

172 973 384 1029 Laudat
429 977 654 1027 sanctus
707 973 1084 1045 Hieronymus
1140 973 1359 1028 feminae
1416 989 1691 1027 summam

105 1061 469 1119 constantiam
500 1064 595 1130 (χ),
632 1062 779 1133 quod
808 1063 974 1117 simul
1009 1062 1168 1116 siccis
1205 1063 1378 1116 oculis
1408 1062 1696 1132 sepelisset

106 1153 278 1206 virum
318 1167 483 1206 suum
530 1167 595 1204 ac
646 1151 786 1205 duos
834 1151 979 1206 ﬁlios
1040 1152 1304 1219 (llicron.,
1360 1154 1518 1219 epist.
1559 1151 1690 1217 25);

106 1258 213 1296 uno
244 1256 374 1295 vero
404 1240 704 1311 superstite
735 1240 1025 1303 derelicto,
1055 1241 1413 1311 peregrinata
1440 1239 1609 1294 fuerit
1638 1240 1695 1293 in

105 1327 402 1401 Egyptum
440 1329 647 1400 primo,
693 1329 824 1383 inde
876 1328 1321 1399 Jerosolymam;
1378 1328 1565 1399 ibique
1625 1329 1696 1383 ad

106 1417 343 1489 quinque
381 1418 563 1472 lustra
598 1434 719 1471 esse
749 1422 1172 1479 commoratam,
1220 1417 1489 1471 Paulinus
1522 1417 1698 1471 tradit

106 1506 373 1575 (Paulin..
404 1507 477 1560 ad
517 1506 718 1574 Seven,
755 1510 982 1575 epistola
1017 1503 1130 1572 10;;
1161 1506 1402 1577 amplius
1433 1523 1560 1560 vero
1593 1522 1695 1560 an-

106 1612 201 1650 nos
224 1596 385 1661 duos,
412 1611 614 1666 nempe
642 1595 838 1666 viginti
868 1601 1083 1667 septem
1115 1595 1210 1665 (y),
1237 1595 1517 1649 Palladius
1541 1595 1695 1649 afﬁr-

107 1689 219 1739 mat
233 1684 556 1751 (Palladius,
580 1687 643 1738 in
666 1685 932 1752 Lausiac.,
968 1700 1086 1754 cap.
1122 1683 1231 1752 33).

170 1772 341 1828 Porro
391 1772 646 1828 Melania
676 1772 733 1826 in
762 1772 1001 1845 Egypto
1033 1772 1400 1827 commoratio
1430 1790 1696 1843 magnum

1776 632 1909 685 ergo
1938 631 2027 668 mc
2053 614 2123 668 ob
2150 615 2417 669 vilitatem
2446 618 2736 687 praesentis
2768 618 2992 675 habitus
3010 627 3371 679 contemnen-

1776 704 1905 758 dam
1955 703 2256 774 putaveris,
2290 704 2617 775 quia‘facile
2655 708 2937 776 extollere,
2974 710 3021 764 si
3057 712 3245 778 velim,
3278 728 3370 767 me

1775 810 2030 864 possum;
2064 809 2165 847 nec
2190 799 2404 849 terrere
2440 794 2615 865 igitur
2643 812 2735 851 me
2764 798 2823 851 in
2854 798 3042 870 aliquo
3072 801 3241 868 vales,
3270 817 3371 856 ne-

1778 900 1886 953 que
1933 882 2239 953 quidquam
2281 883 2419 936 mihi
2452 884 2521 938 de
2552 886 2691 939 meis
2720 887 2886 959 rebus
2915 888 3153 944 auferre.
3186 892 3372 961 Atque
3442 938 3451 943 ι

1778 971 1900 1024 ideo
1923 988 1992 1024 ne
2015 972 2266 1025 fortassis
2286 972 2551 1043 ignorans
2572 975 2880 1045 periculum
2899 978 3125 1049 aliquod
3150 985 3249 1034 aut
3268 981 3372 1034 cri-

1778 1077 1905 1113 men
1936 1060 2207 1125 incurras,
2241 1060 2443 1115 idcirco
2473 1062 2578 1117 ista
2602 1064 2706 1118 tibi
2739 1067 3028 1133 mandavi;
3052 1069 3213 1139 quasi
3243 1084 3370 1138 quae

1778 1148 2011 1202 diceret:
2038 1148 2329 1203 Interdum
2350 1150 2499 1204 enim
2522 1168 2749 1206 necesse
2770 1160 2857 1207 est
2876 1154 3141 1210 adversus
3159 1157 3372 1229 impiu-

1778 1238 1975 1291 dcntes
2002 1238 2119 1291 hac
2149 1238 2258 1307 agi,
2295 1244 2348 1293 et
2378 1240 2549 1294 veluti
2598 1242 2859 1312 accipitre
2898 1245 2983 1297 vel
3012 1261 3149 1299 cane
3178 1251 3373 1300 contra
3476 1264 3489 1271 ‘

1779 1338 1873 1377 eos
1902 1323 2225 1392 arrogantia
2251 1323 2354 1387 uti,
2397 1341 2519 1394 qua
2548 1342 2793 1396 congruo
2821 1333 3073 1399 tempore
3102 1331 3373 1402 superbos

1778 1412 2252 1482 comprehensum
2274 1412 2547 1469 imitatur.
2598 1415 2827 1471 Talibus
2858 1433 2991 1488 ergo
3027 1418 3210 1474 verbis
3247 1436 3376 1474 mox

1778 1499 1899 1569 ipse
1925 1499 2157 1555 territus
2180 1500 2372 1569 judex,
2406 1503 2690 1558 excusavit
2717 1504 2899 1558 eidem
2928 1505 3139 1562 factum
3170 1523 3333 1562 suum
3360 1527 3373 1575 ;

1779 1592 1836 1641 et
1862 1588 1941 1641 ita
1967 1605 2111 1653 eam,
2144 1592 2210 1642 ut
2227 1596 2529 1658 meruerat,
2566 1592 2892 1660 honoravit;
2919 1601 2975 1649 et
2993 1595 3183 1666 jussit,
3215 1600 3280 1650 ut
3306 1595 3380 1651 ad

1779 1676 1903 1731 illos
1931 1676 2097 1743 viros,
2125 1678 2343 1748 quoties
2370 1679 2554 1745 vellet,
2596 1682 2902 1739 accederet.
2933 1701 2960 1736 ι)
2990 1684 3278 1740 Hactenus
3306 1685 3376 1739 de

1781 1766 1932 1820 illius
1970 1766 2279 1821 ministerio
2304 1767 2549 1822 exhibito
2571 1770 3000 1827 confessoribus.

103 1862 261 1933 plane
287 1878 420 1916 cum
448 1861 555 1932 ipsi
593 1866 715 1917 tum
757 1844 979 1917 Rufﬁno
1016 1862 1207 1916 attulit
1252 1862 1652 1917 detrimentum
1681 1881 1692 1915 :
1718 1844 1762 1903 Β
1844 1857 2111 1922 Profectio
2128 1858 2597 1923 Jerosolymitana
2619 1865 2665 1912 et
2696 1861 2898 1914 ibidem
2922 1865 3302 1916 commoratio.

103 1950 374 2021 siquidem
398 1967 526 2005 cum
555 1950 795 2022 Didymo
823 1951 1200 2005 Alexandrino
1231 1952 1421 2021 magni
1455 1951 1699 2005 nominis

102 2039 232 2105 viro,
256 2045 313 2094 et
342 2038 415 2093 ob
435 2039 696 2093 eximiam
724 2040 1082 2110 conjunctam
1111 2056 1237 2093 cum
1270 2041 1562 2093 oculorum
1591 2058 1698 2094 ca-

104 2128 267 2182 citate
303 2129 568 2200 peritiam
608 2128 770 2200 plane
822 2128 1037 2183 cunctis
1067 2128 1404 2196 admirabili,
1440 2128 1698 2182 intimam

102 2217 564 2272 consuetudinem
583 2217 871 2282 habentes,
892 2217 1229 2289 propinante
1249 2217 1345 2271 illo
1361 2217 1495 2287 ipsis
1512 2217 1701 2272 sitien-

102 2306 268 2372 tibus,
303 2322 473 2378 quem
504 2306 738 2360 miriﬁce
780 2306 1134 2377 pradicabat,
1169 2306 1471 2376 Origenem
1513 2323 1697 2373 suum,

103 2395 418 2450 hauserunt
444 2395 538 2449 isti
564 2412 679 2450 una
714 2412 841 2449 cum
886 2395 1034 2449 dulci
1071 2400 1205 2465 potu
1242 2412 1538 2458 venenum,
1580 2402 1693 2451 etc.

107 2483 211 2548 Qui
238 2484 540 2540 siccorum
571 2484 775 2538 animis
802 2484 1135 2538 Periere-11)::
1185 2485 1438 2552 ὓπτςςιιτιὲδ
1478 2484 1701 2551 infudit,

108 2579 169 2628 ut
193 2590 257 2629 eo
290 2580 566 2644 tanquam
598 2590 800 2643 magno
826 2574 1089 2628 thesauro
1115 2573 1296 2639 ditati,
1328 2580 1599 2645 cuperent
1624 2580 1707 2627 to-

107 2669 226 2717 tum
255 2663 595 2718 catholicum
626 2662 816 2716 orbem
845 2662 1175 2734 locupletari
1201 2682 1216 2728 ;
1241 2663 1338 2716 sed
1362 2664 1525 2734 plane
1565 2662 1709 2733 aspi-

108 2751 191 2805 dis
214 2769 315 2807 ova
346 2752 607 2807 foverunt
629 2771 641 2819 ;
661 2752 863 2822 quibus
887 2753 1087 2823 ruptis,
1118 2752 1373 2823 prodiere
1397 2757 1705 2823 serpentes,

108 2858 343 2912 quorum
367 2841 565 2896 lethali
581 2857 793 2895 veneno
815 2858 981 2912 quam
999 2841 1227 2912 plurimi
1254 2840 1455 2895 misere
1471 2841 1705 2912 periere.

107 2931 179 2983 At
204 2931 274 2985 de
303 2931 397 2985 his
426 2930 658 2984 inferius
678 2930 795 2985 suis
824 2930 957 2984 locis
981 2930 1233 3001 pluribus
1264 2930 1543 3000 agendum
1559 2931 1667 2985 erit
1693 2949 1704 2984 :

106 3020 225 3075 hac
251 3020 425 3075 modo
453 3019 589 3074 satis
618 3019 676 3073 in
704 3019 793 3073 his
831 3036 953 3090 qua
981 3023 1237 3089 spectant
1264 3019 1335 3072 ad
1368 3019 1621 3074 Melaniae
1652 3024 1710 3074 et

110 3108 321 3163 Rufﬁni
349 3108 815 3164 consuetudinem
845 3124 973 3162 cum
1002 3107 1241 3179 Didymo
1265 3108 1323 3162 in
1345 3108 1584 3179 )Egypto
1607 3108 1712 3163 hoc

106 3203 382 3270 tempore,
416 3214 525 3270 quo
552 3197 685 3253 illuc
711 3202 845 3251 sunt
870 3197 1230 3268 peregrinati.
1266 3210 1284 3230 δ

539 3289 808 3353 Profectio
829 3289 893 3340 in
913 3288 1285 3341 Palaestinam.

1850 1944 2013 2000 Anno
2040 1945 2248 1999 Christi
2276 1943 2398 2001 37'2.
2420 1975 2486 1986 --
2507 1947 2587 2001 De
2616 1949 3055 2003 commoratione
3083 1952 3205 2020 ejus
3225 1952 3380 2006 Jeroo

1781 2032 2008 2103 solymis
2033 2032 2112 2086 sic
2133 2050 2261 2087 mox
2288 2034 2478 2089 subdit
2515 2053 2526 2088 :
2560 2054 2586 2089 α
2616 2037 2747 2091 Hac
2775 2043 2983 2104 autem,
3010 2039 3283 2094 revocatis
3308 2040 3379 2095 ab

1781 2122 1972 2175 exsilio
2004 2122 2329 2177 memoratis
2360 2123 2511 2189 viris,
2546 2127 2950 2182 monasterium
2976 2129 3127 2201 apud
3160 2130 3382 2184 Jeroso-

1782 2211 1990 2282 lymam
2012 2211 2118 2265 sibi
2154 2211 2303 2274 fecit,
2334 2212 2393 2267 in
2414 2230 2525 2284 quo
2554 2214 2748 2285 viginti
2769 2222 2828 2270 et
2852 2223 3068 2288 septem
3097 2234 3378 2274 annorum

1783 2305 2007 2370 tempus
2035 2300 2306 2371 implevit,
2336 2302 2747 2374 quinquaginta
2787 2321 2976 2359 secum
3004 2323 3225 2361 sorores
3270 2307 3381 2362 vir-

1782 2388 1943 2458 gines
1973 2388 2202 2443 habens.
2241 2390 2374 2444 Erat
2401 2391 2571 2446 etiam
2601 2409 2726 2446 cum
2758 2410 2826 2447 ea
2854 2394 3112 2450 Rufﬁnus
3155 2395 3384 2468 quidam

1786 2478 2030 2543 nomine,
2063 2479 2259 2545 Italus,
2291 2479 2427 2533 civis
2448 2497 2513 2534 ex
2542 2481 2889 2552 Aquileiensi
2917 2484 3141 2555 oppido,
3168 2485 3255 2539 vir
3280 2501 3385 2540 no-

1789 2566 1986 2621 bilium
2003 2567 2131 2621 etin
2146 2569 2429 2639 proposito
2449 2569 2724 2640 singulari
2734 2571 2873 2625 satis
2890 2572 3119 2627 fortium
3140 2589 3382 2641 morum,

1792 2655 1885 2726 qui
1916 2656 1982 2710 ad
2013 2655 2463 2728 presbyteratum
2481 2664 2677 2729 postea
2698 2660 2907 2715 meruit
2926 2678 3245 2732 pervenire;
3276 2678 3387 2734 quo

1791 2744 1978 2798 nullus
2016 2746 2379 2812 mansuetior,
2416 2747 2631 2813 fortior,
2686 2754 2744 2802 et
2793 2750 3084 2821 placidior,
3115 2756 3389 2823 tanquam

1792 2834 1984 2888 omnia
2008 2834 2206 2901 sciens,
2239 2835 2297 2889 in
2326 2851 2460 2890 sexu
2491 2836 2636 2891 virili
2667 2838 2854 2909 potuit
2894 2839 3152 2899 inveniri.
3190 2860 3216 2893 »
3259 2842 3391 2897 Hac

1793 2923 2017 2995 quidem
2046 2923 2116 2977 de
2143 2923 2364 2979 Rufﬁno
2394 2925 2695 2993 Palladius,
2730 2927 2801 2982 de
2826 2927 3086 3000 Origenis
3113 2934 3389 2985 sectatore

1793 3012 2131 3083 Origenista,
2154 3013 2489 3086 Hieronymo
2508 3032 2631 3069 eam
2655 3015 2725 3070 ob
2744 3033 2973 3072 causam
3000 3018 3388 3089 perinfensus;

1793 3107 1858 3155 ut
1883 3118 1997 3155 non
2025 3101 2263 3169 mireris,
2295 3102 2342 3156 si
2369 3104 2464 3174 qui
2494 3104 2781 3160 Rufﬁnum
2817 3106 3106 3162 immensis
3127 3108 3391 3163 laudibus

1794 3195 1976 3253 ornat,
2016 3191 2420 3262 Hieronymum
2449 3193 2647 3247 eodem
2667 3194 2726 3248 in
2754 3196 3159 3251 commentario
3189 3201 3390 3252 contu-

1731 3321 1774 3380 Ο
1795 3279 1976 3380 ine-liis
2004 3280 2371 3379 laceret..Sed
2407 3281 2478 3335 de
2517 3282 2769 3336 Palladio
2809 3300 2911 3339 suo
2948 3285 3070 3339 loco
3107 3285 3270 3356 plura
3299 3286 3388 3340 in-

179 3381 347 3433 Αηηο
380 3376 589 3431 Christi
617 3374 741 3432 372.
777 3405 842 3415 -—
887 3374 1129 3429 Melania
1158 3375 1263 3428 hoc
1306 3376 1503 3429 eodem
1540 3391 1708 3440 anno,
1733 3367 1984 3433 “ferius,
2021 3368 2116 3439 qui
2146 3369 2215 3423 de
2242 3368 2500 3425 instituto
2535 3370 2791 3426 Melaniae
2829 3377 2999 3443 atque
3030 3373 3242 3428 Rufﬁni
3268 3379 3390 3429 toto

111 3479 220 3534 quo
253 3480 323 3516 ex
355 3461 509 3516 Petri
554 3460 914 3516 Alexandrini
953 3460 1157 3513 litteris
1195 3460 1436 3514 vidimus
1486 3461 1713 3531 [Egypti

109 3552 408 3625 episcopos
439 3555 497 3605 et
526 3550 830 3604 monachos
858 3549 1135 3619 relegatos
1155 3566 1277 3603 esse
1310 3549 1715 3605 Diocasaream

108 3641 384 3712 oppidum
409 3641 468 3694 in
500 3640 798 3693 Palastina
819 3638 1010 3701 situm,
1036 3639 1146 3692 illis
1176 3640 1581 3707 ministratur-.1,
1606 3658 1717 3693 ina-

106 3746 220 3802 gno
271 3729 409 3784 ﬁdei
448 3729 649 3783 ardore
688 3744 971 3792 succensa,
1021 3728 1427 3799 Jerosolymam
1472 3730 1715 3799 profecta

110 3826 214 3873 est.
267 3818 425 3883 Quid
467 3834 596 3871 vero
626 3818 748 3888 ipsa
787 3815 864 3870 ibi
894 3817 1091 3886 egerit,
1122 3817 1407 3871 Palladius
1441 3818 1602 3875 docet
1630 3819 1717 3873 his

110 3908 295 3962 verbis
310 3908 575 3976 (Pallad,
600 3908 871 3972 Lausiac.,
896 3923 1012 3975 cap.
1032 3905 1115 3975 33)
1143 3924 1199 3960 :«
1219 3908 1352 3961 Post
1370 3907 1485 3961 hac
1504 3913 1713 3973 autem,

109 4014 241 4051 cum
288 3994 645 4051 Alexandria
690 3994 982 4066 praefectus
1027 3996 1351 4065 Augustalis
1415 3996 1714 4060 Isidorum,

110 4086 448 4158 Pithymum
474 4082 889 4156 [Euthymium]
927 4087 1019 4154 (δ),
1055 4085 1413 4156 Adelphium,
1459 4086 1719 4157 l‘aphnu-

109 4176 279 4243 tium,
314 4173 685 4239 Pambonem,
720 4173 870 4227 inter
897 4190 1037 4244 quos
1061 4174 1236 4229 etiam
1265 4191 1453 4229 senem
1486 4176 1716 4230 Ammo-

108 4265 270 4318 nium
313 4279 494 4318 unam
518 4262 817 4325 habentem
848 4262 1179 4330 auriculam,
1204 4269 1261 4317 et
1290 4264 1582 4318 duodecim
1607 4265 1721 4336 epi-

1794 3457 1890 3511 illo
1920 3457 2190 3527 temporis
2219 3458 2418 3528 spatio,
2446 3476 2557 3530 quo
2584 3460 2842 3515 vixerunt
2867 3462 3249 3534 Jerosolymis,
3282 3463 3394 3518 ista

1796 3545 1984 3599 subdit
2015 3561 2026 3597 :

1873 3654 1900 3686 α
1930 3635 2028 3689 Isti
2049 3635 2223 3706 igitur
2238 3638 2298 3691 in
2318 3637 2513 3708 viginti
2534 3643 2592 3695 et
2603 3645 2817 3711 septem
2838 3641 3001 3696 annis
3020 3656 3220 3697 omnes
3244 3641 3395 3713 apud

1797 3724 2203 3796 Jerosolymam
2222 3738 2463 3790 sanctos,
2485 3733 2655 3799 atque
2685 3730 3012 3801 peregrinos
3032 3730 3319 3802 episcopos
3338 3737 3396 3787 et

1800 3815 2117 3880 monachos,
2178 3817 2534 3888 virginesque
2581 3818 2703 3887 (hoc
2748 3818 2900 3873 enim
2945 3825 3210 3874 voverant
3258 3820 3398 3892 Deo)

1800 3904 2081 3974 suscipere
2116 3906 2356 3976 propriis
2405 3906 2724 3977 sumptibus
2760 3924 2826 3962 ac
2882 3908 3066 3963 fovere
3096 3925 3396 3965 consueve-

1800 3998 1952 4058 runt,
1981 4009 2285 4065 omnesque
2315 3995 2384 4049 ad
2409 4012 2468 4050 se
2495 3997 2782 4051 venientes
2811 3998 3069 4052 meliores
3104 4003 3394 4053 tantarum

1802 4098 1867 4135 ac
1881 4082 2079 4136 talium
2101 4100 2288 4138 rerum
2314 4086 2785 4156 contemplatione
2804 4086 3074 4143 fecerunt.
3092 4088 3397 4144 Illos‘enim

1804 4171 2241 4243 quadringentos
2268 4190 2503 4229 numero
2532 4176 2853 4243 monachos,
2880 4177 2976 4248 qui
3005 4182 3234 4251 propter
3247 4178 3398 4232 Pau-

1800 4260 1981 4315 linum
2014 4262 2441 4329 (Antiochenum
2471 4265 2792 4337 episcopum
2821 4258 3047 4335 scilicet)
3091 4283 3152 4322 se
3183 4267 3254 4321 ab
3294 4267 3400 4324 Ec-

108 4370 334 4426 swpos,
368 4351 859 4425 presbyterosque,
892 4357 950 4406 et
976 4352 1116 4406 alios
1139 4354 1411 4423 quosdam
1442 4370 1620 4425 usque
1650 4354 1719 4408 ad
1803 4350 1970 4404 clesia
1997 4350 2352 4422 separabant,
2385 4360 2590 4410 sancta
2627 4371 2823 4410 rursus
2860 4356 3115 4411 Ecclesia
3136 4355 3398 4413 reddide-

108 4449 344 4498 centum
377 4441 674 4497 duodecim
695 4457 929 4496 numero
957 4441 1106 4496 circa
1127 4442 1425 4497 Palestina
1454 4443 1722 4498 Diocasa-
1804 4445 1956 4494 runt.
2004 4441 2211 4495 Omnes
2240 4442 2412 4497 etiam
2442 4449 2647 4514 prater
2669 4445 2772 4500 hos
2800 4461 3071 4516 perversa
3100 4450 3264 4501 secta
3294 4446 3399 4500 ho-

106 4549 270 4587 ream
286 4532 624 4587 damnasset
643 4531 836 4585 exsilio
861 4549 872 4583 :
896 4530 1034 4586 istos
1052 4531 1169 4586 hac
1188 4530 1514 4587 beatissima
1530 4550 1724 4588 omnes
1739 4522 1987 4583 Dmines
2027 4535 2085 4583 et
2123 4536 2319 4585 contra
2364 4531 2637 4602 Spiritum
2684 4539 2939 4588 sanctum
2987 4534 3261 4604 sacrilego
3301 4550 3400 4588 ore

107 4628 313 4678 secuta
346 4626 457 4687 est,
492 4626 549 4675 et
573 4620 814 4692 propriis
843 4619 1201 4675 facultatibus
1232 4621 1314 4674 eis
1344 4621 1718 4675 ministerium
1803 4624 2101 4685 certantes,
2146 4620 2218 4681 ad
2263 4620 2563 4674 Ecclesium
2603 4628 2876 4687 nostram,
2913 4637 3045 4676 vera
3089 4621 3397 4690 suadendo,

105 4729 278 4767 suum
306 4710 573 4783 prabuit.
591 4710 846 4780 Cumque
866 4708 936 4763 ab
959 4710 1068 4763 illis
1095 4710 1189 4781 qui
1211 4709 1268 4763 in
1283 4715 1722 4764 memoratorum
1806 4722 1871 4760 ac
1890 4707 2106 4777 jugiter
2131 4714 2359 4762 cunctos
2387 4708 2654 4775 docendo,
2680 4715 3100 4778 revocaverunt,
3124 4711 3401 4767 honoran-

106 4801 380 4856 custodia
410 4804 571 4854 erant
615 4797 1006 4870 prohiberetur
1035 4799 1151 4853 hac
1181 4798 1360 4852 facere
1386 4798 1559 4868 (sicut
1588 4798 1724 4852 mihi
1806 4800 1893 4848 tes
1908 4795 2134 4865 quidem
2156 4812 2220 4851 ac
2238 4814 2384 4868 sape
2404 4794 2695 4868 pascentes
2721 4798 2975 4869 ejusdem
3004 4799 3111 4855 loci
3129 4800 3357 4856 clericos
3382 4819 3393 4854 :

106 4897 165 4944 et
221 4889 341 4962 ipsi
398 4905 543 4959 saepe
599 4886 949 4954 referebant,
1007 4904 1137 4942 nam
1194 4893 1252 4941 et
1307 4904 1408 4958 ego
1470 4892 1723 4941 sanctum

104 4979 458 5051 Pithymum
486 4982 543 5031 et
569 4977 846 5033 Isidorum
878 4982 935 5031 et
962 4977 1340 5048 Paphnutium
1369 4976 1523 5043 vidi),
1557 4976 1727 5031 bene-

104 5068 265 5124 dicta
284 5075 435 5123 tunc
452 5067 568 5132 illa,
591 5071 816 5138 sumpta
835 5072 989 5121 veste
1010 5066 1192 5120 servili
1214 5067 1362 5120 circa
1382 5066 1727 5137 vespertinas

102 5159 307 5224 horas,
334 5156 534 5212 omnia
561 5156 641 5210 eis
674 5156 800 5210 vita
827 5156 1141 5211 necessaria
1179 5155 1465 5210 afferebat.

178 5251 396 5314 439
421 5265 442 5297 ι
471 5246 593 5310 Quo
621 5246 862 5316 cognito,
883 5246 1193 5300 Palaestina
1222 5245 1516 5316 provinciae
1535 5262 1730 5299 consu-

102 5338 268 5405 laris,
294 5334 542 5390 credens
571 5335 720 5407 quod
748 5336 905 5389 sinus
930 5352 1061 5389 suos
1089 5340 1278 5406 posset
1305 5334 1459 5389 fumo
1487 5335 1730 5405 quodam

104 5432 287 5498 atque
320 5429 546 5479 terrore
595 5440 659 5478 ex
703 5440 939 5495 pecunla
966 5425 1087 5495 ejus
1128 5424 1381 5494 implere,
1410 5424 1581 5494 jussit
1607 5439 1731 5477 eam

107 5517 343 5587 (ignota
396 5513 547 5567 enim
576 5513 684 5585 ipsi
712 5517 849 5581 erat)
881 5513 1084 5584 corripi
1127 5520 1186 5566 et
1214 5513 1271 5567 in
1300 5530 1578 5566 carcerem
1612 5523 1733 5567 tru-

107 5604 187 5661 di.
224 5605 313 5662 Ex
361 5618 477 5673 quo
501 5604 622 5658 loco
663 5608 798 5658 tunc
833 5604 885 5658 ei
930 5620 1029 5674 per
1056 5601 1433 5656 internuntios
1461 5602 1733 5672 quosdam

1809 4889 1866 4938 et
1900 4884 2015 4939 hac
2064 4885 2275 4956 pariter
2326 4886 2611 4953 facientes,
2659 4887 2826 4942 vitam
2866 4905 3027 4944 suam
3072 4889 3165 4962 pio
3215 4890 3402 4945 studio

1809 4973 2094 5039 ﬁnierunt,
2128 4974 2266 5028 nulli
2295 4975 2518 5046 quidem
2539 4993 2605 5031 ex
2626 4993 2686 5031 se
2711 4978 2796 5032 vel
2814 4978 2991 5033 levem
3020 4979 3219 5034 dantes
3241 4996 3403 5036 scan-

1809 5062 1922 5116 dali
1949 5063 2344 5134 suspicionem,
2389 5071 2570 5120 totum
2602 5080 2732 5121 vero
2764 5067 2955 5123 orbem
2984 5074 3265 5125 terrarum
3293 5069 3406 5140 spi-

1810 5151 2002 5205 rituali
2030 5152 2393 5208 aediﬁcatione
2412 5154 2800 5225 plenissimum
2820 5158 3221 5229 relinquentes.
3235 5157 3406 5213 »Βαο-

1810 5246 1975 5295 tenus
1998 5241 2297 5296 Palladius.

1884 5333 2109 5397 Raram,
2126 5333 2198 5386 ad
2216 5348 2435 5387 annum
2457 5334 2663 5388 Christi
2682 5332 2804 5392 385.
2824 5362 2878 5374 --
2900 5337 3177 5390 Caterum
3187 5334 3407 5391 ratione

1818 5418 2087 5487 Melania,
2123 5437 2289 5491 quam
2322 5421 2501 5475 Paula
2526 5422 2932 5495 Jerosolymam
2962 5430 3149 5481 secuta
3183 5430 3286 5492 est,
3320 5441 3408 5480 ca-

1817 5510 2087 5564 lumniam
2109 5527 2304 5581 passus
2331 5515 2415 5565 est
2432 5511 2826 5583 Hieronymus,
2848 5529 3014 5584 quam
3036 5514 3185 5569 inter
3199 5531 3266 5569 ea
3285 5531 3409 5586 qua

1816 5599 1875 5653 in
1900 5599 2081 5671 ipsum
2104 5606 2228 5672 post
2244 5601 2469 5655 Damasi
2483 5600 2695 5656 obitum
2713 5618 2748 5656 a
2766 5603 3235 5660 calumniantibus
3256 5605 3412 5660 fuere

110 5700 323 5749 sancta
353 5692 459 5746 illa
506 5692 794 5747 mandavit
821 5711 831 5745 :
885 5694 1019 5762 Ego,
1056 5691 1258 5762 inquit,
1297 5690 1454 5774 illius
1501 5692 1632 5758 ﬁlia,
1681 5696 1738 5745 et
1820 5689 2055 5760 objecta,
2084 5706 2149 5745 ac
2179 5691 2504 5765 stimulante
2530 5690 2656 5746 odio
2685 5697 2853 5763 atque
2882 5692 3091 5749 invidia
3120 5700 3412 5767 perpetra-

385 5791 654 5855 PATROL.
700 5792 976 5853 LXXIII.

3092 5792 3170 5855 23
