3876 6402
102 362 201 419 717
1542 368 1681 425 PRA

1769 367 1945 427 'JDIA.
3266 392 3372 450 ἠε

99 512 370 575 servatur,
391 506 601 579 pariter
628 522 757 563 cum
785 507 960 564 oculis
988 524 1145 564 mens
1170 510 1683 583 amittat.Fulgeat,
1703 498 1753 557 Α
1772 498 2130 569 Pl‘aecimm‘it
2155 500 2394 560 Domino
2419 508 2696 565 canticum
2726 526 2951 582 novum,
2972 530 3142 587 quam
3153 517 3279 575 alia
3298 519 3367 575 il-

99 598 183 654 ωε
212 597 368 662 libet,
400 613 621 665 aurum,
657 603 714 653 et
741 598 1073 671 ροωρεηίοίε
1102 599 1328 656 ferculis
1361 617 1595 657 corusca
1622 619 1690 658 ex
1774 587 1978 677 lustres
1992 589 2257 649 Romana
2270 593 2512 665 femina,
2534 614 2677 655 vera
2696 601 2929 659 reddita
2953 605 3240 677 Israelita,
3252 610 3367 665 vir-

98 686 327 744 sarcinis
353 688 583 742 metalla
612 687 870 755 radiant;
904 688 1147 744 charitas
1178 706 1289 745 non
1319 695 1507 762 potest
1532 708 1691 747 com-
1770 676 1928 747 ϐίηθε
1941 683 2110 752 atque
2138 682 2317 741 ν’ίάοω
2345 691 2570 755 secuta.
2603 690 2800 747 Choros
2821 692 3107 763 ducentes,
3141 676 3367 755 easdem

96 776 297 849 parari,
335 776 560 831 dilectio
589 776 834 849 pretium
870 794 983 832 non
1040 777 1246 846 habet;
1287 780 1539 835 amicitia
1567 797 1691 853 qua

96 865 346 922 desinere
399 870 602 938 potest,
652 883 784 921 vera
823 883 1117 938 nunquam
1144 868 1269 925 fuit.
1305 887 1332 922 ι
1374 870 1455 925 En
1488 870 1690 942 quibus

97 954 215 1027 ipse
242 954 556 1010 circumdat
586 955 742 1010 vallis
777 956 1039 1024 amicum,
1064 974 1135 1012 ne
1166 974 1281 1023 eos,
1318 959 1508 1014 volens
1535 960 1683 1026 licet,

98 1043 376 1100 transilire
397 1043 608 1115 absque
627 1045 951 1114 ignominia
986 1053 1121 1101 nota
1144 1048 1373 1103 valeret.
1399 1048 1507 1103 Sed
1536 1065 1692 1103 secu-

100 1139 187 1188 tus
211 1133 424 1188 alienos
449 1132 708 1189 Rufﬁnus
739 1134 949 1202 infelix,
970 1141 1132 1206 terga
1162 1137 1333 1191 vertit
1360 1137 1559 1205 amico,
1577 1155 1690 1193 me—

98 1238 331 1293 rensque
360 1223 629 1293 tranfuga
674 1224 733 1278 in
762 1224 960 1277 castris
988 1225 1259 1292 hostium,
1303 1226 1433 1280 inde
1456 1226 1516 1281 in
1545 1228 1688 1282 ami-

99 1328 219 1367 cum
243 1328 305 1367 ac
334 1311 567 1367 fratrem
586 1312 798 1380 furens,
832 1314 1018 1385 prodit
1046 1314 1156 1369 dux
1185 1315 1488 1386 impiorum
1509 1332 1690 1371 arma-

99 1408 205 1469 tus,
255 1400 413 1456 nulla
458 1418 689 1473 prorsus
717 1402 828 1457 alia
856 1418 1023 1458 causa
1050 1404 1389 1475 compulsus,
1423 1421 1593 1476 quam
1626 1412 1689 1461 ut

102 1490 452 1545 adversantes
468 1490 755 1546 catholica
770 1492 993 1546 veritati
1005 1492 1263 1563 Origenis
1275 1509 1492 1548 errores
1510 1495 1690 1549 salvos

104 1586 281 1634 servet
293 1585 464 1651 atque
485 1587 836 1652 propugnet:
861 1581 1047 1653 ipsum
1081 1582 1308 1652 quidem
1340 1583 1489 1638 haud
1508 1585 1688 1654 segni-

102 1674 201 1735 ter,
225 1668 310 1723 vel
349 1669 471 1724 loco
507 1670 833 1736 novissimo,
858 1669 954 1724 sed
979 1670 1129 1725 inter
1151 1672 1362 1743 primos
1392 1673 1683 1740 militasse,

99 1757 437 1829 Epiphanius
463 1758 613 1813 dicta
632 1758 868 1831 epistola
888 1759 959 1813 ad
980 1760 1249 1815 Joannem
1275 1761 1523 1815 indicare
1540 1762 1685 1817 vide-

98 1853 201 1915 tur,
224 1847 359 1902 dum
379 1847 532 1903 inter
548 1854 635 1903 tot
650 1848 970 1903 defensores
991 1848 1250 1921 Origenis
1261 1850 1445 1922 ipsum
1464 1856 1686 1906 tantum
1706 1863 1752 1923 Β

99 1936 363 2003 nominat,
394 1952 464 1992 ac
490 1936 632 1993 bene
656 1944 921 2010 precatur
949 1939 1036 1993 his
1061 1938 1273 1995 verbis:
1313 1958 1338 1993 «
1368 1941 1446 1995 Te
1475 1946 1686 2007 autem,

100 2026 280 2094 frater,
303 2025 510 2082 liberet
527 2027 697 2095 Deus,
718 2032 777 2082 et
796 2032 1054 2083 sanctum
1070 2029 1339 2100 populum
1361 2029 1571 2084 Christi
1591 2031 1687 2102 qui

98 2115 193 2169 tibi
215 2116 461 2171 creditus
490 2121 593 2184 est,
625 2122 683 2171 et
709 2133 905 2172 omnes
947 2117 1151 2172 fratres
1183 2118 1279 2189 qui
1306 2125 1491 2173 tecum
1532 2125 1681 2186 sunt,

101 2210 154 2260 et
178 2205 411 2260 maxime
444 2205 731 2261 Ruﬂinum
750 2205 1161 2279 presbyterum,
1176 2206 1247 2261 ab
1272 2207 1469 2263 haresi
1493 2209 1686 2279 Orige-

100 2294 198 2361 nis,
221 2300 277 2349 et
301 2294 371 2349 ab
399 2294 528 2349 aliis
562 2294 865 2351 haresibus
892 2301 950 2351 et
973 2296 1287 2368 perditione
1319 2313 1515 2351 earum
1539 2299 1616 2370 (Η
1620 2301 1688 2352 ie-

102 2399 241 2454 ron.,
270 2387 421 2454 epist.
458 2386 566 2454 Lx).
601 2402 629 2439 ι
665 2385 796 2440 Hac
833 2386 1197 2457 Epiphanius.

168 2472 270 2528 Sed
301 2474 505 2545 majori
535 2490 625 2529 me
654 2474 845 2529 dolore
868 2475 1100 2529 sauciat.
1126 2492 1333 2545 angwrc
1364 2475 1593 2543 cruciat,
1610 2480 1691 2530 at-

105 2578 204 2633 que
229 2578 470 2618 mcerore
496 2563 807 2618 consternit
822 2564 1075 2619 Melaniae
1096 2565 1487 2620 acerbissimus
1506 2582 1684 2621 casus.

106 2652 344 2707 Haecine
363 2652 535 2707 vidua
552 2652 651 2708 illa
661 2653 1392 2719 c1arissima,ornamentum
1414 2655 1691 2709 Romana-

104 2756 220 2795 rum
237 2741 592 2807 feminarum,
622 2742 791 2797 decus
810 2758 1093 2798 summum
1110 2743 1580 2811 Christianorum,
1605 2745 1690 2798 vi-

103 2845 330 2902 vumque
358 2831 647 2902 exemplar
676 2830 1007 2885 Christiana
1036 2831 1419 2903 philosophia,
1448 2849 1572 2904 qua
1601 2833 1690 2887 in-

26 2966 27 2975 .
104 2918 251 2989 signe
278 2919 414 2975 illud
444 2920 639 2975 Roma
667 2920 949 2992 specimen
965 2920 1160 2986 edidit,
1179 2938 1307 2976 cum
1340 2923 1535 2976 eodem
1552 2928 1692 2977 tem-

26 2992 27 2997 η
105 3024 228 3079 pore
250 3010 522 3065 maritum
552 3026 618 3064 ac
647 3009 788 3064 duos
815 3010 1177 3064 charissimos
1202 3010 1405 3066 liberos
1426 3011 1584 3066 siccis
1600 3028 1693 3082 pe-

1772 782 1899 822 cum
1927 785 1993 823 ea
2015 771 2349 829 concinuere
2373 776 2596 833 Christo
2616 780 2856 836 vincenti
2874 783 3085 840 laudes.
3113 788 3219 842 Sed
3242 806 3369 860 pro-

1772 854 1903 912 bata
1921 858 1991 913 ad
2012 876 2190 932 aquas
2208 867 2664 924 contradictionis
2683 877 2695 937 (
2718 888 2749 925 ο
2766 872 3041 929 fallaciam
3063 854 3365 933 incred-ibi-

1773 945 1885 1036 lem
1905 948 2081 1005 hostis
2102 951 2335 1009 humani
2353 958 2577 1027 generis
2601 959 2636 1028 Ξ)
2661 958 2913 1033 decepta,
2936 971 3201 1036 superata
3212 966 3366 1023 defe-

1771 1035 1848 1090 cit
1872 1055 1883 1103 ;
1914 1043 2185 1111 tantaque
2214 1050 2418 1099 onusta
2442 1046 2581 1102 adeo
2606 1050 2867 1120 pretiosis
2897 1035 3177 1110 mercibus
3205 1056 3364 1111 navis

1775 1124 1872 1194 (ita
1921 1143 2166 1200 namque
2196 1132 2324 1187 navi
2344 1134 2616 1191 institoris
2644 1145 3005 1211 comparatur
3032 1142 3219 1199 divino
3246 1145 3365 1200 elo-

1772 1214 1903 1305 quio
1928 1217 2134 1305 mulier
2161 1219 2340 1290 fortis)
2365 1222 2425 1277 in
2451 1224 2572 1295 ipso
2586 1229 3012 1299 tranquillitatis
3034 1237 3200 1302 portu
3218 1234 3365 1305 (quis

1769 1304 2007 1394 credat?)
2032 1314 2118 1362 est
2133 1324 2299 1379 passa
2317 1311 2695 1385 naufragium,
2718 1332 2845 1371 cum
2866 1319 3096 1374 incauta
3113 1321 3172 1376 in
3183 1304 3365 1394 syrtes

1771 1391 2029 1463 Origenis
2044 1396 2299 1469 impegit:
2320 1400 2693 1475 Origenisque
2702 1406 2782 1460 sic
2791 1422 3089 1479 conspersa
3105 1391 3362 1482 fuligine,

1770 1497 2037 1539 conversa
2066 1491 2153 1539 est
2181 1503 2246 1541 ex
2275 1488 2475 1545 Noemi
2502 1491 2560 1546 in
2590 1493 2766 1562 Mara,
2790 1501 2848 1549 et
2875 1512 2941 1550 ex
2966 1498 3175 1554 Thecla
3198 1500 3368 1555 rediit

1769 1571 1828 1625 in
1857 1571 2157 1629 Melaniam
2198 1595 2210 1643 ;
2249 1593 2285 1631 a
2324 1578 2613 1635 tuscedine
2659 1582 2892 1639 ductum
2932 1601 3144 1641 nomen
3177 1588 3365 1643 infau-

1769 1666 1940 1715 stum.
1975 1662 2092 1717 Ista
2117 1666 2331 1736 patitur
2358 1668 2607 1724 humana
2633 1672 2879 1727 conditio
2907 1692 2920 1741 ;
2944 1682 3011 1729 ut
3026 1675 3170 1730 nihil
3195 1678 3365 1747 quili-

1768 1748 1880 1817 bet,
1909 1750 2044 1806 dum
2077 1754 2229 1821 vivit,
2261 1756 2515 1813 vendicet
2532 1759 2637 1813 sibi
2658 1766 2865 1817 tutum.

2310 1847 2530 1901 Reditus
2581 1850 2828 1909 Romam.

1839 1931 2002 1983 Anno
2014 1931 2221 1987 Christi
2236 1932 2549 2000 397.—Qui
2560 1937 2817 2009 sequitur
2836 1939 3045 1997 Christi
3058 1957 3241 1999 annus
3261 1944 3363 2003 397

1768 2018 2061 2075 consulatu
2091 2021 2323 2077 Casarii
2354 2030 2414 2078 et
2438 2025 2628 2093 Attici,
2682 2027 2863 2083 Fastis
2891 2030 3207 2099 ascribitur,
3253 2049 3365 2105 quo

1768 2108 2009 2179 haereses
2030 2109 2289 2182 Origenis
2300 2113 2404 2169 sub
2414 2115 2641 2186 pietatis
2660 2116 2943 2175 involucra
2958 2136 3060 2192 per
3075 2122 3364 2180 Rufﬁnum

1768 2197 2163 2271 presbyterum
2176 2203 2592 2274 Aquileiensem
2613 2222 2643 2260 e
2664 2206 2963 2264 Palastina
2977 2226 3105 2266 cum
3128 2212 3367 2269 Melania

1772 2287 2005 2343 Romam
2028 2290 2357 2347 redeuntem
2378 2293 2700 2351 inferuntur
2714 2296 2774 2351 in
2793 2297 3009 2367 urbem;
3032 2301 3367 2372 propinata

1773 2392 1881 2446 que
1910 2393 2081 2434 aureo
2110 2380 2281 2436 calice
2294 2381 2612 2455 Babylonis,
2629 2392 2933 2459 antequam
2953 2387 3369 2447 inebriarentur

1771 2464 1882 2519 illis
1902 2467 2115 2533 fideles,
2138 2468 2371 2526 detecta
2395 2478 2565 2544 atque
2575 2474 2813 2545 eXplosa
2840 2476 3087 2533 fuerunt.
3102 2479 3234 2535 Hac
3262 2497 3367 2536 au-

1772 2556 1887 2604 tem
1918 2568 2028 2623 quo
2048 2554 2213 2609 modo
2235 2571 2298 2609 se
2318 2556 2639 2626 habuerint,
2664 2560 2963 2617 dicendum
2996 2580 3099 2635 per
3113 2564 3362 2637 singula;

1772 2640 1870 2693 sed
1900 2646 2030 2695 ante
2058 2644 2265 2711 omnia,
2300 2661 2422 2716 qua
2450 2653 2583 2702 sunt
2608 2651 2878 2721 temporis
2906 2652 3257 2709 elucidanda.

1845 2730 2133 2786 Ruffinum
2162 2734 2389 2804 quidem
2428 2735 2780 2793 individuum
2823 2741 3078 2797 Melania
3106 2743 3369 2801 comitem

1773 2834 1900 2874 cum
1932 2836 1999 2874 ea
2024 2821 2083 2875 in
2120 2822 2425 2895 (Egyptum
2454 2827 2763 2897 profectum
2790 2829 2911 2898 (aa)
2947 2836 3002 2885 et
3033 2830 3093 2886 in
3123 2832 3371 2890 Palasti-

1772 2924 1925 2974 nam,
1954 2908 2142 2981 ibique
2164 2913 2312 2983 apud
2342 2930 2488 2981 eam,
2516 2931 2694 2988 usque
2722 2918 2856 2973 dum
2880 2919 2994 2975 illic
3018 2922 3242 2990 mansit,
3274 2924 3370 2978 Je-

1774 2998 2071 3069 rosolymis
2092 3000 2263 3055 vitam
2281 3004 2642 3075 transegisse,
2666 3023 2789 3077 qua
2798 3007 2948 3063 dicta
2958 3016 3093 3065 sunt
3111 3012 3371 3083 superius

104 3098 245 3153 nitus
272 3100 452 3154 oculis
480 3099 731 3171 sepelivit
764 3099 788 3152 ’ἶ
831 3101 991 3170 cujus
1018 3099 1399 3154 incredibilem
1429 3102 1693 3156 sanctita-
1707 3148 1750 3208 Ο
1775 3088 2187 3208 ξκξίετοηγηξο
2350 3093 2691 3208 significent;
2710 3102 2770 3151 at
2790 3113 2858 3151 ea
2876 3098 3105 3153 demum
3116 3116 3370 3208 Emesa-

105 3192 203 3208 ΑΑῌ
229 3188 853 3208 Αλμγξμᾼλ,,μῌμμ,ᾼ,ιξᾼᾼμ-
883 3188 1212 3208 λ’*Αῌ-ἏΑῌῨΡῨ
1237 3207 1240 3208 ν
1267 3190 1489 3208 ῨῙΙοΑΛῨη
1581 3207 1610 3208 7,
1801 3192 1830 3208 Δ
1884 3193 2067 3208 Amnm
2098 3194 2217 3208 nil!!!
2263 3195 2346 3208 Δυν-
2366 3196 2520 3208 Λι-ι-ΑΑ
2548 3199 2574 3208 Α·
2607 3199 2698 3208 ιιι-Α
2727 3187 3084 3208 Α--Α--Α-Δ⁸μέ-
3184 3205 3199 3208 Α
3232 3190 3362 3208 Ι-.1⁸9

105 3192 209 3241 tem
224 3188 534 3243 admiratus
553 3188 864 3260 pradicans
875 3188 1681 3262 quondamipseHieronymus,

1775 3176 2348 3249 teRomam,ejusdem
2365 3187 2700 3238 assectatum
2722 3200 2843 3239 esse
2856 3187 3110 3257 vestigia,
3130 3188 3367 3245 Palladii

28 3284 31 3315 ί
105 3276 671 3349 aliisqueimitandam
686 3294 1020 3349 proponens,
1040 3278 1135 3331 illa
1148 3283 1318 3333 tanta
1329 3279 1544 3333 fiducia
1558 3281 1691 3333 etla-

28 3376 31 3405 ι
104 3370 187 3419 tus
206 3366 497 3421 estverba:
527 3386 554 3420 κ
586 3367 1519 3439 SanctaMelanianostritemporis
1540 3370 1691 3423 inter

28 3466 31 3493 ί
102 3453 433 3511 Christianos
444 3472 579 3511 vera
594 3455 1007 3522 nobilitas,cum
1024 3472 1136 3527 qua
1145 3456 1690 3528 tibiDominus(Pau-

28 3554 33 3583 ι
104 3542 205 3598 lam
220 3545 543 3616 alloquitur)
562 3545 813 3615 mihique
833 3546 1101 3600 concedat
1120 3546 1177 3599 in
1215 3545 1305 3600 die
1342 3562 1446 3600 sua
1481 3545 1687 3601 habere

30 3668 31 3673 η
104 3640 327 3704 partem,
346 3635 565 3690 calente
583 3633 767 3688 adhuc
781 3634 970 3688 mariti
987 3636 1333 3706 corpusculo,
1356 3641 1413 3689 et
1445 3636 1684 3690 necdum

30 3734 31 3763 1
104 3720 340 3793 humata,
372 3723 518 3780 duos
564 3723 733 3779 simul
762 3723 1011 3796 perdidit
1054 3724 1199 3778 ﬁlios
1228 3725 1480 3795 (Hieron.
1524 3727 1678 3794 epist.

106 3815 242 3883 xxv),
280 3832 305 3865 »
338 3819 443 3869 etc.
481 3812 589 3868 Sed
617 3812 784 3885 plane
811 3812 960 3885 quod
982 3812 1243 3867 subditur
1267 3813 1324 3868 in
1339 3812 1683 3884 feminaglo-

30 3936 31 3941 η
107 3900 313 3971 riosius,
348 3918 477 3957 cum
516 3901 585 3957 de
614 3901 760 3957 victa
784 3902 1010 3957 victrice
1039 3901 1293 3957 omnium
1322 3900 1461 3956 urbe
1487 3903 1684 3958 trium-

30 4002 33 4031 1
107 3989 290 4059 phans,
321 3995 699 4064 superatoque
744 3989 914 4046 insito
961 4007 995 4045 a
1051 3996 1256 4046 natura
1304 3990 1481 4046 unica
1509 3992 1683 4063 prolis

108 4093 301 4148 amore,
352 4081 535 4137 Roma
582 4085 790 4152 spreta,
822 4080 988 4135 unico
1016 4079 1093 4134 ibi
1123 4080 1319 4135 relicto
1350 4080 1486 4148 filio,
1521 4081 1681 4136 exsul

106 4170 435 4237 mundi,coeli
448 4170 801 4237 civis,victrix
817 4170 989 4224 etiam
1008 4174 1298 4225 ventorum
1314 4176 1372 4225 et
1384 4170 1674 4238 fluctuum,

32 4272 33 4279 η
97 4253 377 4327 ingruente
391 4260 512 4331 jam
527 4260 713 4315 hieme
727 4260 817 4329 (ut
834 4259 938 4330 ait)
947 4260 1353 4333 Jerosolymam
1378 4259 1673 4331 navigavit.

162 4346 332 4411 Quam
381 4349 453 4403 ob
503 4364 731 4404 causam
777 4349 907 4419 jure
932 4348 1244 4420 meritoque
1270 4349 1421 4404 idem
1449 4354 1675 4403 sanctus

1772 3271 1942 3337 atque
1962 3267 2184 3322 Paulini
2207 3270 2304 3339 (bb)
2327 3270 2718 3327 testificatione
2733 3274 3084 3345 exploratum
3103 3276 3362 3347 habetur;

1772 3354 1853 3408 ait
1879 3356 2029 3409 enim
2058 3357 2339 3412 Palladius
2364 3376 2376 3412 :
2422 3378 2448 3411 α
2482 3360 2618 3414 Erat
2644 3362 2816 3417 etiam
2846 3380 2972 3418 cum
3012 3380 3081 3419 ea
3108 3366 3365 3423 Rufﬁnus

1772 3444 2003 3515 quidam
2033 3447 2278 3514 nomine,
2311 3448 2446 3502 civis
2472 3450 2648 3504 Italus
2677 3468 2744 3505 ex
2770 3453 3116 3523 Aquileiensi
3134 3457 3362 3528 oppido,

1770 3533 1854 3586 vir
1883 3533 2153 3590 nobilium
2185 3540 2239 3590 et
2269 3536 2328 3591 in
2357 3538 2641 3610 proposito
2670 3540 2942 3611 singulari
2967 3543 3105 3598 satis
3131 3543 3362 3602 fortium

1769 3638 1990 3677 morum
2010 3643 2022 3691 ;
2038 3625 2134 3695 qui
2154 3630 2212 3679 et
2236 3625 2309 3680 ad
2335 3626 2786 3699 presbyteratum
2804 3637 2999 3702 postea
3013 3634 3224 3689 meruit
3237 3652 3362 3708 per-

1766 3712 1974 3779 venire;
2001 3728 2112 3784 quo
2132 3714 2319 3769 nullus
2347 3717 2712 3785 mansuetior,
2756 3718 2973 3788 fortior,
3006 3727 3065 3776 et
3090 3723 3363 3795 placidior

1764 3805 2036 3871 tanquam
2058 3803 2249 3857 omnia
2266 3804 2465 3873 sciens,
2490 3806 2549 3860 in
2577 3822 2713 3862 sexu
2732 3808 2878 3862 virili
2898 3811 3084 3880 potuit
3096 3811 3356 3869 inveniri.

1766 3889 1866 3943 Isti
1895 3890 2070 3960 igitur
2088 3892 2147 3946 in
2163 3892 2362 3963 viginti
2379 3900 2436 3948 et
2451 3901 2666 3967 septem
2682 3897 2863 3964 annis,
2888 3914 3083 3955 omnes
3102 3902 3253 3972 apud
3270 3903 3358 3959 Je-

1765 3980 2105 4052 rosolymam
2125 3989 2347 4038 sanctos
2365 3989 2533 4056 atque
2548 3987 2876 4057 peregiinos
2894 3989 3203 4063 episcopos,
3232 4008 3356 4048 mo-

1766 4070 1995 4138 nachos,
2014 4072 2369 4142 virginesque
2400 4075 2526 4141 (hoc
2561 4076 2714 4131 enim
2735 4084 3003 4134 voverant
3015 4079 3155 4151 Deo;
3174 4097 3355 4139 susce-

1768 4176 1898 4231 pere
1910 4161 2028 4217 suis
2046 4163 2286 4235 pr0priis
2304 4164 2620 4237 sumptibus
2633 4168 2911 4237 ((Pallad.,
2939 4172 3002 4224 in
3018 4171 3291 4240 Lamiam,
3305 4190 3353 4230 ο.

1761 4249 1849 4317 33,
1870 4253 2021 4320 apud
2039 4255 2269 4322 Lipom.,
2295 4258 2424 4309 tom.
2450 4255 2571 4325 III),
2599 4275 2625 4309 »
2642 4261 2746 4311 etc.
2775 4258 3019 4331 Agitque
3039 4260 3207 4331 paulo
3227 4268 3357 4333 post

1758 4340 1828 4394 de
1854 4342 2179 4397 earumdem
2210 4344 2395 4400 reditu
2411 4345 2669 4414 Romam,
2700 4348 2771 4402 de
2790 4363 2902 4419 quo
2931 4354 2989 4403 et
3006 4365 3110 4405 nos
3133 4351 3350 4407 itidem.

100 4433 458 4510 Hieronymus
486 4444 773 4494 tantarum
805 4454 994 4495 rerum
1022 4438 1394 4532 admiratione
1420 4444 1671 4511 stupens,
1692 4472 1740 4532 D
1756 4430 1886 4532 Haec
1917 4431 2203 4532 Palladius
2224 4433 2295 4487 de
2321 4434 2564 4532 Ru-ffino,
2599 4436 2854 4532 eidemin
2867 4438 3127 4509 Origenis
3152 4442 3353 4496 errori-

98 4537 211 4579 eam
223 4525 448 4599 dignam
474 4526 812 4583 existimavit
822 4533 887 4582 ut
901 4528 1117 4583 Thecla
1138 4528 1365 4584 nomine
1388 4544 1674 4599 nuncupa-
1692 4519 1738 4532 ”
1756 4519 1857 4574 bus
1875 4536 2125 4588 ϐοηθοῖεν
2148 4527 2213 4576 ut
2229 4526 2488 4593 superius
2508 4525 2761 4597 Pluribus
2778 4526 3227 4583 demonstratum
3242 4535 3346 4584 εει·

99 4618 177 4667 ret
204 4616 468 4683 (Hieron,
509 4621 572 4671 in
605 4618 905 4685 0hronic.);
942 4616 1273 4673 nobiliorem
1302 4617 1532 4671 titulum
1560 4634 1673 4671 non

98 4700 367 4761 inveniens
383 4723 494 4778 quo
507 4706 805 4762 Melaniam
816 4707 1126 4773 decoraret,
1143 4723 1309 4778 quam
1332 4722 1539 4760 nomen
1550 4722 1675 4760 san-

96 4790 339 4850 ctissima
362 4795 610 4867 virginis,
633 4796 1023 4868 primogenita
1044 4796 1222 4862 Pauli,
1244 4802 1301 4850 et
1312 4795 1507 4867 prima
1528 4811 1673 4849 mar-

91 4880 219 4950 tyris
245 4883 390 4939 inter
406 4884 862 4958 teminas,utpote
879 4903 1001 4958 qua
1018 4885 1207 4940 Roma
1227 4885 1409 4957 prima
1420 4883 1672 4938 omnium

95 4967 519 5029 clarissimarum
570 4975 871 5031 mulierum
902 4975 1303 5041 Romanarum,
1347 4972 1671 5045 spernenda

94 5071 183 5126 pro
211 5061 431 5118 Christo
470 5062 645 5131 urbis,
682 5063 1077 5120 contemnendi
1103 5063 1342 5127 divitias,
1376 5062 1671 5117 deserendi

94 5145 240 5216 filios,
263 5152 598 5223 petendique
609 5153 636 5207 J
642 5154 1014 5226 erosolymam
1030 5153 1345 5224 exemplum
1366 5152 1536 5217 dedit,
1563 5168 1671 5206 ca-

92 5236 318 5310 terisque
334 5240 405 5295 ad
423 5241 605 5312 ipsum
628 5242 1028 5314 praestandum,
1052 5242 1194 5297 forte
1209 5247 1396 5309 483
1405 5256 1672 5313 aggressa

92 5320 311 5396 facinus,
342 5330 491 5385 viam
522 5332 761 5403 aperuit,
790 5349 917 5387 cum
949 5332 1072 5403 ipsa
1090 5332 1275 5403 prima
1299 5330 1543 5402 reliquas
1563 5330 1672 5386 Ro-

94 5426 275 5472 manas
304 5418 518 5475 nobiles
545 5421 782 5477 feminas
804 5428 1151 5493 antegressa,
1184 5420 1381 5475 relicta
1408 5420 1666 5492 Egypto,

88 5504 513 5583 transmissaque
537 5512 701 5581 mari,
729 5512 789 5566 in
810 5512 997 5566 littore
1019 5510 1334 5577 Palastino,
1358 5516 1511 5565 terra
1541 5525 1671 5581 pro-

90 5592 375 5666 missionis,
400 5601 752 5672 possessione
776 5607 1119 5667 sanctorum,
1144 5598 1358 5654 felicior
1385 5599 1673 5671 quamMa-

90 5675 170 5735 ria
194 5684 249 5739 in
276 5693 428 5744 terra
453 5688 695 5757 deserta,
714 5697 1045 5764 tympanum
1061 5688 1291 5760 pulsans
1308 5689 1666 5759 poenitentia,

1758 4610 1866 4665 Sed
1896 4616 1954 4664 et
1965 4611 2235 4666 Paulinus
2250 4613 2513 4668 comitem
2528 4615 2781 4669 Melania
2802 4615 3089 4670 Ruffinum
3102 4618 3349 4689 appellat

1758 4701 2025 4769 (Paulin.,
2057 4703 2130 4754 ad
2146 4700 2347 4769 Seven,
2380 4706 2604 4772 epistola
2633 4701 2707 4771 9),
2735 4720 2903 4774 quem
2920 4710 2977 4759 et
2992 4706 3142 4760 haud
3163 4708 3350 4763 hacte-

1754 4804 1860 4843 nus
1871 4789 2005 4842 satis
2017 4789 2121 4843 sibi
2141 4796 2490 4862 compertum
2501 4792 2711 4851 laudat.
2720 4793 2956 4850 Sanctus
2970 4794 3348 4869 Hieronymus

1755 4878 1924 4932 etiam
1938 4885 2065 4948 post
2078 4879 2197 4933 hac
2211 4880 2280 4934 ad
2296 4880 2555 4935 eumdem
2575 4881 2862 4937 Ruﬁinum
2874 4882 3065 4940 Roma
3085 4892 3348 4957 agentem

1755 4967 1969 5021 litteras
1984 4968 2140 5023 dedit
2154 4970 2425 5037 (Hieron,
2454 4974 2609 5039 epist.
2631 4970 2741 5039 66),
2765 4977 2829 5027 ut
2846 4972 3013 5045 plane
3034 4976 3252 5031 nullum
3274 4976 3349 5032 sit

1753 5055 1985 5110 dubium
2028 5060 2130 5129 (cc)
2176 5059 2475 5130 contigisse
2518 5060 2820 5116 adventum
2859 5063 3069 5119 Rufiini
3108 5065 3346 5120 Romam

1753 5146 1977 5217 quando
1998 5146 2128 5200 illuc
2147 5148 2316 5201 etiam
2334 5149 2456 5220 ipsa
2475 5150 2717 5205 Melania
2733 5154 3021 5207 remeavit.
3047 5153 3156 5208 Sed
3177 5160 3347 5225 quoto

1753 5236 2104 5307 potissimum
2125 5253 2273 5291 anno
2289 5238 2511 5293 Domini
2538 5242 2827 5296 Melaniam
2855 5243 2914 5296 in
2942 5242 3141 5296 urbem
3160 5242 3344 5297 redire

1753 5327 2008 5397 contigit,
2032 5324 2088 5381 id
2110 5328 2336 5398 quidem
2358 5335 2444 5383 est
2454 5332 2769 5385 accuratius
2796 5331 3222 5402 exquirendum.

1824 5416 1853 5471 J
1858 5432 1949 5472 am
1961 5433 2062 5472 suo
2081 5416 2201 5472 loco
2222 5418 2358 5472 satis
2375 5418 2589 5489 liquido
2619 5421 2877 5491 superius
2897 5419 3344 5477 demonstratum

1754 5511 1857 5574 est,
1882 5507 2061 5579 ipsam
2078 5522 2192 5562 una
2215 5524 2342 5562 cum
2357 5507 2580 5563 Ruffmo
2604 5508 2663 5563 in
2687 5508 2989 5581 Egyptum
3013 5510 3214 5580 primo,
3252 5513 3343 5566 in-

1752 5596 1934 5667 deque
1952 5597 2359 5669 Jerosolymam
2379 5598 2649 5667 migrasse
2658 5610 2811 5653 anno
2832 5598 3056 5655 Domini
3072 5606 3351 5657 trecente-

1751 5684 1895 5740 simo
1911 5686 2323 5758 septuagesimo
2344 5686 3171 5759 secundo,impp.Valentiniani
3183 5696 3354 5762 atque
