3876 6380
540 351 647 410 719

1650 346 1742 401 DE
1778 346 1969 401 VITIS
2002 346 2302 404 PATRUM
2338 349 2552 404 LIBER
2591 348 2662 403 II.

3700 346 3793 407 720

542 477 792 535 Valentis
809 490 976 531 nono.
1000 471 1107 528 Sed
1129 474 1265 543 quot
1284 484 1461 526 annos
1489 469 1549 525 in
1560 469 1666 525 hac
1676 470 2125 543 peregrinatione
2146 471 2380 543 Aquam
2407 472 2637 528 tandem
2664 471 2929 527 feminam
2949 470 2975 524 Τ
3011 470 3079 537 (si
3104 469 3372 525 feminam
3398 470 3511 526 dici
3538 470 3671 528 licet
3694 480 3794 529 tam

539 573 598 624 et
614 564 1053 623 commoratione
1089 559 1511 633 insumpserint,
1572 559 1804 615 diversa;
1834 560 2131 616 sententiae

539 661 674 712 sunt
700 654 953 726 ejusdem
982 650 1218 706 Palladii
1247 656 1418 721 atque
1448 649 1689 715 Paulini,
1729 650 2008 721 siquidem
2040 649 2132 704 ille

537 748 624 811 (ut
666 761 849 817 nuper
884 743 1142 806 vidimus)
1173 740 1373 812 viginti
1402 744 1616 811 septem
1643 744 1905 793 numerat
1933 756 2130 805 annos,

535 835 805 891 Paulinus
824 830 1159 902 veroviginti
1176 830 1443 901 quinque.
1475 828 1586 883 Sed
1607 829 1777 899 hujus
1797 828 2137 899 exploratior

535 930 706 995 atque
723 921 957 978 solidior
974 920 1111 974 ﬁdes
1132 923 1236 987 est;
1264 934 1394 973 nam
1421 916 1636 988 accepit
1651 916 1770 971 haec
1796 916 1915 987 ipse
1945 916 2017 971 ab
2037 932 2133 971 ea-

536 1014 665 1068 dem
676 1011 937 1077 Melania,
972 1025 1142 1081 quam
1158 1007 1488 1061 redeuntem
1516 1006 1753 1061 Romam
1774 1012 1857 1071 (ut
1882 1006 2133 1077 proxime

534 1101 739 1159 dicturi
757 1102 968 1168 sumus)
986 1098 1188 1153 Nolam
1203 1096 1572 1151 divertentem
1588 1095 1806 1166 excepit
1821 1099 2012 1161 438
2032 1095 2134 1148 ho-

534 1192 758 1264 spitem.
790 1190 1000 1244 Verum
1031 1204 1097 1242 ex
1124 1203 1190 1241 eo
1219 1185 1676 1257 quoque'certior
1699 1184 1923 1239 Paulini
1940 1184 2136 1238 testifi-

534 1280 681 1336 catio
712 1278 985 1342 redditur,
1018 1281 1076 1331 et
1111 1273 1348 1330 Palladii
1377 1274 1613 1329 assertio
1643 1272 1713 1327 de
1742 1272 1907 1327 annis
1934 1272 2130 1343 viginti

536 1374 751 1441 septem
780 1366 1122 1439 exploditur:
1156 1363 1306 1435 quod
1333 1379 1459 1418 cum
1490 1367 1726 1425 constet,
1752 1362 1855 1416 has
1872 1361 2057 1416 adhuc
2072 1361 2130 1416 in

533 1458 648 1513 vita
665 1460 870 1528 agente
891 1454 1089 1511 Siricio
1112 1470 1260 1525 papa
1284 1452 1576 1524 repetiisse
1594 1452 1851 1516 Romam,
1872 1450 1921 1505 si
1934 1450 2134 1509 dixeri.

537 1563 665 1603 mus
691 1545 765 1600 ad
797 1559 1096 1600 numerum
1119 1557 1397 1596 annorum
1417 1557 1452 1595 a
1476 1540 1728 1596 Palladio
1745 1540 2129 1612 prmscriptum

533 1634 787 1708 ipsorum
797 1649 921 1688 esse
940 1635 1302 1703 prorogatum
1314 1631 1388 1684 ad
1395 1628 1839 1700 ventum,utique
1849 1628 2132 1683 affirman-

535 1722 672 1779 dum
702 1726 852 1777 esset
878 1737 993 1776 non
1024 1719 1127 1779 sub
1157 1719 1374 1784 Siricio,
1409 1718 1508 1773 sed
1535 1717 1640 1772 sub
1670 1719 1792 1789 ejus
1812 1732 2131 1772 successore

2214 560 2450 617 viriliter
2474 560 2893 631 Christianam).
2917 559 3064 625 Quid
3083 560 3187 615 hoc
3213 560 3334 614 loco
3362 559 3610 615 faciam?
3650 562 3798 618 Vetat

2213 649 2425 704 fastidii
2447 650 2815 705 intolerabilis
2835 655 3019 704 metus
3038 648 3411 703 voluminibus
3436 650 3630 705 adhuc
3649 651 3797 706 adde-

2218 756 2307 806 re;
2343 740 2439 793 sed
2461 756 2714 811 persona
2732 739 2998 810 dignitas,
3029 738 3144 791 imo
3174 738 3274 793 Dei
3302 738 3509 808 gratia,
3526 741 3796 811 postulare

2217 828 2440 884 videtur
2452 835 2515 883 ut
2535 828 3125 884 commemorationem
3138 832 3309 882 tanta;
3327 828 3535 882 animae
3556 845 3802 900 pragres—

2217 933 2313 971 sus
2342 932 2456 971 non
2481 916 2686 987 raptim
2712 916 2989 981 omittam,
3017 915 3113 970 sed
3145 916 3429 987 paulisper
3455 916 3531 970 ad
3561 933 3687 970 eam
3716 917 3801 971 tibi

2216 1006 2556 1060 narrandam
2590 1008 2855 1075 (Panum,
2901 1007 2976 1059 ad
2999 1006 3260 1061 Severum
3303 1008 3459 1074 epist.
3510 1004 3615 1074 lO).
3657 1011 3797 1060 eteo

2217 1094 2585 1165 Prosequitur
2601 1094 2787 1148 nobile
2798 1110 2979 1164 genus
2996 1094 3046 1164 ej
3054 1110 3118 1148 us
3131 1094 3565 1165 referre,utpote
3577 1110 3698 1165 quae
3714 1095 3800 1148 ha-

2215 1182 2417 1238 buerat
2431 1182 2813 1242 Marcellinum
2832 1183 3118 1237 consulem
3140 1182 3491 1237 ordinarium
3509 1200 3696 1248 avum,
3719 1184 3799 1254 qui

2212 1289 2326 1327 una
2352 1288 2480 1327 cum
2506 1271 2749 1327 Probina
2769 1272 3119 1326 consulatum
3140 1278 3398 1342 gesserat
3421 1288 3579 1326 anno
3596 1273 3800 1326 Domini

2212 1361 2608 1417 trecentesimo
2646 1360 3075 1433 quadragesimo
3102 1361 3302 1432 primo,
3342 1366 3401 1414 et
3435 1361 3565 1431 ejus
3610 1361 3669 1415 in
3702 1362 3801 1415 vita

2215 1450 2538 1505 Christiana
2564 1449 2831 1504 sectanda
2848 1448 3054 1504 ardens
3069 1449 3337 1516 studium,
3353 1454 3412 1504 et
3427 1450 3547 1504 alia
3558 1450 3716 1521 plura
3739 1450 3799 1505 de

2212 1537 2354 1611 ipsa,
2397 1556 2522 1611 quae
2554 1555 2656 1593 nos
2700 1555 2803 1594 suo
2841 1538 2962 1593 loco
3006 1538 3264 1609 superius
3309 1538 3508 1593 ordine
3547 1539 3799 1611 temporis

2213 1628 2641 1695 callocavimus;
2682 1644 2747 1682 ac
2773 1627 3003 1682 demum
3031 1627 3100 1681 de
3127 1627 3400 1698 ejusdem,
3446 1644 3582 1682 cum
3630 1627 3796 1693 rediit,

2213 1717 2451 1788 appulsu
2480 1716 2797 1788 Neapolim,
2831 1716 2943 1770 ista
2969 1714 3160 1770 subdit
3189 1734 3201 1769 :
3240 1735 3265 1769 α
3298 1717 3601 1788 Neapolim
3620 1716 3795 1772 urbem

535 1810 833 1868 Anastasio
862 1808 1188 1865 earumdem
1206 1807 1450 1863 reditum
1469 1805 1789 1877 contigisse.
1816 1806 1894 1860 Ex
1906 1805 2127 1860 Paulini
2143 1792 2190 1854 Β
2215 1804 2367 1861 brevi
2404 1806 2585 1878 spatio
2613 1821 2649 1860 a
2676 1806 2914 1870 Nolana,
2930 1820 3042 1876 qua
3065 1801 3341 1876 degimus,
3370 1806 3602 1861 civitate
3626 1806 3799 1860 distin-

535 1916 671 1972 ergo
695 1899 997 1966 sententia,
1034 1897 1131 1969 qui
1159 1900 1423 1951 numerat
1447 1894 1705 1949 Melaniae
1750 1893 1820 1948 ab
1859 1893 2014 1948 urbis
2040 1892 2133 1948 ab-

532 1990 721 2047 sentia
760 1988 1009 2061 quinque
1039 1986 1239 2050 lustra,
1269 1983 1570 2040 dicendum
1598 1989 1687 2038 est
1740 1984 1998 2038 eamdem
2027 1984 2132 2038 hoc

534 2095 659 2153 Ipso
691 2093 840 2134 anno
869 2076 1107 2132 Romam
1137 2073 1298 2146 quasi
1326 2072 1669 2144 postliminio
1697 2071 1952 2126 rediisse.

606 2166 923 2224 Recessisse
950 2168 1142 2219 autem
1170 2161 1462 2217 Rufﬁnum
1486 2160 1830 2216 ePalmstina
1848 2177 1975 2215 cum
1998 2176 2134 2232 pace

533 2257 715 2314 sancti
744 2250 1402 2325 Hieronymi,utriusque
1416 2249 1810 2305 testificatione
1838 2249 2130 2317 asseritur;

535 2346 737 2403 recitat
746 2344 895 2399 enim
917 2342 1037 2414 ipse
1050 2340 1657 2411 sanctusHieronymus
1667 2337 2134 2409 ejusdemRuﬂini

535 2434 708 2491 verba
735 2429 1104 2505 inposteriori
1141 2428 1419 2501 apologia,
1453 2444 1577 2499 quae
1600 2433 1733 2483 sunt
1760 2427 2081 2499 hujusmodi
2116 2445 2127 2480 :

537 2523 684 2578 «Vos
695 2520 857 2577 nobis
876 2535 1072 2593 pacem
1089 2516 1568 2590 proficiscentibus
1584 2516 1838 2571 dedistis.
1850 2517 2134 2587 nRespon-

535 2611 804 2682 ditipseza
820 2610 1021 2664 Pacem
1040 2606 1318 2673 dedimus,
1341 2622 1455 2661 non
1478 2605 1736 2660 haeresim
1758 2605 2126 2676 suscepimus:

532 2698 828 2771 junximus
846 2697 1096 2760 dextras,
1127 2694 1400 2750 abeuntes
1420 2694 1701 2766 prosecuti
1722 2700 2009 2759 sumus,ut
2035 2710 2134 2748 vos

537 2786 736 2843 essetis
766 2785 1077 2851 catholici,»
1100 2789 1207 2839 etc.
1220 2783 1474 2838 Melaniae
1492 2788 1681 2837 autem
1691 2783 1763 2837 ad
1784 2782 1980 2838 urbem
1993 2782 2137 2838 redi-

547 2881 642 2931 tus
670 2874 955 2930 Palladius
982 2872 1263 2944 ejusmodi
1304 2870 1438 2926 foris
1465 2877 1797 2943 praetensam
1822 2872 1986 2926 all‘ert
2007 2888 2138 2927 cau-

541 2979 664 3020 sam
692 2982 707 3031 ;
741 2982 769 3017 α
818 2963 952 3018 Post
982 2962 1226 3016 multum
1281 2975 1412 3015 vero
1444 2959 1713 3031 temporis
1746 2960 1965 3030 iinquit)
2007 2976 2135 3015 cum

536 3052 805 3119 audisset,
835 3051 1059 3107 cuidam
1086 3049 1344 3120 nupsisse
1373 3054 1598 3119 neptem
1630 3065 1791 3103 suam
1834 3049 2133 3104 Melaniam

535 3141 837 3213 (juniorem
863 3140 1094 3203 dictam)
1121 3138 1259 3204 viro,
1291 3138 1617 3193 renuntiare
1635 3143 1826 3192 autem
1854 3143 1982 3209 post
2028 3155 2135 3193 nu-

535 3231 681 3303 ptias
703 3230 906 3286 smculo
931 3228 1062 3283 huic
1078 3227 1221 3282 velle
1249 3227 1618 3298 cognovisset,
1658 3232 1917 3281 metuens
1944 3243 2015 3281 ne
2039 3227 2135 3298 qui

535 3319 697 3375 malm
710 3318 836 3375 vitae
850 3318 1105 3373 homines
1136 3332 1203 3371 ac
1226 3316 1389 3370 malm
1417 3321 1583 3370 sectae
1601 3332 1985 3387 perversaque
2012 3317 2138 3371 dac-

534 3409 697 3464 trinm
711 3406 892 3464 eidem
906 3407 1249 3479 jungerentu
1257 3422 1303 3472 r,
1319 3404 1391 3459 ob
1406 3405 1510 3459 hoc
1530 3405 1713 3476 ipsum
1735 3421 1862 3459 cum
1884 3406 2005 3475 jam
2034 3405 2137 3460 ad-

534 3496 767 3552 modum
787 3512 973 3562 senex,
997 3495 1103 3549 hoc
1117 3499 1221 3561 est,
1246 3493 1538 3564 sexaginta
1555 3499 1704 3549 esset
1730 3509 2026 3560 annorum,
2067 3495 2136 3549 de

528 3583 968 3640 .Caasariensium
997 3583 1220 3637 civitate
1243 3582 1315 3636 ad
1344 3581 1541 3636 urbem
1572 3582 1808 3637 Romam
1835 3582 1987 3637 intra
2013 3583 2134 3637 die-

534 3690 663 3729 rum
683 3672 879 3745 viginti
893 3671 1139 3744 spatium
1170 3670 1457 3742 navigavit
1473 3672 1729 3740 (Pallad,
1762 3672 1860 3724 ubi
1883 3687 2055 3740 supra
2085 3689 2131 3727 ο.

534 3759 645 3834 33).
678 3782 705 3817 a
732 3762 861 3819 Haec
886 3760 1173 3817 Palladius
1193 3760 1263 3816 de
1283 3765 1499 3815 asserta
1515 3765 1572 3815 et
1585 3760 1813 3831 vulgata
1830 3759 2139 3815 forinsecus

528 3851 749 3908 reditus
769 3867 959 3907 causa.
982 3851 1262 3906 Caeterum
1282 3848 1537 3921 ejusdem
1548 3864 1676 3904 cum
1695 3848 1919 3904 Rufﬁno
1939 3848 1998 3903 in
2018 3849 2141 3905 Ori-

529 3941 696 4012 genis
715 3939 997 3996 erroribus
1012 3941 1099 4004 (ut
1117 3937 1373 4012 pluribus
1385 3936 1598 4009 dictum
1609 3942 1696 3992 est
1714 3938 1989 4009 superius)
2011 3954 2139 3993 con-

532 4029 844 4087 niventiam
871 4042 1099 4084 causam
1129 4026 1409 4081 exstitisse
1437 4025 1651 4081 eisdem
1697 4026 1769 4080 ad
1815 4025 2015 4082 urbem
2051 4044 2140 4082 ve-

534 4115 747 4184 niendi,
777 4116 958 4171 oratio
984 4114 1273 4186 praemissa
1286 4113 1553 4169 declarat.
1579 4113 1715 4168 Erat
1735 4112 1819 4168 his
1829 4113 2055 4185 quidem
2079 4115 2137 4170 in

535 4203 746 4277 aptatis
765 4208 831 4259 ut
855 4202 1058 4275 quibus
1084 4201 1340 4260 faverant
1357 4207 1416 4257 et
1450 4218 1591 4273 quas
1618 4202 1875 4257 faverant
1901 4208 2019 4259 toto
2043 4203 2139 4260 illo

535 4298 813 4365 tempore,
845 4291 1106 4363 Origenis
1135 4292 1428 4347 sententia:
1443 4294 1703 4363 (quarum
1723 4292 2037 4364 complures
2059 4310 2142 4349 es-

535 4387 666 4438 sent
684 4381 1005 4437 defensores
1031 4381 1089 4436 in
1106 4381 1348 4452 (Egypto
1378 4380 1747 4435 consistentes
1773 4382 2049 4450 monachi,
2081 4388 2139 4437 et

534 4470 687 4528 inter
712 4488 808 4528 eos
828 4470 1163 4526 celebriores
1190 4470 1457 4541 Evagrius
1475 4475 1533 4524 et
1559 4469 1827 4537 Isidorus,
1857 4477 2027 4542 atque
2055 4472 2138 4528 in-

532 4565 624 4616 ter
649 4560 939 4633 episcopos
964 4557 1165 4615 nobilis
1191 4558 1342 4614 sedis
1368 4558 1614 4613 Joannes
1663 4559 2140 4632 Jerosolymorum

534 4650 812 4721 antistes),
846 4648 1056 4706 eaedem
1082 4649 1348 4703 Romanae
1376 4647 1525 4702 sedis
1555 4648 1819 4720 episcOpi,
1869 4654 1935 4703 ut
1962 4649 2042 4705 sic
2069 4649 2140 4705 ab

532 4738 796 4794 universa
808 4738 1199 4810 reciperentur
1217 4736 1862 4808 Ecclesia,probarentur
1879 4755 2132 4793 assensu.

534 4826 645 4882 Sed
661 4832 872 4897 quanta
893 4826 949 4881 id
972 4826 1047 4881 sit
1067 4825 1418 4881 elaboratum
1434 4825 1733 4894 industria,
1756 4832 1814 4881 et
1836 4827 2039 4898 quibus
2052 4846 2140 4884 ve-

530 4913 794 4969 lamentis
822 4930 935 4971 una
954 4931 1083 4969 cum
1112 4915 1199 4969 his
1238 4914 1471 4987 palliata
1500 4915 1701 4970 decore
1733 4915 1962 4972 heresis
1988 4934 2050 4972 se
2080 4918 2137 4973 in

529 5003 730 5061 urbem
757 5003 1032 5070 intulerit,
1068 5002 1377 5069 videamus.

601 5094 788 5164 Atque
820 5092 1088 5165 primum,
1113 5108 1235 5163 qua:
1254 5097 1482 5146 sanctus
1506 5092 1775 5149 Paulinus
1795 5094 1864 5149 de
1884 5094 2137 5151 Melania:

532 5181 739 5249 reditu,
763 5181 859 5254 qui
882 5197 1007 5236 eam
1036 5179 1282 5251 suscepit
1307 5180 1481 5248 Nalm,
1512 5180 1791 5237 describat
1819 5182 1877 5237 in
1903 5184 2138 5254 epistola

532 5272 606 5327 ad
626 5272 913 5338 Severum,
932 5269 1023 5325 hic
1044 5270 1348 5324 reddamus
1369 5288 1381 5323 :
1408 5287 1435 5323 ι
1458 5270 1691 5325 Addidit
1711 5271 1926 5341 (inquit)
1953 5273 2139 5327 Domi-

532 5377 641 5417 nus
667 5359 813 5416 hanc
822 5360 1067 5433 gratiam
1085 5359 1155 5414 de
1177 5358 1504 5414 muneribus
1536 5365 1591 5413 et
1612 5359 1816 5413 litteris
1835 5360 1966 5427 tuis,
1984 5367 2049 5416 ut
2066 5362 2137 5417 ad

532 5465 627 5505 eos
647 5449 1000 5521 potissimum
1029 5448 1148 5503 dies
1177 5446 1336 5502 nobis
1361 5446 1538 5502 frater
1565 5447 1755 5501 Victor
1799 5458 2132 5519 occurreret,

533 5536 736 5609 quibus
746 5544 997 5593 sanctam
1012 5538 1193 5611 ipsam
1209 5535 1534 5610 (Melaniam
1554 5535 1783 5607 scilicet)
1817 5552 1881 5593 ex
1909 5540 2138 5596 Jerusa-

2213 1900 2362 1950 ctam
2388 1894 2621 1950 advecta
2644 1899 2747 1950 est.
2772 1893 2879 1951 Ubi
2908 1894 3155 1949 ﬁliarum
3174 1899 3563 1966 nepotumque
3585 1911 3797 1950 occursu

2214 1990 2463 2056 excepta,
2483 2001 2609 2039 mox
2630 1982 2916 2039 Nolamad
2936 1982 3272 2038 humilitatis
3291 1989 3498 2039 nostra
3513 1983 3798 2055 hospitium

2214 2073 2518 2140 festinavit,
2542 2090 2653 2144 quo
2670 2072 2829 2128 nobis
2843 2072 3072 2127 advenit
3090 2071 3387 2127 ambitioso
3408 2073 3798 2129 ditissimarum

2216 2163 2518 2235 pignorum
2542 2162 2743 2216 vallata
2773 2161 3063 2217 comitatu.

2289 2269 2316 2304 α
2357 2251 2613 2305 Vidimus
2642 2251 2884 2321 gloriam
2918 2249 3141 2305 Domini
3164 2249 3222 2305 in
3249 2251 3345 2306 illo
3374 2252 3581 2306 matris
3602 2256 3661 2306 et
3678 2250 3797 2305 ﬁlio-

2216 2356 2341 2394 rum
2362 2340 2564 2395 itinere
2584 2340 2812 2411 quidem
2829 2356 2961 2407 uno,
2979 2339 3073 2393 sed
3100 2339 3485 2412 longedispari
3506 2341 3682 2406 cultu,
3696 2355 3796 2393 ms-

2214 2445 2308 2483 cro
2338 2429 2496 2484 illam
2544 2434 2604 2484 et
2647 2429 2841 2483 viliore
2882 2428 3069 2484 asellis
3099 2427 3321 2483 burrico
3349 2429 3664 2495 sedentem,
3694 2435 3795 2483 tota

2213 2517 2385 2588 hujus
2412 2517 2598 2573 saeculi
2624 2533 2849 2589 pompa,
2881 2533 2996 2588 qua
3011 2517 3269 2573 honorati
3294 2524 3352 2573 et
3369 2518 3630 2589 opulenti
3655 2523 3794 2589 pote.

2216 2612 2364 2673 rant,
2385 2606 2698 2662 circumflui
2729 2611 3015 2661 senatores
3038 2606 3543 2678 prosequebantur,
3573 2606 3794 2661 carrucis

2217 2695 2566 2761 nutantibus,
2598 2695 2907 2767 phaleratis
2938 2695 3116 2766 equis,
3130 2696 3344 2750 auratis
3357 2695 3612 2767 pilentis,
3626 2701 3682 2750 et
3697 2711 3797 2749 car-

2217 2784 2402 2856 pentis
2422 2784 2696 2856 pluribus,
2725 2789 2987 2855 gemente
3008 2784 3192 2856 Appia
3218 2790 3386 2855 atque
3408 2784 3661 2856 fulgente
3683 2803 3695 2852 ;
3714 2782 3795 2837 sed

2217 2873 2606 2945 splendoribus
2636 2872 2901 2928 vanitatis
2912 2872 3251 2944 praelucebat
3268 2873 3606 2929 Christianae
3633 2872 3793 2928 humi-

2216 2962 2391 3017 litatis
2404 2962 2607 3033 gratia.
2622 2962 2705 3017 Ad
2712 2961 3065 3017 mirabantur
3077 2966 3260 3029 434
3278 2962 3479 3017 divites
3489 2977 3793 3035 pauperem,

2217 3050 2436 3123 profani
2463 3057 2738 3118 sanctam,
2778 3057 2837 3105 et
2863 3050 2987 3106 illos
3012 3057 3205 3106 nostra
3231 3052 3528 3123 pauperies
3576 3050 3791 3105 ridebat.

2218 3140 2479 3195 Vidimus
2498 3140 2726 3211 dignam
2752 3140 2866 3195 Deo
2888 3139 3219 3210 hujusmodi
3256 3140 3662 3207 confusionem,
3688 3155 3795 3211 pur-

2218 3246 2473 3301 puream,
2504 3230 2761 3296 sericam,
2784 3235 3154 3300 auratamque
3183 3229 3589 3301 supellectilem
3618 3227 3794 3301 pannis

2217 3318 2499 3373 veteribus
2524 3324 2582 3373 et
2608 3318 2787 3389 nigris
2815 3318 3171 3373 servientem.
3213 3318 3611 3373 Benediximus
3635 3315 3795 3372 Dami-

2219 3424 2375 3473 num,
2409 3407 2505 3479 qui
2534 3407 2773 3462 humiles
2802 3413 2859 3461 et
2902 3408 3147 3461 excelsos
3184 3406 3317 3461 facit
3347 3408 3659 3478 sapientes,
3685 3421 3793 3459 esu-

2219 3496 2429 3551 rientes
2458 3496 2656 3568 implet
2683 3494 2864 3563 bonis,
2887 3501 2947 3551 et
2972 3495 3172 3550 divites
3197 3496 3433 3551 dimittit
3458 3495 3656 3551 inanes
3684 3496 3791 3563 (Lu-

2218 3601 2288 3640 εκ
2313 3592 2373 3655 ι).
2409 3585 2475 3641 In
2502 3585 2626 3639 istis
2646 3590 2838 3640 tamen
2855 3584 3119 3639 divitibus
3139 3585 3336 3639 eadem
3356 3585 3445 3639 die
3456 3586 3529 3640 de
3550 3582 3791 3640 maternis

2218 3673 2380 3729 bonis
2424 3690 2729 3746 pauperem
2779 3673 3041 3747 spiritum
3089 3673 3471 3746 stupebamus,
3506 3664 3605 3746 qui
3639 3670 3792 3742 magis

2219 3769 2413 3818 sancta
2440 3764 2639 3818 matris
2668 3764 2874 3835 inopia,
2910 3779 3080 3835 quam
3102 3780 3207 3818 sua
3233 3763 3434 3818 visibili
3469 3761 3791 3841 abundantis

2218 3852 2624 3923 gloriabantur.
2648 3852 2709 3907 Id
2732 3852 2916 3924 ipsum
2932 3858 3123 3907 autem
3149 3852 3331 3924 gloria
3349 3851 3577 3907 Domini
3602 3849 3792 3911 videba-

2221 3947 2316 3995 tur
2333 3942 2573 4013 operari,
2591 3942 2737 4011 quod
2751 3941 3002 4013 egenulm
3022 3946 3227 3997 nostrae
3237 3941 3459 3996 divitias
3469 3941 3532 3996 in
3546 3943 3596 4012 ej
3603 3958 3664 3995 us
3683 3938 3789 3993 ﬁliis

2219 4029 2610 4098 intuebamur;
2640 4035 2706 4084 ut
2725 4031 2847 4101 jam
2875 4029 3007 4085 hinc
3036 4030 3278 4085 fructum
3300 4030 3558 4085 ﬁdeisute
3573 4030 3787 4101 caperet»

2220 4135 2350 4173 cum
2386 4119 2677 4174 victoriam
2702 4135 2865 4175 suam
2894 4119 2964 4174 de
2993 4117 3163 4189 hujus
3200 4118 3389 4174 saeculi
3417 4118 3661 4173 vanitate
3688 4117 3790 4187 ipsa

2222 4208 2593 4280 despectaret,
2638 4207 2893 4263 cominus
2936 4208 3129 4263 videns
3174 4207 3362 4263 omnia
3415 4223 3541 4279 qua:
3591 4208 3789 4279 propter

2224 4290 2509 4352 Christum
2532 4297 2839 4368 reliquerat
2857 4303 2917 4354 et
2932 4302 3289 4353 contemnere
3308 4300 3704 4369 perseverarat.
3717 4291 3786 4347 Illi

2163 4427 2205 4486 D
2223 4385 2444 4441 sericati
2464 4392 2519 4440 et
2538 4402 2640 4458 pro
2664 4402 2769 4441 sua
2797 4386 3035 4459 quisque
3054 4402 3194 4442 sexu
3220 4392 3354 4457 toga
3376 4390 3477 4440 aut
3503 4385 3647 4441 stola
3662 4379 3787 4479 soliti

2222 4475 2516 4541 splendere
2544 4474 2664 4543 filii,
2681 4492 2927 4531 crassam
2947 4475 3103 4530 illam
3129 4474 3301 4530 veluti
3328 4475 3538 4546 spartei
3557 4468 3787 4528 staminis

2220 4563 2470 4618 tunicam
2501 4569 2560 4619 et
2583 4564 2690 4619 vile
2718 4564 3005 4636 palliolum
3021 4563 3343 4636 gaudebant
3362 4578 3535 4618 manu
3561 4567 3783 4632 tangere.

2222 4658 2281 4708 et
2310 4653 2639 4708 vestimenta
2668 4670 2773 4708 sua
2798 4651 3115 4717 velleribus,
3147 4669 3303 4718 aura,
3334 4658 3393 4708 et
3418 4657 3541 4707 arte
3571 4640 3785 4723 pretiosa

2219 4741 2453 4813 pedibus
2465 4744 2514 4813 ej
2521 4759 2588 4797 us
2597 4741 3293 4816 substernere,pannisque
3303 4746 3598 4811 contegere
3610 4735 3785 4810 gestie-

2219 4831 2355 4886 bant
2381 4850 2394 4899 ;
2421 4831 2633 4904 expiari
2652 4848 2713 4886 se
2733 4830 3098 4887 adivitiarum
3119 4847 3351 4887 suarum
3378 4829 3631 4901 contagio
3658 4823 3784 4897 judi-

2219 4925 2430 4988 cantes,
2463 4920 2511 4975 si
2526 4937 2712 4992 quam
2733 4920 2805 4977 de
2826 4921 3095 4976 vilissima
3116 4921 3165 4993 ej
3174 4937 3239 4975 us
3257 4918 3452 4974 habitu
3471 4924 3569 4974 aut
3581 4910 3782 4983 vestigio

2219 5008 2443 5063 sordem
2472 5008 2735 5079 colligere
2764 5014 3139 5065 mererentur.

2294 5115 2320 5149 α
2350 5097 2661 5168 Tugurium
2686 5114 2815 5154 vero
2844 5103 3121 5163 nostrum,
3156 5096 3304 5169 quod
3337 5113 3373 5151 a
3408 5099 3558 5151 terra
3581 5103 3780 5163 suspen-

2220 5202 2346 5241 sum
2376 5186 2661 5242 caenaculo
2690 5203 2824 5254 uno,
2847 5186 3065 5259 porticu
3091 5186 3305 5241 cellulis
3325 5181 3681 5257 hospitalibus
3705 5179 3777 5231 in-

2219 5275 2509 5347 terposita,
2536 5275 2760 5347 longius
2785 5276 3057 5343 tenditur,
3101 5276 3263 5347 quasi
3306 5274 3596 5329 dilatatum
3620 5265 3776 5341 grati!

2218 5364 2462 5430 Domini,
2486 5382 2600 5420 non
2618 5365 2800 5420 solum
2821 5365 3032 5420 sanctis
3052 5365 3149 5437 qui
3168 5364 3324 5419 illam
3336 5361 3562 5435 plurimi
3580 5356 3775 5414 comita-

2219 5452 2447 5519 bantur,
2473 5455 2569 5509 sed
2585 5454 2758 5509 etiam
2779 5453 3013 5509 divitum
3034 5454 3256 5509 illarum
3276 5452 3510 5507 catervis
3527 5466 3631 5504 non
3644 5445 3772 5501 incs-

2221 5558 2386 5613 paces
2414 5543 2705 5614 angustias
2721 5542 2959 5615 praebuit
2981 5562 2994 5611 ;
3017 5542 3077 5597 in
3098 5559 3207 5614 quo
3225 5540 3479 5614 personis
3506 5546 3773 5611 puerorum

541 5624 661 5681 lem
690 5633 817 5697 post
842 5626 1089 5699 quinque
1115 5626 1296 5682 lustra
1318 5628 1661 5679 remeantem
1690 5627 2025 5701 excepimus.
2060 5629 2143 5685 At
2222 5647 2288 5686 ac
2320 5631 2601 5701 virginum
2629 5631 2814 5687 choris
2858 5631 3042 5686 vicina
3074 5630 3407 5687 Daminaadii
3439 5627 3610 5684 nostri
3651 5618 3773 5679 Feli-
