3876 6394
98 401 194 458 721

1578 405 1976 466 PR.-‘ELUDIA.
2015 438 2022 440 -

3277 411 3384 472 722

100 523 178 615 cis
206 525 462 615 culmina
488 529 870 604 resultabant;
901 553 1082 611 neque
1108 555 1137 592 e
1158 538 1376 592 diverso
1401 532 1895 601 habitatio-Anio,
1925 540 2087 605 gesta
2137 543 2340 594 essent.
2373 540 2817 611 Quomodonam,
2858 559 3065 615 quaso,
3110 539 3379 597 Paulinus

100 613 187 667 nis
199 614 480 684 ejusdem,
503 616 716 675 dissoni
743 621 871 678 licet
890 628 1208 698 praeposito,
1226 625 1477 698 hospites
1491 621 1699 677 obstre-

97 701 328 774 pebant,
361 706 460 759 sed
487 710 544 761 et
571 708 629 762 in
660 709 769 765 illis
796 714 1057 785 religiosa
1079 716 1354 771 modestia
1372 713 1703 769 imitabatur

96 797 305 847 nostrae
345 795 637 851 silentium
680 799 1012 873 disciplinae;
1067 810 1133 859 ut
1183 805 1230 859 si
1277 803 1704 859 dissimularent

93 882 393 937 concinere
414 883 772 954 vigilantibus
791 891 952 962 pigro
969 899 1159 948 ventre
1175 893 1360 965 sopiti,
1382 897 1574 946 tamen
1589 908 1702 947 non

93 969 374 1025 auderent
399 973 506 1043 piis
539 976 762 1033 vocibus
793 980 1100 1048 dissonare,
1134 982 1286 1038 ﬁdeli
1313 982 1518 1036 timore
1547 998 1700 1035 com-

95 1059 275 1130 potiti,
311 1061 412 1131 qui
451 1063 670 1134 placitis
706 1069 1067 1138 psallentium
1100 1071 1345 1138 vocibus,
1377 1086 1696 1142 compresso

93 1149 448 1205 saecularium
476 1153 773 1211 turbarum
801 1161 1071 1227 tumultu,
1099 1161 1269 1216 etiam
1297 1159 1453 1216 taciti
1509 1159 1696 1214 conci-

95 1236 323 1292 nebant.
349 1239 560 1296 Verum
601 1249 666 1298 ut
692 1246 762 1300 ad
793 1247 1094 1318 perfectam
1128 1249 1355 1305 Domini
1381 1248 1696 1304 columbam

93 1342 401 1396 recurram,
437 1330 576 1386 scito
597 1349 746 1388 nunc
774 1336 940 1392 istam
970 1343 1190 1394 tantam
1219 1339 1280 1394 in
1304 1355 1438 1394 sexu
1467 1336 1702 1392 inﬁrmi-

96 1414 226 1469 tatis
253 1416 526 1473 virtutem
548 1420 668 1485 Dei,
692 1423 784 1478 cui
811 1425 1037 1481 refectio
1066 1427 1125 1481 in
1147 1427 1385 1498 jejunio,
1401 1426 1624 1498 requies
1640 1426 1700 1480 in

97 1505 368 1572 oratione,
403 1508 566 1578 panis
589 1509 648 1564 in
677 1512 864 1577 verbo,
895 1514 1124 1570 habitus
1179 1516 1238 1570 in
1284 1532 1492 1588 panno,
1523 1516 1702 1570 lectus

100 1592 156 1647 in
181 1595 378 1666 sagulo
407 1603 468 1651 et
494 1604 729 1656 centone
757 1602 934 1659 durus
962 1605 1021 1660 in
1049 1611 1202 1660 terra
1228 1606 1292 1660 ﬁt
1320 1605 1506 1660 mollis
1533 1603 1699 1660 inlit-

100 1689 235 1749 tera,
274 1701 390 1755 qua
421 1687 594 1758 rigidi
639 1690 837 1747 cubilis
875 1693 1142 1765 injuriam
1184 1695 1408 1766 mitigat
1447 1693 1700 1749 lectionis

101 1773 375 1844 voluptas,
398 1781 460 1831 et
487 1783 691 1835 sanctae
720 1783 920 1838 animae
948 1784 1007 1839 in
1049 1784 1290 1840 Domino
1323 1784 1574 1856 vigilare,
1616 1800 1702 1839 re-

103 1862 388 1932 quiescere
418 1873 524 1921 est.

175 1970 197 2002 ι
232 1952 392 2008 Hanc
418 1971 554 2027 ergo
585 1957 701 2012 ﬁlia
731 1960 866 2015 Sion
896 1962 1166 2017 hactenus
1185 1961 1384 2018 habuit
1409 1967 1466 2018 et
1485 1961 1701 2017 deside-

1782 622 1952 678 sciret
1971 641 2093 696 quae
2133 642 2236 680 nec
2276 629 2372 699 qui
2394 629 2756 703 Jerosolymis
2787 637 2974 687 essent
2992 647 3156 687 nosse
3178 634 3380 702 potue-

1781 711 1938 766 rint?
1966 720 2032 768 ut
2058 716 2316 786 superius
2343 723 2429 773 est
2456 719 2902 776 demonstratum
2916 723 2974 776 in
3003 718 3382 776 controversia

1783 801 1879 856 illa
1899 803 2088 857 habita
2106 805 2255 860 inter
2266 813 2523 863 sanctum
2542 810 2915 882 Epiphanium
2937 816 2994 865 et
3007 811 3280 866 Joannem
3291 809 3380 864 Je-

1782 891 2249 962 rosolymitanum
2272 895 3064 969 episcopum,0rigenistarum
3077 903 3379 970 patronum

1783 983 2083 1048 negantem
2102 994 2290 1036 tamen
2310 1000 2370 1037 se
2391 984 2646 1056 Origenis
2667 1003 2886 1042 errores
2906 987 3224 1052 defendere,
3256 1002 3380 1057 quae

1782 1065 1986 1121 litteris
2016 1069 2194 1124 sancti
2222 1071 2551 1145 Hieronymi
2568 1075 2667 1130 uni
2682 1076 2978 1132 innotuere
2998 1075 3376 1131 Pammachio.

1779 1154 2132 1227 Videsigitur
2145 1158 2442 1215 Paulinum
2471 1162 2670 1217 horum
2687 1165 2938 1220 omnium
2967 1165 3192 1237 penitus
3219 1165 3382 1236 igna-

1778 1259 1905 1298 rum
1935 1245 2075 1300 adeo
2103 1246 2338 1303 miriﬁce
2363 1251 2664 1306 Melaniam
2689 1254 2820 1324 jure
2859 1253 3148 1322 laudasse;
3179 1253 3277 1308 sed
3315 1257 3372 1307 et

1782 1333 1905 1403 ejus
1934 1332 1991 1388 in
2027 1335 2112 1389 via
2150 1337 2412 1392 comitem
2468 1339 2757 1396 immensis
2807 1342 3116 1413 praeconiis,
3147 1341 3275 1396 aliis
3311 1342 3384 1396 ad

1783 1423 2044 1478 eumdem
2063 1426 2330 1480 Severum
2351 1428 2498 1482 datis
2510 1428 3053 1496 litteris,celebrasse
3068 1431 3378 1496 Rufﬁnum,

1782 1501 1845 1565 in
1871 1527 2111 1582 quorum
2141 1512 2575 1572 celebrationem
2603 1518 2854 1574 omnium
2893 1535 3162 1574 conversa
3213 1518 3385 1574 fuisse

1782 1600 1972 1655 studia
1995 1601 2597 1676 Christianorum,quis
2607 1607 2816 1677 poterit
2828 1607 3087 1662 dubitare
3105 1609 3381 1681 (Paulim,

1782 1691 1936 1758 epist.
1961 1686 2048 1760 9)?
2079 1690 2161 1745 En
2192 1691 2366 1749 vides.
2415 1693 2618 1766 quibus
2647 1695 2973 1766 qualibusve
3002 1695 3386 1752 anteambulo-

1781 1777 1947 1833 nibus
1973 1779 2252 1836 inferatur
2267 1781 2326 1836 in
2345 1781 2543 1838 urbem
2575 1783 2803 1840 haeresis
2817 1785 3096 1857 Origenis,
3128 1791 3194 1840 ut
3217 1786 3385 1857 plane

1714 1850 1764 1912 Β
1781 1882 1883 1938 pro
1898 1867 2168 1923 miraculo
2188 1869 2487 1926 dicendum
2504 1871 2693 1940 fuerit,
2716 1850 2984 1938 si,audito
2998 1850 3185 1930 sonitu
3209 1850 3380 1940 tubas,

1781 1955 2004 2024 ﬁstulae,
2037 1962 2094 2012 et
2121 1957 2368 2026 citharae,
2400 1959 2701 2029 sambucas,
2731 1967 2790 2016 et
2806 1961 3081 2034 psalterii,
3109 1961 3382 2034 sympho-

104 2045 206 2106 rat,
244 2057 396 2098 nunc
425 2043 544 2099 ﬁlia
578 2046 880 2118 Babylonis
903 2048 1074 2105 habet
1103 2056 1162 2105 et
1193 2050 1538 2120 admiratur;
1572 2050 1706 2122 quia
1785 2043 1911 2111 nias,
1946 2049 2004 2099 et
2025 2047 2206 2100 omnis
2234 2048 2461 2118 generis
2487 2050 2852 2118 musicorum,
2876 2067 2990 2105 non
3028 2050 3386 2106 adoraverint

100 2125 214 2206 jam
233 2137 292 2186 et
317 2134 444 2205 ipsa
464 2134 601 2189 urbs
616 2136 673 2190 in
694 2137 949 2208 pluribus
978 2139 1095 2194 ﬁlia
1124 2138 1262 2195 Sion
1284 2145 1373 2195 est
1401 2155 1570 2211 quam
1587 2138 1704 2193 ﬁlia
1784 2149 1982 2189 omnes
2005 2140 2252 2191 statuam
2281 2153 2510 2192 auream
2541 2139 2700 2206 (Dan.
2730 2141 2833 2210 III);
2866 2139 2933 2206 si,
2965 2140 3216 2212 inquam,
3242 2155 3382 2211 quos

105 2222 436 2295 Babylonis;
471 2228 527 2278 et
553 2224 680 2280 ideo
701 2226 942 2283 miratur
959 2227 1018 2282 in
1037 2227 1374 2284 humilitatis
1394 2227 1629 2283 obscuro
1647 2232 1704 2282 et
1784 2223 2265 2280 sanctissimorum
2315 2226 2565 2282 virorum
2593 2227 2764 2282 etiam
2801 2227 3062 2283 audirent
3115 2228 3384 2284 encomiis

105 2312 349 2368 veritatis
363 2313 489 2367 luce
505 2313 800 2383 viventem,
817 2321 873 2371 et
889 2317 1019 2371 ﬁdei
1033 2316 1399 2373 incitamenta
1413 2316 1698 2384 divitibus,
1784 2328 1926 2384 pene
1955 2313 2155 2369 divinis
2185 2315 2565 2388 eﬁ'erri,aaque
2583 2317 2872 2389 plausibus
2899 2333 3013 2373 non
3042 2318 3378 2390 exceperint,

106 2401 489 2473 angustiarum
509 2402 710 2458 solatia
727 2405 1066 2477 pauperibus
1086 2406 1704 2478 ministrantem,quan-
1783 2407 1842 2456 et
1868 2400 2043 2456 obviis
2072 2419 2295 2475 quoque
2321 2404 2602 2472 manibus,
2637 2405 2787 2477 quod
2816 2405 2887 2460 ab
2916 2405 3026 2461 illis
3067 2404 3382 2461 sanctitatis

106 2508 266 2563 quam
295 2491 391 2546 illa
413 2491 621 2564 quietis
641 2497 699 2548 et
719 2494 946 2550 latebrae
979 2512 1094 2550 suae
1117 2496 1268 2567 apud
1299 2496 1612 2552 Jerusalem
1641 2495 1701 2551 in
1782 2489 1948 2546 titulo
1977 2490 2112 2546 foris
2145 2492 2478 2566 inscriptum
2507 2494 2824 2563 otferretur,
2849 2511 3045 2550 omnes
3072 2511 3186 2551 non
3225 2510 3384 2550 acce-

107 2581 363 2636 Romanis
406 2581 576 2636 modo
616 2582 798 2638 turbis
845 2590 1089 2640 mstuans
1134 2586 1342 2640 clamat
1374 2603 1386 2639 :
1421 2587 1538 2641 Heu
1575 2589 1701 2640 me!
1781 2579 2014 2651 ptarint,
2047 2585 2153 2635 etc.

103 2673 229 2738 quia
253 2673 531 2726 incolatu:
560 2688 712 2727 meus
733 2677 1097 2742 prolongatus
1115 2680 1192 2729 est
1213 2676 1319 2744 (Ps.
1343 2676 1510 2741 cxxx);
1543 2671 1699 2729 ideo-
1852 2667 2083 2740 Accepit
2107 2673 2242 2725 tunc
2276 2669 2428 2725 idem
2455 2671 2726 2728 Paulinus
2757 2689 2793 2728 a
2833 2673 3077 2729 Melania
3114 2672 3383 2746 perbreve

104 2774 171 2813 ne
189 2759 361 2813 dilata
388 2775 536 2827 sum,
554 2766 620 2815 ut
639 2777 789 2816 nunc
819 2762 1137 2819 habitarem
1158 2779 1285 2819 cum
1313 2762 1699 2818 habitantibus
1781 2763 2138 2828 segmentum
2168 2757 2308 2829 ligni
2321 2759 2688 2817 sanctissimae
2717 2762 2917 2828 crucis,
2947 2763 3186 2818 missum
3214 2761 3322 2818 sibi
3350 2778 3385 2818 a

103 2847 311 2902 Cedar?
332 2849 451 2904 Hoc
465 2849 616 2904 enim
629 2851 856 2906 nomine
872 2852 1018 2924 apud
1037 2852 1302 2908 Hebraeos
1329 2854 1410 2922 (ut
1428 2853 1695 2924 comperi)
1781 2845 1996 2902 Joanne
2011 2848 2488 2920 Jerosolymorum
2509 2850 3056 2923 episcopo.Testatur
3071 2852 3130 2908 id
3156 2851 3382 2925 quidem

104 2936 445 3008 signiﬁcatur
458 2939 789 2996 obscuritas.
814 2941 999 3006 Quare
1020 2941 1102 2996 ita
1114 2941 1194 2996 illi
1209 2941 1610 3014 gratulandum
1629 2942 1700 2998 de
1779 2933 1900 3008 ipse
1917 2935 2206 3000 Paulinus,
2238 2953 2366 2992 cum
2394 2954 2460 2992 ex
2486 2955 2552 2993 eo
2593 2940 2726 3010 quid
2755 2940 3040 2996 modicum
3067 2945 3379 3012 sumptum.

105 3029 420 3083 memoratis
441 3029 743 3084 virtutibus
773 3036 928 3102 puto,
961 3037 1026 3086 ut
1058 3031 1127 3086 de
1178 3031 1438 3103 praesenti
1461 3031 1592 3086 sede
1621 3031 1695 3086 ti-
1777 3024 2295 3082 nomineTherasiae
2307 3043 2440 3092 suae,
2461 3027 2636 3082 mittit
2655 3029 2726 3083 ad
2744 3045 2964 3084 socrum
2985 3029 3162 3102 ipsius
3192 3028 3385 3086 Severi

106 3121 334 3183 meatur,
365 3123 428 3173 ut
457 3124 577 3173 tam
601 3117 838 3190 insignis
862 3119 1055 3175 anima
1082 3121 1208 3192 plus
1231 3121 1421 3176 Romae
1448 3120 1698 3175 conferat
1723 3113 2094 3192 "Bassulam,
2125 3116 2260 3170 dum
2285 3117 2403 3171 hac
2432 3117 2514 3172 ait
2545 3135 2556 3170 :
2596 3137 2622 3170 «
2652 3117 2884 3174 Partem
2911 3119 3200 3191 particulae
3230 3119 3300 3174 de
3319 3119 3384 3174 li-

107 3221 262 3275 quam
293 3207 362 3261 de
391 3208 576 3262 Roma
604 3209 813 3275 trahat,
836 3214 894 3264 et
929 3209 1009 3263 sic
1038 3210 1232 3265 sedeat
1263 3226 1434 3280 super
1460 3209 1698 3264 ﬁumina
1721 3203 1890 3274 “gno
1918 3203 2116 3259 divinae
2141 3204 2340 3271 crucis,
2363 3206 2512 3277 quod
2539 3205 2702 3261 nobis
2728 3207 2938 3262 donum
2967 3206 3383 3263 benedictaMe-

108 3293 413 3366 Babylonis,
448 3302 509 3352 et
535 3297 861 3354 recordetur
892 3298 1025 3353 Sion
1053 3301 1218 3367 (Psal.
1251 3301 1487 3366 cxxxvx),
1520 3303 1579 3352 et
1603 3315 1696 3352 or-
1779 3291 1933 3346 lania
1969 3291 2038 3345 ab
2085 3293 2397 3348 Jerusalem
2453 3310 2688 3349 munere
2741 3295 2922 3350 sancti
2959 3295 3091 3350 inde
3136 3296 3382 3368 episcopi

109 3397 245 3450 εειηο
267 3386 518 3458 corporis
547 3386 634 3440 sui
663 3403 934 3458 suspenso
961 3386 1032 3441 ab
1050 3386 1288 3442 inimica;
1315 3385 1575 3442 omnibus
1586 3386 1696 3441 Ba-
1777 3379 2010 3435 Joannis
2031 3381 2240 3446 attulit,
2256 3382 2360 3436 hoc
2379 3382 2698 3454 specialiter
2720 3384 2900 3439 sorori
2927 3389 3134 3438 nostrae
3153 3401 3382 3440 venera-

108 3468 312 3542 bylonis
338 3473 562 3529 insidiis
593 3479 652 3528 et
675 3474 972 3543 illecebris,
997 3476 1055 3530 in
1075 3476 1162 3530 sUi
1183 3475 1455 3548 propositi
1476 3481 1691 3543 tenore,
1777 3469 1876 3524 bili
1905 3470 2153 3525 1333811189
2195 3471 2352 3527 miSit
2396 3488 2662 3527 conserva
2707 3472 3046 3531 communis.
3096 3473 3206 3528 Sed
3230 3474 3380 3546 quod

107 3560 250 3615 velut
273 3561 331 3616 in
361 3562 624 3618 salicibus
647 3564 892 3634 genuino
939 3580 1164 3636 semper
1200 3565 1436 3621 humore
1465 3565 1698 3620 viventi-
1779 3559 1942 3614 alteri
1960 3564 2209 3614 vestrum
2231 3561 2416 3628 datur,
2439 3561 2734 3633 utriusque
2761 3567 3010 3619 vestrum
3040 3563 3297 3635 estvquia
3321 3563 3381 3618 in
3443 3636 3452 3644 _

107 3644 220 3714 bus,
250 3651 557 3706 constituta
584 3652 763 3707 virere
811 3671 924 3708 non
971 3653 1210 3720 desinat,
1245 3658 1300 3708 et
1329 3657 1696 3724 permanente
1779 3654 2020 3720 utroque
2051 3654 2297 3705 vestrum
2324 3666 2440 3705 una
2458 3650 2604 3706 ratio
2619 3656 2832 3719 manet,
2850 3657 2908 3706 et
2929 3669 3124 3708 sexum
3149 3657 3382 3708 evacuat

109 3736 227 3790 ﬁdei
256 3741 590 3806 constantia,
621 3742 954 3814 virtutisque
981 3743 1185 3813 gratia,
1219 3742 1413 3797 folium
1442 3744 1564 3812 ejus
1583 3757 1696 3796 non
1779 3740 2058 3810 ﬁdes,qua
2072 3739 2131 3794 in
2146 3740 2330 3795 virum
2364 3740 2673 3812 perfectum
2703 3740 2870 3796 ambo
2889 3741 3242 3797 concurritis.
3269 3742 3379 3797 Ac-

109 3822 320 3894 deﬂuat,
345 3835 402 3883 et
420 3829 570 3884 sicut
587 3830 702 3884 vita
721 3831 843 3902 ejus
869 3831 927 3885 in
946 3831 1149 3886 itinere
1171 3836 1510 3902 aspectatur,
1531 3831 1612 3885 ita
1640 3836 1699 3902 et
1777 3828 1943 3900 cipite
1960 3845 2094 3899 ergo
2121 3828 2192 3883 ab
2220 3829 2504 3884 unanimis
2521 3829 2810 3898 fratribus,
2833 3831 2893 3886 in
2921 3830 3076 3885 omni
3106 3829 3253 3885 bono
3281 3846 3378 3885 ve-

108 3911 220 3968 laus
243 3915 300 3971 in
324 3918 475 3974 exitu
501 3894 769 3975 canatur:
798 3939 821 3972 ι
857 3919 1157 3992 Hucusque
1178 3894 1446 3975 Paulinus
1484 3894 1553 3974 de
1591 3894 1702 3974 ad:
1775 3894 1958 3974 stium
1975 3894 2080 3973 sibi
2099 3918 2444 3974 consortium
2455 3894 3090 3991 cupientibus.Accipite
3106 3934 3379 3990 magnum

107 4009 264 4059 ventu
294 4007 544 4064 Melaniae
575 4010 810 4064 Romam
843 4028 854 4062 :
891 4026 1060 4081 quam
1092 4010 1317 4082 quidem
1345 4009 1543 4063 urbem
1565 4026 1692 4064 cum
1775 4006 1835 4061 in
1865 4007 2084 4062 modico
2103 4023 2346 4072 munus;
2387 4013 2446 4064 et
2471 4009 2531 4062 in
2560 4014 2850 4080 segmento
2869 4024 3011 4081 pene
3054 4013 3244 4064 atomo
3273 4008 3378 4063 ha-

108 4090 179 4144 sic
206 4095 454 4152 nominet
483 4097 659 4152 ﬁliam
685 4098 1004 4171 Babylonis,
1039 4105 1105 4153 ut
1143 4104 1334 4153 tamen
1358 4098 1417 4153 in
1440 4097 1695 4170 pluribus
1776 4096 1934 4151 stula;
1964 4095 2166 4160 brevis,
2205 4096 2410 4152 sumite
2452 4097 2864 4154 monimentum
2895 4097 3188 4171 pmsentis
3211 4102 3266 4153 et
3295 4097 3377 4171 pi-

109 4178 248 4236 dicat
267 4200 386 4240 eam
401 4188 729 4257 praeseferre
755 4188 929 4242 ﬁliam
954 4188 1107 4253 Sion,
1127 4188 1288 4244 facile
1318 4194 1454 4260 puto
1483 4187 1695 4242 intelli-
1774 4202 1919 4257 gnus
1951 4190 2173 4242 aeternae
2198 4186 2413 4242 salutis.
2452 4187 2578 4243 Non
2619 4192 2956 4260 angustetur
3000 4187 3140 4243 ﬁdes
3194 4191 3381 4244 vestra

108 4267 204 4337 gis,
228 4288 292 4327 ea
310 4275 554 4330 nominis
593 4276 762 4331 unius
789 4276 944 4332 urbis
983 4278 1254 4332 varietate
1283 4277 1694 4332 discriminatos
1774 4275 2095 4331 carnalibus
2115 4275 2290 4332 oculis
2313 4292 2484 4348 parva
2503 4277 2882 4345 cernentibus;
2905 4277 3004 4333 sed
3015 4276 3236 4333 intenta
3258 4275 3378 4332 acie

110 4371 220 4412 esse
236 4363 472 4430 gentiles
501 4381 538 4419 a
562 4365 931 4436 Christianis;
957 4366 1226 4421 nimirum
1250 4371 1316 4421 ut
1353 4383 1420 4420 ea
1441 4383 1507 4421 ex
1534 4371 1694 4439 parte
1775 4369 1953 4420 totam
1985 4365 2040 4419 in
2062 4365 2168 4420 hoc
2194 4365 2430 4421 minimo
2449 4366 2558 4421 vim
2575 4366 2754 4422 crucis
2789 4367 3001 4422 videas.
3016 4367 3165 4422 Dum
3189 4366 3376 4422 videre

111 4443 273 4503 Roma
283 4451 530 4525 Babylon
550 4454 788 4522 dicatur,
813 4455 910 4510 ubi
933 4456 1116 4510 adhuc
1146 4455 1206 4510 in
1227 4471 1293 4510 ea
1319 4455 1600 4527 gentilitia
1619 4454 1696 4510 vi—
1775 4469 1876 4509 vos
1894 4454 2151 4525 cogitatis
2182 4455 2396 4526 lignum
2412 4455 2570 4522 illud,
2595 4473 2706 4528 quo
2724 4457 2878 4512 salus
2892 4459 3102 4522 nostra,
3123 4471 3234 4527 quo
3261 4455 3376 4510 Do-

111 4542 257 4604 geret
274 4538 564 4614 impietas;
590 4543 722 4599 Sion
752 4549 944 4600 autem
972 4545 1029 4599 in
1061 4543 1333 4616 pluribus,
1355 4549 1550 4617 utpote
1571 4561 1694 4616 quae
1709 4531 1759 4592 D
1777 4543 1965 4598 minus
1980 4543 2296 4615 majestatis
2312 4544 2531 4609 afﬁxus,
2546 4549 2827 4601 tremente
2849 4543 3081 4610 mundo,
3100 4543 3376 4616 pepende-

114 4622 428 4686 Christianis
457 4631 788 4701 abundaret,
819 4634 879 4688 in
936 4633 1139 4706 quibus
1185 4633 1369 4688 cultus
1410 4634 1694 4704 religionis
1775 4631 1880 4700 rit;
1917 4632 2204 4688 exsultetis
2231 4648 2360 4688 cum
2384 4638 2632 4689 tremore
2662 4652 2674 4688 :
2708 4633 3070 4689 recordemur
3099 4637 3157 4687 et
3182 4637 3374 4703 petras

115 4727 244 4770 verse
264 4719 496 4776 micaret
521 4741 534 4790 ;
559 4727 623 4776 ut
643 4723 808 4794 plane
821 4739 885 4777 ex
903 4723 1047 4778 tanti
1068 4722 1172 4778 viri
1192 4722 1473 4777 sententia
1508 4723 1694 4778 valeas

114 4799 408 4878 intelligere
420 4826 530 4882 quo
550 4827 718 4867 sensu
749 4829 784 4867 a
818 4812 1034 4868 Joanne
1062 4812 1122 4867 in
1150 4812 1486 4884 Apocalypsi
1514 4812 1696 4868 Roma

113 4890 182 4946 sit
207 4893 447 4969 Babylon
479 4900 823 4957 nominata‘.
852 4903 924 4958 At
949 4902 1018 4957 de
1044 4901 1133 4958 his
1161 4900 1302 4956 satis
1329 4906 1483 4956 tomo
1510 4901 1692 4975 primo

116 4979 400 5044 Annalium
429 4995 616 5045 actum
639 4996 742 5045 est.

181 5070 283 5128 Sed
330 5077 402 5132 ad
455 5079 756 5135 Melaniam
804 5081 1143 5136 redeamus:
1177 5097 1344 5153 quam
1371 5096 1499 5136 cum
1544 5081 1624 5136 sic
1661 5098 1696 5136 a

117 5155 334 5219 Paulino
349 5167 634 5225 laudatam
653 5169 825 5236 vides,
846 5187 916 5226 ne
931 5171 1180 5226 mireris:
1209 5172 1298 5228 his
1319 5171 1544 5244 quidem
1574 5172 1698 5243 ipsa

118 5251 272 5319 atque
308 5257 609 5327 majoribus
637 5258 808 5330 digna
833 5259 1121 5330 praeconiis
1134 5259 1427 5314 videbatur
1450 5260 1699 5316 nescien-

117 5333 254 5393 tibus
271 5347 455 5413 435
474 5363 598 5417 qua:
611 5347 804 5419 paucis
815 5347 1042 5402 arbitris
1058 5347 1115 5402 in
1128 5349 1426 5404 Palaestina
1444 5366 1555 5404 non
1581 5355 1696 5405 tam

107 5421 183 5480 .ab
201 5425 318 5498 ipsa
331 5449 497 5504 quam
516 5453 617 5508 per
635 5437 815 5508 ipsam
833 5454 867 5490 a
886 5437 1005 5492 suis
1024 5438 1296 5493 consociis
1339 5438 1408 5493 de
1427 5439 1696 5494 inducen-

123 5510 200 5568 dis
225 5516 281 5572 in
317 5521 611 5580 Ecclesiam
625 5525 906 5582 erroribus
923 5527 1200 5598 Origenis,
1223 5531 1542 5599 refragante
1572 5545 1696 5585 san-

125 5605 204 5656 cto
218 5604 567 5686 Hieronymo,
590 5631 656 5670 ac
670 5615 896 5688 penitus
913 5615 1204 5672 obnitente
1239 5621 1432 5673 sancto
1451 5617 1690 5691 Epipha-

1778 4721 1937 4776 ﬁssas
1959 4722 2030 4776 ad
2049 4722 2220 4793 hujus
2249 4723 2511 4778 affectum
2531 4722 2731 4789 crucis,
2764 4727 2822 4778 et
2859 4721 3062 4778 saltem
3110 4736 3375 4777 saxorum

1777 4811 2134 4866 aemulatione
2154 4811 2461 4883 praecordia
2474 4816 2668 4866 nostra
2681 4811 2962 4868 ﬁndamus
2973 4810 3178 4868 timore
3187 4808 3376 4866 divino

1779 4902 2050 4968 (Paulin.,
2073 4902 2148 4955 ad
2175 4901 2381 4970 Seven,
2403 4903 2628 4970 epistola
2653 4899 2760 4971 il),
2800 4920 2823 4954 ι
2856 4905 2962 4957 etc.

1847 4989 2008 5054 Quod
2038 5006 2264 5045 rursum
2281 4989 2352 5045 ad
2372 4990 2522 5046 idem
2549 4989 2764 5062 lignum
2798 4990 3167 5048 sanctissima;
3194 4990 3378 5046 crucis

1777 5095 1813 5132 a
1839 5077 2081 5133 Melania
2106 5079 2344 5134 Paulino
2372 5080 2568 5135 datum
2602 5085 2838 5152 spectat,
2871 5080 3071 5152 ingens
3117 5080 3283 5152 plane
3312 5095 3379 5134 ex

1778 5168 1900 5240 ipso
1917 5169 2151 5240 contigit
2179 5168 2268 5224 edi
2290 5169 2645 5237 miraculum,
2662 5187 2789 5226 cum
2814 5169 3070 5225 incendio
3101 5170 3377 5240 ﬂagrante

1778 5258 1907 5313 feno
1924 5258 2130 5313 referta
2152 5275 2300 5324 casa,
2335 5257 2393 5312 in
2409 5259 2632 5314 Paulini
2647 5260 2823 5332 ipsius
2834 5258 3141 5330 hospitium
3153 5273 3380 5312 conver-

1778 5366 1840 5404 sa
1866 5350 2096 5405 ﬂamma
2113 5353 2315 5404 cuncta
2337 5347 2551 5420 impetu
2571 5348 2814 5403 violento
2830 5344 3376 5418 depascente,oblato

1777 5439 1849 5492 ab
1875 5438 1996 5511 ipso
2015 5437 2194 5508 globis
2214 5438 2395 5510 igneis
2417 5438 2615 5493 eodem
2651 5437 2804 5510 ligno
2824 5435 3022 5501 crucis,
3057 5434 3377 5491 incendium

1777 5529 2034 5600 protinus
2065 5527 2348 5593 resilierit,
2383 5532 2551 5598 atque
2572 5526 2796 5598 penitus
2821 5524 3154 5580 exstinctum
3184 5523 3374 5580 fuerit.

1777 5614 1938 5683 Quod
1959 5619 2140 5690 ipsum
2163 5621 2436 5690 perpetua
2457 5616 2730 5671 memoria
2757 5613 3196 5672 consecrandum
3212 5614 3378 5670 mira-

189 5745 209 5768 "
241 5747 374 5809 Vide
398 5754 503 5813 hoc
530 5759 864 5834 explicatum
892 5758 952 5816 in
978 5718 1450 5836 notis-Rosweydi
1477 5761 1548 5818 ad
1575 5762 1738 5835 epist.
1771 5760 1842 5820 10
1872 5761 2051 5832 Pauli,
2083 5765 2142 5819 et
2169 5759 2504 5836 Anticapelli
2533 5760 2674 5835 ejus,
2711 5775 2758 5816 c.
2793 5756 2846 5817 5.
