3876 6382
496 371 602 432 723

1629 377 1724 435 DE
1759 377 1951 438 VI'I‘IS
1986 377 2283 436 PATRUM
2317 374 2534 435 LIBER
2566 374 2642 433 II.

3668 367 3762 426 ἠδ

499 499 712 566 culum,
744 498 864 570 ipse
902 497 1170 553 Paulinus
1207 497 1458 555 versibus
1495 498 1696 557 cecinit
1725 500 1992 571 (Paulin.,
2024 505 2089 557 in
2105 499 2601 563 Atrecentesimus
2624 495 3021 567 nonagesimus
3035 494 3260 552 tertius.
3278 492 3551 566 Sequenti
3573 495 3763 548 autem

499 589 686 645 natali
717 583 783 643 10
808 586 865 642 S.
897 587 1133 655 Felicis).

569 678 820 734 Donatus
864 681 950 731 est
989 681 1261 748 praeterea
1305 677 1454 733 idem
1492 677 1762 734 Paulinus
1804 677 1874 733 ab
1895 678 2090 735 eadem

498 765 742 824 Melania
765 765 976 832 tunica,
1010 765 1376 822 innocuorum
1387 783 1662 838 agnorum
1691 772 1950 823 contexta
1974 769 2094 823 vel-

499 857 645 911 lere:
681 870 849 926 quam
869 854 1019 909 idem
1046 855 1185 926 ipse,
1211 872 1338 910 cum
1355 855 1709 928 accepisseta
1736 857 1958 923 Severo,
1977 857 2094 928 pal-

497 945 638 1000 lium
669 959 738 999 ex
765 942 894 1014 pilis
921 945 1259 998 camelorum
1297 944 1579 999 hirsutum
1608 945 1790 1000 eidem
1819 946 1965 1000 dono
1993 946 2095 1000 mi-

499 1033 609 1100 sit;
659 1033 730 1088 de
755 1048 871 1104 qua
895 1036 1022 1103 post
1045 1030 1156 1086 alia
1183 1032 1260 1087 sic
1288 1033 1359 1088 ad
1380 1033 1566 1104 ipsum
1596 1034 1818 1106 scripsit
1850 1052 1861 1088 :
1903 1058 1920 1084 ο
1955 1035 2090 1102 Nos,

499 1121 684 1195 inquit
710 1121 986 1194 (Paulin.,
1013 1122 1089 1175 ad
1130 1121 1331 1188 Seven,
1363 1125 1588 1191 epistola
1619 1124 1732 1194 10),
1765 1139 1946 1195 neque
1975 1140 2093 1177 ver-

499 1211 607 1278 bis,
635 1227 820 1283 neque
851 1208 1016 1265 rebus
1043 1209 1216 1282 digna
1244 1216 1567 1282 pensantes,
1591 1212 1759 1267 unica
1787 1217 1978 1268 tamen
2007 1213 2092 1267 fa-

497 1301 707 1358 cultate
737 1299 896 1354 nobis
914 1299 1226 1364 charitatis,
1257 1317 1369 1371 qua
1390 1299 1546 1356 vobis
1575 1301 1694 1356 sola
1721 1319 1883 1374 pares
1899 1318 2094 1358 sumus

498 1389 756 1446 misimus
777 1388 1046 1455 tunicam,
1079 1404 1249 1460 quam
1276 1388 1347 1443 ab
1373 1407 1480 1445 usu
1511 1407 1655 1457 meo,
1694 1396 1758 1446 ut
1785 1391 1856 1446 de
1885 1397 2093 1446 sterco-

497 1480 575 1535 ris
610 1479 837 1546 vilitate
892 1478 1186 1533 collectum
1226 1494 1477 1550 pannum
1505 1479 1740 1550 dignare
1779 1481 2086 1551 suscipere.

497 1571 645 1626 Nam
673 1569 759 1623 vel
786 1567 890 1622 hoc
929 1567 1262 1623 innocentiae
1291 1572 1403 1624 tuae
1435 1568 1710 1640 congruit,
1743 1569 1893 1640 quod
1922 1569 1992 1624 de
2011 1575 2094 1624 te-

495 1675 634 1716 nero
657 1673 934 1729 agnorum
948 1656 1153 1712 vellere
1172 1662 1432 1713 contexta
1453 1657 1740 1714 blanditur
1765 1657 2088 1714 attactibus.

495 1748 657 1806 Addo
685 1752 877 1823 autem
897 1747 1080 1803 adhuc
1106 1747 1287 1819 pretio
1317 1748 1440 1818 ejus
1461 1752 1519 1804 et
1542 1747 1758 1818 gratia,
1801 1747 1951 1819 quod
1981 1763 2091 1819 quo

2171 605 2300 645 cum
2324 590 2444 660 jam
2463 586 2535 642 ad
2564 585 2812 642 natalem
2851 585 3002 640 diem
3026 583 3205 640 sancti
3244 581 3445 639 Felicis
3471 580 3684 637 Nolam
3708 596 3764 635 se

2173 675 2831 742 contulisset,secundum
2849 673 3044 730 ordine
3066 672 3244 730 edidit
3259 670 3606 728 natalitium.
3625 670 3763 725 Cum

2173 785 2304 823 vero
2322 770 2408 836 (ut
2433 767 2557 837 ejus
2583 763 2976 820 testiﬁcatione
3005 763 3202 835 liquet)
3224 762 3346 834 jam
3373 776 3593 816 annum
3618 759 3764 830 apud

2175 856 2434 911 eumdem
2461 859 2720 910 sanctum
2740 853 2982 908 Felicem
3012 851 3218 923 egisset
3249 850 3309 906 in
3335 849 3456 922 ipso
3485 864 3627 920 agro
3647 849 3760 903 No-

2175 946 2324 1011 lano,
2373 943 2596 1016 quando
2624 947 2681 997 et
2708 941 3052 1013 legationem
3081 939 3151 994 ab
3185 938 3458 1012 episcopis
3484 937 3764 992 Africanis

2176 1033 2438 1106 suscepit,
2464 1032 2562 1105 qui
2588 1031 2696 1087 fuit
2719 1047 2902 1086 annus
2913 1027 3574 1085 Dominitrecentesimus
3593 1042 3766 1082 nona-

2173 1123 2422 1194 gesimus
2451 1121 2704 1194 quintus,
2734 1119 2965 1175 tertium
2996 1118 3066 1174 ab
3085 1134 3150 1173 eo
3171 1117 3442 1188 scriptum
3464 1120 3553 1171 est
3571 1115 3771 1170 natali-

2175 1212 2318 1267 tium
2342 1230 2356 1279 ;
2397 1210 2654 1283 sequenti
2683 1226 2816 1264 vero
2843 1223 3012 1275 anno,
3047 1223 3244 1279 nempe
3273 1203 3570 1277 superiori,
3595 1219 3767 1276 quar-

2175 1307 2318 1357 tum.
2350 1300 2508 1356 Unde
2546 1299 2650 1354 hoc
2685 1299 2808 1372 ipso
2834 1314 2982 1356 anno
3003 1294 3226 1353 Domini
3248 1292 3648 1350 trecentesimo
3675 1308 3769 1348 no-

2175 1390 2463 1462 nagesimo
2503 1389 2764 1460 septimo,
2822 1387 3007 1459 ipsum
3063 1385 3324 1458 quintum
3368 1380 3764 1438 elucubratum

2173 1479 2344 1534 fuisse
2390 1477 2709 1533 natalitium
2756 1475 3076 1532 necessario
3113 1471 3413 1529 dicendum
3463 1476 3594 1526 est:
3657 1486 3766 1542 quo

2173 1573 2427 1641 tempore
2437 1572 2494 1624 et
2506 1567 2714 1623 Nicetae
2724 1566 3027 1621 adventum
3037 1562 3518 1634 contigisee,aaque
3530 1575 3676 1632 opus
3686 1566 3767 1615 est

2172 1659 2608 1724 atlirmare,cum
2620 1673 2656 1711 a
2672 1655 2871 1727 quinto
2889 1654 3148 1710 natalitio
3158 1666 3339 1723 usque
3349 1649 3420 1705 ad
3440 1665 3661 1704 nonum
3671 1665 3768 1704 nu-

2172 1763 2362 1802 merus
2383 1746 2477 1802 ille
2505 1745 2828 1818 perﬁciatur
2855 1759 3132 1800 annorum
3161 1745 3420 1814 quatuor,
3457 1754 3571 1810 quo
3600 1737 3764 1794 Nice-

496 1837 721 1910 dignior
747 1819 1017 1909 probetur
1038 1852 1146 1892 usu
1172 1841 1290 1902 tuo,
1323 1836 1393 1891 de
1433 1842 1642 1892 sanctae
1673 1842 1731 1892 et
1764 1837 2000 1893 illustris
2032 1836 2090 1892 in
2109 1819 2154 1879 Β
2171 1843 2259 1892 tas
2287 1836 2531 1891 reditum
2550 1835 2611 1889 in
2635 1833 2858 1891 Italiam
2877 1832 3214 1906 prorogavit,
3247 1835 3352 1886 etc.

495 1926 704 1984 sanctis
727 1925 829 1982 Dei
860 1925 1082 1980 feminae
1110 1924 1363 1982 Melaniae
1386 1925 1774 1981 benedictione
1804 1925 1943 1982 mihi
1971 1925 2092 1999 pig-

493 2033 602 2074 nus
625 2020 729 2072 est.
762 2014 922 2071 Unde
951 2019 1008 2070 te
1035 2013 1258 2085 dignior
1274 2014 1392 2069 visa
1421 2020 1524 2080 est,
1555 2017 1716 2086 cujus
1730 2015 1869 2070 ﬁdes
1897 2020 2092 2081 436

491 2106 579 2162 illi
605 2104 786 2176 magis
817 2120 986 2176 quam
1014 2108 1207 2158 noster
1233 2102 1464 2174 sanguis
1488 2104 1846 2177 propinquat.
1896 2123 1919 2155 ι
1959 2104 2091 2159 Haec

493 2195 786 2261 Paulinus,
816 2191 1021 2265 quibus
1040 2190 1266 2263 quidem
1298 2192 1594 2264 postremis
1618 2192 1802 2248 verbis
1837 2209 1898 2248 se
1922 2193 2093 2249 Mela-

492 2283 602 2340 nia
627 2281 902 2354 sanguine
918 2280 1093 2336 fuisse
1119 2281 1480 2351 conjunctum
1508 2281 1804 2353 signiﬁcat.

566 2373 897 2443 Contigerat
913 2376 1104 2428 autem
1116 2371 1268 2427 haud
1290 2370 1508 2443 pridem
1521 2376 1652 2426 ante
1665 2371 1968 2427 adventum
1981 2372 2095 2428 Meo

492 2461 658 2518 laniis
681 2461 882 2517 Nolam
913 2459 1062 2516 mitti
1086 2460 1156 2516 ab
1186 2460 1383 2516 eodem
1417 2461 1619 2516 Severo
1641 2461 1712 2515 ad
1733 2461 1921 2532 ipsum
1950 2461 2094 2516 Pau-

493 2550 676 2606 linum
700 2548 950 2605 libellum
971 2549 1242 2621 scriptum
1271 2549 1341 2604 de
1369 2547 1535 2604 rebus
1555 2549 1730 2620 gestis
1747 2549 1924 2605 sancti
1946 2550 2093 2604 Mar-

494 2638 622 2705 tini,
651 2655 820 2710 quem
849 2637 1103 2694 Melania
1132 2638 1292 2693 illum
1339 2638 1500 2694 avide
1529 2638 1775 2710 cupienti
1809 2655 1869 2694 se
1889 2638 2091 2710 legisse

494 2731 758 2793 testatur,
789 2742 1008 2782 necnon
1030 2727 1339 2782 ostendisse
1359 2733 1553 2782 sancto
1584 2727 1794 2783 Nicetae
1813 2728 2092 2782 Dacorum

495 2816 774 2888 episcopo,
821 2815 917 2887 qui
955 2816 1060 2871 hoc
1111 2816 1308 2870 eodem
1347 2821 1601 2888 tempore
1629 2817 1855 2888 pietatis
1879 2833 2012 2887 ergo
2033 2816 2092 2871 in

495 2905 719 2963 Italiam
746 2904 1136 2978 peregrinatus
1157 2906 1264 2960 fuit
1295 2924 1307 2972 ;
1351 2905 1433 2960 ait
1460 2907 1610 2960 enim
1641 2922 1708 2960 ea
1745 2906 1984 2977 epistola
2021 2906 2093 2960 ad

495 2996 762 3052 Severum
794 2994 1015 3049 reddita
1047 3012 1058 3047 ε
1110 3012 1136 3048 e
1157 2994 1463 3050 Martinum
1512 2995 1662 3050 enim
1706 3000 1962 3050 nostrum
2010 2994 2092 3050 illi

496 3085 715 3156 (nempe
735 3083 1010 3152 Melaniae)
1040 3083 1464 3140 studiosissime:
1495 3084 1695 3139 talium
1724 3084 2088 3140 historiarum

490 3173 612 3246 ipse
636 3172 864 3228 recitavi
897 3192 910 3226 :
981 3189 1092 3245 quo
1115 3189 1323 3244 genere
1350 3178 1407 3228 te
1430 3178 1488 3229 et
1508 3173 1808 3229 venerabili
1828 3174 2088 3246 episcopo

492 3268 665 3336 atque
694 3261 1017 3318 doctissimo
1031 3262 1260 3330 Nicetes,
1279 3263 1376 3335 qui
1389 3279 1454 3318 ex
1474 3263 1644 3318 Dacia
1666 3263 1954 3328 Romanis,
1971 3280 2092 3319 me-

494 3353 605 3409 rito
625 3352 990 3409 admirandus
1019 3351 1341 3418 advenerat,
1362 3356 1420 3407 et
1435 3351 1701 3424 plurimis
1717 3352 1834 3408 Deo
1863 3353 2092 3420 sanctis,

495 3441 556 3498 in
583 3441 818 3498 veritate
841 3458 957 3498 non
984 3442 1167 3513 magis
1197 3441 1282 3497 tui
1313 3441 1666 3513 praedicator,
1693 3458 1862 3514 quam
1893 3442 2004 3498 mei
2012 3443 2098 3515 ja-

495 3535 675 3600 etans,
706 3531 945 3587 revelavi
968 3532 1234 3601 (Paulin.,
1261 3533 1500 3600 Epistola
1527 3530 1632 3601 10),
1672 3551 1699 3585 »
1735 3539 1840 3587 etc.

569 3621 687 3677 Hoc
731 3620 853 3692 ipso
907 3621 1135 3694 quidem
1187 3637 1337 3676 anno
1363 3621 1670 3692 contigisse
1703 3622 1894 3693 magni
1943 3621 2094 3678 illius

497 3710 708 3767 Nicetis
761 3711 1082 3776 adventum,
1114 3727 1180 3765 ex
1209 3726 1444 3766 numero
1483 3711 1759 3767 natalium
1788 3711 1968 3768 sancti
1997 3712 2098 3768 Fe-

498 3799 618 3856 licis
649 3817 684 3855 a
702 3800 940 3856 Paulino
957 3800 1239 3856 editorum
1258 3803 1469 3856 rectam
1493 3800 1950 3873 exploratamque
1970 3817 2096 3873 pos-

497 3905 696 3946 sumus
716 3889 992 3945 deducere
1015 3888 1317 3944 rationem.
1351 3889 1499 3944 Nam
1527 3905 1658 3944 cum
1683 3889 1823 3961 ipse,
1846 3889 2096 3946 scribens

499 3979 571 4034 ad
597 3979 866 4035 Severum
890 3978 1155 4047 (Paulin.,
1187 3978 1358 4048 Epist.
1376 3975 1447 4051 9),
1470 3982 1713 4034 testatur
1731 3977 1984 4052 quolibet
2001 3995 2098 4034 an-

500 4083 575 4123 no
603 4082 664 4122 se
693 4066 960 4122 statuisse
982 4065 1330 4123 conscribere
1342 4067 1594 4124 versibus
1617 4068 1871 4140 ejusdem
1895 4068 2094 4125 Felicis

501 4154 842 4219 natalitium,
873 4155 1038 4226 plane
1057 4171 1124 4210 ex
1155 4172 1388 4212 numero
1409 4157 1738 4213 eorumdem
1769 4173 1946 4214 annos
1963 4174 2098 4230 quo-

505 4261 617 4317 que
640 4242 828 4300 licebit
845 4259 948 4299 suo
965 4243 1161 4300 ordine
1180 4245 1573 4302 adnumerare.
1598 4247 1708 4303 Sed
1727 4263 1856 4302 cum
1873 4247 1932 4302 in
1947 4263 2097 4304 nono

504 4351 540 4390 a
563 4332 801 4389 Paulino
831 4332 982 4388 edito
1006 4333 1276 4390 Natalitio
1287 4334 1497 4391 mentio
1513 4334 1790 4391 habeatur
1818 4337 1888 4392 de
1916 4342 2099 4409 poste-

505 4425 643 4482 riori
669 4423 926 4497 ejusdem
949 4423 1159 4480 Nicetm
1179 4423 1421 4480 adventu
1450 4425 1670 4492 Nolam,
1705 4441 1945 4499 eumque
1969 4443 2099 4483 con-

2242 1927 2270 1981 J
2275 1941 2368 1979 am
2395 1941 2546 1990 vero,
2577 1922 2674 1982 ubi
2701 1922 2839 1978 satis
2856 1923 3007 1995 apud
3033 1923 3332 1980 Paulinum
3350 1925 3507 1981 Nolae
3517 1920 3769 1979 consedi-

2171 2029 2318 2081 mus,
2350 2012 2652 2069 Melaniam
2680 2028 2808 2068 cum
2837 2011 3063 2068 Ruﬂino
3103 2013 3432 2070 redeuntem
3474 2014 3536 2070 in
3569 2011 3769 2070 urbem

2171 2118 2601 2177 prosequamur.
2625 2101 2736 2167 Qui
2763 2101 2915 2157 enim
2934 2101 3032 2158 diu
3057 2101 3129 2158 ab
3156 2101 3295 2159 urbe
3322 2103 3588 2160 absentes
3620 2103 3770 2159 lere-

2174 2191 2404 2265 solymis
2425 2197 2696 2264 tanquam
2722 2190 2785 2246 in
2815 2189 3056 2263 spiritali
3093 2190 3335 2264 quadam
3364 2192 3682 2260 academia,
3713 2200 3775 2249 ut

2173 2298 2365 2339 veram
2384 2281 2700 2337 exeolerent
2727 2279 3086 2353 sapientiam,
3119 2281 3366 2354 quinque
3391 2283 3474 2352 (ut
3506 2282 3769 2352 vidimus)

2174 2371 2369 2428 lustris
2393 2370 2783 2438 consederant,
2796 2385 2926 2426 cum
2948 2369 3196 2442 primum
3222 2370 3462 2427 Romam
3489 2379 3774 2429 venerunt

2175 2459 2429 2517 omnium
2449 2460 2616 2532 plane
2634 2459 2824 2516 oculos
2843 2475 2946 2531 pro
2971 2458 3344 2518 admiratione
3369 2469 3428 2516 in
3453 2478 3516 2517 se
3536 2477 3772 2517 conver-

2171 2555 2390 2608 terunt.
2425 2549 2563 2604 Laeti
2587 2550 2708 2620 jam
2735 2547 2819 2604 illi
2841 2547 3030 2604 videre
3057 2554 3383 2622 presentes,
3413 2567 3538 2622 quae
3565 2551 3642 2607 de
3674 2551 3776 2607 iis-

2171 2640 2303 2694 dem
2336 2637 2661 2694 absentibus
2691 2653 2915 2694 summo
2942 2654 3089 2711 saepe
3112 2639 3389 2712 praeconio
3422 2639 3576 2695 fama
3605 2641 3776 2696 detu-

2172 2729 2345 2798 lerat;
2377 2728 2476 2784 sed
2504 2744 2618 2784 non
2646 2727 2839 2782 videre
2858 2731 3103 2795 tantum,
3135 2744 3326 2784 verum
3357 2734 3417 2784 et
3433 2729 3634 2785 audire
3659 2731 3778 2785 sol-

2174 2817 2312 2873 liciti
2333 2837 2346 2885 ;
2379 2817 2569 2890 sicque
2589 2815 2660 2872 ab
2680 2833 2778 2873 ore
2800 2816 3054 2889 ipsorum
3074 2823 3344 2890 tanquam
3357 2834 3393 2873 a
3407 2818 3620 2874 caelesti
3639 2835 3779 2891 quo-

2175 2907 2306 2962 dam
2334 2906 2490 2962 illato
2516 2906 2755 2962 Romam
2782 2906 3008 2961 oraculo
3043 2906 3452 2979 pependerunt.
3476 2908 3624 2964 Cum
3643 2909 3774 2981 ipsi,

2175 3013 2346 3068 quam
2375 3012 2447 3051 ex
2468 2995 2727 3066 Origenis
2744 2993 2903 3051 libris
2931 2994 3263 3062 didicerant,
3298 2996 3485 3053 Stoica
3507 2996 3778 3052 indolen-

2174 3085 2254 3142 tia
2267 3083 2682 3158 perfectissimae
2709 3089 2768 3140 et
2792 3083 2864 3140 ad
2876 3101 3070 3141 omnes
3085 3102 3348 3142 numeros
3362 3085 3636 3142 absolutae
3648 3089 3776 3143 vita

2171 3173 2503 3232 Christiane
2565 3173 2850 3246 specimen
2878 3174 3128 3242 edentes,
3157 3175 3401 3231 maxima
3427 3176 3577 3248 apud
3609 3177 3778 3232 Chri-

2179 3265 2394 3320 stianos
2419 3280 2615 3321 omnes
2635 3264 2732 3336 qui
2761 3264 2952 3321 Rome
2979 3269 3161 3332 erant,
3205 3265 3499 3338 perpaucis
3530 3266 3776 3322 eruditis

2178 3354 2591 3427 exceptis,quos
2609 3358 2778 3409 antea
2788 3357 3015 3410 sanctus
3033 3353 3408 3427 Hieronymus
3429 3355 3636 3410 litteris
3653 3372 3777 3411 mo-

2178 3444 2414 3511 nuisset,
2446 3443 2861 3500 existimatione
2896 3443 3145 3500 fuerunt.
3177 3444 3320 3501 Cum
3351 3444 3431 3500 sic
3450 3445 3628 3516 igitur
3649 3446 3776 3501 ani-

2178 3550 2301 3591 mos
2320 3533 2525 3591 civium
2543 3550 2680 3605 erga
2698 3549 2758 3590 se
2776 3549 3019 3605 suosque
3038 3550 3161 3590 esse
3174 3537 3360 3601 43"
3379 3534 3776 3607 propensiores

2175 3629 2236 3680 et
2258 3623 2471 3696 optime
2505 3623 2730 3679 eﬁ‘ectos
2766 3622 3024 3679 Rufﬁnus
3062 3623 3444 3690 intellexisset,
3481 3640 3513 3678 e
3537 3624 3775 3696 vestigio

2177 3713 2469 3786 impietate
2498 3712 2708 3768 referta
2731 3712 2904 3767 allata
2919 3728 3111 3768 secum
3139 3729 3206 3768 ex
3227 3712 3467 3785 Egypto
3496 3713 3772 3784 primum,

2175 3801 2306 3874 inde
2330 3801 2712 3874 Jerosolymis,
2744 3801 2951 3858 scrinia
2969 3806 3202 3869 reserat,
3230 3801 3472 3874 indeque
3487 3801 3776 3874 depromit

2155 3867 2473 3964 .pestiferas
2511 3867 2750 3956 merces,
2800 3889 2899 3945 sed
2953 3889 3035 3946 ita
3076 3867 3307 3946 fallaciis
3368 3867 3662 3945 obvolutus
3717 3897 3774 3947 et

2179 3996 2318 4037 auro
2345 3979 2588 4047 caelatas,
2616 3984 2682 4036 ut
2697 3978 2840 4035 bene
2861 3980 3166 4052 prudentes
3183 3978 3530 4052 etsapientes
3548 3997 3774 4054 quoque

2180 4070 2389 4126 eaedem
2419 4069 2677 4142 decipere
2701 4069 3036 4141 potuissent.

2249 4160 2330 4215 De
2358 4159 2598 4232 appulsu
2625 4163 2824 4225 autem~
2868 4159 3070 4215 horum
3116 4158 3176 4214 in
3204 4159 3519 4215 Romanum
3542 4165 3773 4232 portum

2178 4265 2352 4320 agens
2407 4253 2633 4304 sanctus
2683 4247 3079 4322 Hieronymus,
3110 4248 3228 4304 haec
3254 4265 3356 4321 per
3394 4249 3770 4321 antiphrasim

2177 4340 2451 4408 (Hieron,
2480 4337 2638 4408 Apol.
2675 4339 2770 4394 lib.
2802 4341 2863 4405 II)
2890 4356 2902 4393 :
2948 4356 2976 4392 α
3004 4338 3050 4394 Ο
3078 4337 3366 4394 triremem
3396 4339 3770 4411 locupletissi-

2179 4443 2352 4496 mam,
2383 4444 2507 4500 qua:
2535 4426 2915 4484 Orientalibus
2959 4434 3018 4484 et
3043 4427 3324 4501 Egyptiis
3349 4427 3633 4484 mercibus
3661 4429 3773 4485 Ro-

505 4514 699 4588 tigisse
744 4513 896 4570 dicat
922 4530 1072 4570 anno
1101 4518 1301 4587 quarto
1345 4531 1382 4570 a
1406 4515 1580 4587 priori
1617 4515 1794 4588 ipsius
1833 4516 2096 4584 adventu,
2123 4507 2362 4574 Dmanae
2381 4517 2539 4574 urbis
2555 4517 2737 4574 ditare
2765 4522 2996 4574 venerat
3021 4522 3430 4591 paupertatem.

505 4605 792 4662 afﬁrmare
830 4621 971 4678 opus
1009 4610 1098 4661 est
1136 4605 1322 4677 ipsum
1364 4607 1486 4678 ejus
1525 4605 1772 4680 priorem
1797 4606 2102 4663 adventum

504 4700 760 4768 tempore
788 4711 899 4768 quo
927 4694 1249 4751 natalitium
1272 4695 1532 4767 quintum
1545 4694 1854 4752 elaboravit
1867 4697 2104 4753 accidis-

507 4801 587 4841 se.
616 4785 700 4840 De
723 4785 847 4856 ejus
869 4783 1019 4840 enim
1034 4784 1331 4857 posteriori
1353 4785 1613 4853 adventu,
1638 4802 1748 4858 quo
1766 4786 2105 4843 meminitde

507 4873 703 4946 priori,
733 4873 830 4929 isti
858 4878 992 4930 sunt
1007 4889 1201 4931 versus
1220 4876 1492 4944 (Paulin.,
1519 4879 1583 4931 in
1599 4879 1783 4933 natali
1790 4876 1845 4948 9)
1863 4895 1878 4933 :

603 4968 788 5020 Venisti
813 4969 1007 5022 tandem
1031 4975 1202 5036 quarto
1226 4970 1347 5022 mihi
1370 4972 1582 5024 redditus
1601 4986 1729 5023 anno

605 5050 696 5104 Sed
724 5054 882 5113 grates
905 5049 1118 5115 Christo,
1144 5051 1256 5117 quis
1277 5056 1322 5101 te
1341 5053 1412 5103 vel
1434 5067 1538 5104 sero
1564 5053 1755 5105 revexit.

581 5151 726 5210 Cum
771 5149 948 5223 igitur
973 5150 1079 5206 hac
1113 5151 1332 5208 ratione
1361 5154 1607 5226 priorem
1647 5155 1770 5226 ejus
1801 5154 2104 5211 adventum

511 5241 814 5314 contigisse
832 5241 1145 5314 oportuerit
1156 5247 1409 5316 tempore
1426 5243 1608 5316 quinti
1626 5244 1763 5301 editi
1786 5245 2029 5300 natalitii
2046 5245 2104 5302 in

515 5348 682 5406 quem
701 5330 926 5388 Domini
953 5347 1166 5388 annum
1189 5332 1322 5388 illuc
1343 5333 1699 5405 potissimum
1717 5333 2105 5402 inciderit,hoc

516 5421 921 5494 exquirendum
935 5426 1038 5476 est.
1062 5422 1427 5478 Numeranda
1449 5423 1675 5496 quidem
1693 5439 1815 5478 esse
1845 5425 2103 5480 natalitia

516 5511 614 5565 illa
631 5510 852 5566 Paulini
881 5509 952 5565 ab
980 5511 1181 5568 ultimo
1202 5527 1370 5580 anno,
1397 5529 1508 5585 quo
1536 5513 1720 5568 adhuc
1757 5513 2019 5570 detentus
2047 5516 2107 5570 in

517 5597 789 5671 Hispania
804 5600 1042 5656 Romam
1062 5601 1297 5674 parabat
1308 5602 1628 5667 adventum,
1655 5619 1720 5658 ex
1742 5603 1862 5677 ipso
1883 5605 2020 5659 satis
2034 5603 2110 5660 in-

523 5686 697 5761 telligi
724 5693 928 5762 potest.
983 5689 1116 5749 Fuit
1155 5692 1251 5750 ille
1279 5708 1461 5751 annus
1490 5692 1724 5783 Domini
1743 5693 1831 5768 (ut
1851 5690 2107 5769 vidimus)

2311 4660 2324 4674 .
2393 4661 2404 4674 .
2475 4660 2489 4674 .
2558 4659 2572 4672 .
2641 4658 2654 4672 .
2723 4661 2735 4674 .
2801 4622 3330 4674 Tumeximusillees

2309 4703 2440 4754 Unus
2463 4702 2548 4768 qui
2573 4702 2712 4754 nobis
2735 4702 2983 4754 scribendo
3006 4703 3223 4755 restituis
3248 4717 3366 4754 rem.

2186 4796 2330 4867 Ergo
2367 4794 2476 4851 nisi
2496 4794 2566 4849 de
2587 4794 2816 4851 Oriente
2830 4795 3096 4858 venisses.
3115 4793 3527 4852 eruditissimus
3557 4795 3646 4850 vir
3659 4796 3773 4854 he-

2186 4890 2355 4953 reret,
2389 4884 2572 4940 adhuc
2600 4885 2751 4941 inter
2767 4884 3212 4941 mathematicos.
3238 4903 3266 4938 »
3305 4885 3375 4940 Et
3391 4885 3559 4957 paulo
3587 4892 3718 4957 post
3755 4905 3773 4941 :

2192 4993 2219 5028 α
2241 4975 2320 5031 Te
2348 4974 2526 5030 multo
2541 4979 2794 5047 tempore
2812 4975 3030 5030 Pharus
3050 4973 3241 5031 docuit
3263 4975 3411 5047 quod
3441 4975 3621 5030 Roma
3645 4990 3777 5031 nes-

2185 5063 2334 5131 civit,
2365 5063 2634 5120 instruxit
2659 5062 2939 5136 Egyptus
2978 5063 3128 5136 quod
3156 5063 3321 5120 Italia
3347 5063 3634 5137 hucusque
3661 5079 3775 5120 non

2187 5153 2404 5221 habuit,
2430 5171 2458 5207 in
2491 5159 2598 5209 etc.

2185 5246 2430 5301 Melania
2469 5244 2670 5299 recedit
2695 5245 2765 5298 ab
2811 5245 2945 5299 urbe
2989 5244 3052 5299 in
3095 5243 3352 5302 Siciliam
3383 5247 3434 5298 et
3479 5245 3778 5300 revertitur

2767 5336 3186 5403 Jerosolymam.

2259 5427 2422 5480 Anno
2451 5425 2661 5481 Christi
2687 5421 2812 5481 408.
2836 5454 2902 5466 -
2924 5424 3042 5479 Hoc
3069 5423 3207 5479 item
3231 5439 3378 5479 anno
3409 5419 3772 5492 (ChristiiOS,

2188 5514 2504 5571 Innocentii
2542 5511 2768 5587 Papze7,
2800 5513 3034 5569 Honorii
3054 5513 3143 5582 14,
3175 5512 3472 5570 Theodosii
3504 5513 3552 5580 1,
3577 5513 3770 5585 imppJ

2191 5604 2288 5676 qui
2317 5604 2474 5660 urbis
2484 5603 2830 5661 obsidionem
2851 5602 3153 5677 praecessit,
3173 5602 3416 5660 Melania
3431 5603 3680 5659 Romana
3695 5604 3770 5657 vi-

2190 5695 2320 5764 dua,
2343 5695 2414 5752 de
2439 5711 2551 5772 qua
2570 5711 2718 5772 sepe
2743 5693 3002 5769 superius
3021 5691 3229 5751 mentio
3257 5692 3403 5749 facta
3422 5698 3524 5762 est,
3556 5691 3771 5766 antiqui
