3876 6406
119 399 232 459 725

1584 411 1994 468 PRELUDIA.

3322 399 3426 459 7‘26

117 525 389 582 vaticinii
409 529 539 580 ante
555 541 732 580 annos
753 527 1193 599 quadringentos
1217 530 1301 602 (ut
1318 531 1400 586 ait
1423 532 1735 603 Palladius)
1757 540 1800 596 Α
1818 538 2099 606 profectus
2122 542 2208 590 est
2239 537 2508 602 (Ilz'eron.,
2539 538 2601 588 in
2633 538 2738 590 13a.
2772 535 2867 587 lib.
2905 549 2959 594 x,
2992 531 3150 600 praef.
3189 548 3202 595 ;
3244 530 3427 583 Palla-

120 615 261 671 editi
294 631 538 681 memor,
568 614 850 670 distractis
877 617 1120 687 pradiis,
1173 635 1287 674 una
1320 637 1450 676 cum
1496 623 1738 678 Melania
1818 627 1964 693 dius,
2001 629 2062 681 in
2096 627 2374 691 Lamia-0.,
2410 640 2528 694 cap.
2558 625 2635 694 9).
2669 623 2753 677 Ad
2783 638 2920 693 quos
2965 635 3158 674 omnes
3197 623 3424 672 sanctus

121 713 320 780 nepte,
358 707 706 778 Pinianoque
735 709 987 778 ejusdem
1014 710 1266 766 Melania
1293 713 1429 779 viro,
1461 719 1517 768 et
1538 715 1739 770 Albina
1819 715 2190 785 Augustinus,
2216 731 2342 769 cum
2356 714 2601 784 primum
2621 728 2814 766 eorum
2837 707 3419 771 adventumaudisset,

113 814 283 864 nura,
321 813 564 852 evasura
592 813 718 850 cum
749 797 859 851 illis
889 797 1278 855 imminentem
1308 801 1458 857 orbis
1491 804 1726 872 cladem,

114 887 304 941 Roma
320 885 610 949 recedens,
629 885 1034 957 Jerosolymam
1055 904 1114 943 se
1124 887 1331 943 iterum
1372 891 1731 959 contulit,ubi

114 980 247 1046 post
256 973 388 1029 dies
403 973 774 1046 quadraginta
787 991 851 1028 ex
863 974 967 1029 hac
977 976 1094 1031 vita
1107 977 1386 1047 migravit.
1399 980 1528 1034 Hac
1540 981 1735 1035 exPal-

116 1063 270 1118 ladio
306 1064 569 1132 (Pallad.,
595 1066 657 1118 in
683 1065 952 1131 Lausz'ac.,
973 1082 1087 1134 cap.
1126 1064 1572 1138 33)quiettradit
1585 1072 1733 1141 ejus-

118 1152 274 1208 modi
296 1152 629 1224 prophetico
650 1153 876 1207 oraculo
892 1153 961 1207 ab
983 1171 1050 1208 ea
1061 1155 1251 1210 Romae
1264 1158 1542 1228 evulgato,
1561 1167 1730 1232 atque

117 1241 328 1314 sapius
381 1240 679 1306 inculcato,
735 1242 1048 1314 complures
1099 1243 1482 1300 Romanorum
1525 1247 1730 1302 civium

117 1329 580 1384 Christianorum
603 1331 672 1384 ad
701 1347 890 1385 rerum
920 1333 1317 1402 temporalium
1347 1340 1733 1408 contemptum

118 1419 396 1473 inductos
435 1436 574 1485 esse,
607 1419 916 1474 consultius
945 1420 1328 1477 existimantes
1359 1439 1550 1479 amore
1578 1426 1734 1480 Chri-

121 1508 215 1575 sti,
242 1525 346 1580 spe
376 1525 634 1580 superna
678 1508 1082 1576 retributionis,
1134 1511 1429 1582 prodigere
1475 1513 1534 1568 in
1590 1531 1731 1586 pau-

121 1614 284 1669 peres
311 1614 450 1652 suas
478 1597 719 1664 divitias,
751 1614 919 1668 quam
951 1615 1045 1653 eas
1074 1599 1144 1653 ad
1186 1599 1554 1656 barbarorum
1586 1620 1730 1674 pra-

123 1686 252 1740 dam
299 1687 664 1757 relinquere:
718 1703 830 1758 quo
879 1688 1126 1755 nomine,
1180 1705 1310 1743 cum
1358 1690 1440 1744 rei
1498 1697 1730 1747 eventus

121 1792 316 1830 verum
354 1775 651 1846 probasset
679 1777 991 1843 oraculum,
1022 1777 1327 1833 immensas
1355 1780 1472 1834 Deo
1515 1781 1730 1851 gratias

1824 803 2039 858 litteras
2070 804 2244 870 dedit,
2281 802 2483 874 quibus
2511 820 2570 856 se
2601 807 2844 866 excusat,
2875 799 3021 870 quod
3066 803 3296 869 propter
3340 793 3424 850 in-

1815 909 1922 961 gru
1933 898 2119 946 entem
2134 894 2333 947 duram
2355 891 2619 956 hiemem,
2644 896 2701 944 et
2722 895 2931 943 statum
2944 884 3317 958 Hipponensis
3337 899 3422 938 ec-

1815 981 1996 1036 clesia
2025 981 2382 1045 titubantem,
2407 981 2478 1034 ad
2507 997 2602 1034 eos
2623 977 2940 1032 invisendos
2970 975 3200 1029 minime
3225 989 3414 1028 accur-

1814 1087 1939 1125 rere
1969 1071 2254 1125 valuisset.
2289 1071 2482 1124 Exstat
2510 1069 2632 1139 ipsa
2647 1067 2901 1139 epistola,
2927 1066 3086 1136 cujus
3113 1069 3200 1118 est
3217 1063 3416 1117 titulus

1812 1160 1882 1213 ad
1913 1159 2200 1226 Albinum,
2250 1159 2569 1220 Pinianum,
2617 1163 2674 1210 et
2717 1155 3018 1210 Melaniam
3061 1152 3247 1220 (Aug.,
3306 1155 3415 1220 epi-

1811 1252 1948 1302 stola
1981 1246 2146 1318 227);
2184 1247 2281 1301 sed
2311 1263 2411 1318 pro
2439 1245 2660 1310 Albino,
2691 1244 2971 1307 Albinam,
3002 1241 3410 1296 restituendum

1817 1342 1952 1408 puto
1978 1356 1990 1403 ;
2013 1337 2160 1407 quod
2184 1338 2304 1406 ejus
2325 1335 2567 1390 nominis
2590 1333 2796 1387 femina
2817 1331 3071 1402 ejusdem
3090 1329 3308 1384 Piniani
3324 1346 3414 1382 so-

1815 1441 1941 1478 crus
1972 1441 2084 1478 una
2113 1441 2241 1478 cum
2271 1424 2406 1494 ipsis
2433 1422 2679 1494 profecta
2703 1427 2788 1475 est
2817 1420 2872 1473 in
2903 1419 3166 1480 Africam,
3201 1423 3266 1471 ut
3293 1422 3413 1470 tum

1815 1530 1880 1567 ex
1897 1513 2166 1579 Palladio,
2185 1517 2306 1566 tum
2339 1529 2405 1566 ex
2429 1512 2681 1581 ejusdem
2706 1508 3006 1580 Augustini
3021 1505 3413 1561 testiﬁcatione

1814 1602 1951 1656 satis
1981 1607 2236 1673 apparet,
2271 1606 2375 1655 etc.

1884 1691 2101 1744 Accidit
2129 1696 2340 1755 autem,
2368 1690 2503 1744 dum
2531 1689 2701 1743 iidem
2732 1689 2788 1742 in
2817 1687 3004 1741 Africa
3032 1688 3407 1750 morarentur,

1815 1774 1994 1828 ﬁlium
2041 1775 2278 1829 senioris
2325 1775 2566 1830 Melania
2614 1774 2728 1828 vita
2766 1773 2960 1842 fungi:
3008 1770 3158 1842 quod
3183 1768 3411 1824 unicum

121 1881 305 1933 egere.
342 1865 530 1934 Major
556 1882 776 1936 quoque
808 1865 889 1919 vis
934 1866 1119 1921 inerat
1158 1867 1229 1922 ad
1277 1867 1394 1923 hac
1438 1870 1728 1925 suadenda
1749 1854 2079 1918 Bamissum
2119 1864 2322 1935 pignus
2352 1864 2431 1918 ita
2451 1869 2633 1917 mater
2660 1862 2910 1916 modeste
2934 1859 3105 1926 flevit,
3125 1864 3189 1913 ut
3204 1874 3410 1930 magno

119 1953 377 2009 Melania
404 1954 666 2020 orationi,
714 1953 863 2026 quod
906 1954 1190 2010 dictitaret
1229 1959 1314 2025 (ut
1350 1957 1724 2028 existimabat)

119 2059 233 2099 una
257 2059 390 2098 cum
423 2043 563 2099 urbe
593 2044 785 2098 orbem
815 2045 1028 2116 pariter
1054 2045 1355 2102 ruiturum.

189 2132 354 2197 Quod
385 2138 579 2188 autem
600 2133 749 2187 idem
771 2134 1058 2190 Palladius
1081 2133 1180 2202 ait,
1202 2151 1317 2190 una
1337 2152 1464 2190 cum
1485 2137 1729 2193 Melania

119 2222 420 2276 recessisse
441 2222 623 2277 Roma
651 2223 951 2278 Melaniam
973 2223 1259 2294 juniorem
1279 2223 1454 2296 ipsius
1478 2233 1723 2297 neptem,

119 2316 174 2366 et
203 2310 387 2366 virum
419 2312 546 2383 ejus
593 2311 916 2382 Pinianum,
963 2329 1181 2368 necnon
1223 2330 1433 2369 nurum
1480 2315 1725 2371 Melania

120 2399 400 2466 Albinam,
436 2401 831 2470 cognationem
855 2401 1108 2456 Melania
1130 2401 1210 2456 sic
1245 2401 1505 2473 accipias.
1549 2403 1724 2458 Filius

119 2489 238 2560 ejus
266 2489 474 2544 unicus
501 2489 583 2544 illi
613 2489 841 2544 relictus
868 2489 1028 2545 duxit
1067 2506 1299 2545 uxorem
1327 2489 1611 2556 Albinam,
1652 2509 1722 2547 ex

121 2594 228 2649 qua
252 2578 545 2633 Palladius
569 2579 650 2634 ait
665 2578 915 2649 genitam
938 2596 1058 2634 esse
1087 2579 1388 2634 Melaniam
1410 2579 1719 2651 juniorem,

119 2666 354 2722 senioris
383 2666 640 2723 Melania
670 2672 916 2738 neptem,
937 2684 1059 2740 qua
1088 2667 1147 2722 in
1176 2667 1600 2724 matrimonium
1616 2669 1724 2724 col-

120 2745 295 2810 locata
319 2761 408 2810 est
445 2753 704 2822 Piniano,
729 2757 891 2828 cujus
911 2773 1104 2811 socrus
1125 2755 1327 2812 Albina
1370 2756 1480 2812 fuit
1509 2760 1720 2826 (Palla-

119 2845 262 2910 dius,
291 2848 354 2899 in
381 2847 659 2912 Lausiac.,
685 2862 804 2915 cap.
838 2844 927 2914 33)
955 2864 968 2914 ;
1003 2846 1152 2918 quod
1177 2863 1307 2900 vero
1334 2845 1385 2902 ei
1422 2846 1724 2903 inhareret

121 2932 234 2987 loco
264 2934 488 2996 matris,
521 2940 747 2989 sanctus
773 2935 1124 3005 Augustinus
1153 2936 1223 2990 ad
1239 2935 1420 3007 ipsam
1448 2935 1715 3002 scribens,

119 3021 414 3078 Pinianum
447 3023 572 3094 ejus
601 3023 778 3078 ﬁlium
805 3024 1077 3090 nominat,
1109 3029 1166 3078 et
1182 3024 1506 3095 frequenter
1532 3024 1620 3079 his
1639 3024 1721 3080 uti

121 3111 436 3168 nominibus
467 3113 757 3168 consuevit
781 3116 965 3181 (Aug.,
994 3116 1218 3183 epistola
1248 3112 1397 3185 227).
1443 3113 1547 3168 Hic
1592 3131 1720 3170 rur-

1811 1954 2063 2024 exemplo
2082 1953 2252 2008 fuerit
2264 1951 2594 2007 Christiana
2609 1950 2958 2006 constantia.
2972 1949 3052 2004 De
3066 1964 3178 2019 qua
3186 1963 3412 2002 summa

1809 2058 1938 2096 cum
1961 2042 2126 2097 laude
2147 2042 2226 2096 rei
2242 2047 2522 2114 spectator
2538 2048 2763 2096 sanctus
2779 2038 3128 2109 Augustinus
3137 2036 3209 2090 ad
3225 2035 3409 2091 Pauli-

1809 2147 1946 2186 num
1965 2132 2246 2186 Nolanum
2259 2131 2583 2203 episcopum
2599 2129 2837 2201 scripsit.
2854 2129 2978 2182 Non
2990 2131 3171 2181 exstat
3179 2125 3407 2197 quidem

1809 2219 2046 2292 epistola
2068 2220 2187 2292 ipsa
2214 2239 2226 2288 ;
2255 2220 2352 2274 sed
2372 2237 2437 2273 ex
2478 2217 2709 2274 redditis
2747 2218 2816 2272 ad
2840 2234 2967 2272 eum
2990 2216 3244 2286 ejusdem
3265 2214 3408 2268 Pau-

1810 2309 1909 2363 lini
1939 2309 2160 2375 litteris,
2193 2309 2310 2363 hac
2327 2307 2534 2374 omnia,
2565 2307 2636 2360 ab
2656 2307 2782 2362 aliis
2803 2305 3025 2360 silentio
3042 2303 3261 2368 obruta,
3283 2318 3406 2374 per-

1807 2399 2001 2469 spicua
2027 2396 2164 2452 satis
2187 2400 2350 2452 ﬁunt.
2373 2397 2470 2452 Ait
2483 2397 2633 2451 enim
2653 2396 2922 2450 Paulinus
2945 2412 2958 2448 :
2997 2414 3020 2445 ι
3050 2393 3194 2458 Quia
3211 2391 3405 2446 docui-

1807 2486 1879 2540 sti
1890 2503 1980 2540 me
1993 2487 2050 2540 in
2063 2486 2264 2558 spiritu
2284 2485 2536 2542 veritatis
2556 2486 2770 2539 salvare
2791 2483 3061 2556 [servare]
3075 2479 3404 2536 moderandi

1805 2576 1864 2631 in
1891 2575 2136 2631 occiduis
2163 2575 2492 2630 mortalibus
2521 2574 2694 2628 animi
2714 2575 3220 2643 temperamentum
3245 2588 3258 2636 ;
3291 2585 3403 2642 quo

1806 2670 1863 2719 et
1892 2664 2047 2719 illam
2067 2664 2290 2719 beatam
2317 2670 2557 2718 matrem
2578 2670 2636 2718 et
2653 2662 2836 2717 aviam
2855 2659 3156 2716 Melaniam
3184 2657 3403 2714 flevisse

1805 2755 2089 2809 carnalem
2101 2752 2316 2810 obitum
2344 2753 2496 2808 unici
2516 2753 2636 2817 ﬁlii,
2663 2751 2945 2806 taciturno
2967 2749 3196 2821 quidem
3223 2748 3398 2810 luctu,

1803 2860 1917 2899 non
1943 2850 2134 2899 tamen
2166 2844 2309 2899 sicco
2336 2863 2370 2898 a
2394 2843 2662 2898 maternis
2693 2841 2956 2913 lacrymis
2981 2840 3174 2894 dolore
3213 2837 3401 2892 vidisti

1809 2934 1989 3003 (Apud
2015 2936 2177 3001 Aug.,
2215 2937 2366 3002 epist.
2397 2932 2544 3004 249).
2579 2955 2600 2983 ι
2633 2933 2894 3003 Appellat
2945 2929 3242 2985 Melaniam
3274 2943 3398 2982 ma-

1805 3027 1951 3078 trem
1977 3028 2033 3077 et
2058 3024 2260 3089 aviam,
2295 3029 2534 3078 matrem
2576 3022 2803 3093 quidem
2856 3024 3113 3092 respectu
3153 3016 3400 3072 defuncti

1805 3111 1925 3178 ﬁlii,
1947 3113 2128 3167 aviam
2143 3118 2400 3184 respectu
2420 3112 2672 3166 Melania
2693 3111 2907 3182 neptis;
2928 3110 3026 3164 sed
3047 3107 3235 3181 pergit
3257 3107 3399 3161 Pau-

120 3215 238 3255 sum
253 3203 506 3268 attende,
523 3202 800 3257 diversam
816 3218 1048 3273 prorsus
1066 3203 1210 3257 hanc
1228 3201 1489 3257 Albinam
1508 3219 1716 3258 nurum
1733 3214 1777 3275 C
1803 3200 1950 3255 linus
1973 3219 1984 3254 :
2022 3219 2048 3253 «
2082 3203 2256 3272 Cujus
2283 3201 2510 3273 quidem
2532 3201 2812 3254 modestas
2842 3204 3103 3268 etgraves
3119 3197 3396 3266 lacrymas

120 3289 368 3347 Melania
379 3291 452 3346 ab
463 3291 564 3346 illa
572 3291 744 3348 fuisse
766 3296 802 3345 Α
815 3291 969 3346 lbina
988 3296 1170 3346 matre
1195 3296 1402 3347 sancta:
1413 3291 1707 3359 Marcella,

119 3377 184 3432 de
211 3397 322 3450 qua
338 3399 490 3453 saepe
504 3386 728 3435 sanctus
741 3381 1116 3452 Hieronymus
1141 3399 1153 3446 ;
1181 3396 1352 3452 quam
1372 3385 1503 3435 ante
1524 3382 1712 3453 plures

120 3483 289 3523 annos
317 3486 383 3524 ex
409 3471 518 3524 hac
537 3470 651 3524 vita
683 3469 973 3541 migrasse,
1006 3469 1261 3540 ejusdem
1300 3469 1479 3524 sancti
1509 3470 1711 3526 Hiem-

119 3557 266 3626 nymi
281 3558 678 3614 testiﬁcatione
689 3558 1005 3613 didicimus.
1021 3559 1154 3623 Qua
1172 3563 1364 3614 autem
1383 3559 1708 3628 acciderint,

119 3661 241 3700 cum
267 3647 346 3714 hi,
380 3665 524 3719 quos
549 3648 654 3712 hoc
683 3664 830 3702 anno
859 3646 930 3702 ab
958 3647 1096 3702 urbe
1115 3647 1358 3703 diximus
1392 3649 1704 3715 recessisse,

119 3731 172 3788 in
198 3735 445 3790 Africam
478 3737 842 3807 trajecerunt,
879 3735 1135 3807 sequenti
1164 3753 1312 3790 anno
1351 3753 1452 3807 pro
1489 3737 1708 3792 ratione

118 3824 377 3895 temporis
393 3825 602 3880 dicturi
615 3842 829 3880 sumus.
845 3825 955 3881 Sed
975 3825 1066 3880 hic
1077 3825 1391 3880 Palladium
1405 3826 1704 3896 corrigere,

119 3910 245 3966 dum
272 3914 354 3969 ait
377 3915 629 3970 Melania
658 3914 836 3969 ﬁlium
863 3915 1022 3970 valde
1064 3915 1332 3985 juvenem
1381 3915 1708 3971 comitatum

120 4016 237 4056 esse
263 4005 712 4074 proﬁciscentem
744 4003 1042 4059 Melaniam
1083 4004 1143 4058 in
1193 4004 1444 4059 Siciliam
1489 4021 1704 4076 usque;

121 4104 241 4146 nam
273 4093 555 4164 quomodo
584 4093 742 4146 valde
762 4092 1003 4162 juvenis,
1036 4109 1164 4146 cum
1197 4099 1416 4147 constet
1443 4099 1575 4148 ante
1605 4111 1708 4148 an-

119 4193 214 4232 nos
231 4180 453 4237 circiter
472 4181 848 4254 quadraginta
866 4181 1165 4236 Melaniam
1187 4181 1462 4236 seniorem
1483 4183 1710 4237 viduam

121 4281 234 4324 esse
255 4270 554 4326 relictam?
581 4271 668 4326 vel
699 4270 976 4342 quomodo
1006 4269 1065 4325 in
1093 4271 1340 4326 Siciliam
1378 4289 1555 4344 usque
1583 4289 1708 4326 eam

120 4357 330 4414 tantum
357 4359 678 4424 comitatus,
712 4359 806 4431 qui
837 4375 965 4414 cum
993 4359 1106 4414 illis
1135 4359 1415 4431 navigavit
1457 4360 1516 4415 in
1556 4361 1708 4416 Afri-

122 4459 254 4510 eam,
286 4447 382 4503 ubi
395 4455 466 4504 “et
494 4449 789 4504 defunctus
818 4454 904 4503 est
924 4448 948 4501 ?
971 4448 1034 4504 Id
1055 4454 1277 4504 constat
1293 4466 1359 4503 ex
1380 4449 1585 4505 litteris
1599 4451 1709 4505 Au-

1797 3289 1944 3344 sicut
1971 3290 2198 3362 propior
2227 3296 2283 3345 et
2301 3289 2569 3360 aqualior
2591 3288 2791 3343 anima
2817 3288 2938 3358 ejus
2967 3285 3197 3358 spiritus
3226 3283 3396 3338 altius

1793 3378 2138 3445 intellexisti,
2177 3384 2234 3434 et
2253 3379 2508 3450 perfecta
2532 3379 2591 3434 in
2613 3377 2837 3432 Christo
2867 3375 3107 3440 femina,
3133 3374 3287 3428 salva
3310 3372 3394 3427 vi-

1793 3467 1912 3522 rilis
1938 3467 2140 3523 anima
2171 3468 2515 3533 fortitudine,
2553 3483 2648 3522 cor
2676 3472 2994 3521 maternum
3017 3465 3086 3518 de
3105 3462 3289 3518 cordis
3307 3461 3394 3518 tui

1793 3556 2162 3612 similitudine
2191 3557 2392 3612 melius
2419 3574 2486 3610 ex
2523 3573 2682 3626 aquo
2701 3561 2853 3609 statu
2882 3553 3294 3624 contemplatus
3309 3568 3388 3617 es,

1793 3651 1858 3701 ut
1885 3663 2011 3702 eam
2042 3646 2286 3718 primum
2313 3663 2413 3717 pro
2443 3645 2686 3700 naturali
2729 3643 3020 3699 affectione
3051 3645 3386 3714 permotam,

1790 3735 1993 3791 deinde
2008 3752 2179 3790 causa
2205 3735 2423 3806 potiore
2451 3739 2844 3805 compunctam
2871 3732 3087 3788 flevisse
3117 3730 3392 3803 perspice-

1793 3842 1902 3892 res,
1918 3841 2030 3880 non
2044 3831 2162 3879 tam
2179 3825 2318 3880 illud
2331 3826 2637 3879 humanum
2647 3823 2816 3895 ,quod
2833 3822 3060 3877 unicum
3073 3821 3250 3875 ﬁlium
3262 3835 3391 3874 con-

1793 3914 2006 3969 ditione
2037 3915 2262 3969 mortali
2283 3915 2607 3969 defunctum
2633 3914 2690 3968 in
2716 3911 2977 3984 praesenti
3009 3909 3210 3965 saeculo
3246 3907 3389 3963 ami-

1792 4003 1976 4072 sisset,
2009 4021 2179 4075 quam
2201 4004 2349 4076 quod
2365 4003 2768 4076 propemodum
2787 4002 2844 4057 in
2868 3999 3120 4056 saculari
3140 3998 3390 4054 vanitate

1792 4098 2156 4164 praeventum,
2193 4093 2327 4165 quia
2364 4093 2604 4148 necdum
2634 4093 2794 4147 illum
2820 4091 3145 4145 deseruerat
3169 4094 3390 4144 senato-

1791 4184 1887 4238 ria
1921 4183 2214 4253 dignitatis
2239 4182 2491 4248 ambitio,
2523 4199 2636 4236 non
2663 4183 2826 4252 juxta
2845 4185 3097 4235 sanctam
3129 4183 3388 4234 votorum

1791 4288 2024 4327 suorum
2051 4272 2351 4328 avaritiam
2381 4272 2654 4343 cogitaret
2679 4275 3050 4343 assumptum,
3073 4274 3137 4324 ut
3165 4269 3235 4324 de
3263 4284 3390 4323 con-

1790 4361 2060 4416 versionis
2085 4362 2268 4434 gloria
2285 4363 2580 4417 transisset
2593 4361 2663 4416 ad
2682 4361 2920 4433 gloriam
2942 4357 3386 4425 resurrectionis,

1789 4468 2144 4506 communem
2173 4469 2301 4508 cum
2328 4457 2507 4506 matre
2529 4451 2780 4523 requiem
2801 4465 3178 4520 coronamque
3195 4453 3387 4520 captu-

119 4535 504 4609 gustiniatque
517 4537 751 4604 Paulini,
771 4537 840 4594 de
853 4535 1056 4609 quibus
1071 4553 1218 4593 anno
1231 4539 1484 4610 sequenti
1502 4539 1706 4595 dicturi
1727 4535 1912 4608 Drus,
1945 4541 1992 4594 si
2020 4541 2078 4595 in
2103 4541 2273 4612 hujus
2303 4541 2489 4596 saeculi
2511 4541 2624 4595 vita
2653 4539 2854 4596 matris
2883 4538 3134 4609 exemplo
3162 4552 3384 4592 saccum

121 4635 322 4689 sumus,
355 4643 421 4680 ex
452 4626 658 4698 quibus
686 4627 851 4697 longe
880 4626 1064 4681 verior
1086 4627 1155 4682 de
1184 4627 1351 4682 rebus
1379 4628 1556 4698 gestis
1589 4630 1706 4684 Me-

121 4706 272 4767 lania
289 4730 354 4769 ac
373 4715 596 4771 Piniani
615 4721 672 4770 et
690 4714 967 4770 sociorum
981 4715 1217 4770 historia
1227 4716 1516 4787 aeuipitur,
1538 4734 1705 4788 quam

123 4811 185 4852 ex
212 4799 478 4872 Palladio,
523 4805 619 4877 qui
658 4804 872 4860 nullam
900 4805 1126 4877 penitus
1173 4805 1241 4860 de
1288 4804 1476 4860 Africa
1513 4805 1710 4861 habuit

122 4889 476 4961 mentionem,
507 4910 618 4965 quo
647 4894 749 4949 hos
768 4911 963 4949 omnes
991 4910 1138 4949 anno
1167 4894 1423 4967 sequenti
1439 4911 1560 4949 esse
1576 4911 1707 4967 pro-

123 4972 288 5034 factos
309 4980 504 5056 liquet,
532 4988 702 5056 atque
729 4980 808 5038 ibi
840 4983 1052 5039 diutius
1077 4989 1471 5040 commoratos.

187 5071 370 5137 488
421 5071 534 5127 Hoc
574 5073 695 5144 ipso
742 5089 892 5128 anno
935 5073 1171 5143 (Christi
1219 5073 1343 5140 409,
1401 5073 1710 5130 Innocentii

125 5168 268 5225 papa
299 5159 351 5223 8,
385 5159 613 5216 Honorii
643 5162 724 5226 15,
760 5162 1056 5217 Theodosii
1087 5162 1138 5228 2,
1189 5162 1389 5235 impp.)
1439 5163 1710 5219 Pinianus

125 5239 200 5296 Vir
217 5245 556 5307 clarissimus
587 5267 698 5306 una
713 5267 841 5306 cum
871 5251 1110 5306 Melania
1132 5253 1370 5320 seniore,
1396 5259 1454 5308 et
1477 5253 1711 5308 Melania

122 5328 332 5397 juniore
361 5339 620 5412 conjuge,
657 5345 826 5412 atque
855 5357 1021 5396 socru
1047 5340 1250 5396 Albina
1271 5341 1514 5411 junioris
1529 5348 1709 5396 matre

129 5416 378 5492 Melania,
406 5444 537 5484 cum
567 5446 718 5484 anno
749 5429 1026 5502 superiori
1065 5430 1349 5486 distractis
1381 5430 1540 5486 bonis
1586 5449 1708 5502 qua

127 5503 304 5567 Roma
332 5521 388 5571 et
417 5517 475 5572 in
500 5517 662 5574 Italia
688 5517 947 5582 habebat,
981 5519 1376 5590 adnavigasset
1397 5511 1704 5592 'Carthagi-

129 5609 264 5667 nem,
285 5601 358 5659 ibi
377 5622 442 5662 ex
458 5609 739 5681 congestis
753 5608 1005 5681 pecuniis
1024 5609 1370 5680 locupletans
1391 5611 1512 5680 ejus
1525 5610 1707 5665 Eccle-

1789 4636 1953 4700 toga,
1983 4634 2039 4683 et
2054 4630 2458 4684 monasterium
2471 4629 2689 4684 senatui
2711 4627 3067 4699 praetulisset.
3091 4625 3386 4680 Verumta-

1790 4733 1920 4773 men
1946 4716 2095 4772 idem
2123 4717 2205 4770 vir
2247 4719 2328 4786 (ut
2350 4723 2407 4772 et
2425 4723 2593 4772 antea
2612 4715 2796 4783 retuli)
2819 4731 2884 4768 ex
2906 4720 3032 4770 voto
3069 4711 3386 4770 sanctitatis

1788 4811 1900 4860 tua
1931 4805 2016 4860 his
2046 4805 2306 4877 operibus
2325 4807 2697 4877 locupletatus
2725 4803 3091 4872 abscessit,ut
3117 4809 3386 4859 materna

1789 4894 2123 4950 humilitatis
2153 4894 2504 4950 nobilitatem
2526 4894 2572 4949 si
2594 4900 2747 4950 veste
2775 4911 2890 4950 non
2916 4893 3172 4967 gesserit,
3194 4899 3386 4950 tamen

1792 4990 1981 5040 mente
2012 4985 2338 5057 pratulerit.

1865 5091 1893 5126 ι
1932 5075 2016 5130 Ita
2047 5074 2218 5141 enim,
2245 5075 2553 5130 secundum
2582 5074 2812 5132 verbum
2839 5075 3086 5144 Domini,
3106 5076 3259 5131 mitis
3271 5092 3388 5130 mo-

1792 5163 1946 5218 ribus
1963 5163 2134 5219 fuitet
2152 5164 2380 5220 humilis
2401 5166 2586 5233 corde,
2609 5172 2675 5221 ut
2691 5183 2803 5220 non
2823 5166 3105 5221 immerito
3124 5165 3388 5220 credatur

1793 5253 2054 5308 introisse
2084 5253 2142 5308 in
2171 5254 2425 5325 requiem
2457 5255 2978 5327 Domini,quoniam
2992 5253 3386 5324 suntreliquia

1792 5343 2006 5398 homini
2049 5343 2298 5414 paciﬁco,
2344 5349 2401 5397 et
2445 5345 2726 5399 mansueti
2774 5342 3139 5416 possidebunt
3175 5347 3386 5397 terram

1789 5433 2007 5505 (Matth.
2039 5432 2135 5503 χι),
2166 5433 2448 5504 placentes
2479 5434 2594 5488 Deo
2621 5432 2679 5486 in
2696 5433 2924 5504 regione
2952 5431 3385 5486 vivorum.Nam

1793 5529 1944 5576 certe
1973 5528 2030 5576 et
2056 5522 2193 5576 illud
2223 5523 2476 5594 Apostoli
2504 5538 2617 5576 non
2634 5522 2816 5577 solum
2838 5521 3008 5576 tacito
3029 5519 3235 5576 mentis
3258 5519 3388 5577 afl'e-

1789 5617 1900 5678 ctu,
1932 5612 2028 5665 sed
2059 5617 2115 5666 et
2143 5611 2453 5684 conspicuis
2482 5610 2758 5682 religiosis
2787 5610 3038 5684 implevit
3064 5610 3298 5680 ofﬁciis;
3331 5616 3389 5666 et

131 5682 217 5742 εἰδὲ
243 5706 532 5770 pauperes,
573 5697 705 5757 inde
735 5697 808 5756 ad
836 5703 1092 5756 sanctum
1128 5698 1374 5774 Alipium
1402 5700 1702 5774 Tagastam
1786 5716 1914 5757 cum
1944 5707 2090 5759 esset
2109 5682 2351 5760 altorum
2380 5702 2550 5777 hujus
2569 5701 2756 5761 saeculi
2784 5701 2840 5760 in
2861 5682 3058 5760 ordine
3092 5706 3149 5759 et
3177 5701 3388 5760 honore
