3876 6378
448 343 556 404 ’135

1584 351 1678 407 DE
1713 351 1901 407 VITIS
1939 352 2234 410 PATRUM
2270 355 2486 411 LIBER
2521 356 2595 412 II.

3617 359 3717 421 736

449 478 654 559 satique.
670 471 1132 559 Narrat‘q‘uidem
1162 472 1448 559 Palladius
1458 491 1587 559 cum
1610 474 1850 559 Helania
1868 475 2040 559 fuisse
2060 484 2106 544 Α
2122 482 2179 534 et
2202 478 2533 559 Heraclides
2541 481 2869 559 simpliciter
2884 483 3075 559 dicant
3362 486 3605 559 Romam
3623 502 3714 559 ap-

450 544 759 619 Ruiﬂnum,
770 543 1071 619 _sed_'tunc
1107 550 1271 619 erant
1314 544 1713 619 Jerosolymis.
1730 548 1846 602 Nec
1860 547 2041 619 aliter

450 616 755 687 capiendus
769 612 1056 681 Paulinus,
1076 631 1204 671 cum
1222 616 1305 671 ait
1325 639 1349 667 ι
1367 612 1652 673 Bullinum
1669 618 1921 673 Melania
1931 618 2041 690 spi-

450 685 601 742 ritali
627 686 721 740 via
745 685 1007 741 comitem
1037 688 1303 753 (Paulin.,
1328 693 1463 753 epist
1500 687 1575 750 9).
1604 708 1630 741 n
1651 688 1758 753 Qui
1774 706 1910 743 sane
1925 706 2038 745 non

449 702 601 742 man
627 702 721 740 via
745 702 1007 741 comitem
1037 702 1303 753 (ﬂauum,
1328 702 1463 757 epist
1500 702 1575 750 ν).
1604 708 1630 741 ››
1651 702 1758 753 QD!
1774 706 1910 743 sane
1925 706 2037 745 non

449 757 720 831 tacuisset
747 756 1308 831 Rufﬂniadventum,
1340 759 1504 831 epist.
1527 758 1621 831 10,
1654 776 1767 830 qua
1780 760 2037 814 Melania

449 828 758 910 adventum.
780 827 1071 910 Neapolim
1102 827 1479 910 prosequitur,
1513 829 1561 910 si
1590 827 1702 910 una
1720 846 1846 884 cum
1877 832 2040 910 M_ela‘-

448 898 545 972 nia
562 898 1054 972 adveniss_et.’Nisi
1085 898 1222 972 quis
1237 898 1386 972 dicat
1422 900 1720 955 Melaniam
1743 918 1871 955 cum
1900 901 2039 956 Ruf-

450 969 565 1025 tino
595 970 777 1041 primo
805 969 1041 1024 Romam
1060 971 1342 1096 appulisse
1374 969 1387 1038 ζ
1428 972 1559 1026 inde
1584 972 1886 1026 Melanium
1907 989 2035 1028 con-

450 1040 681 1095 cessisse
718 1040 1047 1096 Neapolim:
1137 1042 1371 1096 utﬁnum
1401 1042 1592 1096 Roma
1625 1044 1916 1096 mansisse.
1949 1044 2035 1096 vel

448 1041 681 1112 cessisse
718 1041 1047 1112 Neapolim;
1086 1041 1371 1096 Bullinum
1401 1042 1592 1097 Roma
1625 1044 1916 1108 mansisse,
1949 1044 2035 1099 vel

446 1111 765 1185 Aquileiam
793 1111 1124 1185 profectum.
1154 1112 1266 1185 Sed
1295 1112 1582 1179 Paulinus,
1616 1114 1713 1185 qui
1734 1115 2035 1170 Melaniam

449 1181 685 1257 excepit,
708 1181 936 1239 ait‘eam
956 1183 1251 1257 Neapolim
1280 1184 1563 1256 appulisse
1588 1181 1723 1252 ;étsi
1748 1185 2034 1241 Palladius

2162 549 2352 631 ulisse.
2386 551 2497 631 Sed
2537 549 2947 631 interpretandi
2991 562 3125 612 sunt
3148 574 3249 629 per
3283 557 3602 631 Neapolim,
3646 549 3714 614 ἐκ

2169 622 2360 695 aulino
2390 622 2487 694 qui
2514 622 2761 695 prasens
2796 625 2919 681 fuit.

2187 691 2286 763 (cc)
2314 694 2389 770 _(ll_
2407 691 2576 770 plane
2606 701 2831 770 nullum
2853 701 2925 752 sit
2942 697 3352 770 du_bium.]Imo
3370 717 3504 756 vero
3534 700 3712 756 maxi-

2120 763 2529 842 mum_dubium
2554 766 2751 842 haret.
2791 768 2907 842 Nec
2933 768 3083 824 enim
3110 763 3382 842 negamus
3418 771 3709 827 Rut'ﬁnum

2119 838 2255 887 tunc
2276 834 2473 915 Roma
2488 836 2815 915 fuisse,cum
2838 840 2909 915 ad
2929 856 3061 915 eum
3082 834 3307 915 scripsit
3331 843 3709 915 Hieronymus

2122 920 2245 958 eam
2277 905 2707 986 epistolaméed
2731 910 2878 981 quod
2890 927 3001 986 non
3018 905 3323 986 simulcum
3335 905 3580 986 Melania
3600 914 3712 986 Bo-

2121 991 2274 1029 mam
2301 977 2480 1032 iverit.
2502 977 2790 1053 Ruftinum
2815 981 2967 1036 enim
3006 984 3127 1053 jam
3156 989 3322 1038 antea
3358 984 3582 1040 videtur
3609 985 3714 1040 Ro-

2117 1062 2268 1128 mam
2297 1063 2553 1128 evqcasse
2563 1050 2870 1128 domestica
2894 1050 3229 1128 necessitas,
3246 1071 3373 1110 cum
3393 1056 3711 1128 Aquileiam

2115 1116 2225 1187 ipsi
2272 1120 2733 1199 proﬁciscendum
2769 1121 2895 1178 fuit.
2929 1124 3169 1179 Melania
3198 1116 3432 1199 Romam
3460 1116 3710 1199 profecta

2115 1192 2405 1245 occasione
2433 1192 2616 1263 neptis
2644 1210 2777 1261 sua,
2813 1200 2878 1250 ut
2904 1200 3059 1267 patet
3073 1213 3245 1269 supra
3263 1213 3332 1252 ex
3359 1192 3638 1253 Palladio.

871 1442 1011 1516 DE
1090 1443 1562 1518 BUFFINO
1645 1446 2357 1524 PBESBYTERO
2431 1449 2905 1547 EJUSQUE
2981 1454 3301 1529 [ΑΒΒο

591 1599 1378 1700 ILLUSTRIUM
1450 1605 2042 1703 VIRORUM

2114 1608 2568 1707 ELOGIA
2641 1610 2788 1705 ET
2853 1611 3613 1723 TESTIMONIA.

862 1863 959 1920 DE
985 1863 1301 1921 RUFFINO
1329 1863 1616 1922 ELOGIA.

661 1954 1053 2022 Hieronymus,
1084 1957 1236 2023 epist.
1266 1957 1319 2020 5,
1352 1956 1426 2009 ad
1463 1957 1824 2011 Florentium.

519 2047 712 2110 445
729 2042 800 2098 Et
811 2042 943 2115 quia
967 2043 1143 2099 frater
1172 2044 1431 2100 Rufﬁnus
1453 2042 1552 2118 (a),
1579 2045 1675 2117 qui
1702 2061 1831 2101 cum
1855 2050 2049 2101 sancta

450 2129 695 2188 Melania
720 2131 792 2187 ab
828 2131 1079 2205 Egypto
1107 2132 1517 2205 Jerosolymam
1539 2134 1757 2190 venisse
1782 2141 2050 2192 narratur

2123 1872 2418 1925 censentes
2470 1871 3011 1942 sermocinabantur,
3041 1891 3143 1931 cur
3169 1893 3204 1932 a
3230 1877 3566 1949 quibusdam
3593 1896 3722 1953 pro-

2123 1961 2518 2031 tomystarum,
2545 1965 2814 2035 tanquam
2846 1979 3057 2020 scavus
3083 1967 3473 2039 cavendusque
3506 1974 3721 2024 tracta-

2127 2051 2218 2103 tor
2244 2047 2697 2121 improbaretur;
2746 2068 3067 2125 quanquam
3100 2055 3181 2110 sic
3217 2060 3367 2112 esset
3384 2057 3457 2111 ad
3486 2056 3720 2115 verbum

2129 2137 2469 2193 sententiam
2496 2140 2823 2207 translatus,
2855 2146 2921 2196 ut
2954 2157 3057 2197 nec
3081 2144 3350 2216 Apuleius
3381 2145 3721 2202 Phadonem

453 2218 743 2289 individua
766 2220 904 2275 mihi
925 2222 1320 2293 germanitatis
1344 2222 1617 2278 charitate
1637 2240 1919 2279 connexus
1941 2230 2044 2289 est,
2060 2268 2113 2334 Β
2131 2225 2212 2281 sic
2243 2226 2511 2294 Platonis,
2546 2245 2728 2301 neque
2747 2229 2965 2285 Tullius
2991 2230 3410 2305 Ctesiphontem
3429 2235 3511 2289 sic
3525 2235 3727 2291 Demo-

458 2310 638 2334 μω.--
669 2314 733 2334 --ι
761 2310 1048 2334 ,,ε,ι,ι,-,
1083 2328 1261 2334 ,μημ
1307 2312 1435 2334 με,
1480 2313 1712 2334 HL.-.“
1744 2318 1850 2334 ιημ
1892 2330 2022 2334 μμ--
2379 2316 2390 2328 -
2782 2318 2797 2334 ι
3048 2320 3093 2334 τε
3271 2321 3283 2334 ο
3548 2324 3561 2334 -

454 2310 641 2382 quaso
669 2314 736 2365 ut
757 2310 1053 2382 epistolam
1083 2328 1267 2366 meam
1307 2312 1445 2391 huic
1473 2313 1719 2385 epistola
1743 2318 1856 2369 tua
1884 2310 2113 2388 copu-"
2131 2316 2347 2371 sthenis
2376 2316 2434 2371 in
2459 2334 2622 2372 usum
2642 2318 3010 2391 regulamque
3048 2320 3288 2378 Romani
3315 2324 3595 2381 sermonis
3621 2342 3727 2381 ex-

450 2399 626 2456 latam
657 2399 711 2455 ei
738 2399 974 2455 reddere
1000 2416 1070 2455 ne
1095 2401 1364 2473 graveris.
1382 2385 1511 2456 Noli
1530 2418 1633 2457 nos
1661 2404 1785 2474 ejus
1812 2385 2052 2458 astima-

454 2505 517 2546 re
545 2488 867 2546 virtutibus.
897 2490 962 2545 In
991 2489 1086 2545 illo
1115 2490 1424 2562 conspicies
1445 2507 1706 2562 expressa
1730 2493 2049 2548 sanctitatis

451 2577 709 2649 vestigia,
739 2582 796 2632 et
825 2594 929 2649 ego
957 2578 1095 2633 cinis
1119 2584 1178 2634 et
1203 2579 1476 2635 vilissima
1500 2596 1631 2652 pars
1659 2580 1787 2648 luti,
1836 2585 1893 2635 et
1925 2578 2048 2652 jam

455 2665 668 2733 favilla,
701 2665 835 2721 dum
864 2671 1068 2733 vertor,
1102 2667 1240 2723 satis
1268 2667 1447 2723 habeo
1466 2668 1514 2723 si
1542 2668 1897 2740 splendorem
1926 2686 2049 2724 mo-

451 2770 584 2811 rum
622 2753 776 2810 illius
794 2754 1152 2810 imbecillitas
1180 2756 1470 2811 oculorum
1483 2773 1741 2811 meorum
1761 2757 1908 2813 ferre
1923 2775 2049 2815 sus-

455 2842 658 2900 tineat.
705 2842 809 2898 Ille
836 2843 1003 2899 modo
1033 2861 1093 2899 se
1121 2844 1275 2911 lavit,
1308 2850 1367 2899 et
1408 2845 1652 2901 mundus
1681 2852 1784 2912 est,
1833 2852 1890 2902 et
1915 2853 2048 2902 tan-

457 2945 629 3004 quam
657 2929 757 2987 nix
775 2929 1087 2987 dealbatus.
1113 2932 1227 3003 Ego
1256 2932 1469 2987 cunctis
1496 2938 1849 3004 peccatorum
1875 2935 2057 2991 sordi-

455 3018 565 3077 bus
591 3019 940 3092 inquinatus,
989 3020 1185 3077 diebus
1220 3038 1286 3076 ac
1326 3021 1580 3078 noctibus
1620 3023 1881 3096 opperior
1920 3041 2047 3080 cum

452 3112 703 3166 tremore
726 3110 962 3165 reddere
988 3110 1353 3166 novissimum
1380 3112 1772 3183 quadrantem.

458 3200 628 3266 Idem,
650 3200 946 3269 appendice
967 3201 1042 3253 ad
1058 3200 1366 3255 Chronicon
1388 3201 1625 3269 Eusebii,
1650 3217 1800 3257 anno
1835 3200 1902 3260 14
1950 3204 2051 3258 Va-

1082 3291 1409 3344 lentiniani.

524 3375 883 3434 Florentinus
909 3376 1162 3433 Bonosus
1185 3382 1243 3432 et
1252 3378 1512 3435 Rufﬁnus
1525 3379 1774 3450 insignes
1788 3379 2049 3435 monachi

457 3464 758 3522 habentur.
792 3465 842 3522 E
879 3466 1081 3537 quibus
1109 3466 1469 3523 Florentinus
1509 3473 1628 3524 tam
1652 3468 1969 3525 misericors
1988 3469 2049 3525 in

456 3559 686 3627 egentes
694 3554 821 3620 fuit,
836 3560 903 3611 ut
920 3556 1086 3627 vulgo
1106 3561 1266 3629 pater
1283 3572 1597 3629 pauperum
1609 3558 1935 3613 nominatus
1954 3558 2047 3613 sit.

777 3646 1072 3712 Paulinus,
1105 3649 1260 3715 epist.
1285 3642 1339 3711 9,
1363 3648 1437 3700 ad
1463 3646 1743 3703 Severum.

2132 2405 2478 2478 scripserint.

2202 2496 2541 2561 Gennadius,
2571 2498 2635 2552 de
2656 2501 3233 2629 illustribus1
3256 2501 3653 2574 Scriptoribus,

2809 2589 2926 2629 can.
3033 2615 3045 2627 .

2809 2589 2926 2642 cap.
2960 2589 2984 2629 ι
3005 2589 3045 2628 ι.

2202 2655 2462 2712 Ruﬁnus
2513 2658 2888 2730 Aquileiensis
2937 2664 3193 2721 Ecclesia
3247 2661 3561 2737 presbyter,
3617 2681 3734 2721 non

2131 2744 2368 2801 minima
2396 2763 2539 2821 pars
2555 2747 2663 2804 fuit
2688 2749 2981 2808 doctorum
3011 2753 3287 2820 Ecclesia,
3325 2758 3385 2808 et
3406 2752 3465 2808 in
3494 2754 3736 2810 transfe-

2129 2834 2305 2890 rendo
2324 2835 2393 2891 de
2406 2836 2596 2893 Graco
2610 2838 2669 2893 in
2687 2839 2951 2897 Latinum
2963 2844 3190 2915 elegans
3204 2842 3496 2914 ingenium
3506 2842 3734 2899 habuit.

2130 2922 2386 2996 Denique
2416 2926 2663 2982 maxima
2689 2934 2849 3001 parte
2874 2931 3193 2988 Gracorum
3214 2931 3612 2987 bibliothecam
3632 2933 3742 2988 La-

2132 3012 2265 3067 tinis
2294 3013 2543 3071 exhibuit
2570 3033 2583 3070 :
2616 3017 2810 3074 Basilii
2830 3020 3041 3076 scilicet
3054 3019 3415 3077 Casariensis
3433 3021 3733 3093 Cappado-

2130 3101 2229 3159 cia
2270 3104 2552 3177 episcopi;
2585 3104 2848 3177 Gregorii
2892 3109 3226 3165 Nazianzeni
3279 3110 3729 3182 eloquentissimi

2129 3191 2404 3259 hominis;
2425 3194 2731 3250 Clementis
2752 3197 2990 3253 Romani
3018 3198 3482 3270 Recognitionum
3500 3198 3679 3254 libros
3713 3217 3727 3268 ;

2130 3286 2324 3347 44o
2343 3282 2567 3338 Eusebii
2583 3285 2942 3341 Casariensis
2952 3287 3261 3344 Palaestina
3279 3287 3728 3344 Ecclesiasticam

2131 3369 2438 3425 Historiam
2464 3390 2477 3439 ;
2511 3373 2672 3445 Xysti
2701 3375 3011 3432 sententias
3044 3395 3057 3445 ;
3090 3376 3311 3448 Evagrii
3335 3377 3670 3433 sententias.

2201 3460 2612 3533 Interpretatus
2633 3468 2721 3517 est
2737 3464 2909 3519 etiam
2923 3465 3128 3522 Senten
3134 3466 3242 3521 tias
3256 3464 3538 3539 Pamphili
3558 3482 3720 3521 mar-

2130 3550 2275 3621 tyris
2291 3549 2559 3606 adversus
2582 3552 3027 3611 Mathematicos.

2070 3664 2116 3726 ο
2204 3639 2418 3694 Horum
2447 3639 2702 3695 omnium
2727 3657 3073 3715 quacunque
3086 3642 3389 3716 pramissis
3415 3644 3669 3717 prologis
3695 3663 3731 3701 a

524 3732 711 3804 Ipsam
732 3733 1351 3807 annotationem,quam
1372 3735 1786 3792 commonitorii
1811 3737 1929 3792 vice
1946 3737 2051 3793 mi-
2129 3726 2346 3784 Latinis
2375 3728 2659 3800 leguntur,
2692 3746 2727 3784 a
2753 3730 2977 3788 Ruﬁino
3005 3732 3375 3806 interpretata
3406 3738 3571 3803 sunt;
3599 3751 3731 3807 qua

452 3837 627 3888 seras,
649 3822 853 3877 litteris
873 3822 1014 3877 meis
1041 3823 1282 3879 inditam
1310 3824 1494 3879 direxi
1525 3825 1597 3880 ad
1622 3825 1912 3881 Bullinum
1927 3843 2050 3898 pre-

453 3909 785 3983 sbyterium,
819 3916 1026 3967 sancta
1063 3912 1319 3969 Melania
1365 3913 1604 3985 spiritali
1634 3914 1724 3969 via
1758 3916 2044 3983 comitem,

453 4016 584 4056 vere
605 4004 881 4066 sanctum,
918 4005 975 4054 et
1001 4000 1091 4072 pie
1120 4001 1370 4068 doctum,
1394 4007 1451 4058 et
1474 4001 1545 4057 ob
1574 4002 1680 4057 hoc
1699 4004 2050 4059 intimamihi

453 4088 747 4145 affectione
774 4090 1156 4160 conjunctum.
1198 4090 1259 4146 Si
1299 4090 1394 4146 ille
1438 4091 1541 4145 has
1567 4107 1691 4163 qua
1737 4094 1939 4149 merito
1993 4099 2051 4150 te

455 4182 786 4250 permovent
815 4178 885 4232 de
913 4193 1191 4233 annorum
1217 4178 1333 4234 sive
1360 4195 1662 4251 regnorum
1685 4197 1799 4236 non
1817 4200 2052 4255 congru-

456 4272 587 4322 ente
606 4266 837 4333 calculo,
882 4265 1094 4321 hiantis
1120 4266 1368 4323 historia
1397 4283 1596 4323 causas
1634 4285 1745 4324 non
1788 4272 2046 4341 ediderit,

458 4354 555 4427 qui
582 4361 639 4410 et
658 4354 1000 4411 scholasticis
1029 4361 1087 4411 et
1106 4355 1466 4413 sacularibus
1486 4356 1691 4413 litteris
1713 4359 1904 4415 Grace
1925 4362 2051 4432 jux-

454 4450 516 4501 ta
542 4462 608 4500 ac
634 4445 835 4502 Latine
862 4444 1014 4500 dives
1045 4450 1149 4512 est,
1183 4462 1378 4501 vereor
1405 4461 1476 4502 ne
1505 4447 1654 4521 apud
1679 4448 1854 4505 alium
1872 4450 1933 4505 in
1963 4450 2048 4506 his

452 4534 776 4607 regionibus
802 4534 1014 4591 frustra
1041 4536 1416 4608 requiramus.

634 4626 950 4691 Cassianus,
979 4626 1075 4681 lib.
1099 4639 1176 4681 vn
1204 4626 1269 4681 de
1301 4628 1611 4705 Incarnat.,
1636 4643 1755 4697 cap.
1778 4625 1868 4685 27.

525 4714 788 4770 Rufﬁnus
810 4730 1033 4787 quoque
1049 4715 1383 4771 Christiana
1411 4715 1777 4788 philos0phia
1786 4717 2047 4784 vir,haud

458 4805 867 4861 contemnenda
891 4804 1410 4860 Ecclesiasticorum
1444 4805 1737 4861 doctorum
1765 4806 1977 4878 portio.

580 4892 825 4948 Gelasius
841 4897 1018 4962 pont.,
1049 4896 1114 4948 in
1142 4895 1384 4950 Concilio
1412 4896 1653 4950 Romano
1675 4911 1783 4951 ιιι
1810 4912 1931 4966 app.

2130 3822 2264 3873 sunt
2285 3817 2407 3873 sine
2436 3818 2687 3890 prologo,
2710 3818 2781 3875 ab
2800 3819 2912 3876 alio
2938 3822 3215 3878 translata
3241 3827 3392 3891 sunt,
3426 3822 3524 3895 qui
3544 3823 3731 3896 prolo-

2129 3922 2266 3977 gum
2293 3906 2475 3962 facere
2502 3907 2702 3963 noluit.

2203 3995 2466 4067 Origenis
2493 4001 2682 4052 autem
2708 4013 2822 4053 non
2843 3999 3051 4069 omnia,
3098 4001 3234 4073 quia
3260 4004 3316 4056 et
3349 4000 3730 4073 Hieronymus

2133 4085 2424 4157 aliquanta
2442 4086 2749 4150 transtulit,
2772 4104 2895 4159 qua
2912 4104 3015 4144 suo
3044 4090 3274 4161 prologo
3297 4089 3717 4146 discernuntur.

2204 4174 2437 4247 Propria
2474 4178 2667 4230 autem
2708 4174 2918 4244 labore,
2964 4176 3079 4234 imo
3121 4178 3308 4250 gratia
3343 4178 3445 4235 Dei
3487 4183 3548 4235 et
3574 4180 3725 4235 dono

2131 4264 2389 4336 exposuit
2405 4264 2555 4320 idem
2584 4264 2844 4321 Bullinus
2872 4265 3222 4337 Symbolum,
3236 4272 3301 4323 ut
3325 4267 3386 4323 in
3416 4268 3541 4339 ejus
3568 4283 3724 4325 com-

2130 4353 2423 4426 paratione
2442 4352 2537 4407 alii
2565 4369 2669 4408 nec
2696 4354 3018 4426 exposuisse
3043 4356 3363 4412 credantur.

2200 4442 2479 4498 Disseruit
2490 4446 2548 4497 et
2557 4442 3043 4500 Benedictioneml
3047 4444 3182 4501 acob
3190 4444 3723 4518 'superPatriarchas

2129 4531 2355 4604 triplici,
2372 4531 2430 4588 id
2458 4536 2561 4598 est,
2598 4531 2884 4600 historico,
2912 4533 3114 4589 morali
3142 4539 3201 4590 et
3221 4535 3458 4607 mystico
3470 4552 3666 4592 sensu.

2101 4648 2104 4652 λ
2204 4621 2440 4693 Scripsit
2476 4625 2535 4677 et
2560 4620 2825 4693 epistolas
2854 4622 2926 4679 ad
2955 4622 3220 4680 timorem
3246 4624 3348 4680 Dei
3376 4624 3722 4682 hortatorias

2130 4710 2357 4777 multas,
2378 4710 2529 4765 inter
2541 4726 2680 4783 quas
2702 4712 3186 4783 praeminentilla
3217 4728 3356 4785 quas
3379 4712 3452 4768 ad
3479 4713 3724 4770 Probam

2128 4800 2303 4855 dedit.

2201 4848 2461 4945 Historia
2511 4848 2683 4947 etiam
2722 4889 3142 4959 Ecclesiastica,
3189 4906 3357 4964 quam
3386 4889 3457 4945 ab
3481 4890 3723 4947 Eusebio

524 4979 955 5038 Item'Rufﬁnus
984 4981 1069 5036 vir
1085 4982 1378 5054 religiosus
1389 4982 1663 5055 plurimos
1684 4979 2112 5043 ecclesiasticiD
2129 4978 2395 5052 scriptam
2426 4984 2485 5035 et
2502 4979 2573 5035 ab
2598 4980 2720 5053 ipso
2746 4980 3177 5052 interpretata!!!
3205 4980 3466 5049 diximus.
3503 4980 3723 5036 addidit
3754 5044 3757 5047 .

454 5070 641 5143 operis
663 5069 840 5125 edidit
864 5070 1056 5137 libros,
1088 5072 1387 5127 nonnullas
1418 5072 1589 5128 etiam
1628 5073 1933 5146 scripturas
1960 5075 2051 5131 in-

451 5165 795 5234 terpretatus
823 5165 934 5216 est.
969 5160 1079 5216 Sed
1099 5161 1366 5233 quoniam
1383 5160 1583 5218 beatus
1602 5162 1979 5235 Hieronymus
1991 5164 2052 5220 in

452 5249 734 5323 aliquibus
762 5266 893 5305 eum
919 5249 991 5305 de
1018 5248 1236 5305 arbitrii
1263 5249 1523 5307 libertate
1548 5250 1781 5318 notavit,
1813 5252 1911 5307 illa
1929 5269 2053 5308 sen-

451 5339 626 5396 timus
650 5356 774 5412 qua
791 5338 1022 5396 beatum
1047 5339 1456 5413 Hieronymum
1499 5341 1710 5397 sentire
1758 5344 2047 5412 cognosci-

455 5445 599 5486 mus.

645 5518 929 5585 Sidonius.
960 5521 1056 5575 lib.
1089 5533 1150 5586 ιι,
1182 5522 1334 5588 epist.
1369 5522 1423 5585 9,
1448 5519 1522 5574 ad
1541 5519 1866 5574 Donidium.

523 5606 679 5671 Quos
704 5606 853 5665 inter
881 5608 1257 5666 Adamantius
1275 5608 1567 5680 Origenes,
1595 5607 1872 5665 Turriauo
1904 5609 2043 5665 Ruf—

453 5694 569 5751 ﬁno
596 5694 1017 5768 interpretatus,
1039 5697 1236 5755 sedulo
1263 5697 1395 5754 ﬁdei
1415 5702 1620 5754 nostra
1632 5697 1933 5755 lectoribus
1962 5699 2046 5756 in-

452 5782 1042 5859 spiciebatur.Pariter
1068 5790 1128 5843 et
1154 5790 1326 5862 prout
1356 5785 1594 5860 singulis
1624 5786 1779 5844 cordi
1822 5787 2042 5847 diversa

2131 5068 2413 5125 decimum
2436 5074 2493 5124 et
2517 5069 2880 5125 undecimum
2904 5069 3133 5125 librum.

2204 5159 2313 5214 Sed
2343 5164 2400 5213 et
2428 5158 2791 5229 obtrectatori
2824 5158 3218 5231 opusculorum
3235 5174 3465 5214 suorum
3495 5173 3725 5231 respon-

2130 5248 2217 5304 dit
2243 5247 2460 5304 duobus
2489 5246 2883 5315 voluminibus,
2916 5264 3160 5320 arguens
3192 5253 3251 5304 et
3277 5246 3635 5315 convinceus,
3658 5263 3723 5303 se

2128 5337 2231 5393 Dei
2258 5337 2469 5393 intuitu
2497 5341 2556 5393 et
2576 5337 2837 5394 Ecclesia
2866 5336 3112 5393 utilitate
3139 5336 3439 5393 auxiliante
3482 5335 3723 5392 Domino

2127 5426 2418 5499 ingenium
2446 5427 2710 5499 agitasse,
2744 5426 2907 5487 illum
2943 5442 3075 5483 vero
3098 5425 3468 5484 amulationis
3490 5426 3723 5482 stimulo

2128 5516 2424 5572 incitatum
2456 5516 2528 5570 ad
2557 5515 2883 5589 obloquium
2902 5517 3112 5589 stylum
3131 5516 3382 5571 vertisse.

2216 5608 2513 5675 Honorius,
2535 5606 2600 5660 de
2628 5607 2945 5664 illustribus
2974 5607 3222 5665 Ecclesia
3248 5605 3641 5675 Scriptoribus,

2806 5711 2924 5765 cap.
2957 5694 3046 5754 17.

2197 5784 2454 5843 Ruflinus
2474 5784 2851 5861 Aquileiensis
2872 5783 3127 5843 Ecclesia
3154 5782 3460 5857 presbyter,
3480 5798 3595 5842 non
3609 5781 3714 5841 mi-
