  <div class='ocr_page' id='page_1' title='image "/cluster/home/n/w/nwhite01/storage/ocr_20150623/73/umn.31951002477366m/375.png"; bbox 0 0 3876 6384; ppageno 0'>
   <div class='ocr_carea' id='block_1_1' title="bbox 484 280 3739 342">
    <p class='ocr_par' dir='ltr' id='par_1_1' title="bbox 484 280 3739 342">
     <span class='ocr_line' id='line_1_1' title="bbox 484 280 3739 342; baseline -0.007 -3"><span class='ocrx_word' id='word_1_1' title='bbox 484 280 3739 342; x_wconf 61' lang='lat' dir='ltr'><em>W</em></span> 
     </span>
    </p>
   </div>
   <div class='ocr_carea' id='block_1_2' title="bbox 1202 350 3043 519">
    <p class='ocr_par' dir='ltr' id='par_1_2' title="bbox 1202 350 3043 519">
     <span class='ocr_line' id='line_1_2' title="bbox 1202 350 3043 519; baseline -0.008 1"><span class='ocrx_word' id='word_1_2' title='bbox 1202 416 1915 519; x_wconf 72' lang='lat' dir='ltr'><strong>HISTORIA</strong></span> <span class='ocrx_word' id='word_1_3' title='bbox 1985 350 3043 515; x_wconf 34' lang='lat' dir='ltr'><strong>moNAcuonUM&#39;</strong></span> 
     </span>
    </p>
   </div>
   <div class='ocr_carea' id='block_1_3' title="bbox 816 564 3400 668">
    <p class='ocr_par' dir='ltr' id='par_1_3' title="bbox 816 564 3400 668">
     <span class='ocr_line' id='line_1_3' title="bbox 816 564 3400 668; baseline -0.007 -20"><span class='ocrx_word' id='word_1_4' title='bbox 816 584 1080 668; x_wconf 71' lang='lat' dir='ltr'><strong>(Exstat</strong></span> <span class='ocrx_word' id='word_1_5' title='bbox 1122 601 1255 645; x_wconf 82' lang='lat' dir='ltr'><strong>cum</strong></span> <span class='ocrx_word' id='word_1_6' title='bbox 1294 580 1449 643; x_wconf 73' lang='lat' dir='ltr'><strong>notis</strong></span> <span class='ocrx_word' id='word_1_7' title='bbox 1489 572 1817 659; x_wconf 73' lang='lat' dir='ltr'><strong>Romeydz&#39;</strong></span> <span class='ocrx_word' id='word_1_8' title='bbox 1854 570 2083 636; x_wconf 79' lang='lat' dir='ltr'><strong>Patrol.</strong></span> <span class='ocrx_word' id='word_1_9' title='bbox 2133 579 2271 634; x_wconf 72' lang='lat' dir='ltr'><strong>tom.</strong></span> <span class='ocrx_word' id='word_1_10' title='bbox 2318 568 2499 648; x_wconf 80' lang='lat' dir='ltr'><strong>XXI,</strong></span> <span class='ocrx_word' id='word_1_11' title='bbox 2546 586 2585 631; x_wconf 88' lang='lat' dir='ltr'><strong>a</strong></span> <span class='ocrx_word' id='word_1_12' title='bbox 2626 565 2739 631; x_wconf 83' lang='lat' dir='ltr'><strong>col.</strong></span> <span class='ocrx_word' id='word_1_13' title='bbox 2785 568 2899 631; x_wconf 86' lang='lat'><strong>387</strong></span> <span class='ocrx_word' id='word_1_14' title='bbox 2945 564 3029 628; x_wconf 85' lang='lat' dir='ltr'><strong>ad</strong></span> <span class='ocrx_word' id='word_1_15' title='bbox 3065 564 3175 630; x_wconf 85' lang='lat' dir='ltr'><strong>col.</strong></span> <span class='ocrx_word' id='word_1_16' title='bbox 3222 566 3400 649; x_wconf 72' lang='grc'><strong>402.)</strong></span> 
     </span>
    </p>
   </div>
   <div class='ocr_carea' id='block_1_4' title="bbox 1442 819 2861 971">
    <p class='ocr_par' dir='ltr' id='par_1_4' title="bbox 1442 819 2861 971">
     <span class='ocr_line' id='line_1_4' title="bbox 1442 819 2861 971; baseline -0.008 0"><span class='ocrx_word' id='word_1_17' title='bbox 1442 830 1629 971; x_wconf 87' lang='lat' dir='ltr'><strong>DE</strong></span> <span class='ocrx_word' id='word_1_18' title='bbox 1714 825 2100 969; x_wconf 86' lang='lat' dir='ltr'><strong>VITIS</strong></span> <span class='ocrx_word' id='word_1_19' title='bbox 2187 819 2770 966; x_wconf 85' lang='lat' dir='ltr'><strong>PATRUM</strong></span> <span class='ocrx_word' id='word_1_20' title='bbox 2854 850 2861 855; x_wconf 83' lang='lat'>&#39;</span> 
     </span>
    </p>
   </div>
   <div class='ocr_carea' id='block_1_5' title="bbox 860 1074 2099 1485">
    <p class='ocr_par' dir='ltr' id='par_1_5' title="bbox 860 1081 2099 1483">
     <span class='ocr_line' id='line_1_5' title="bbox 860 1081 2099 1483; baseline -0.006 -153"><span class='ocrx_word' id='word_1_21' title='bbox 860 1081 1768 1329; x_wconf 78' lang='lat' dir='ltr'>LIBER</span> 
     </span>
    </p>
   </div>
   <div class='ocr_carea' id='block_1_6' title="bbox 2142 1074 3341 1485">
    <p class='ocr_par' dir='ltr' id='par_1_6' title="bbox 2142 1074 3341 1484">
     <span class='ocr_line' id='line_1_6' title="bbox 2142 1074 3341 1484; baseline -0.007 -162"><span class='ocrx_word' id='word_1_22' title='bbox 2142 1074 3341 1484; x_wconf 58' lang='lat' dir='ltr'><strong>EEBTIUS,</strong></span> 
     </span>
    </p>
   </div>
   <div class='ocr_carea' id='block_1_7' title="bbox 1108 1598 3123 1768">
    <p class='ocr_par' dir='ltr' id='par_1_7' title="bbox 1108 1598 3123 1768">
     <span class='ocr_line' id='line_1_7' title="bbox 1108 1598 3123 1768; baseline -0.011 -12"><span class='ocrx_word' id='word_1_23' title='bbox 1108 1610 1837 1756; x_wconf 79' lang='lat' dir='ltr'><strong>VERBA</strong></span> <span class='ocrx_word' id='word_1_24' title='bbox 1947 1598 3123 1768; x_wconf 76' lang='lat' dir='ltr'><strong>SENIORUM,</strong></span> 
     </span>
    </p>
   </div>
   <div class='ocr_carea' id='block_1_8' title="bbox 1336 1822 2860 1922">
    <p class='ocr_par' dir='ltr' id='par_1_8' title="bbox 1336 1822 2860 1922">
     <span class='ocr_line' id='line_1_8' title="bbox 1336 1822 2860 1922; baseline -0.01 0"><span class='ocrx_word' id='word_1_25' title='bbox 1336 1832 1992 1922; x_wconf 85' lang='lat' dir='ltr'><strong>AUCTORE</strong></span> <span class='ocrx_word' id='word_1_26' title='bbox 2084 1822 2860 1914; x_wconf 81' lang='lat' dir='ltr'><strong>PROBABILI</strong></span> 
     </span>
    </p>
   </div>
   <div class='ocr_carea' id='block_1_9' title="bbox 849 1995 3349 2130">
    <p class='ocr_par' dir='ltr' id='par_1_9' title="bbox 849 1995 3349 2130">
     <span class='ocr_line' id='line_1_9' title="bbox 849 1995 3349 2130; baseline -0.008 -17"><span class='ocrx_word' id='word_1_27' title='bbox 849 2013 1406 2113; x_wconf 85' lang='lat' dir='ltr'>RUFFINO</span> <span class='ocrx_word' id='word_1_28' title='bbox 1481 2010 1563 2095; x_wconf 90' lang='grc'><strong>(¹)</strong></span> <span class='ocrx_word' id='word_1_29' title='bbox 1641 2001 2452 2130; x_wconf 81' lang='lat' dir='ltr'><strong>AQUILEIENSI</strong></span> <span class='ocrx_word' id='word_1_30' title='bbox 2532 1995 3349 2096; x_wconf 86' lang='lat' dir='ltr'><strong>PRESBYTERO.</strong></span> 
     </span>
    </p>
   </div>
   <div class='ocr_carea' id='block_1_10' title="bbox 472 699 3733 753">
    <p class='ocr_par' dir='ltr' id='par_1_10' title="bbox 472 699 3733 753">
     <span class='ocr_line' id='line_1_10' title="bbox 472 699 3733 753; baseline -0.006 0"><span class='ocrx_word' id='word_1_31' title='bbox 472 699 3733 753; x_wconf 57' lang='grc' dir='ltr'>Μ</span> 
     </span>
    </p>
   </div>
   <div class='ocr_carea' id='block_1_11' title="bbox 457 2144 3741 2187">
    <p class='ocr_par' dir='ltr' id='par_1_11' title="bbox 457 2144 3741 2187">
     <span class='ocr_line' id='line_1_11' title="bbox 457 2144 3741 2187; baseline 0.005 -46"><span class='ocrx_word' id='word_1_32' title='bbox 457 2144 3741 2187; x_wconf 88' lang='lat'><strong>______________________________________</strong></span> 
     </span>
    </p>
   </div>
   <div class='ocr_carea' id='block_1_12' title="bbox 457 2161 3741 2203">
    <p class='ocr_par' dir='ltr' id='par_1_12' title="bbox 457 2161 3043 2187">
     <span class='ocr_line' id='line_1_12' title="bbox 457 2161 3043 2187; baseline -0.007 -7"><span class='ocrx_word' id='word_1_33' title='bbox 457 2161 3043 2187; x_wconf 26' lang='lat' dir='ltr'><strong>______________________éei</strong></span> 
     </span>
    </p>
   </div>
   <div class='ocr_carea' id='block_1_13' title="bbox 1760 2256 2462 2435">
    <p class='ocr_par' dir='ltr' id='par_1_13' title="bbox 1760 2256 2462 2435">
     <span class='ocr_line' id='line_1_13' title="bbox 1760 2256 2462 2435; baseline -0.013 -40"><span class='ocrx_word' id='word_1_34' title='bbox 1760 2256 2462 2435; x_wconf 55' lang='lat' dir='ltr'><strong>prologue.</strong></span> 
     </span>
    </p>
   </div>
   <div class='ocr_carea' id='block_1_14' title="bbox 531 2469 3748 2560">
    <p class='ocr_par' dir='ltr' id='par_1_14' title="bbox 531 2469 3748 2560">
     <span class='ocr_line' id='line_1_14' title="bbox 531 2469 3748 2560; baseline -0.007 -12"><span class='ocrx_word' id='word_1_35' title='bbox 531 2495 725 2560; x_wconf 58' lang='lat'><strong>49$</strong></span> <span class='ocrx_word' id='word_1_36' title='bbox 751 2490 899 2546; x_wconf 78' lang='lat' dir='ltr'><strong>Vere</strong></span> <span class='ocrx_word' id='word_1_37' title='bbox 926 2486 1203 2545; x_wconf 90' lang='lat' dir='ltr'><strong>mundum</strong></span> <span class='ocrx_word' id='word_1_38' title='bbox 1221 2485 1348 2559; x_wconf 84' lang='lat' dir='ltr'><strong>quis</strong></span> <span class='ocrx_word' id='word_1_39' title='bbox 1376 2482 1597 2541; x_wconf 88' lang='lat' dir='ltr'><strong>dubitet</strong></span> <span class='ocrx_word' id='word_1_40' title='bbox 1613 2481 1829 2539; x_wconf 87' lang='lat' dir='ltr'><strong>meritis</strong></span> <span class='ocrx_word' id='word_1_41' title='bbox 1852 2487 2004 2537; x_wconf 88' lang='lat' dir='ltr'><strong>stare</strong></span> <span class='ocrx_word' id='word_1_42' title='bbox 2031 2483 2357 2536; x_wconf 80' lang='lat' dir='ltr'><strong>sanctorum</strong></span> <span class='ocrx_word' id='word_1_43' title='bbox 2376 2475 2469 2548; x_wconf 81' lang='lat'><strong>(&#39;2),</strong></span> <span class='ocrx_word' id='word_1_44' title='bbox 2493 2475 2715 2541; x_wconf 93' lang='lat' dir='ltr'><strong>horum,</strong></span> <span class='ocrx_word' id='word_1_45' title='bbox 2735 2473 2966 2541; x_wconf 83' lang='lat' dir='ltr'><strong>scilicet,</strong></span> <span class='ocrx_word' id='word_1_46' title='bbox 2989 2486 3229 2546; x_wconf 89' lang='lat' dir='ltr'><strong>quorum</strong></span> <span class='ocrx_word' id='word_1_47' title='bbox 3254 2469 3313 2527; x_wconf 85' lang='lat' dir='ltr'><strong>in</strong></span> <span class='ocrx_word' id='word_1_48' title='bbox 3331 2470 3439 2527; x_wconf 90' lang='lat' dir='ltr'><strong>hoc</strong></span> <span class='ocrx_word' id='word_1_49' title='bbox 3459 2469 3748 2528; x_wconf 86' lang='lat' dir='ltr'><strong>volumine</strong></span> 
     </span>
    </p>
   </div>
   <div class='ocr_carea' id='block_1_15' title="bbox 454 2561 3750 2653">
    <p class='ocr_par' dir='ltr' id='par_1_15' title="bbox 454 2561 3750 2653">
     <span class='ocr_line' id='line_1_15' title="bbox 454 2561 3750 2653; baseline -0.006 -15"><span class='ocrx_word' id='word_1_50' title='bbox 454 2576 577 2638; x_wconf 41' lang='lat' dir='ltr'><strong>&#39;vita</strong></span> <span class='ocrx_word' id='word_1_51' title='bbox 603 2580 916 2653; x_wconf 69' lang='lat' dir='ltr'><strong>pmfulget,</strong></span> <span class='ocrx_word' id='word_1_52' title='bbox 952 2578 1048 2650; x_wconf 90' lang='lat' dir='ltr'><strong>qui</strong></span> <span class='ocrx_word' id='word_1_53' title='bbox 1076 2592 1301 2632; x_wconf 91' lang='lat' dir='ltr'><strong>omnem</strong></span> <span class='ocrx_word' id='word_1_54' title='bbox 1330 2574 1563 2631; x_wconf 81' lang='lat' dir='ltr'><strong>luxuriae</strong></span> <span class='ocrx_word' id='word_1_55' title='bbox 1590 2578 1784 2629; x_wconf 86' lang='lat' dir='ltr'><strong>notam</strong></span> <span class='ocrx_word' id='word_1_56' title='bbox 1819 2576 1942 2626; x_wconf 89' lang='lat' dir='ltr'><strong>tota</strong></span> <span class='ocrx_word' id='word_1_57' title='bbox 1967 2575 2157 2625; x_wconf 91' lang='lat' dir='ltr'><strong>mente</strong></span> <span class='ocrx_word' id='word_1_58' title='bbox 2186 2568 2473 2639; x_wconf 87' lang='lat' dir='ltr'><strong>fugerunt,</strong></span> <span class='ocrx_word' id='word_1_59' title='bbox 2515 2564 2839 2636; x_wconf 90' lang='lat' dir='ltr'><strong>mundoque</strong></span> <span class='ocrx_word' id='word_1_60' title='bbox 2878 2562 3091 2628; x_wconf 87' lang='lat' dir='ltr'><strong>relicto,</strong></span> <span class='ocrx_word' id='word_1_61' title='bbox 3127 2561 3304 2617; x_wconf 83' lang='lat' dir='ltr'><strong>eremi</strong></span> <span class='ocrx_word' id='word_1_62' title='bbox 3339 2567 3502 2617; x_wconf 88' lang='lat' dir='ltr'><strong>vasta</strong></span> <span class='ocrx_word' id='word_1_63' title='bbox 3528 2568 3750 2618; x_wconf 79' lang='lat' dir='ltr'><strong>secreta</strong></span> 
     </span>
    </p>
   </div>
   <div class='ocr_carea' id='block_1_16' title="bbox 461 2650 3751 2740">
    <p class='ocr_par' dir='ltr' id='par_1_16' title="bbox 461 2650 3751 2740">
     <span class='ocr_line' id='line_1_16' title="bbox 461 2650 3751 2740; baseline -0.007 -14"><span class='ocrx_word' id='word_1_64' title='bbox 461 2650 764 2737; x_wconf 81' lang='lat' dir='ltr'><strong>rimantur,</strong></span> <span class='ocrx_word' id='word_1_65' title='bbox 803 2650 991 2740; x_wconf 83' lang='lat' dir='ltr'><strong>ibique</strong></span> <span class='ocrx_word' id='word_1_66' title='bbox 1019 2683 1121 2739; x_wconf 90' lang='lat' dir='ltr'><strong>per</strong></span> <span class='ocrx_word' id='word_1_67' title='bbox 1146 2664 1424 2721; x_wconf 82' lang='lat' dir='ltr'><strong>terribiles</strong></span> <span class='ocrx_word' id='word_1_68' title='bbox 1451 2680 1639 2736; x_wconf 88' lang='lat' dir='ltr'><strong>rupes,</strong></span> <span class='ocrx_word' id='word_1_69' title='bbox 1663 2658 2037 2717; x_wconf 89' lang='lat' dir='ltr'><strong>formidolosis</strong></span> <span class='ocrx_word' id='word_1_70' title='bbox 2066 2657 2245 2713; x_wconf 81' lang='lat' dir='ltr'><strong>antris</strong></span> <span class='ocrx_word' id='word_1_71' title='bbox 2284 2654 2641 2721; x_wconf 81' lang='lat' dir='ltr'><strong>excubantes,</strong></span> <span class='ocrx_word' id='word_1_72' title='bbox 2688 2668 2802 2708; x_wconf 90' lang='lat' dir='ltr'><strong>non</strong></span> <span class='ocrx_word' id='word_1_73' title='bbox 2841 2651 3105 2708; x_wconf 73' lang='lat' dir='ltr'><strong>esuriant</strong></span> <span class='ocrx_word' id='word_1_74' title='bbox 3118 2666 3311 2740; x_wconf 86' lang='lat' dir='ltr'><strong>neque</strong></span> <span class='ocrx_word' id='word_1_75' title='bbox 3345 2650 3572 2718; x_wconf 87' lang='lat' dir='ltr'><strong>sitiunt,</strong></span> <span class='ocrx_word' id='word_1_76' title='bbox 3616 2650 3751 2724; x_wconf 84' lang='lat' dir='ltr'><strong>quia</strong></span> 
     </span>
    </p>
   </div>
   <div class='ocr_carea' id='block_1_17' title="bbox 462 2739 3747 2827">
    <p class='ocr_par' dir='ltr' id='par_1_17' title="bbox 462 2739 3747 2827">
     <span class='ocr_line' id='line_1_17' title="bbox 462 2739 3747 2827; baseline -0.006 -12"><span class='ocrx_word' id='word_1_77' title='bbox 462 2760 693 2815; x_wconf 80' lang='lat' dir='ltr'><strong>dextera</strong></span> <span class='ocrx_word' id='word_1_78' title='bbox 736 2758 841 2814; x_wconf 90' lang='lat' dir='ltr'><strong>Dei</strong></span> <span class='ocrx_word' id='word_1_79' title='bbox 886 2739 1167 2813; x_wconf 80' lang='lat' dir='ltr'><strong>sustentat</strong></span> <span class='ocrx_word' id='word_1_80' title='bbox 1193 2759 1252 2809; x_wconf 91' lang='lat' dir='ltr'><strong>et</strong></span> <span class='ocrx_word' id='word_1_81' title='bbox 1294 2753 1473 2827; x_wconf 89' lang='lat' dir='ltr'><strong>pascit</strong></span> <span class='ocrx_word' id='word_1_82' title='bbox 1514 2769 1631 2807; x_wconf 90' lang='lat' dir='ltr'><strong>eos.</strong></span> <span class='ocrx_word' id='word_1_83' title='bbox 1677 2752 1894 2806; x_wconf 90' lang='lat' dir='ltr'><strong>Horum</strong></span> <span class='ocrx_word' id='word_1_84' title='bbox 1940 2747 2158 2803; x_wconf 89' lang='lat' dir='ltr'><strong>meritis</strong></span> <span class='ocrx_word' id='word_1_85' title='bbox 2200 2744 2543 2813; x_wconf 87' lang='lat' dir='ltr'><strong>subleveris;</strong></span> <span class='ocrx_word' id='word_1_86' title='bbox 2588 2743 2792 2799; x_wconf 89' lang='lat' dir='ltr'><strong>horum</strong></span> <span class='ocrx_word' id='word_1_87' title='bbox 2834 2739 3337 2813; x_wconf 88' lang='lat' dir='ltr'><strong>supplicationibus</strong></span> <span class='ocrx_word' id='word_1_88' title='bbox 3381 2745 3747 2813; x_wconf 76' lang='lat' dir='ltr'><strong>peccatorum</strong></span> 
     </span>
    </p>
   </div>
   <div class='ocr_carea' id='block_1_18' title="bbox 358 2828 3748 2913">
    <p class='ocr_par' dir='ltr' id='par_1_18' title="bbox 358 2828 3748 2913">
     <span class='ocr_line' id='line_1_18' title="bbox 358 2828 3748 2913; baseline -0.006 -9"><span class='ocrx_word' id='word_1_89' title='bbox 358 2891 365 2895; x_wconf 78' lang='lat'><strong>.</strong></span> <span class='ocrx_word' id='word_1_90' title='bbox 461 2849 684 2905; x_wconf 79' lang='lat' dir='ltr'><strong>veniam</strong></span> <span class='ocrx_word' id='word_1_91' title='bbox 714 2846 1002 2913; x_wconf 89' lang='lat' dir='ltr'><strong>merearis,</strong></span> <span class='ocrx_word' id='word_1_92' title='bbox 1032 2846 1110 2899; x_wconf 92' lang='lat' dir='ltr'><strong>mi</strong></span> <span class='ocrx_word' id='word_1_93' title='bbox 1146 2843 1374 2899; x_wconf 88' lang='lat' dir='ltr'><strong>domine</strong></span> <span class='ocrx_word' id='word_1_94' title='bbox 1401 2841 1601 2897; x_wconf 89' lang='lat' dir='ltr'><strong>Fidose</strong></span> <span class='ocrx_word' id='word_1_95' title='bbox 1633 2840 1731 2908; x_wconf 82' lang='lat'><strong>(3).</strong></span> <span class='ocrx_word' id='word_1_96' title='bbox 1763 2841 1890 2895; x_wconf 92' lang='lat' dir='ltr'><strong>Non</strong></span> <span class='ocrx_word' id='word_1_97' title='bbox 1934 2854 2067 2909; x_wconf 83' lang='lat' dir='ltr'><strong>ergo</strong></span> <span class='ocrx_word' id='word_1_98' title='bbox 2104 2851 2337 2908; x_wconf 80' lang='lat' dir='ltr'><strong>spernas</strong></span> <span class='ocrx_word' id='word_1_99' title='bbox 2380 2832 2800 2906; x_wconf 77' lang='lat' dir='ltr'><strong>simplicitatem</strong></span> <span class='ocrx_word' id='word_1_100' title='bbox 2853 2836 2912 2887; x_wconf 88' lang='lat' dir='ltr'><strong>et</strong></span> <span class='ocrx_word' id='word_1_101' title='bbox 2955 2828 3240 2902; x_wconf 88' lang='lat' dir='ltr'><strong>impolitos</strong></span> <span class='ocrx_word' id='word_1_102' title='bbox 3278 2845 3604 2898; x_wconf 84' lang='lat' dir='ltr'><strong>sermones;</strong></span> <span class='ocrx_word' id='word_1_103' title='bbox 3644 2844 3748 2885; x_wconf 88' lang='lat' dir='ltr'><strong>nec</strong></span> 
     </span>
    </p>
   </div>
   <div class='ocr_carea' id='block_1_19' title="bbox 461 2917 3747 3008">
    <p class='ocr_par' dir='ltr' id='par_1_19' title="bbox 461 2917 3747 3008">
     <span class='ocr_line' id='line_1_19' title="bbox 461 2917 3747 3008; baseline -0.005 -15"><span class='ocrx_word' id='word_1_104' title='bbox 461 2938 615 2994; x_wconf 89' lang='lat' dir='ltr'><strong>enim</strong></span> <span class='ocrx_word' id='word_1_105' title='bbox 637 2937 749 2992; x_wconf 91' lang='lat' dir='ltr'><strong>mei</strong></span> <span class='ocrx_word' id='word_1_106' title='bbox 767 2936 952 3008; x_wconf 82' lang='lat' dir='ltr'><strong>aperis</strong></span> <span class='ocrx_word' id='word_1_107' title='bbox 979 2939 1067 2989; x_wconf 88' lang='lat' dir='ltr'><strong>est</strong></span> <span class='ocrx_word' id='word_1_108' title='bbox 1085 2933 1285 2988; x_wconf 82' lang='lat' dir='ltr'><strong>divinae</strong></span> <span class='ocrx_word' id='word_1_109' title='bbox 1304 2930 1572 2986; x_wconf 67' lang='lat' dir='ltr'><strong>doctrinae</strong></span> <span class='ocrx_word' id='word_1_110' title='bbox 1595 2930 1996 3001; x_wconf 71' lang='lat' dir='ltr'><strong>scriptumque</strong></span> <span class='ocrx_word' id='word_1_111' title='bbox 2027 2924 2326 2998; x_wconf 90' lang='lat' dir='ltr'><strong>sophistice</strong></span> <span class='ocrx_word' id='word_1_112' title='bbox 2351 2927 2410 2979; x_wconf 91' lang='lat' dir='ltr'><strong>et</strong></span> <span class='ocrx_word' id='word_1_113' title='bbox 2440 2922 2770 2994; x_wconf 86' lang='lat' dir='ltr'><strong>eloquenter</strong></span> <span class='ocrx_word' id='word_1_114' title='bbox 2795 2920 3020 2991; x_wconf 87' lang='lat' dir='ltr'><strong>signare</strong></span> <span class='ocrx_word' id='word_1_115' title='bbox 3036 2934 3353 3008; x_wconf 77' lang='lat' dir='ltr'><strong>sermones,</strong></span> <span class='ocrx_word' id='word_1_116' title='bbox 3379 2917 3481 2974; x_wconf 84' lang='lat' dir='ltr'><strong>sed</strong></span> <span class='ocrx_word' id='word_1_117' title='bbox 3501 2918 3747 2975; x_wconf 76' lang='lat' dir='ltr'><strong>suadere</strong></span> 
     </span>
    </p>
   </div>
   <div class='ocr_carea' id='block_1_20' title="bbox 456 3007 3748 3093">
    <p class='ocr_par' dir='ltr' id='par_1_20' title="bbox 456 3007 3748 3093">
     <span class='ocr_line' id='line_1_20' title="bbox 456 3007 3748 3093; baseline -0.007 -10"><span class='ocrx_word' id='word_1_118' title='bbox 456 3032 679 3083; x_wconf 85' lang='lat' dir='ltr'><strong>mentes</strong></span> <span class='ocrx_word' id='word_1_119' title='bbox 715 3007 1026 3091; x_wconf 81' lang='lat' dir='ltr'><strong>hominum,</strong></span> <span class='ocrx_word' id='word_1_120' title='bbox 1066 3024 1127 3078; x_wconf 89' lang='lat' dir='ltr'><strong>in</strong></span> <span class='ocrx_word' id='word_1_121' title='bbox 1161 3023 1272 3077; x_wconf 84' lang='lat' dir='ltr'><strong>ﬁde</strong></span> <span class='ocrx_word' id='word_1_122' title='bbox 1312 3026 1370 3076; x_wconf 90' lang='lat' dir='ltr'><strong>et</strong></span> <span class='ocrx_word' id='word_1_123' title='bbox 1396 3038 1461 3093; x_wconf 70' lang='lat' dir='ltr'><strong>op</strong></span> <span class='ocrx_word' id='word_1_124' title='bbox 1473 3019 1660 3076; x_wconf 75' lang='lat' dir='ltr'><strong>aribus</strong></span> <span class='ocrx_word' id='word_1_125' title='bbox 1686 3017 1962 3073; x_wconf 81' lang='lat' dir='ltr'><strong>veritatis.</strong></span> <span class='ocrx_word' id='word_1_126' title='bbox 1991 3016 2226 3070; x_wconf 91' lang='lat' dir='ltr'><strong>Patrum</strong></span> <span class='ocrx_word' id='word_1_127' title='bbox 2253 3012 2515 3085; x_wconf 90' lang='lat' dir='ltr'><strong>denique,</strong></span> <span class='ocrx_word' id='word_1_128' title='bbox 2545 3015 2868 3067; x_wconf 86' lang='lat' dir='ltr'><strong>sanctorum</strong></span> <span class='ocrx_word' id='word_1_129' title='bbox 2903 3007 3373 3080; x_wconf 70' lang='lat' dir='ltr'><strong>patriarcharum,</strong></span> <span class='ocrx_word' id='word_1_130' title='bbox 3404 3013 3465 3063; x_wconf 80' lang='lat' dir='ltr'><strong>et</strong></span> <span class='ocrx_word' id='word_1_131' title='bbox 3499 3008 3748 3080; x_wconf 86' lang='lat' dir='ltr'><strong>prophe-</strong></span> 
     </span>
    </p>
   </div>
   <div class='ocr_carea' id='block_1_21' title="bbox 459 3099 3745 3183">
    <p class='ocr_par' dir='ltr' id='par_1_21' title="bbox 459 3099 3745 3183">
     <span class='ocr_line' id='line_1_21' title="bbox 459 3099 3745 3183; baseline -0.006 -10"><span class='ocrx_word' id='word_1_132' title='bbox 459 3122 668 3183; x_wconf 87' lang='lat' dir='ltr'><strong>tarum,</strong></span> <span class='ocrx_word' id='word_1_133' title='bbox 701 3114 759 3170; x_wconf 86' lang='lat' dir='ltr'><strong>1d</strong></span> <span class='ocrx_word' id='word_1_134' title='bbox 780 3119 867 3170; x_wconf 88' lang='lat' dir='ltr'><strong>est</strong></span> <span class='ocrx_word' id='word_1_135' title='bbox 892 3113 1198 3180; x_wconf 84' lang='lat' dir='ltr'><strong>Abraham,</strong></span> <span class='ocrx_word' id='word_1_136' title='bbox 1218 3112 1391 3177; x_wconf 89' lang='lat' dir='ltr'><strong>Isaac,</strong></span> <span class='ocrx_word' id='word_1_137' title='bbox 1426 3115 1485 3164; x_wconf 82' lang='lat' dir='ltr'><strong>et</strong></span> <span class='ocrx_word' id='word_1_138' title='bbox 1510 3108 1699 3176; x_wconf 87' lang='lat' dir='ltr'><strong>Jacob,</strong></span> <span class='ocrx_word' id='word_1_139' title='bbox 1729 3106 1928 3179; x_wconf 82' lang='lat' dir='ltr'><strong>Moysi,</strong></span> <span class='ocrx_word' id='word_1_140' title='bbox 1952 3110 2009 3160; x_wconf 92' lang='lat' dir='ltr'><strong>et</strong></span> <span class='ocrx_word' id='word_1_141' title='bbox 2035 3104 2192 3159; x_wconf 67' lang='lat' dir='ltr'><strong>IEliae</strong></span> <span class='ocrx_word' id='word_1_142' title='bbox 2213 3107 2273 3159; x_wconf 90' lang='lat' dir='ltr'><strong>et</strong></span> <span class='ocrx_word' id='word_1_143' title='bbox 2289 3101 2523 3158; x_wconf 89' lang='lat' dir='ltr'><strong>Joannis</strong></span> <span class='ocrx_word' id='word_1_144' title='bbox 2543 3101 2670 3156; x_wconf 92' lang='lat' dir='ltr'><strong>ideo</strong></span> <span class='ocrx_word' id='word_1_145' title='bbox 2698 3099 2981 3172; x_wconf 89' lang='lat' dir='ltr'><strong>descripta</strong></span> <span class='ocrx_word' id='word_1_146' title='bbox 3009 3104 3096 3155; x_wconf 87' lang='lat' dir='ltr'><strong>est</strong></span> <span class='ocrx_word' id='word_1_147' title='bbox 3121 3099 3260 3154; x_wconf 85' lang='lat' dir='ltr'><strong>ﬁdes</strong></span> <span class='ocrx_word' id='word_1_148' title='bbox 3282 3102 3342 3153; x_wconf 86' lang='lat' dir='ltr'><strong>et</strong></span> <span class='ocrx_word' id='word_1_149' title='bbox 3366 3099 3745 3165; x_wconf 79' lang='lat' dir='ltr'><strong>conversatio,</strong></span> 
     </span>
    </p>
   </div>
   <div class='ocr_carea' id='block_1_22' title="bbox 458 3186 3749 3273">
    <p class='ocr_par' dir='ltr' id='par_1_22' title="bbox 458 3186 3749 3273">
     <span class='ocr_line' id='line_1_22' title="bbox 458 3186 3749 3273; baseline -0.005 -11"><span class='ocrx_word' id='word_1_150' title='bbox 458 3222 574 3263; x_wconf 91' lang='lat' dir='ltr'><strong>non</strong></span> <span class='ocrx_word' id='word_1_151' title='bbox 600 3190 820 3260; x_wconf 74' lang='lat' dir='ltr'><strong>tantum</strong></span> <span class='ocrx_word' id='word_1_152' title='bbox 850 3208 915 3259; x_wconf 88' lang='lat' dir='ltr'><strong>ut</strong></span> <span class='ocrx_word' id='word_1_153' title='bbox 941 3203 1068 3257; x_wconf 89' lang='lat' dir='ltr'><strong>illos</strong></span> <span class='ocrx_word' id='word_1_154' title='bbox 1098 3200 1541 3273; x_wconf 82' lang='lat' dir='ltr'><strong>gloriﬁcaremus</strong></span> <span class='ocrx_word' id='word_1_155' title='bbox 1570 3213 1710 3270; x_wconf 84' lang='lat' dir='ltr'><strong>quos</strong></span> <span class='ocrx_word' id='word_1_156' title='bbox 1739 3202 1889 3251; x_wconf 89' lang='lat' dir='ltr'><strong>certe</strong></span> <span class='ocrx_word' id='word_1_157' title='bbox 1916 3195 2067 3251; x_wconf 81' lang='lat' dir='ltr'><strong>Deus</strong></span> <span class='ocrx_word' id='word_1_158' title='bbox 2094 3192 2529 3265; x_wconf 79' lang='lat' dir='ltr'><strong>gloriﬁcaverat,</strong></span> <span class='ocrx_word' id='word_1_159' title='bbox 2551 3195 2609 3245; x_wconf 91' lang='lat' dir='ltr'><strong>et</strong></span> <span class='ocrx_word' id='word_1_160' title='bbox 2634 3189 2694 3245; x_wconf 89' lang='lat' dir='ltr'><strong>in</strong></span> <span class='ocrx_word' id='word_1_161' title='bbox 2714 3204 2887 3261; x_wconf 86' lang='lat' dir='ltr'><strong>regno</strong></span> <span class='ocrx_word' id='word_1_162' title='bbox 2918 3203 3019 3244; x_wconf 88' lang='lat' dir='ltr'><strong>suo</strong></span> <span class='ocrx_word' id='word_1_163' title='bbox 3045 3187 3321 3259; x_wconf 85' lang='lat' dir='ltr'><strong>gloriosos</strong></span> <span class='ocrx_word' id='word_1_164' title='bbox 3344 3186 3619 3258; x_wconf 83' lang='lat' dir='ltr'><strong>habebat;</strong></span> <span class='ocrx_word' id='word_1_165' title='bbox 3647 3188 3749 3245; x_wconf 89' lang='lat' dir='ltr'><strong>sed</strong></span> 
     </span>
    </p>
   </div>
   <div class='ocr_carea' id='block_1_23' title="bbox 459 3279 2705 3366">
    <p class='ocr_par' dir='ltr' id='par_1_23' title="bbox 459 3279 2705 3366">
     <span class='ocr_line' id='line_1_23' title="bbox 459 3279 2705 3366; baseline -0.008 -15"><span class='ocrx_word' id='word_1_166' title='bbox 459 3300 523 3351; x_wconf 90' lang='lat' dir='ltr'><strong>ut</strong></span> <span class='ocrx_word' id='word_1_167' title='bbox 549 3292 867 3366; x_wconf 76' lang='lat' dir='ltr'><strong>legentibus</strong></span> <span class='ocrx_word' id='word_1_168' title='bbox 889 3290 1129 3364; x_wconf 88' lang='lat' dir='ltr'><strong>posteris</strong></span> <span class='ocrx_word' id='word_1_169' title='bbox 1155 3288 1473 3344; x_wconf 89' lang='lat' dir='ltr'><strong>conferrent</strong></span> <span class='ocrx_word' id='word_1_170' title='bbox 1497 3286 1750 3343; x_wconf 85' lang='lat' dir='ltr'><strong>veritatis</strong></span> <span class='ocrx_word' id='word_1_171' title='bbox 1779 3284 2093 3341; x_wconf 85' lang='lat' dir='ltr'><strong>doctrinam</strong></span> <span class='ocrx_word' id='word_1_172' title='bbox 2123 3286 2182 3338; x_wconf 89' lang='lat' dir='ltr'><strong>et</strong></span> <span class='ocrx_word' id='word_1_173' title='bbox 2209 3281 2463 3353; x_wconf 80' lang='lat' dir='ltr'><strong>exempla</strong></span> <span class='ocrx_word' id='word_1_174' title='bbox 2488 3279 2705 3336; x_wconf 90' lang='lat' dir='ltr'><strong>salutis.</strong></span> 
     </span>
    </p>
   </div>
   <div class='ocr_carea' id='block_1_24' title="bbox 1123 3420 2099 3655">
    <p class='ocr_par' dir='ltr' id='par_1_24' title="bbox 1185 3503 2099 3655">
     <span class='ocr_line' id='line_1_24' title="bbox 1185 3503 2099 3655; baseline -0.007 -3"><span class='ocrx_word' id='word_1_175' title='bbox 1185 3509 1826 3655; x_wconf 79' lang='lat' dir='ltr'><strong>VERBA</strong></span> <span class='ocrx_word' id='word_1_176' title='bbox 1918 3503 2099 3650; x_wconf 72' lang='lat' dir='ltr'><strong>SE</strong></span> 
     </span>
    </p>
   </div>
   <div class='ocr_carea' id='block_1_25' title="bbox 2142 3420 3362 3655">
    <p class='ocr_par' dir='ltr' id='par_1_25' title="bbox 2164 3501 3009 3652">
     <span class='ocr_line' id='line_1_25' title="bbox 2164 3501 3009 3652; baseline -0.009 0"><span class='ocrx_word' id='word_1_177' title='bbox 2164 3501 3009 3652; x_wconf 71' lang='lat' dir='ltr'><strong>NIOBUM.</strong></span> 
     </span>
    </p>
   </div>
   <div class='ocr_carea' id='block_1_26' title="bbox 530 3780 3745 3869">
    <p class='ocr_par' dir='ltr' id='par_1_26' title="bbox 530 3780 3745 3869">
     <span class='ocr_line' id='line_1_26' title="bbox 530 3780 3745 3869; baseline -0.002 -22"><span class='ocrx_word' id='word_1_178' title='bbox 530 3790 581 3847; x_wconf 83' lang='lat' dir='ltr'><strong>l.</strong></span> <span class='ocrx_word' id='word_1_179' title='bbox 626 3788 867 3857; x_wconf 87' lang='lat' dir='ltr'><strong>Quidam</strong></span> <span class='ocrx_word' id='word_1_180' title='bbox 904 3794 1225 3846; x_wconf 89' lang='lat' dir='ltr'><strong>sanctorum</strong></span> <span class='ocrx_word' id='word_1_181' title='bbox 1264 3787 1551 3846; x_wconf 89' lang='lat' dir='ltr'><strong>seniorum</strong></span> <span class='ocrx_word' id='word_1_182' title='bbox 1591 3786 1844 3853; x_wconf 87' lang='lat' dir='ltr'><strong>Patrum,</strong></span> <span class='ocrx_word' id='word_1_183' title='bbox 1885 3780 2123 3842; x_wconf 87' lang='lat' dir='ltr'><strong>inter-A</strong></span> <span class='ocrx_word' id='word_1_184' title='bbox 2141 3815 2203 3855; x_wconf 71' lang='lat' dir='ltr'><strong>se</strong></span> <span class='ocrx_word' id='word_1_185' title='bbox 2223 3795 2551 3854; x_wconf 66' lang='lat' dir='ltr'><strong>abscindere</strong></span> <span class='ocrx_word' id='word_1_186' title='bbox 2570 3795 2767 3869; x_wconf 68' lang='lat' dir='ltr'><strong>possit,</strong></span> <span class='ocrx_word' id='word_1_187' title='bbox 2801 3794 2919 3851; x_wconf 74' lang='lat' dir='ltr'><strong>Nec</strong></span> <span class='ocrx_word' id='word_1_188' title='bbox 2950 3807 3065 3849; x_wconf 78' lang='lat' dir='ltr'><strong>non</strong></span> <span class='ocrx_word' id='word_1_189' title='bbox 3092 3788 3314 3849; x_wconf 75' lang='lat' dir='ltr'><strong>etiamsi</strong></span> <span class='ocrx_word' id='word_1_190' title='bbox 3340 3788 3479 3863; x_wconf 78' lang='lat' dir='ltr'><strong>quid</strong></span> <span class='ocrx_word' id='word_1_191' title='bbox 3503 3802 3745 3861; x_wconf 77' lang='lat' dir='ltr'><strong>pravum</strong></span> 
     </span>
    </p>
   </div>
   <div class='ocr_carea' id='block_1_27' title="bbox 454 3871 2050 3951">
    <p class='ocr_par' dir='ltr' id='par_1_27' title="bbox 454 3871 2050 3951">
     <span class='ocr_line' id='line_1_27' title="bbox 454 3871 2050 3951; baseline -0.006 -14"><span class='ocrx_word' id='word_1_192' title='bbox 454 3880 791 3951; x_wconf 82' lang='lat' dir='ltr'><strong>rogantibus</strong></span> <span class='ocrx_word' id='word_1_193' title='bbox 806 3896 868 3936; x_wconf 89' lang='lat' dir='ltr'><strong>se</strong></span> <span class='ocrx_word' id='word_1_194' title='bbox 896 3880 1185 3936; x_wconf 89' lang='lat' dir='ltr'><strong>monachis</strong></span> <span class='ocrx_word' id='word_1_195' title='bbox 1204 3880 1275 3935; x_wconf 92' lang='lat' dir='ltr'><strong>de</strong></span> <span class='ocrx_word' id='word_1_196' title='bbox 1293 3895 1462 3935; x_wconf 90' lang='lat' dir='ltr'><strong>causa</strong></span> <span class='ocrx_word' id='word_1_197' title='bbox 1479 3876 1851 3942; x_wconf 81' lang='lat' dir='ltr'><strong>abstinentiae,</strong></span> <span class='ocrx_word' id='word_1_198' title='bbox 1877 3871 2019 3929; x_wconf 83' lang='lat' dir='ltr'><strong>dixit</strong></span> <span class='ocrx_word' id='word_1_199' title='bbox 2038 3890 2050 3926; x_wconf 93' lang='lat'>:</span> 
     </span>
    </p>
   </div>
   <div class='ocr_carea' id='block_1_28' title="bbox 457 3962 2053 4042">
    <p class='ocr_par' dir='ltr' id='par_1_28' title="bbox 457 3962 2053 4042">
     <span class='ocr_line' id='line_1_28' title="bbox 457 3962 2053 4042; baseline -0.006 -16"><span class='ocrx_word' id='word_1_200' title='bbox 457 3970 710 4042; x_wconf 84' lang='lat' dir='ltr'><strong>Oportet,</strong></span> <span class='ocrx_word' id='word_1_201' title='bbox 743 3969 920 4036; x_wconf 83' lang='lat' dir='ltr'><strong>filioli,</strong></span> <span class='ocrx_word' id='word_1_202' title='bbox 954 3975 1021 4025; x_wconf 93' lang='lat' dir='ltr'><strong>ut</strong></span> <span class='ocrx_word' id='word_1_203' title='bbox 1046 3969 1174 4024; x_wconf 91' lang='lat' dir='ltr'><strong>odio</strong></span> <span class='ocrx_word' id='word_1_204' title='bbox 1201 3968 1510 4025; x_wconf 89' lang='lat' dir='ltr'><strong>habeamus</strong></span> <span class='ocrx_word' id='word_1_205' title='bbox 1549 3982 1775 4022; x_wconf 88' lang='lat' dir='ltr'><strong>omnem</strong></span> <span class='ocrx_word' id='word_1_206' title='bbox 1800 3962 2053 4036; x_wconf 88' lang='lat' dir='ltr'><strong>requiem</strong></span> 
     </span>
    </p>
   </div>
   <div class='ocr_carea' id='block_1_29' title="bbox 456 4058 2054 4130">
    <p class='ocr_par' dir='ltr' id='par_1_29' title="bbox 456 4058 2054 4130">
     <span class='ocr_line' id='line_1_29' title="bbox 456 4058 2054 4130; baseline -0.005 -16"><span class='ocrx_word' id='word_1_207' title='bbox 456 4058 749 4130; x_wconf 82' lang='lat' dir='ltr'><strong>praesentis</strong></span> <span class='ocrx_word' id='word_1_208' title='bbox 770 4058 924 4126; x_wconf 66' lang='lat' dir='ltr'><strong>vitae;</strong></span> <span class='ocrx_word' id='word_1_209' title='bbox 955 4058 1069 4113; x_wconf 85' lang='lat' dir='ltr'><strong>sive</strong></span> <span class='ocrx_word' id='word_1_210' title='bbox 1089 4058 1486 4114; x_wconf 86' lang='lat' dir='ltr'><strong>delectationes</strong></span> <span class='ocrx_word' id='word_1_211' title='bbox 1514 4070 1811 4129; x_wconf 91' lang='lat' dir='ltr'><strong>corporeas</strong></span> <span class='ocrx_word' id='word_1_212' title='bbox 1833 4070 1899 4108; x_wconf 89' lang='lat' dir='ltr'><strong>ac</strong></span> <span class='ocrx_word' id='word_1_213' title='bbox 1926 4067 2054 4107; x_wconf 88' lang='lat' dir='ltr'><strong>ven-</strong></span> 
     </span>
    </p>
   </div>
   <div class='ocr_carea' id='block_1_30' title="bbox 456 4144 2056 4214">
    <p class='ocr_par' dir='ltr' id='par_1_30' title="bbox 456 4144 2056 4214">
     <span class='ocr_line' id='line_1_30' title="bbox 456 4144 2056 4214; baseline -0.003 -12"><span class='ocrx_word' id='word_1_214' title='bbox 456 4147 565 4202; x_wconf 88' lang='lat' dir='ltr'><strong>tris</strong></span> <span class='ocrx_word' id='word_1_215' title='bbox 591 4147 945 4214; x_wconf 84' lang='lat' dir='ltr'><strong>suavitatem,</strong></span> <span class='ocrx_word' id='word_1_216' title='bbox 986 4152 1045 4202; x_wconf 92' lang='lat' dir='ltr'><strong>et</strong></span> <span class='ocrx_word' id='word_1_217' title='bbox 1070 4147 1343 4203; x_wconf 88' lang='lat' dir='ltr'><strong>honorem</strong></span> <span class='ocrx_word' id='word_1_218' title='bbox 1371 4146 1442 4202; x_wconf 90' lang='lat' dir='ltr'><strong>ab</strong></span> <span class='ocrx_word' id='word_1_219' title='bbox 1479 4144 1802 4201; x_wconf 87' lang='lat' dir='ltr'><strong>hominibus</strong></span> <span class='ocrx_word' id='word_1_220' title='bbox 1830 4159 1943 4199; x_wconf 89' lang='lat' dir='ltr'><strong>non</strong></span> <span class='ocrx_word' id='word_1_221' title='bbox 1970 4158 2056 4198; x_wconf 88' lang='lat' dir='ltr'><strong>re-</strong></span> 
     </span>
    </p>
   </div>
   <div class='ocr_carea' id='block_1_31' title="bbox 458 4233 2055 4307">
    <p class='ocr_par' dir='ltr' id='par_1_31' title="bbox 458 4233 2055 4307">
     <span class='ocr_line' id='line_1_31' title="bbox 458 4233 2055 4307; baseline -0.003 -16"><span class='ocrx_word' id='word_1_222' title='bbox 458 4235 771 4307; x_wconf 89' lang='lat' dir='ltr'><strong>quiramus,</strong></span> <span class='ocrx_word' id='word_1_223' title='bbox 803 4240 862 4290; x_wconf 88' lang='lat' dir='ltr'><strong>et</strong></span> <span class='ocrx_word' id='word_1_224' title='bbox 900 4233 1057 4290; x_wconf 88' lang='lat' dir='ltr'><strong>dabit</strong></span> <span class='ocrx_word' id='word_1_225' title='bbox 1100 4235 1263 4292; x_wconf 90' lang='lat' dir='ltr'><strong>nobis</strong></span> <span class='ocrx_word' id='word_1_226' title='bbox 1305 4235 1577 4292; x_wconf 88' lang='lat' dir='ltr'><strong>Dominus</strong></span> <span class='ocrx_word' id='word_1_227' title='bbox 1605 4236 1767 4291; x_wconf 86' lang='lat' dir='ltr'><strong>Jesus</strong></span> <span class='ocrx_word' id='word_1_228' title='bbox 1803 4233 2055 4290; x_wconf 83' lang='lat' dir='ltr'><strong>caelestes</strong></span> 
     </span>
    </p>
   </div>
   <div class='ocr_carea' id='block_1_32' title="bbox 440 4323 2052 4397">
    <p class='ocr_par' dir='ltr' id='par_1_32' title="bbox 440 4323 2052 4397">
     <span class='ocr_line' id='line_1_32' title="bbox 440 4323 2052 4397; baseline -0.002 -17"><span class='ocrx_word' id='word_1_229' title='bbox 440 4325 718 4393; x_wconf 81' lang='lat' dir='ltr'><strong>honores,</strong></span> <span class='ocrx_word' id='word_1_230' title='bbox 746 4330 803 4381; x_wconf 91' lang='lat' dir='ltr'><strong>et</strong></span> <span class='ocrx_word' id='word_1_231' title='bbox 832 4324 1085 4397; x_wconf 89' lang='lat' dir='ltr'><strong>requiem</strong></span> <span class='ocrx_word' id='word_1_232' title='bbox 1120 4326 1180 4380; x_wconf 93' lang='lat' dir='ltr'><strong>in</strong></span> <span class='ocrx_word' id='word_1_233' title='bbox 1218 4325 1333 4380; x_wconf 88' lang='lat' dir='ltr'><strong>vita</strong></span> <span class='ocrx_word' id='word_1_234' title='bbox 1375 4330 1604 4391; x_wconf 63' lang='lat' dir='ltr'><strong>reterns,</strong></span> <span class='ocrx_word' id='word_1_235' title='bbox 1637 4323 2052 4396; x_wconf 88' lang='lat' dir='ltr'><strong>gloriosamque</strong></span> 
     </span>
    </p>
   </div>
   <div class='ocr_carea' id='block_1_33' title="bbox 457 4414 1303 4486">
    <p class='ocr_par' dir='ltr' id='par_1_33' title="bbox 457 4414 1303 4486">
     <span class='ocr_line' id='line_1_33' title="bbox 457 4414 1303 4486; baseline 0.004 -17"><span class='ocrx_word' id='word_1_236' title='bbox 457 4414 713 4470; x_wconf 75' lang='lat' dir='ltr'><strong>laetitiam</strong></span> <span class='ocrx_word' id='word_1_237' title='bbox 743 4431 871 4471; x_wconf 88' lang='lat' dir='ltr'><strong>cum</strong></span> <span class='ocrx_word' id='word_1_238' title='bbox 908 4414 1122 4486; x_wconf 80' lang='lat' dir='ltr'><strong>angelis</strong></span> <span class='ocrx_word' id='word_1_239' title='bbox 1155 4414 1303 4472; x_wconf 88' lang='lat' dir='ltr'><strong>suis.</strong></span> 
     </span>
    </p>
   </div>
   <div class='ocr_carea' id='block_1_34' title="bbox 523 4502 2053 4569">
    <p class='ocr_par' dir='ltr' id='par_1_34' title="bbox 523 4502 2053 4569">
     <span class='ocr_line' id='line_1_34' title="bbox 523 4502 2053 4569; baseline -0.002 -9"><span class='ocrx_word' id='word_1_240' title='bbox 523 4503 577 4560; x_wconf 81' lang='lat'><strong>2.</strong></span> <span class='ocrx_word' id='word_1_241' title='bbox 609 4504 764 4560; x_wconf 90' lang='lat' dir='ltr'><strong>Idem</strong></span> <span class='ocrx_word' id='word_1_242' title='bbox 793 4502 989 4560; x_wconf 88' lang='lat' dir='ltr'><strong>autem</strong></span> <span class='ocrx_word' id='word_1_243' title='bbox 1015 4503 1203 4560; x_wconf 85' lang='lat' dir='ltr'><strong>senior</strong></span> <span class='ocrx_word' id='word_1_244' title='bbox 1226 4504 1368 4560; x_wconf 87' lang='lat' dir='ltr'><strong>dixit</strong></span> <span class='ocrx_word' id='word_1_245' title='bbox 1397 4519 1409 4558; x_wconf 89' lang='lat'><strong>:</strong></span> <span class='ocrx_word' id='word_1_246' title='bbox 1444 4502 1588 4569; x_wconf 86' lang='lat' dir='ltr'><strong>Quia</strong></span> <span class='ocrx_word' id='word_1_247' title='bbox 1605 4502 1942 4559; x_wconf 87' lang='lat' dir='ltr'><strong>naturaliter</strong></span> <span class='ocrx_word' id='word_1_248' title='bbox 1970 4503 2053 4558; x_wconf 84' lang='lat' dir='ltr'><strong>in-</strong></span> 
     </span>
    </p>
   </div>
   <div class='ocr_carea' id='block_1_35' title="bbox 450 4591 2053 4667">
    <p class='ocr_par' dir='ltr' id='par_1_35' title="bbox 450 4591 2053 4667">
     <span class='ocr_line' id='line_1_35' title="bbox 450 4591 2053 4667; baseline -0.002 -18"><span class='ocrx_word' id='word_1_249' title='bbox 450 4597 540 4655; x_wconf 74' lang='lat' dir='ltr'><strong>,est</strong></span> <span class='ocrx_word' id='word_1_250' title='bbox 566 4593 783 4650; x_wconf 88' lang='lat' dir='ltr'><strong>homini</strong></span> <span class='ocrx_word' id='word_1_251' title='bbox 812 4594 1049 4661; x_wconf 71' lang='lat' dir='ltr'><strong>esurire,“</strong></span> <span class='ocrx_word' id='word_1_252' title='bbox 1063 4597 1286 4667; x_wconf 87' lang='lat' dir='ltr'><strong>oportet</strong></span> <span class='ocrx_word' id='word_1_253' title='bbox 1311 4599 1500 4650; x_wconf 91' lang='lat' dir='ltr'><strong>autem</strong></span> <span class='ocrx_word' id='word_1_254' title='bbox 1523 4609 1745 4649; x_wconf 88' lang='lat' dir='ltr'><strong>sumere</strong></span> <span class='ocrx_word' id='word_1_255' title='bbox 1768 4591 1953 4648; x_wconf 86' lang='lat' dir='ltr'><strong>cibum</strong></span> <span class='ocrx_word' id='word_1_256' title='bbox 1981 4591 2053 4647; x_wconf 90' lang='lat' dir='ltr'><strong>ad</strong></span> 
     </span>
    </p>
   </div>
   <div class='ocr_carea' id='block_1_36' title="bbox 456 4680 2053 4755">
    <p class='ocr_par' dir='ltr' id='par_1_36' title="bbox 456 4680 2053 4755">
     <span class='ocr_line' id='line_1_36' title="bbox 456 4680 2053 4755; baseline -0.002 -17"><span class='ocrx_word' id='word_1_257' title='bbox 456 4683 818 4739; x_wconf 88' lang='lat' dir='ltr'><strong>necessitates</strong></span> <span class='ocrx_word' id='word_1_258' title='bbox 858 4683 1106 4755; x_wconf 91' lang='lat' dir='ltr'><strong>corporis</strong></span> <span class='ocrx_word' id='word_1_259' title='bbox 1148 4683 1565 4748; x_wconf 85' lang='lat' dir='ltr'><strong>sustentandas,</strong></span> <span class='ocrx_word' id='word_1_260' title='bbox 1606 4698 1720 4738; x_wconf 91' lang='lat' dir='ltr'><strong>non</strong></span> <span class='ocrx_word' id='word_1_261' title='bbox 1756 4687 1948 4737; x_wconf 88' lang='lat' dir='ltr'><strong>tamen</strong></span> <span class='ocrx_word' id='word_1_262' title='bbox 1993 4680 2053 4735; x_wconf 90' lang='lat' dir='ltr'><strong>in</strong></span> 
     </span>
    </p>
   </div>
   <div class='ocr_carea' id='block_1_37' title="bbox 454 4771 2051 4845">
    <p class='ocr_par' dir='ltr' id='par_1_37' title="bbox 454 4771 2051 4845">
     <span class='ocr_line' id='line_1_37' title="bbox 454 4771 2051 4845; baseline -0.001 -18"><span class='ocrx_word' id='word_1_263' title='bbox 454 4771 733 4845; x_wconf 89' lang='lat' dir='ltr'><strong>passione,</strong></span> <span class='ocrx_word' id='word_1_264' title='bbox 760 4788 861 4828; x_wconf 92' lang='lat' dir='ltr'><strong>seu</strong></span> <span class='ocrx_word' id='word_1_265' title='bbox 880 4771 1175 4828; x_wconf 88' lang='lat' dir='ltr'><strong>saturitate</strong></span> <span class='ocrx_word' id='word_1_266' title='bbox 1202 4773 1431 4828; x_wconf 84' lang='lat' dir='ltr'><strong>ventris.</strong></span> <span class='ocrx_word' id='word_1_267' title='bbox 1455 4773 1599 4828; x_wconf 91' lang='lat' dir='ltr'><strong>Nam</strong></span> <span class='ocrx_word' id='word_1_268' title='bbox 1621 4777 1678 4827; x_wconf 91' lang='lat' dir='ltr'><strong>et</strong></span> <span class='ocrx_word' id='word_1_269' title='bbox 1705 4788 1936 4827; x_wconf 89' lang='lat' dir='ltr'><strong>somnus</strong></span> <span class='ocrx_word' id='word_1_270' title='bbox 1954 4788 2051 4826; x_wconf 86' lang='lat' dir='ltr'><strong>na-</strong></span> 
     </span>
    </p>
   </div>
   <div class='ocr_carea' id='block_1_38' title="bbox 452 4859 2050 4930">
    <p class='ocr_par' dir='ltr' id='par_1_38' title="bbox 452 4859 2050 4930">
     <span class='ocr_line' id='line_1_38' title="bbox 452 4859 2050 4930; baseline 0.001 -15"><span class='ocrx_word' id='word_1_271' title='bbox 452 4859 716 4916; x_wconf 87' lang='lat' dir='ltr'><strong>turaliter</strong></span> <span class='ocrx_word' id='word_1_272' title='bbox 743 4861 889 4917; x_wconf 88' lang='lat' dir='ltr'><strong>inest</strong></span> <span class='ocrx_word' id='word_1_273' title='bbox 916 4862 1151 4930; x_wconf 89' lang='lat' dir='ltr'><strong>homini,</strong></span> <span class='ocrx_word' id='word_1_274' title='bbox 1175 4862 1273 4918; x_wconf 92' lang='lat' dir='ltr'><strong>sed</strong></span> <span class='ocrx_word' id='word_1_275' title='bbox 1302 4879 1416 4918; x_wconf 90' lang='lat' dir='ltr'><strong>non</strong></span> <span class='ocrx_word' id='word_1_276' title='bbox 1444 4862 1504 4917; x_wconf 93' lang='lat' dir='ltr'><strong>in</strong></span> <span class='ocrx_word' id='word_1_277' title='bbox 1532 4862 1793 4917; x_wconf 88' lang='lat' dir='ltr'><strong>satietate</strong></span> <span class='ocrx_word' id='word_1_278' title='bbox 1821 4861 1935 4917; x_wconf 89' lang='lat' dir='ltr'><strong>sive</strong></span> <span class='ocrx_word' id='word_1_279' title='bbox 1958 4878 2050 4916; x_wconf 89' lang='lat' dir='ltr'><strong>re-</strong></span> 
     </span>
    </p>
   </div>
   <div class='ocr_carea' id='block_1_39' title="bbox 450 4950 2052 5023">
    <p class='ocr_par' dir='ltr' id='par_1_39' title="bbox 450 4950 2052 5023">
     <span class='ocr_line' id='line_1_39' title="bbox 450 4950 2052 5023; baseline 0.001 -18"><span class='ocrx_word' id='word_1_280' title='bbox 450 4950 730 5006; x_wconf 88' lang='lat' dir='ltr'><strong>solutione</strong></span> <span class='ocrx_word' id='word_1_281' title='bbox 744 4951 1011 5023; x_wconf 88' lang='lat' dir='ltr'><strong>corporis,</strong></span> <span class='ocrx_word' id='word_1_282' title='bbox 1026 4967 1136 5023; x_wconf 90' lang='lat' dir='ltr'><strong>quo</strong></span> <span class='ocrx_word' id='word_1_283' title='bbox 1155 4951 1434 5023; x_wconf 87' lang='lat' dir='ltr'><strong>possimus</strong></span> <span class='ocrx_word' id='word_1_284' title='bbox 1453 4951 1753 5007; x_wconf 87' lang='lat' dir='ltr'><strong>humiliare</strong></span> <span class='ocrx_word' id='word_1_285' title='bbox 1764 4950 2052 5023; x_wconf 87' lang='lat' dir='ltr'><strong>passiones</strong></span> 
     </span>
    </p>
   </div>
   <div class='ocr_carea' id='block_1_40' title="bbox 451 5038 2051 5096">
    <p class='ocr_par' dir='ltr' id='par_1_40' title="bbox 451 5038 2051 5096">
     <span class='ocr_line' id='line_1_40' title="bbox 451 5038 2051 5096; baseline 0.001 -2"><span class='ocrx_word' id='word_1_286' title='bbox 451 5055 517 5095; x_wconf 88' lang='lat' dir='ltr'><strong>ac</strong></span> <span class='ocrx_word' id='word_1_287' title='bbox 534 5038 671 5095; x_wconf 89' lang='lat' dir='ltr'><strong>vitia</strong></span> <span class='ocrx_word' id='word_1_288' title='bbox 685 5039 1141 5095; x_wconf 88' lang='lat' dir='ltr'><strong>carnis.Satietas</strong></span> <span class='ocrx_word' id='word_1_289' title='bbox 1159 5040 1311 5095; x_wconf 89' lang='lat' dir='ltr'><strong>enim</strong></span> <span class='ocrx_word' id='word_1_290' title='bbox 1334 5040 1518 5096; x_wconf 90' lang='lat' dir='ltr'><strong>somni</strong></span> <span class='ocrx_word' id='word_1_291' title='bbox 1538 5046 1784 5096; x_wconf 87' lang='lat' dir='ltr'><strong>mentem</strong></span> <span class='ocrx_word' id='word_1_292' title='bbox 1801 5056 2051 5096; x_wconf 90' lang='lat' dir='ltr'><strong>sensum-</strong></span> 
     </span>
    </p>
   </div>
   <div class='ocr_carea' id='block_1_41' title="bbox 2136 3878 3746 3959">
    <p class='ocr_par' dir='ltr' id='par_1_41' title="bbox 2136 3878 3746 3959">
     <span class='ocr_line' id='line_1_41' title="bbox 2136 3878 3746 3959; baseline -0.007 -15"><span class='ocrx_word' id='word_1_293' title='bbox 2136 3894 2195 3943; x_wconf 90' lang='lat' dir='ltr'><strong>et</strong></span> <span class='ocrx_word' id='word_1_294' title='bbox 2212 3893 2409 3943; x_wconf 89' lang='lat' dir='ltr'><strong>contra</strong></span> <span class='ocrx_word' id='word_1_295' title='bbox 2425 3890 2706 3959; x_wconf 62' lang='lat' dir='ltr'><strong>precepts</strong></span> <span class='ocrx_word' id='word_1_296' title='bbox 2724 3884 2827 3940; x_wconf 93' lang='lat' dir='ltr'><strong>Dei</strong></span> <span class='ocrx_word' id='word_1_297' title='bbox 2845 3882 3136 3938; x_wconf 89' lang='lat' dir='ltr'><strong>videamus</strong></span> <span class='ocrx_word' id='word_1_298' title='bbox 3150 3895 3319 3953; x_wconf 87' lang='lat' dir='ltr'><strong>agere</strong></span> <span class='ocrx_word' id='word_1_299' title='bbox 3337 3878 3496 3945; x_wconf 81' lang='lat' dir='ltr'><strong>alios,</strong></span> <span class='ocrx_word' id='word_1_300' title='bbox 3516 3882 3746 3950; x_wconf 80' lang='lat' dir='ltr'><strong>oportet</strong></span> 
     </span>
    </p>
   </div>
   <div class='ocr_carea' id='block_1_42' title="bbox 2136 3967 3735 4041">
    <p class='ocr_par' dir='ltr' id='par_1_42' title="bbox 2136 3967 3735 4041">
     <span class='ocr_line' id='line_1_42' title="bbox 2136 3967 3735 4041; baseline -0.006 -9"><span class='ocrx_word' id='word_1_301' title='bbox 2136 3992 2239 4032; x_wconf 91' lang='lat' dir='ltr'><strong>nos</strong></span> <span class='ocrx_word' id='word_1_302' title='bbox 2263 3982 2463 4033; x_wconf 87' lang='lat' dir='ltr'><strong>contra</strong></span> <span class='ocrx_word' id='word_1_303' title='bbox 2489 3974 2627 4031; x_wconf 89' lang='lat' dir='ltr'><strong>vitia</strong></span> <span class='ocrx_word' id='word_1_304' title='bbox 2657 3989 2854 4030; x_wconf 91' lang='lat' dir='ltr'><strong>eorum</strong></span> <span class='ocrx_word' id='word_1_305' title='bbox 2892 3971 3251 4028; x_wconf 87' lang='lat' dir='ltr'><strong>vehementer</strong></span> <span class='ocrx_word' id='word_1_306' title='bbox 3278 3967 3506 4041; x_wconf 91' lang='lat' dir='ltr'><strong>quidem</strong></span> <span class='ocrx_word' id='word_1_307' title='bbox 3542 3967 3735 4035; x_wconf 84' lang='lat' dir='ltr'><strong>irasci,</strong></span> 
     </span>
    </p>
   </div>
   <div class='ocr_carea' id='block_1_43' title="bbox 2134 4057 3733 4139">
    <p class='ocr_par' dir='ltr' id='par_1_43' title="bbox 2134 4057 3733 4139">
     <span class='ocr_line' id='line_1_43' title="bbox 2134 4057 3733 4139; baseline -0.008 -17"><span class='ocrx_word' id='word_1_308' title='bbox 2134 4067 2286 4139; x_wconf 88' lang='lat' dir='ltr'><strong>ipsos</strong></span> <span class='ocrx_word' id='word_1_309' title='bbox 2313 4069 2506 4133; x_wconf 66' lang='lat'><strong>493</strong></span> <span class='ocrx_word' id='word_1_310' title='bbox 2525 4080 2657 4120; x_wconf 88' lang='lat' dir='ltr'><strong>vero</strong></span> <span class='ocrx_word' id='word_1_311' title='bbox 2681 4062 2982 4135; x_wconf 83' lang='lat' dir='ltr'><strong>diligenter</strong></span> <span class='ocrx_word' id='word_1_312' title='bbox 3007 4059 3306 4133; x_wconf 88' lang='lat' dir='ltr'><strong>corripere,</strong></span> <span class='ocrx_word' id='word_1_313' title='bbox 3341 4062 3398 4113; x_wconf 90' lang='lat' dir='ltr'><strong>et</strong></span> <span class='ocrx_word' id='word_1_314' title='bbox 3417 4057 3733 4131; x_wconf 85' lang='lat' dir='ltr'><strong>increpare,</strong></span> 
     </span>
    </p>
   </div>
   <div class='ocr_carea' id='block_1_44' title="bbox 2134 4146 3738 4223">
    <p class='ocr_par' dir='ltr' id='par_1_44' title="bbox 2134 4146 3738 4223">
     <span class='ocr_line' id='line_1_44' title="bbox 2134 4146 3738 4223; baseline -0.006 -12"><span class='ocrx_word' id='word_1_315' title='bbox 2134 4171 2201 4211; x_wconf 88' lang='lat' dir='ltr'><strong>ac</strong></span> <span class='ocrx_word' id='word_1_316' title='bbox 2219 4170 2470 4223; x_wconf 89' lang='lat' dir='ltr'><strong>monere,</strong></span> <span class='ocrx_word' id='word_1_317' title='bbox 2493 4159 2559 4210; x_wconf 90' lang='lat' dir='ltr'><strong>ut</strong></span> <span class='ocrx_word' id='word_1_318' title='bbox 2579 4151 2863 4210; x_wconf 81' lang='lat' dir='ltr'><strong>emendati</strong></span> <span class='ocrx_word' id='word_1_319' title='bbox 2880 4151 3183 4218; x_wconf 88' lang='lat' dir='ltr'><strong>salventur,</strong></span> <span class='ocrx_word' id='word_1_320' title='bbox 3206 4154 3264 4204; x_wconf 89' lang='lat' dir='ltr'><strong>et</strong></span> <span class='ocrx_word' id='word_1_321' title='bbox 3287 4146 3360 4203; x_wconf 89' lang='lat' dir='ltr'><strong>ad</strong></span> <span class='ocrx_word' id='word_1_322' title='bbox 3381 4146 3562 4203; x_wconf 85' lang='lat' dir='ltr'><strong>vitam</strong></span> <span class='ocrx_word' id='word_1_323' title='bbox 3577 4151 3738 4202; x_wconf 70' lang='lat' dir='ltr'><strong>aeter-</strong></span> 
     </span>
    </p>
   </div>
   <div class='ocr_carea' id='block_1_45' title="bbox 2133 4243 2649 4317">
    <p class='ocr_par' dir='ltr' id='par_1_45' title="bbox 2133 4243 2649 4317">
     <span class='ocr_line' id='line_1_45' title="bbox 2133 4243 2649 4317; baseline -0.006 -16"><span class='ocrx_word' id='word_1_324' title='bbox 2133 4261 2270 4301; x_wconf 90' lang='lat' dir='ltr'><strong>nam</strong></span> <span class='ocrx_word' id='word_1_325' title='bbox 2300 4243 2649 4317; x_wconf 85' lang='lat' dir='ltr'><strong>perveniant.</strong></span> 
     </span>
    </p>
   </div>
   <div class='ocr_carea' id='block_1_46' title="bbox 2207 4324 3737 4406">
    <p class='ocr_par' dir='ltr' id='par_1_46' title="bbox 2207 4324 3737 4406">
     <span class='ocr_line' id='line_1_46' title="bbox 2207 4324 3737 4406; baseline -0.008 -16"><span class='ocrx_word' id='word_1_326' title='bbox 2207 4332 2259 4392; x_wconf 91' lang='lat'><strong>3.</strong></span> <span class='ocrx_word' id='word_1_327' title='bbox 2309 4334 2446 4389; x_wconf 87' lang='lat' dir='ltr'><strong>Erat</strong></span> <span class='ocrx_word' id='word_1_328' title='bbox 2481 4332 2711 4406; x_wconf 87' lang='lat' dir='ltr'><strong>quidam</strong></span> <span class='ocrx_word' id='word_1_329' title='bbox 2751 4329 2939 4387; x_wconf 89' lang='lat' dir='ltr'><strong>senior</strong></span> <span class='ocrx_word' id='word_1_330' title='bbox 2982 4330 3042 4385; x_wconf 94' lang='lat' dir='ltr'><strong>in</strong></span> <span class='ocrx_word' id='word_1_331' title='bbox 3098 4342 3287 4384; x_wconf 88' lang='lat' dir='ltr'><strong>eremo</strong></span> <span class='ocrx_word' id='word_1_332' title='bbox 3322 4324 3605 4393; x_wconf 80' lang='lat' dir='ltr'><strong>interiori,</strong></span> <span class='ocrx_word' id='word_1_333' title='bbox 3635 4339 3737 4396; x_wconf 84' lang='lat' dir='ltr'><strong>per</strong></span> 
     </span>
    </p>
   </div>
   <div class='ocr_carea' id='block_1_47' title="bbox 2133 4412 3737 4487">
    <p class='ocr_par' dir='ltr' id='par_1_47' title="bbox 2133 4412 3737 4487">
     <span class='ocr_line' id='line_1_47' title="bbox 2133 4412 3737 4487; baseline -0.009 -7"><span class='ocrx_word' id='word_1_334' title='bbox 2133 4423 2340 4479; x_wconf 89' lang='lat' dir='ltr'><strong>multos</strong></span> <span class='ocrx_word' id='word_1_335' title='bbox 2368 4439 2547 4478; x_wconf 88' lang='lat' dir='ltr'><strong>annos</strong></span> <span class='ocrx_word' id='word_1_336' title='bbox 2566 4422 2626 4477; x_wconf 90' lang='lat' dir='ltr'><strong>in</strong></span> <span class='ocrx_word' id='word_1_337' title='bbox 2654 4420 2996 4476; x_wconf 86' lang='lat' dir='ltr'><strong>abstinentia</strong></span> <span class='ocrx_word' id='word_1_338' title='bbox 3017 4423 3075 4474; x_wconf 89' lang='lat' dir='ltr'><strong>et</strong></span> <span class='ocrx_word' id='word_1_339' title='bbox 3098 4418 3157 4473; x_wconf 92' lang='lat' dir='ltr'><strong>in</strong></span> <span class='ocrx_word' id='word_1_340' title='bbox 3184 4414 3337 4472; x_wconf 89' lang='lat' dir='ltr'><strong>omni</strong></span> <span class='ocrx_word' id='word_1_341' title='bbox 3352 4413 3541 4471; x_wconf 90' lang='lat' dir='ltr'><strong>studio</strong></span> <span class='ocrx_word' id='word_1_342' title='bbox 3573 4412 3737 4487; x_wconf 88' lang='lat' dir='ltr'><strong>spiri-</strong></span> 
     </span>
    </p>
   </div>
   <div class='ocr_carea' id='block_1_48' title="bbox 2132 4502 3734 4579">
    <p class='ocr_par' dir='ltr' id='par_1_48' title="bbox 2132 4502 3734 4579">
     <span class='ocr_line' id='line_1_48' title="bbox 2132 4502 3734 4579; baseline -0.007 -11"><span class='ocrx_word' id='word_1_343' title='bbox 2132 4512 2233 4568; x_wconf 89' lang='lat' dir='ltr'><strong>tali</strong></span> <span class='ocrx_word' id='word_1_344' title='bbox 2258 4512 2430 4568; x_wconf 89' lang='lat' dir='ltr'><strong>nimis</strong></span> <span class='ocrx_word' id='word_1_345' title='bbox 2455 4510 2720 4567; x_wconf 90' lang='lat' dir='ltr'><strong>laborans</strong></span> <span class='ocrx_word' id='word_1_346' title='bbox 2751 4510 3132 4579; x_wconf 73' lang='lat' dir='ltr'><strong>(Pelag.,libel.</strong></span> <span class='ocrx_word' id='word_1_347' title='bbox 3160 4520 3254 4575; x_wconf 85' lang='lat' dir='ltr'><strong>vn,</strong></span> <span class='ocrx_word' id='word_1_348' title='bbox 3298 4522 3356 4561; x_wconf 77' lang='grc' dir='ltr'><strong>η.</strong></span> <span class='ocrx_word' id='word_1_349' title='bbox 3403 4502 3515 4575; x_wconf 78' lang='lat'><strong>25).</strong></span> <span class='ocrx_word' id='word_1_350' title='bbox 3545 4503 3734 4558; x_wconf 77' lang='lat' dir='ltr'><strong>Adve-</strong></span> 
     </span>
    </p>
   </div>
   <div class='ocr_carea' id='block_1_49' title="bbox 2133 4591 3736 4674">
    <p class='ocr_par' dir='ltr' id='par_1_49' title="bbox 2133 4591 3736 4674">
     <span class='ocr_line' id='line_1_49' title="bbox 2133 4591 3736 4674; baseline -0.008 -16"><span class='ocrx_word' id='word_1_351' title='bbox 2133 4603 2464 4674; x_wconf 85' lang='lat' dir='ltr'><strong>nientesque</strong></span> <span class='ocrx_word' id='word_1_352' title='bbox 2493 4599 2565 4655; x_wconf 88' lang='lat' dir='ltr'><strong>ad</strong></span> <span class='ocrx_word' id='word_1_353' title='bbox 2593 4615 2725 4655; x_wconf 90' lang='lat' dir='ltr'><strong>eum</strong></span> <span class='ocrx_word' id='word_1_354' title='bbox 2753 4598 2983 4672; x_wconf 83' lang='lat' dir='ltr'><strong>quidam</strong></span> <span class='ocrx_word' id='word_1_355' title='bbox 3025 4596 3246 4662; x_wconf 88' lang='lat' dir='ltr'><strong>fratres,</strong></span> <span class='ocrx_word' id='word_1_356' title='bbox 3287 4591 3551 4648; x_wconf 87' lang='lat' dir='ltr'><strong>admirati</strong></span> <span class='ocrx_word' id='word_1_357' title='bbox 3599 4596 3736 4647; x_wconf 87' lang='lat' dir='ltr'><strong>sunt</strong></span> 
     </span>
    </p>
   </div>
   <div class='ocr_carea' id='block_1_50' title="bbox 2134 4681 3735 4764">
    <p class='ocr_par' dir='ltr' id='par_1_50' title="bbox 2134 4681 3735 4764">
     <span class='ocr_line' id='line_1_50' title="bbox 2134 4681 3735 4764; baseline -0.006 -18"><span class='ocrx_word' id='word_1_358' title='bbox 2134 4692 2258 4763; x_wconf 88' lang='lat' dir='ltr'><strong>ejus</strong></span> <span class='ocrx_word' id='word_1_359' title='bbox 2301 4688 2794 4764; x_wconf 83' lang='lat' dir='ltr'><strong>perseverantiam,</strong></span> <span class='ocrx_word' id='word_1_360' title='bbox 2844 4687 3094 4742; x_wconf 88' lang='lat' dir='ltr'><strong>dicentes</strong></span> <span class='ocrx_word' id='word_1_361' title='bbox 3126 4704 3138 4740; x_wconf 94' lang='lat'>:</span> <span class='ocrx_word' id='word_1_362' title='bbox 3192 4681 3482 4749; x_wconf 81' lang='lat' dir='ltr'><strong>Quomodo</strong></span> <span class='ocrx_word' id='word_1_363' title='bbox 3521 4681 3735 4737; x_wconf 85' lang='lat' dir='ltr'><strong>toleras</strong></span> 
     </span>
    </p>
   </div>
   <div class='ocr_carea' id='block_1_51' title="bbox 2132 4768 3736 4849">
    <p class='ocr_par' dir='ltr' id='par_1_51' title="bbox 2132 4768 3736 4849">
     <span class='ocr_line' id='line_1_51' title="bbox 2132 4768 3736 4849; baseline -0.007 -13"><span class='ocrx_word' id='word_1_364' title='bbox 2132 4780 2306 4836; x_wconf 90' lang='lat' dir='ltr'><strong>istum</strong></span> <span class='ocrx_word' id='word_1_365' title='bbox 2333 4786 2450 4836; x_wconf 88' lang='lat' dir='ltr'><strong>tam</strong></span> <span class='ocrx_word' id='word_1_366' title='bbox 2480 4779 2704 4835; x_wconf 90' lang='lat' dir='ltr'><strong>aridum</strong></span> <span class='ocrx_word' id='word_1_367' title='bbox 2728 4782 2786 4833; x_wconf 89' lang='lat' dir='ltr'><strong>et</strong></span> <span class='ocrx_word' id='word_1_368' title='bbox 2812 4775 3133 4849; x_wconf 87' lang='lat' dir='ltr'><strong>squalidum</strong></span> <span class='ocrx_word' id='word_1_369' title='bbox 3161 4774 3365 4840; x_wconf 89' lang='lat' dir='ltr'><strong>locum,</strong></span> <span class='ocrx_word' id='word_1_370' title='bbox 3380 4770 3584 4828; x_wconf 80' lang='lat' dir='ltr'><strong>Pater?</strong></span> <span class='ocrx_word' id='word_1_371' title='bbox 3602 4768 3736 4835; x_wconf 86' lang='lat' dir='ltr'><strong>Qui-</strong></span> 
     </span>
    </p>
   </div>
   <div class='ocr_carea' id='block_1_52' title="bbox 2132 4860 3734 4942">
    <p class='ocr_par' dir='ltr' id='par_1_52' title="bbox 2132 4860 3734 4942">
     <span class='ocr_line' id='line_1_52' title="bbox 2132 4860 3734 4942; baseline -0.009 -15"><span class='ocrx_word' id='word_1_372' title='bbox 2132 4869 2237 4926; x_wconf 89' lang='lat' dir='ltr'><strong>bus</strong></span> <span class='ocrx_word' id='word_1_373' title='bbox 2262 4870 2357 4926; x_wconf 91' lang='lat' dir='ltr'><strong>ille</strong></span> <span class='ocrx_word' id='word_1_374' title='bbox 2382 4868 2746 4942; x_wconf 87' lang='lat' dir='ltr'><strong>respondens,</strong></span> <span class='ocrx_word' id='word_1_375' title='bbox 2777 4865 2893 4921; x_wconf 90' lang='lat' dir='ltr'><strong>ait:</strong></span> <span class='ocrx_word' id='word_1_376' title='bbox 2922 4863 3120 4921; x_wconf 89' lang='lat' dir='ltr'><strong>Omnis</strong></span> <span class='ocrx_word' id='word_1_377' title='bbox 3144 4862 3305 4918; x_wconf 88' lang='lat' dir='ltr'><strong>labor</strong></span> <span class='ocrx_word' id='word_1_378' title='bbox 3328 4860 3502 4916; x_wconf 83' lang='lat' dir='ltr'><strong>totius</strong></span> <span class='ocrx_word' id='word_1_379' title='bbox 3514 4865 3734 4932; x_wconf 87' lang='lat' dir='ltr'><strong>tempo-</strong></span> 
     </span>
    </p>
   </div>
   <div class='ocr_carea' id='block_1_53' title="bbox 2132 4952 3728 5032">
    <p class='ocr_par' dir='ltr' id='par_1_53' title="bbox 2132 4952 3728 5032">
     <span class='ocr_line' id='line_1_53' title="bbox 2132 4952 3728 5032; baseline -0.008 -16"><span class='ocrx_word' id='word_1_380' title='bbox 2132 4959 2211 5015; x_wconf 92' lang='lat' dir='ltr'><strong>ris</strong></span> <span class='ocrx_word' id='word_1_381' title='bbox 2235 4976 2345 5032; x_wconf 92' lang='lat' dir='ltr'><strong>quo</strong></span> <span class='ocrx_word' id='word_1_382' title='bbox 2375 4959 2467 5014; x_wconf 86' lang='lat' dir='ltr'><strong>hic</strong></span> <span class='ocrx_word' id='word_1_383' title='bbox 2489 4958 2631 5030; x_wconf 89' lang='lat' dir='ltr'><strong>dego</strong></span> <span class='ocrx_word' id='word_1_384' title='bbox 2661 4955 2912 5012; x_wconf 88' lang='lat' dir='ltr'><strong>nondum</strong></span> <span class='ocrx_word' id='word_1_385' title='bbox 2940 4953 3109 5009; x_wconf 90' lang='lat' dir='ltr'><strong>unius</strong></span> <span class='ocrx_word' id='word_1_386' title='bbox 3136 4952 3291 5007; x_wconf 65' lang='lat' dir='ltr'><strong>bore</strong></span> <span class='ocrx_word' id='word_1_387' title='bbox 3314 4954 3728 5005; x_wconf 85' lang='lat' dir='ltr'><strong>tormentorum</strong></span> 
     </span>
    </p>
   </div>
   <div class='ocr_carea' id='block_1_54' title="bbox 2132 5036 3725 5119">
    <p class='ocr_par' dir='ltr' id='par_1_54' title="bbox 2132 5036 3725 5119">
     <span class='ocr_line' id='line_1_54' title="bbox 2132 5036 3725 5119; baseline -0.009 -14"><span class='ocrx_word' id='word_1_388' title='bbox 2132 5054 2471 5105; x_wconf 68' lang='lat' dir='ltr'><strong>aeternorum</strong></span> <span class='ocrx_word' id='word_1_389' title='bbox 2490 5046 2761 5119; x_wconf 70' lang='lat' dir='ltr'><strong>gehennze</strong></span> <span class='ocrx_word' id='word_1_390' title='bbox 2782 5043 3029 5116; x_wconf 88' lang='lat' dir='ltr'><strong>spatium</strong></span> <span class='ocrx_word' id='word_1_391' title='bbox 3044 5039 3231 5097; x_wconf 87' lang='lat' dir='ltr'><strong>habet.</strong></span> <span class='ocrx_word' id='word_1_392' title='bbox 3254 5039 3510 5113; x_wconf 88' lang='lat' dir='ltr'><strong>Oportet,</strong></span> <span class='ocrx_word' id='word_1_393' title='bbox 3521 5036 3725 5108; x_wconf 86' lang='lat' dir='ltr'><strong>inquit,</strong></span> 
     </span>
    </p>
   </div>
   <div class='ocr_carea' id='block_1_55' title="bbox 451 5126 3723 5210">
    <p class='ocr_par' dir='ltr' id='par_1_55' title="bbox 451 5126 3723 5210">
     <span class='ocr_line' id='line_1_55' title="bbox 451 5126 3723 5210; baseline -0.006 -10"><span class='ocrx_word' id='word_1_394' title='bbox 451 5144 561 5203; x_wconf 79' lang='lat' dir='ltr'><strong>que</strong></span> <span class='ocrx_word' id='word_1_395' title='bbox 579 5127 825 5184; x_wconf 77' lang='lat' dir='ltr'><strong>hominis</strong></span> <span class='ocrx_word' id='word_1_396' title='bbox 842 5127 1128 5200; x_wconf 77' lang='lat' dir='ltr'><strong>stupidum</strong></span> <span class='ocrx_word' id='word_1_397' title='bbox 1144 5128 1479 5202; x_wconf 79' lang='lat' dir='ltr'><strong>pismmque</strong></span> <span class='ocrx_word' id='word_1_398' title='bbox 1498 5130 1684 5185; x_wconf 78' lang='lat' dir='ltr'><strong>reddit</strong></span> <span class='ocrx_word' id='word_1_399' title='bbox 1698 5152 1712 5199; x_wconf 73' lang='grc' dir='ltr'>ς</span> <span class='ocrx_word' id='word_1_400' title='bbox 1728 5130 1931 5201; x_wconf 73' lang='lat' dir='ltr'><strong>vigiliae</strong></span> <span class='ocrx_word' id='word_1_401' title='bbox 1954 5146 2051 5185; x_wconf 82' lang='lat' dir='ltr'><strong>au-</strong></span> <span class='ocrx_word' id='word_1_402' title='bbox 2067 5142 2117 5207; x_wconf 74' lang='grc' dir='ltr'><strong>Β</strong></span> <span class='ocrx_word' id='word_1_403' title='bbox 2134 5155 2236 5194; x_wconf 91' lang='lat' dir='ltr'><strong>nos</strong></span> <span class='ocrx_word' id='word_1_404' title='bbox 2262 5137 2322 5193; x_wconf 91' lang='lat' dir='ltr'><strong>in</strong></span> <span class='ocrx_word' id='word_1_405' title='bbox 2351 5153 2521 5210; x_wconf 83' lang='lat' dir='ltr'><strong>parvo</strong></span> <span class='ocrx_word' id='word_1_406' title='bbox 2542 5141 2796 5208; x_wconf 87' lang='lat' dir='ltr'><strong>tempore</strong></span> <span class='ocrx_word' id='word_1_407' title='bbox 2819 5133 2946 5189; x_wconf 82' lang='lat' dir='ltr'><strong>vitae</strong></span> <span class='ocrx_word' id='word_1_408' title='bbox 2982 5131 3133 5187; x_wconf 87' lang='lat' dir='ltr'><strong>illius</strong></span> <span class='ocrx_word' id='word_1_409' title='bbox 3157 5128 3433 5186; x_wconf 88' lang='lat' dir='ltr'><strong>sustinere</strong></span> <span class='ocrx_word' id='word_1_410' title='bbox 3453 5126 3723 5192; x_wconf 75' lang='lat' dir='ltr'><strong>laborem,</strong></span> 
     </span>
    </p>
   </div>
   <div class='ocr_carea' id='block_1_56' title="bbox 447 5217 2052 5291">
    <p class='ocr_par' dir='ltr' id='par_1_56' title="bbox 447 5217 2052 5291">
     <span class='ocr_line' id='line_1_56' title="bbox 447 5217 2052 5291; baseline 0 -16"><span class='ocrx_word' id='word_1_411' title='bbox 447 5224 566 5275; x_wconf 90' lang='lat' dir='ltr'><strong>tem</strong></span> <span class='ocrx_word' id='word_1_412' title='bbox 585 5222 704 5275; x_wconf 86' lang='lat' dir='ltr'><strong>tam</strong></span> <span class='ocrx_word' id='word_1_413' title='bbox 721 5234 949 5274; x_wconf 90' lang='lat' dir='ltr'><strong>sensum</strong></span> <span class='ocrx_word' id='word_1_414' title='bbox 969 5233 1138 5291; x_wconf 89' lang='lat' dir='ltr'><strong>quam</strong></span> <span class='ocrx_word' id='word_1_415' title='bbox 1158 5219 1328 5274; x_wconf 87' lang='lat' dir='ltr'><strong>etiam</strong></span> <span class='ocrx_word' id='word_1_416' title='bbox 1352 5224 1601 5274; x_wconf 89' lang='lat' dir='ltr'><strong>mentem</strong></span> <span class='ocrx_word' id='word_1_417' title='bbox 1620 5217 1972 5275; x_wconf 88' lang='lat' dir='ltr'><strong>subtiliorem</strong></span> <span class='ocrx_word' id='word_1_418' title='bbox 1985 5236 2052 5276; x_wconf 89' lang='lat' dir='ltr'><strong>ac</strong></span> 
     </span>
    </p>
   </div>
   <div class='ocr_carea' id='block_1_57' title="bbox 449 5307 2049 5382">
    <p class='ocr_par' dir='ltr' id='par_1_57' title="bbox 449 5307 2049 5382">
     <span class='ocr_line' id='line_1_57' title="bbox 449 5307 2049 5382; baseline 0 -17"><span class='ocrx_word' id='word_1_419' title='bbox 449 5309 738 5382; x_wconf 82' lang='lat' dir='ltr'><strong>puriorem</strong></span> <span class='ocrx_word' id='word_1_420' title='bbox 767 5307 1036 5366; x_wconf 84' lang='lat' dir='ltr'><strong>efﬁciunt.</strong></span> <span class='ocrx_word' id='word_1_421' title='bbox 1071 5308 1159 5364; x_wconf 90' lang='lat' dir='ltr'><strong>Ita</strong></span> <span class='ocrx_word' id='word_1_422' title='bbox 1183 5309 1334 5364; x_wconf 90' lang='lat' dir='ltr'><strong>enim</strong></span> <span class='ocrx_word' id='word_1_423' title='bbox 1365 5313 1424 5364; x_wconf 88' lang='lat' dir='ltr'><strong>et</strong></span> <span class='ocrx_word' id='word_1_424' title='bbox 1451 5309 1631 5365; x_wconf 90' lang='lat' dir='ltr'><strong>sancti</strong></span> <span class='ocrx_word' id='word_1_425' title='bbox 1669 5308 1864 5364; x_wconf 86' lang='lat' dir='ltr'><strong>Patres</strong></span> <span class='ocrx_word' id='word_1_426' title='bbox 1892 5309 2049 5365; x_wconf 82' lang='lat' dir='ltr'><strong>dixe-</strong></span> 
     </span>
    </p>
   </div>
   <div class='ocr_carea' id='block_1_58' title="bbox 448 5386 2051 5470">
    <p class='ocr_par' dir='ltr' id='par_1_58' title="bbox 448 5386 2051 5470">
     <span class='ocr_line' id='line_1_58' title="bbox 448 5386 2051 5470; baseline 0.001 -17"><span class='ocrx_word' id='word_1_427' title='bbox 448 5404 603 5467; x_wconf 87' lang='lat' dir='ltr'><strong>runt,</strong></span> <span class='ocrx_word' id='word_1_428' title='bbox 634 5398 770 5470; x_wconf 89' lang='lat' dir='ltr'><strong>quia</strong></span> <span class='ocrx_word' id='word_1_429' title='bbox 816 5397 1022 5469; x_wconf 75' lang='lat' dir='ltr'><strong>vigiliae</strong></span> <span class='ocrx_word' id='word_1_430' title='bbox 1057 5402 1263 5454; x_wconf 70' lang='lat' dir='ltr'><strong>sanctae</strong></span> <span class='ocrx_word' id='word_1_431' title='bbox 1296 5386 1601 5470; x_wconf 77' lang='lat' dir='ltr'><strong>puriﬁcant</strong></span> <span class='ocrx_word' id='word_1_432' title='bbox 1627 5402 1687 5454; x_wconf 91' lang='lat' dir='ltr'><strong>et</strong></span> <span class='ocrx_word' id='word_1_433' title='bbox 1726 5398 2051 5454; x_wconf 88' lang='lat' dir='ltr'><strong>illuminant</strong></span> 
     </span>
    </p>
   </div>
   <div class='ocr_carea' id='block_1_59' title="bbox 451 5487 2040 5557">
    <p class='ocr_par' dir='ltr' id='par_1_59' title="bbox 451 5487 2040 5557">
     <span class='ocr_line' id='line_1_59' title="bbox 451 5487 2040 5557; baseline 0.001 -14"><span class='ocrx_word' id='word_1_434' title='bbox 451 5492 719 5543; x_wconf 88' lang='lat' dir='ltr'><strong>mentem.</strong></span> <span class='ocrx_word' id='word_1_435' title='bbox 743 5487 853 5543; x_wconf 88' lang='lat' dir='ltr'><strong>Sed</strong></span> <span class='ocrx_word' id='word_1_436' title='bbox 882 5487 1053 5543; x_wconf 88' lang='lat' dir='ltr'><strong>etiam</strong></span> <span class='ocrx_word' id='word_1_437' title='bbox 1080 5487 1246 5543; x_wconf 89' lang='lat' dir='ltr'><strong>irasci</strong></span> <span class='ocrx_word' id='word_1_438' title='bbox 1270 5488 1605 5543; x_wconf 89' lang='lat' dir='ltr'><strong>naturaliter</strong></span> <span class='ocrx_word' id='word_1_439' title='bbox 1631 5487 1780 5542; x_wconf 89' lang='lat' dir='ltr'><strong>inest</strong></span> <span class='ocrx_word' id='word_1_440' title='bbox 1806 5487 2040 5557; x_wconf 86' lang='lat' dir='ltr'><strong>homini,</strong></span> 
     </span>
    </p>
   </div>
   <div class='ocr_carea' id='block_1_60' title="bbox 2134 5215 3729 5298">
    <p class='ocr_par' dir='ltr' id='par_1_60' title="bbox 2134 5215 3729 5298">
     <span class='ocr_line' id='line_1_60' title="bbox 2134 5215 3729 5298; baseline -0.009 -15"><span class='ocrx_word' id='word_1_441' title='bbox 2134 5233 2193 5283; x_wconf 91' lang='lat' dir='ltr'><strong>et</strong></span> <span class='ocrx_word' id='word_1_442' title='bbox 2206 5243 2493 5282; x_wconf 87' lang='lat' dir='ltr'><strong>macerare</strong></span> <span class='ocrx_word' id='word_1_443' title='bbox 2519 5224 2808 5298; x_wconf 89' lang='lat' dir='ltr'><strong>passiones</strong></span> <span class='ocrx_word' id='word_1_444' title='bbox 2827 5220 3075 5293; x_wconf 89' lang='lat' dir='ltr'><strong>corporis</strong></span> <span class='ocrx_word' id='word_1_445' title='bbox 3088 5219 3284 5286; x_wconf 89' lang='lat' dir='ltr'><strong>nostri,</strong></span> <span class='ocrx_word' id='word_1_446' title='bbox 3299 5223 3364 5273; x_wconf 90' lang='lat' dir='ltr'><strong>ut</strong></span> <span class='ocrx_word' id='word_1_447' title='bbox 3378 5215 3729 5272; x_wconf 82' lang='lat' dir='ltr'><strong>inveniamus</strong></span> 
     </span>
    </p>
   </div>
   <div class='ocr_carea' id='block_1_61' title="bbox 2129 5303 3727 5382">
    <p class='ocr_par' dir='ltr' id='par_1_61' title="bbox 2129 5303 3727 5382">
     <span class='ocr_line' id='line_1_61' title="bbox 2129 5303 3727 5382; baseline -0.009 -10"><span class='ocrx_word' id='word_1_448' title='bbox 2129 5317 2189 5372; x_wconf 89' lang='lat' dir='ltr'><strong>in</strong></span> <span class='ocrx_word' id='word_1_449' title='bbox 2214 5317 2312 5372; x_wconf 93' lang='lat' dir='ltr'><strong>illo</strong></span> <span class='ocrx_word' id='word_1_450' title='bbox 2337 5315 2526 5373; x_wconf 89' lang='lat' dir='ltr'><strong>futuro</strong></span> <span class='ocrx_word' id='word_1_451' title='bbox 2556 5331 2621 5370; x_wconf 89' lang='lat' dir='ltr'><strong>ac</strong></span> <span class='ocrx_word' id='word_1_452' title='bbox 2646 5320 2855 5369; x_wconf 60' lang='grc' dir='ltr'><strong>πιθωο</strong></span> <span class='ocrx_word' id='word_1_453' title='bbox 2881 5310 3102 5379; x_wconf 66' lang='lat' dir='ltr'><strong>seculo,</strong></span> <span class='ocrx_word' id='word_1_454' title='bbox 3131 5308 3280 5382; x_wconf 87' lang='lat' dir='ltr'><strong>quod</strong></span> <span class='ocrx_word' id='word_1_455' title='bbox 3307 5320 3596 5379; x_wconf 88' lang='lat' dir='ltr'><strong>nunquam</strong></span> <span class='ocrx_word' id='word_1_456' title='bbox 3626 5303 3727 5358; x_wconf 82' lang='lat' dir='ltr'><strong>de-</strong></span> 
     </span>
    </p>
   </div>
   <div class='ocr_carea' id='block_1_62' title="bbox 2130 5397 3132 5474">
    <p class='ocr_par' dir='ltr' id='par_1_62' title="bbox 2130 5397 3132 5474">
     <span class='ocr_line' id='line_1_62' title="bbox 2130 5397 3132 5474; baseline -0.009 -16"><span class='ocrx_word' id='word_1_457' title='bbox 2130 5402 2267 5472; x_wconf 81' lang='lat' dir='ltr'><strong>ficit,</strong></span> <span class='ocrx_word' id='word_1_458' title='bbox 2299 5407 2630 5474; x_wconf 88' lang='lat' dir='ltr'><strong>perpetuam</strong></span> <span class='ocrx_word' id='word_1_459' title='bbox 2658 5397 3132 5472; x_wconf 84' lang='lat' dir='ltr'><strong>repausationem‘.</strong></span> 
     </span>
    </p>
   </div>
   <div class='ocr_carea' id='block_1_63' title="bbox 2198 5477 3725 5553">
    <p class='ocr_par' dir='ltr' id='par_1_63' title="bbox 2198 5477 3725 5553">
     <span class='ocr_line' id='line_1_63' title="bbox 2198 5477 3725 5553; baseline -0.007 -7"><span class='ocrx_word' id='word_1_460' title='bbox 2198 5491 2253 5546; x_wconf 80' lang='lat'><strong>4.</strong></span> <span class='ocrx_word' id='word_1_461' title='bbox 2294 5489 2634 5547; x_wconf 85' lang='lat' dir='ltr'><strong>Referebant</strong></span> <span class='ocrx_word' id='word_1_462' title='bbox 2662 5487 2823 5544; x_wconf 89' lang='lat' dir='ltr'><strong>nobis</strong></span> <span class='ocrx_word' id='word_1_463' title='bbox 2862 5486 3043 5542; x_wconf 85' lang='lat' dir='ltr'><strong>sancti</strong></span> <span class='ocrx_word' id='word_1_464' title='bbox 3090 5483 3338 5541; x_wconf 89' lang='lat' dir='ltr'><strong>seniores</strong></span> <span class='ocrx_word' id='word_1_465' title='bbox 3373 5479 3444 5537; x_wconf 90' lang='lat' dir='ltr'><strong>de</strong></span> <span class='ocrx_word' id='word_1_466' title='bbox 3484 5477 3725 5553; x_wconf 84' lang='lat' dir='ltr'><strong>quodam</strong></span> 
     </span>
    </p>
   </div>
   <div class='ocr_carea' id='block_1_64' title="bbox 451 5569 3726 5652">
    <p class='ocr_par' dir='ltr' id='par_1_64' title="bbox 451 5569 3726 5652">
     <span class='ocr_line' id='line_1_64' title="bbox 451 5569 3726 5652; baseline -0.002 -21"><span class='ocrx_word' id='word_1_467' title='bbox 451 5590 565 5631; x_wconf 89' lang='lat' dir='ltr'><strong>non</strong></span> <span class='ocrx_word' id='word_1_468' title='bbox 594 5576 655 5629; x_wconf 89' lang='lat' dir='ltr'><strong>in</strong></span> <span class='ocrx_word' id='word_1_469' title='bbox 680 5577 1056 5633; x_wconf 90' lang='lat' dir='ltr'><strong>commotione</strong></span> <span class='ocrx_word' id='word_1_470' title='bbox 1080 5577 1375 5649; x_wconf 89' lang='lat' dir='ltr'><strong>passionis,</strong></span> <span class='ocrx_word' id='word_1_471' title='bbox 1406 5576 1504 5631; x_wconf 92' lang='lat' dir='ltr'><strong>sed</strong></span> <span class='ocrx_word' id='word_1_472' title='bbox 1526 5582 1592 5631; x_wconf 89' lang='lat' dir='ltr'><strong>ut</strong></span> <span class='ocrx_word' id='word_1_473' title='bbox 1617 5577 1892 5633; x_wconf 88' lang='lat' dir='ltr'><strong>irascatur</strong></span> <span class='ocrx_word' id='word_1_474' title='bbox 1918 5595 2047 5634; x_wconf 91' lang='lat' dir='ltr'><strong>con-</strong></span> <span class='ocrx_word' id='word_1_475' title='bbox 2125 5581 2322 5648; x_wconf 87' lang='lat' dir='ltr'><strong>fratre,</strong></span> <span class='ocrx_word' id='word_1_476' title='bbox 2350 5581 2619 5648; x_wconf 87' lang='lat' dir='ltr'><strong>dicentes,</strong></span> <span class='ocrx_word' id='word_1_477' title='bbox 2649 5576 2929 5652; x_wconf 85' lang='lat' dir='ltr'><strong>quomodo</strong></span> <span class='ocrx_word' id='word_1_478' title='bbox 2959 5574 3203 5648; x_wconf 90' lang='lat' dir='ltr'><strong>quodam</strong></span> <span class='ocrx_word' id='word_1_479' title='bbox 3231 5578 3488 5644; x_wconf 89' lang='lat' dir='ltr'><strong>tempore</strong></span> <span class='ocrx_word' id='word_1_480' title='bbox 3512 5571 3590 5625; x_wconf 84' lang='lat' dir='ltr'><strong>ita</strong></span> <span class='ocrx_word' id='word_1_481' title='bbox 3614 5569 3726 5623; x_wconf 86' lang='lat' dir='ltr'><strong>im-</strong></span> 
     </span>
    </p>
   </div>
   <div class='ocr_carea' id='block_1_65' title="bbox 452 5657 3726 5743">
    <p class='ocr_par' dir='ltr' id='par_1_65' title="bbox 452 5657 3726 5743">
     <span class='ocr_line' id='line_1_65' title="bbox 452 5657 3726 5743; baseline -0.003 -21"><span class='ocrx_word' id='word_1_482' title='bbox 452 5669 544 5722; x_wconf 84' lang='lat' dir='ltr'><strong>tra</strong></span> <span class='ocrx_word' id='word_1_483' title='bbox 571 5664 936 5737; x_wconf 75' lang='lat' dir='ltr'><strong>semetipsum</strong></span> <span class='ocrx_word' id='word_1_484' title='bbox 959 5681 1025 5722; x_wconf 88' lang='lat' dir='ltr'><strong>ac</strong></span> <span class='ocrx_word' id='word_1_485' title='bbox 1043 5666 1180 5722; x_wconf 83' lang='lat' dir='ltr'><strong>vitia</strong></span> <span class='ocrx_word' id='word_1_486' title='bbox 1197 5682 1320 5737; x_wconf 84' lang='lat' dir='ltr'><strong>sua,</strong></span> <span class='ocrx_word' id='word_1_487' title='bbox 1339 5671 1406 5722; x_wconf 91' lang='lat' dir='ltr'><strong>ut</strong></span> <span class='ocrx_word' id='word_1_488' title='bbox 1431 5665 1593 5723; x_wconf 86' lang='lat' dir='ltr'><strong>facile</strong></span> <span class='ocrx_word' id='word_1_489' title='bbox 1611 5666 1914 5724; x_wconf 87' lang='lat' dir='ltr'><strong>emendare</strong></span> <span class='ocrx_word' id='word_1_490' title='bbox 1935 5675 1994 5725; x_wconf 89' lang='lat' dir='ltr'><strong>et</strong></span> <span class='ocrx_word' id='word_1_491' title='bbox 2010 5684 2045 5726; x_wconf 88' lang='lat' dir='ltr'><strong>a</strong></span> <span class='ocrx_word' id='word_1_492' title='bbox 2124 5668 2485 5743; x_wconf 84' lang='lat' dir='ltr'><strong>pugnabatur</strong></span> <span class='ocrx_word' id='word_1_493' title='bbox 2501 5684 2537 5725; x_wconf 90' lang='lat' dir='ltr'><strong>a</strong></span> <span class='ocrx_word' id='word_1_494' title='bbox 2554 5664 2922 5735; x_wconf 71' lang='lat' dir='ltr'><strong>demonibus,</strong></span> <span class='ocrx_word' id='word_1_495' title='bbox 2944 5669 3011 5722; x_wconf 86' lang='lat' dir='ltr'><strong>ut</strong></span> <span class='ocrx_word' id='word_1_496' title='bbox 3040 5664 3234 5720; x_wconf 78' lang='lat' dir='ltr'><strong>statim</strong></span> <span class='ocrx_word' id='word_1_497' title='bbox 3252 5660 3393 5718; x_wconf 87' lang='lat' dir='ltr'><strong>hora</strong></span> <span class='ocrx_word' id='word_1_498' title='bbox 3410 5660 3521 5716; x_wconf 89' lang='lat' dir='ltr'><strong>diei</strong></span> <span class='ocrx_word' id='word_1_499' title='bbox 3542 5657 3726 5732; x_wconf 77' lang='lat' dir='ltr'><strong>prima</strong></span> 
     </span>
    </p>
   </div>
  </div>
