3876 6420
152 391 243 450 741
637 407 642 412 ·
1431 387 1671 445 VERBA
1707 385 2099 444 SENIORUM.
3325 383 3427 441 742

150 519 356 573 tantam
371 511 578 568 famem
601 516 660 568 et
679 511 1049 569 defectionem
1069 513 1288 585 corpori
1317 514 1366 584 ej
1374 529 1440 568 us
1463 513 1730 582 facerent,
1753 516 1803 576 Α
1819 520 1994 585 prope
2018 513 2226 578 lucem;
2251 515 2308 566 et
2323 509 2466 565 dixit
2480 511 2562 567 eis
2583 529 2594 565 :
2617 511 2743 566 Non
2757 525 3056 582 possumus
3081 513 3313 582 propter
3329 526 3428 567 vos

152 611 212 662 ut
244 602 464 676 penitus
512 601 794 656 sustinere
842 618 957 657 non
999 607 1188 674 posset
1225 604 1452 671 (Pelag.,
1504 605 1650 657 libet.
1697 617 1736 668 ι,
1821 619 2047 659 omnem
2075 617 2344 657 canonem
2375 600 2632 672 psallere,
2660 600 2899 671 ideoque
2928 603 3227 670 repausate
3247 597 3426 654 modi-

154 711 206 749 n.
237 688 344 757 58).
363 690 769 745 Verumtamen
790 690 885 745 ille
915 690 1136 746 dicebat
1154 691 1212 746 in
1233 690 1400 746 corde
1430 707 1532 746 suo
1561 708 1572 745 :
1598 691 1743 756 Quia
1822 710 1971 758 cum,
2004 692 2138 764 quia
2168 692 2238 746 de
2266 690 2469 746 itinere
2507 689 2728 760 fatigati
2758 689 2912 744 estis.
2937 689 3078 745 Cum
3118 693 3311 744 autem
3349 687 3431 743 fa-

154 780 607 853 qualitercunque
632 779 839 846 esurio,
872 784 1094 851 oportet
1112 795 1203 834 me
1222 780 1308 834 vel
1335 796 1513 850 usque
1543 780 1614 835 ad
1639 781 1743 835 ho-
1824 788 1978 838 ctum
2005 782 2205 836 fuisset
2233 796 2398 835 mane
2425 780 2568 834 hora
2607 779 2808 852 prima,
2837 778 3135 833 voluerunt
3164 777 3426 833 recedere

152 885 269 927 ram
316 868 543 923 tertiam
604 873 944 940 exspectare,
979 874 1037 923 et
1071 875 1209 924 tunc
1253 868 1443 924 cibum
1496 885 1738 924 sumere.
1824 872 1894 928 ab
1936 888 2020 939 eo,
2055 871 2152 926 sed
2183 886 2296 925 non
2336 869 2591 941 permisit
2627 885 2721 923 eos
2750 867 2956 935 senior,
2989 867 3216 922 dicens:
3249 866 3430 939 Magis

155 960 398 1029 Cumque
441 957 588 1012 facta
631 957 831 1012 fuisset
858 957 1000 1013 hora
1039 958 1226 1025 tertia,
1269 958 1478 1013 iterum
1524 958 1745 1013 dicebat
1820 961 2015 1034 jubete
2045 960 2228 1015 facere
2256 958 2546 1014 nobiscum
2578 959 2899 1029 aliquantos
2948 956 3096 1025 dies;
3135 971 3249 1011 non
3277 955 3429 1010 enim

157 1046 578 1118 cogitationibus
605 1047 723 1102 suis
747 1065 758 1098 :
784 1047 965 1102 Etiam
987 1053 1042 1102 et
1067 1063 1215 1102 nunc
1234 1047 1507 1102 violenter
1525 1053 1746 1119 oportet
1829 1051 2052 1105 dimitto
2076 1065 2172 1104 vos
2199 1047 2386 1115 hodie,
2417 1048 2513 1104 sed
2541 1052 2772 1120 prOpter
2791 1045 3124 1102 charitatem
3147 1051 3313 1101 teneo
3331 1061 3429 1100 vos

157 1153 242 1191 me
279 1135 557 1191 sustinere
607 1152 783 1207 usque
830 1136 903 1191 ad
951 1137 1148 1191 horam
1197 1142 1430 1192 sextam.
1493 1137 1748 1210 Cumque
1831 1141 1916 1195 vel
1937 1139 2076 1194 alios
2098 1145 2214 1194 tres
2237 1137 2479 1194 dies.Illi
2501 1142 2690 1192 autem
2712 1137 2832 1193 haec
2847 1136 3431 1202 audientes,surrexe-

157 1224 464 1281 advenisset
490 1225 629 1280 hora
653 1231 828 1292 sexta,
859 1225 1191 1281 infundebat
1216 1243 1420 1298 panem
1443 1225 1500 1281 in
1520 1242 1745 1297 aquam,
1831 1234 1966 1284 runt
1993 1233 2174 1294 nocte,
2206 1232 2264 1281 et
2289 1233 2594 1298 antequam
2621 1225 2988 1292 illucesceret,
3007 1224 3252 1280 latenter
3277 1223 3432 1295 fuge-

155 1314 369 1369 dicens:
397 1314 544 1369 Dum
564 1314 656 1369 hic
682 1316 843 1386 panis
869 1315 1201 1382 infunditur,
1225 1320 1447 1387 Oportet
1465 1332 1556 1370 me
1580 1315 1750 1370 etiam
1831 1323 1968 1374 runt
1987 1334 2055 1373 ex
2085 1317 2281 1372 eodem
2311 1317 2450 1371 loco.

156 1404 344 1459 horam
373 1419 584 1458 nonam
607 1408 947 1476 exspectare.
971 1406 1228 1476 Cumque
1253 1405 1395 1459 hora
1415 1421 1565 1460 nona
1589 1405 1752 1460 adve-
1904 1407 1956 1464 6.
1989 1407 2230 1472 Quidam
2268 1405 2338 1461 de
2375 1405 2584 1460 sanctis
2612 1403 2924 1460 senioribus
2951 1401 3235 1459 salutandi
3263 1415 3434 1458 causa

157 1492 342 1558 uisset,
372 1492 682 1548 secundum
713 1493 1174 1548 consuetudinem
1215 1493 1532 1565 complebat
1557 1511 1750 1549 omnes
1832 1496 2111 1569 profectus
2127 1502 2213 1551 est
2239 1495 2312 1550 ad
2339 1495 2511 1550 alium
2538 1493 2815 1550 seniorem
2843 1493 3159 1560 eremitam,
3185 1493 3283 1565 qui
3304 1507 3434 1547 cum

157 1581 428 1636 orationes
446 1598 577 1636 suas
598 1587 657 1638 et
681 1582 1053 1654 psalmodiam
1071 1584 1381 1638 secundum
1402 1583 1676 1654 regulam,
1695 1589 1752 1638 et
1832 1585 1985 1642 omni
2003 1585 2212 1656 gaudio
2224 1584 2468 1656 suscepit
2485 1600 2635 1649 eum,
2651 1599 2754 1655 pro
2773 1583 2935 1654 cujus
2955 1581 3198 1638 adventu
3217 1580 3437 1652 paravit

159 1669 391 1743 ponebat
411 1688 615 1742 panem
635 1677 700 1726 ut
713 1671 1049 1726 comederet.
1068 1673 1185 1728 Hoc
1206 1689 1339 1743 ergo
1359 1689 1461 1743 per
1480 1673 1751 1744 plurimos
1833 1675 1904 1730 ad
1923 1674 2281 1729 refectionem
2307 1673 2584 1728 lenticulae
2600 1671 2784 1727 cibum
2806 1676 3045 1737 coctum,
3061 1670 3434 1741 dixeruntque

160 1759 272 1814 dies
298 1759 585 1815 sustinuit.
619 1761 872 1825 Quadam
904 1778 1036 1832 ergo
1067 1761 1158 1817 die
1205 1761 1462 1816 similiter
1501 1761 1571 1816 ab
1610 1751 1751 1816 hora
1831 1764 1981 1819 inter
2009 1780 2068 1818 se
2093 1769 2158 1818 ut
2192 1763 2349 1834 prius
2394 1779 2460 1816 ex
2503 1777 2658 1815 more
2690 1760 3038 1831 complerent
3067 1759 3349 1814 orationes
3377 1760 3436 1812 et

158 1849 332 1920 prima
375 1865 556 1920 usque
585 1849 657 1904 ad
695 1866 902 1905 nonam
950 1851 1108 1918 fecit;
1143 1867 1381 1922 cumque
1420 1851 1561 1905 hora
1600 1835 1814 1906 nonaB
1833 1853 2221 1926 psalmodiam,
2253 1857 2311 1906 et
2328 1855 2523 1923 postea
2548 1849 2736 1904 cibum
2763 1853 3044 1920 caperent.
3079 1848 3218 1904 Cum
3244 1852 3437 1903 autem

158 1937 388 1992 sedisset
415 1944 482 1992 ut
508 1937 696 1993 cibum
725 1944 968 2010 caperet,
1019 1939 1159 1994 vidit
1209 1940 1277 1994 de
1320 1941 1587 2012 sportella
1635 1940 1751 2008 (ubi
1831 1943 2071 2014 ingressi
2099 1942 2354 2007 fuissent,
2393 1939 2728 2012 psallebant,
2763 1942 3059 2009 totumque
3101 1935 3433 2008 psalterium

160 2027 332 2098 panis,
345 2027 403 2082 id
429 2033 533 2095 est,
559 2028 864 2100 paximatia
881 2027 969 2102 [4]
990 2029 1235 2100 reposita
1247 2034 1428 2098 erant)
1442 2030 1752 2084 surrexisse
1833 2032 2271 2103 compleverunt.
2289 2030 2434 2085 Nam
2447 2029 2582 2084 etde
2604 2027 2907 2098 Scripturis
2918 2027 3146 2093 sanctis,
3161 2030 3436 2097 tanquam

158 2115 367 2171 fumum
395 2133 688 2188 magnum,
721 2123 779 2172 et
819 2134 1107 2189 egressum
1136 2135 1258 2173 esse
1302 2136 1403 2190 per
1445 2119 1748 2174 fenestram
1834 2123 2102 2192 legentes,
2135 2121 2276 2175 duos
2298 2119 2600 2190 prophetas
2628 2116 2888 2172 absentes
2915 2114 3203 2180 habentes,
3227 2119 3434 2169 recita-

159 2204 362 2260 cellulae
408 2206 552 2276 ejus.
603 2207 800 2278 Itaque
840 2223 908 2260 ex
949 2207 1045 2260 illo
1095 2206 1204 2274 die,
1247 2223 1350 2262 nec
1397 2208 1610 2262 esuries
1651 2224 1755 2262 nec
1834 2216 2053 2266 verunt.
2077 2211 2314 2281 Jamque
2334 2209 2454 2263 dies
2469 2207 2704 2274 abierat,
2721 2223 2830 2262 nox
2846 2201 3437 2260 similiterrecedebat.

159 2293 390 2348 defectio
422 2292 643 2366 corpori
671 2295 818 2350 facta
847 2300 951 2364 est,
985 2296 1084 2350 sed
1113 2296 1292 2368 magis
1313 2297 1396 2351 ita
1423 2295 1752 2352 corrobora-
1835 2301 1982 2356 Dum
2011 2316 2144 2371 ergo
2177 2306 2406 2354 orarent
2427 2303 2484 2352 et
2503 2298 2720 2352 intente
2753 2295 3078 2368 psallerent,
3109 2292 3294 2348 illuxit
3324 2291 3439 2347 alia

160 2387 274 2437 tum
299 2390 384 2438 est
410 2383 470 2438 in
492 2383 601 2438 fide
626 2389 684 2440 et
713 2383 1053 2440 abstinentia
1077 2402 1173 2440 cor
1193 2387 1335 2456 ejus,
1358 2391 1424 2440 ut
1451 2387 1622 2441 etiam
1652 2403 1755 2441 nec
1836 2390 1976 2456 dies,
1995 2396 2053 2444 et
2075 2395 2210 2444 tunc
2238 2387 2635 2444 intellexerunt
2662 2385 2809 2457 quod
2826 2386 2949 2456 jam
2981 2400 3090 2439 nox
3117 2381 3442 2438 transisset.

159 2477 280 2543 post
295 2471 530 2528 biduum
555 2473 861 2529 delectaret
878 2491 1008 2529 eum
1025 2474 1211 2529 cibum
1232 2474 1501 2546 accipere.
1525 2477 1612 2530 Ita
1629 2492 1759 2546 gra-
1837 2479 2051 2534 Iterum
2064 2481 2253 2544 494
2267 2481 2457 2532 autem
2477 2475 2628 2530 inter
2647 2491 2708 2528 se
2724 2473 2793 2528 de
2814 2472 2981 2528 verbo
3000 2471 3103 2527 Dei
3123 2471 3438 2543 loquentes,

161 2561 237 2615 tia
277 2562 378 2617 Dei
430 2563 737 2630 auxiliante
781 2564 1075 2618 certamini
1105 2565 1245 2634 ejus,
1279 2581 1380 2636 per
1424 2565 1757 2636 patientiam
1839 2573 1896 2622 et
1924 2566 2203 2638 spiritales
2235 2566 2341 2620 sibi
2381 2581 2580 2620 sensus
2627 2568 2988 2635 exponentes,
3029 2561 3237 2616 factum
3267 2565 3354 2615 est
3377 2562 3444 2614 ut

161 2665 316 2705 suam
353 2651 531 2708 frater
572 2652 836 2708 exstinxit
877 2642 1304 2724 gastrimargiae,
1333 2653 1391 2708 id
1420 2659 1506 2708 est
1530 2654 1676 2725 gulae
1703 2659 1761 2708 et
1839 2657 1987 2712 circa
2009 2656 2207 2711 horam
2240 2671 2449 2710 nonam
2473 2654 2782 2709 salutantes
2801 2669 2861 2706 se
2883 2651 3142 2719 invicem,
3162 2649 3243 2704 ita
3261 2664 3446 2704 rever-

162 2740 622 2812 c°ncupiscentife
649 2741 989 2813 passionem.
1839 2763 1935 2802 sus
1963 2751 2049 2801 est
2076 2745 2173 2817 qui
2200 2750 2434 2800 venerat
2464 2759 2633 2798 senex
2670 2742 2743 2796 ad
2769 2740 3029 2796 cellulam
3069 2755 3256 2796 suam.
3295 2737 3444 2792 Nam

230 2829 280 2884 5.
313 2829 540 2901 Egressi
578 2836 712 2885 sunt
738 2830 1037 2903 aliquando
1060 2830 1130 2886 de
1160 2833 1504 2887 monasterio
1532 2831 1754 2900 fratres,
1838 2835 2198 2890 refectionem
2227 2833 2336 2887 cibi
2355 2831 2451 2904 qui
2480 2835 2711 2903 paratus
2739 2829 2942 2896 fuerat,
2963 2827 3122 2882 obliti
3142 2830 3278 2883 sunt
3302 2825 3446 2881 acci-

160 2918 230 2973 ad
274 2919 618 2975 visitandum
655 2937 750 2975 eos
796 2921 892 2992 qui
932 2922 991 2975 in
1031 2937 1221 2976 eremo
1268 2921 1760 2976 commorabantur
1840 2941 1992 2997 pere,
2025 2924 2158 2978 dum
2189 2923 2375 2978 cibum
2400 2919 2752 2993 spiritualem
2779 2922 3188 2991 perceperunt;
3213 2930 3442 2987 vespere

163 3007 354 3063 Patres
387 3010 611 3079 (Pelag.,
650 3011 832 3065 libello
860 3025 913 3076 x,
948 3027 1107 3065 num.
1142 3009 1252 3079 9?).
1283 3013 1424 3066 Cum
1455 3017 1645 3066 autem
1673 3028 1761 3065 ve-
1841 3018 2031 3069 autem
2047 3011 2432 3079 facto,invenit
2447 3011 2636 3065 senior
2655 3009 2823 3064 ollam
2843 3008 3070 3081 plenam
3085 3007 3231 3061 sicut
3248 3008 3449 3078 parata

163 3096 374 3152 nissent
401 3097 475 3152 ad
503 3098 804 3169 quemdam
840 3099 1135 3154 eremitam
1181 3100 1480 3166 seniorem,
1515 3100 1764 3172 suscepit
1841 3103 2058 3170 fuerat;
2085 3107 2142 3156 et
2168 3101 2550 3166 contristatus,
2575 3099 2752 3154 dixit:
2784 3099 2903 3152 Heu
2933 3097 2945 3151 l
2977 3095 3257 3169 quomodo
3287 3093 3448 3149 obliti

163 3201 254 3242 eos
305 3203 435 3242 cum
474 3186 678 3258 grandi
716 3187 943 3258 gaudio,
989 3193 1045 3242 et
1082 3188 1228 3243 sicut
1264 3190 1608 3245 consuetudo
1651 3195 1754 3256 est,
1775 3200 1818 3260 ί]
1843 3208 2038 3247 sumus
2062 3191 2417 3262 pulmentum
2444 3187 2618 3243 istud.

163 3275 422 3346 apposuit
435 3275 518 3330 eis
533 3277 864 3330 mensulam.
892 3277 1102 3331 Videns
1121 3277 1269 3331 enim
1293 3295 1388 3332 eos
1411 3279 1674 3350 fatigatos
1689 3279 1758 3333 de
1911 3279 1962 3337 7.
1996 3279 2295 3335 Referebat
2329 3277 2488 3332 nobis
2517 3275 2688 3330 abbas
2723 3274 2928 3342 Zenon,
2962 3272 3096 3346 quia
3138 3269 3443 3346 aliquando

163 3361 381 3429 itinere,
410 3363 540 3418 ideo
560 3369 692 3420 ante
715 3365 910 3419 horam
932 3382 1138 3420 nonam
1161 3366 1292 3420 fecit
1315 3383 1410 3421 eos
1429 3368 1676 3433 reficere,
1705 3371 1762 3421 et
1841 3371 1976 3424 dum
2027 3368 2473 3440 proficisceretur
2517 3365 2587 3420 ad
2635 3364 3014 3429 Palaestinam,
3068 3361 3335 3446 fatigatus
3377 3359 3448 3416 de

165 3451 432 3523 quidquid
465 3451 708 3508 habebat
735 3453 794 3507 in
817 3454 956 3508 cella
978 3471 1100 3521 sua,
1125 3455 1387 3526 apposuit
1414 3460 1478 3510 ut
1507 3457 1756 3521 ederent,

164 3546 218 3594 et
237 3542 561 3612 repausavit
579 3559 695 3598 eos.
725 3543 894 3597 Facto
924 3549 1114 3598 autem
1139 3561 1382 3615 vespere,
1402 3545 1684 3600 orationes
1707 3551 1764 3600 et

162 3631 404 3701 psalmos
450 3631 762 3687 secundum
799 3634 1269 3688 consuetudinem
1319 3635 1758 3706 compleverunt,

155 3718 423 3776 similiter
441 3720 615 3776 etiam
643 3727 701 3776 et
719 3726 881 3777 nocte
901 3721 1170 3777 fecerunt.
1190 3723 1557 3795 Supradictus
1573 3730 1764 3779 autem

164 3809 349 3866 senior
375 3814 636 3882 separate
671 3811 731 3866 in
770 3809 880 3866 alio
917 3812 1036 3866 loco
1070 3812 1391 3883 quiescebat
1419 3813 1540 3879 sibi,
1585 3819 1643 3868 et
1669 3830 1766 3868 au-

165 3896 352 3955 diebat
369 3900 668 3972 loquentes
696 3899 845 3954 inter
873 3918 952 3968 se,
985 3905 1042 3956 et
1059 3901 1306 3956 dicentes
1329 3919 1340 3954 :
1366 3902 1644 3966 Quoniam
1672 3903 1768 3958 isti

166 3989 414 4044 eremitae
443 3989 630 4060 magis
667 3995 726 4044 et
752 3990 954 4044 melius
993 3990 1064 4044 ad
1113 3991 1472 4047 refectionem
1509 3992 1769 4047 cibantur

168 4091 335 4147 quam
365 4077 466 4149 qui
494 4076 554 4132 in
591 4079 948 4133 monasteriis
977 4086 1394 4136 conversantur.
1423 4082 1552 4136 Haec
1578 4086 1768 4136 autem

167 4166 355 4221 senior
380 4167 620 4222 audiens
647 4167 842 4222 tacuit.
876 4168 946 4222 Et
978 4185 1107 4223 cum
1150 4169 1426 4225 illuxisset
1451 4170 1590 4237 dies,
1624 4170 1770 4226 arri-

162 4262 412 4326 puerunt
430 4257 542 4311 iter
564 4261 630 4311 ut
651 4256 724 4311 ad
743 4256 916 4311 alium
939 4258 1233 4314 eremitam
1243 4265 1563 4331 pergerent,
1589 4260 1690 4332 qui
1711 4261 1770 4316 in

1842 3457 2032 3513 labore
2062 3456 2300 3521 itineris,
2335 3454 2545 3509 resedit
2570 3452 2676 3508 sub
2719 3451 2919 3507 arbore
2943 3453 3148 3519 (Pelag.
3185 3451 3332 3504 libet.
3365 3462 3442 3513 xv.

1845 3564 1903 3602 η.
1941 3547 2046 3616 l7).
2075 3547 2212 3602 Erat
2229 3550 2422 3600 autem
2441 3544 2500 3598 in
2522 3541 2774 3615 proximo
2805 3557 2941 3612 ager
2963 3539 3163 3612 plenus
3192 3553 3451 3593 cucume-

1844 3635 2019 3691 ribus.
2053 3635 2331 3706 Cogitavit
2353 3639 2544 3689 autem
2573 3633 2630 3687 in
2653 3630 2819 3687 corde
2839 3646 2962 3697 suo,
2989 3633 3054 3684 ut
3081 3631 3356 3700 surgeret,
3393 3631 3453 3683 et

1846 3727 2070 3782 tolleret
2103 3725 2208 3779 sibi
2237 3725 2308 3778 ad
2345 3722 2704 3778 refectionem
2735 3719 2806 3774 de
2834 3718 2972 3791 ipsis
3003 3714 3395 3773 cucumeribus
3429 3733 3442 3769 :

1846 3815 2002 3871 Nihil
2031 3815 2199 3880 enim,
2231 3812 2437 3885 inquit,
2466 3811 2680 3882 grande
2718 3813 2805 3864 est
2842 3806 2992 3880 quod
3019 3805 3199 3861 habeo
3226 3804 3446 3860 tollere.

1847 3904 2321 3976 Respondensque
2345 3902 2465 3974 ipse
2486 3900 2592 3954 sibi
2612 3901 2670 3954 in
2692 3895 3132 3969 cogitationibus
3158 3894 3295 3960 suis,
3327 3893 3410 3948 ait
3434 3909 3446 3947 :

1848 3995 1991 4059 Quia
2011 3993 2162 4048 fures
2181 3989 2633 4064 praecipientibus
2649 3987 2932 4060 judicibus
2949 3986 3006 4041 in
3025 3987 3311 4040 tormenta
3324 3981 3456 4038 mit-

1847 4088 2064 4150 tuntur,
2096 4086 2319 4154 oportet
2338 4086 2396 4135 et
2422 4097 2524 4150 ego
2554 4078 2831 4150 meipsum
2860 4074 3118 4148 probare,
3160 4073 3208 4128 si
3239 4071 3454 4144 possim

1851 4173 2128 4228 sustinere
2146 4175 2447 4238 tormenta,
2467 4185 2590 4240 quae
2609 4167 2856 4222 latrones
2872 4164 3184 4237 patiuntur.
3204 4161 3454 4233 Surgens

1852 4267 2044 4318 autem
2059 4261 2255 4316 eadem
2268 4261 2427 4326 hora,
2450 4258 2608 4314 stetit
2626 4257 2686 4311 in
2704 4260 2845 4311 testu
2867 4253 3114 4326 quinque
3135 4249 3458 4318 dies,frixit-

164 4344 344 4401 vicino
370 4345 631 4417 ejusdem
660 4346 814 4401 senis
835 4345 1143 4402 habitabat.
1165 4349 1306 4403 Cum
1333 4355 1522 4405 autem
1544 4350 1772 4422 egrede-
1855 4367 1962 4425 que
1983 4367 2187 4422 corpus
2210 4366 2394 4414 suum,
2419 4353 2476 4404 et
2503 4346 2645 4401 dixit
2670 4342 3101 4418 cogitationibus
3118 4340 3238 4396 suis
3268 4357 3280 4393 :
3311 4338 3457 4406 Quia

166 4439 382 4503 rentur,
415 4434 563 4491 dixit
608 4434 689 4490 eis
727 4435 958 4490 senior:
993 4436 1246 4492 Salutate
1283 4455 1414 4493 eum
1461 4456 1524 4494 ex
1562 4455 1671 4506 me,
1717 4445 1775 4495 et
1854 4457 1967 4497 non
2005 4457 2232 4513 possum
2278 4437 2558 4495 sustinere
2600 4439 2902 4501 tormenta,
2951 4432 3077 4487 ideo
3109 4434 3330 4504 oportet
3363 4444 3455 4483 me

169 4522 334 4579 dicite
355 4524 407 4578 ei
438 4523 734 4592 :Observa,
759 4530 816 4580 et
834 4525 949 4580 noli
968 4525 1205 4598 irrigare
1226 4528 1397 4582 olera.
1418 4529 1560 4584 Cum
1579 4521 2068 4587 autemeurtum
2107 4546 2220 4585 non
2262 4528 2463 4593 facere,
2497 4525 2593 4580 sed
2636 4523 2816 4596 magis
2853 4537 3109 4578 exercere
3147 4516 3456 4574 secundum

170 4615 562 4684 pervenissent
596 4614 668 4669 ad
697 4613 856 4670 illum
883 4614 1161 4670 seniorem
1189 4616 1381 4684 alium,
1417 4617 1680 4673 dixerunt
1722 4619 1774 4674 ei

170 4703 526 4759 mandatum.
560 4703 686 4774 Ipse
730 4720 860 4759 vero
901 4703 1174 4760 intellexit
1218 4721 1466 4773 causam,
1511 4713 1565 4761 et
1591 4707 1776 4770 tenuit

172 4792 400 4847 eosdem
429 4792 923 4864 fratres,deditque
943 4794 1023 4849 eis
1045 4799 1110 4849 ut
1139 4800 1506 4866 eperarentur
1525 4802 1775 4852 texentes

171 4886 414 4951 sportas,
447 4881 760 4954 sedensque
788 4899 918 4937 cum
965 4883 1046 4938 eis
1098 4883 1236 4955 ipse,
1288 4900 1400 4938 non
1442 4885 1678 4940 cessavit
1707 4886 1775 4940 de

171 4985 339 5041 opere
363 4972 912 5044 manuum.Vespere
935 4977 1125 5028 autem
1141 4973 1212 5028 ad
1232 4973 1536 5028 luminaria
1558 4974 1776 5029 addidit

171 5075 342 5132 super
369 5061 840 5118 consuetudinem
864 5063 1004 5118 alios
1030 5063 1293 5134 psalmos,
1309 5068 1365 5118 et
1380 5068 1509 5135 post
1527 5063 1775 5134 comple-

168 5153 253 5204 tas
279 5150 571 5206 orationes
599 5150 743 5206 dixit
767 5151 848 5208 eis
873 5170 884 5205 :
910 5153 1028 5207 Nos
1055 5152 1280 5224 quidem
1311 5152 1775 5208 consuetudinem

166 5251 274 5293 non
307 5238 592 5296 habemus
636 5240 810 5295 cibari
841 5241 1110 5312 quotidie,
1143 5241 1241 5297 sed
1271 5247 1501 5314 propter
1526 5248 1774 5298 vestrum

167 5325 481 5384 adventum
509 5335 733 5402 oportet
749 5346 851 5386 nos
872 5330 1038 5385 hodie
1059 5347 1280 5386 coenare
1301 5350 1313 5390 :
1338 5337 1396 5387 et
1414 5332 1675 5404 apposuit
1695 5333 1777 5387 eis

160 5430 333 5486 panes
355 5418 555 5486 siccos,
582 5424 641 5475 et
667 5419 770 5486 sal,
798 5419 1024 5476 dicens:
1060 5420 1207 5485 Quia
1234 5426 1466 5493 propter
1491 5438 1586 5476 vos
1615 5419 1778 5477 debe-

159 5522 284 5564 mus
304 5507 555 5581 amplius
578 5508 789 5581 aliquid
809 5525 1063 5578 coenare;
1092 5510 1245 5565 misit
1270 5517 1459 5566 autem
1490 5510 1774 5566 modicum

157 5605 401 5665 acetum,
446 5603 506 5652 et
533 5599 637 5667 sal,
670 5605 728 5654 et
766 5600 1049 5655 modicum
1078 5599 1188 5654 olei
1213 5619 1230 5671 ;
1261 5605 1320 5654 et
1346 5616 1475 5654 cum
1505 5601 1776 5656 surrexis-

155 5691 280 5741 sent
327 5688 400 5742 de
433 5688 889 5758 mensula,caepit
936 5689 1144 5744 iterum
1182 5689 1418 5759 psallere
1477 5707 1652 5761 usque
1703 5691 1774 5746 ad

1853 4619 2319 4676 consuetudinem
2343 4632 2514 4688 Opera
2535 4629 2824 4680 manuum,
2849 4616 2908 4666 et
2924 4611 2994 4665 de
3012 4607 3300 4664 laboribus
3315 4604 3458 4660 meis

1854 4710 2104 4774 reﬁcere,
2138 4707 2283 4761 sicut
2335 4709 2531 4766 sancta
2573 4701 2865 4772 Scriptura
2909 4697 3048 4753 dicit
3086 4697 3145 4752 in
3172 4693 3404 4768 psalmis
3439 4709 3454 4748 :

1856 4796 2098 4852 Labores
2127 4809 2397 4849 manuum
2427 4798 2653 4847 tuarum
2683 4788 2814 4861 quia
2842 4784 3225 4852 manducabis,
3255 4783 3459 4839 beatus

1857 4901 1917 4939 es
1932 4889 1989 4939 et
2009 4883 2153 4938 bene
2175 4881 2281 4938 tibi
2299 4881 2407 4936 erit
2424 4883 2588 4950 (Psat.
2610 4879 2840 4949 cxxvn),
2866 4877 3014 4950 quod
3034 4881 3185 4932 certe
3208 4871 3459 4948 quotidie

1858 4974 1916 5029 in
1939 4977 2241 5044 conspectu
2267 4969 2490 5026 Domini
2524 4967 2838 5041 psallimus.

1925 5061 1976 5120 8.
2011 5061 2328 5133 Discipulus
2357 5060 2649 5132 cujusdam
2679 5057 2860 5114 sancti
2889 5055 3125 5114 senioris
3155 5054 3458 5130 impugnao

1854 5151 2022 5208 batur
2051 5168 2085 5206 a
2121 5150 2323 5223 spiritu
2352 5149 2756 5217 fornicationis,
2789 5148 2908 5213 sed,
2945 5146 3250 5203 auxiliante
3275 5141 3462 5216 gratia

1859 5241 2099 5308 Domini,
2147 5239 2446 5295 resistebat
2495 5239 2734 5293 viriliter
2773 5237 3030 5310 pessimis
3069 5241 3125 5290 et
3154 5231 3460 5290 immundis

1859 5329 2290 5403 cogitationibus
2321 5329 2503 5384 cordis
2532 5328 2637 5396 sui,
2664 5327 2900 5399 jejuniis
2927 5331 2985 5380 et
3005 5321 3371 5392 orationibus,
3402 5328 3463 5378 et

1859 5423 1919 5478 in
1948 5438 2117 5494 opere
2144 5436 2418 5476 manuum
2448 5417 2736 5489 afﬂigebat
2762 5432 2822 5472 se
2848 5415 3228 5470 vehementer.
3252 5413 3461 5468 Beatus

1860 5516 2050 5568 autem
2076 5511 2261 5566 senior
2302 5509 2495 5565 videns
2523 5524 2651 5562 eum
2678 5507 2760 5561 ita
2783 5503 3151 5572 laborantem,
3185 5502 3324 5560 dixit
3359 5503 3413 5558 ei
3446 5521 3458 5558 :

1859 5599 1918 5658 Si
1947 5603 2050 5669 vis,
2083 5618 2116 5656 o
2164 5601 2263 5667 fili,
2295 5600 2566 5671 deprecor
2594 5595 2918 5662 Dominum,
2970 5599 3030 5649 ut
3067 5592 3288 5649 auferat
3329 5609 3364 5648 a
3407 5598 3464 5649 te

1859 5692 2028 5748 istam
2055 5689 2560 5763 impugnationem.
2587 5685 2689 5742 Ille
2720 5701 2850 5740 vero
2879 5685 3246 5757 respondens,
3278 5683 3420 5742 dixit
3446 5702 3460 5739 :
