3876 6400
508 362 612 421 743

1618 364 1710 421 DE
1747 361 1936 422 VI'I‘IS
1975 362 2270 422 PATRUM
2308 363 2521 423 LIBER
2559 369 2658 424 III.

3655 378 3732 438 744

499 492 698 562 Video,
724 493 908 558 Pater,
935 488 1069 563 quia
1094 490 1202 546 etsi
1228 488 1479 545 laborem
1507 490 1777 557 sustineo,
1804 490 1986 545 sentio
2013 491 2161 550 ιιι-Α
2179 489 2319 545 abiit
2353 492 2424 546 ad
2459 496 2716 547 sanctum
2748 490 3007 549 abbatem
3056 493 3350 563 Isidorum,
3387 503 3446 553 et
3486 501 3665 558 retulit
3696 506 3736 559 ei
3824 474 3829 487 4

498 599 628 637 men
654 582 899 636 fructum
919 580 978 635 in
1002 597 1093 635 me
1121 580 1390 652 perﬁcere
1416 579 1647 646 bonum,
1670 579 1805 651 quia
1825 595 1927 651 per
1944 596 2098 635 occa-

499 670 714 726 sionem
743 669 1185 742 impugnationis
1210 669 1399 741 hujus,
1434 674 1491 724 et
1526 669 1768 741 amplius
1789 670 2005 741 jejuno,
2040 675 2096 724 et

495 759 737 831 amplius
766 758 825 813 in
863 758 1068 830 vigiliis
1096 763 1153 813 et
1180 757 1525 813 orationibus
1562 757 1760 813 tolero.
1793 757 2096 813 Verumta-

492 865 622 903 men
644 848 915 920 deprecor
953 853 1030 915 te,
1061 852 1127 903 ut
1155 863 1347 902 exores
1385 862 1485 919 pro
1528 862 1619 900 me
1650 846 2089 901 misericordiam

492 937 738 1004 Domini,
790 942 855 992 ut
894 937 991 992 det
1037 935 1178 991 mihi
1226 935 1508 1002 virtutem,
1558 940 1836 1007 quatenus
1880 935 2092 1006 possim

490 1026 769 1082 sustinere
793 1031 852 1080 et
876 1029 1093 1080 certare
1136 1024 1412 1096 legitime.
1447 1024 1605 1079 Tunc
1641 1023 1830 1078 senior
1864 1031 2093 1079 sanctus

491 1113 634 1170 dixit
658 1114 711 1170 ei
741 1131 754 1168 :
791 1114 930 1170 Ecce
957 1129 1107 1169 nunc
1135 1114 1386 1184 cognovi,
1429 1112 1530 1179 ﬁli,
1569 1113 1705 1185 quia
1734 1113 1977 1167 fideliter
2003 1113 2093 1167 in-

490 1203 699 1275 telligis
727 1204 878 1277 quod
906 1204 1012 1257 hoc
1039 1202 1293 1275 spiritale
1316 1206 1601 1256 certamen
1635 1218 1738 1273 per
1762 1202 2093 1273 patientiam

490 1292 565 1348 ad
594 1293 835 1348 salutem
863 1297 1130 1347 aeternam
1158 1291 1361 1346 animae
1389 1296 1501 1346 tum
1529 1290 1804 1362 proﬁciat.
1830 1291 1917 1345 Ita
1945 1291 2097 1346 enim

490 1386 719 1437 sanctus
759 1380 1061 1452 Apostolus
1088 1379 1231 1434 dixit
1258 1396 1269 1432 :
1306 1379 1524 1434 Bonum
1553 1386 1840 1434 certamen
1861 1380 2089 1447 certavi,

489 1486 718 1527 cursum
764 1469 1168 1536 consummavi,
1222 1468 1391 1523 ﬁdem
1447 1469 1700 1537 servavi;
1742 1468 1811 1522 de
1868 1473 2088 1538 cetero,

489 1558 738 1633 reposita
764 1563 854 1614 est
878 1557 1018 1613 mihi
1037 1573 1243 1613 corona
1265 1557 1501 1628 justitim
1524 1575 1539 1626 ;
1562 1573 1676 1612 non
1696 1556 1876 1613 solum
1899 1562 2089 1612 autem

489 1648 650 1715 mihi,
684 1648 782 1704 sed
813 1653 872 1703 et
911 1646 1169 1702 omnibus
1198 1646 1295 1718 qui
1334 1646 1576 1718 diligunt
1621 1646 1927 1702 adventum
1966 1648 2089 1718 ejus

492 1739 576 1806 (ῘῙ
603 1738 745 1793 Tim.
774 1736 869 1806 1v).

2177 580 2500 636 violentiam
2527 582 2970 653 impugnationis
2998 600 3115 638 sum
3145 587 3367 656 (Pelag.,
3402 588 3585 645 libello
3610 608 3732 659 xvm,

2180 685 2338 725 num.
2389 669 2496 741 l2).
2551 671 2805 743 Cumque
2858 672 2928 727 de
2977 673 3280 745 Scripturis
3334 677 3544 732 sanctis
3597 680 3735 738 abbas

2178 758 2426 815 Isidorus
2452 760 2741 832 proferens
2768 761 3106 828 testimonia,
3130 765 3516 821 consolaretur
3541 784 3675 836 eum,
3694 776 3735 826 et

2178 852 2244 902 ut
2291 849 2365 903 ad
2409 849 2667 904 cellulam
2706 865 2867 904 suam
2917 857 3293 921 reverteretur
3338 862 3567 927 rogaret
3611 875 3731 923 eum,

2172 936 2354 991 noluit
2372 936 2542 992 abbas
2565 937 2784 1009 Moyses
2804 955 3035 1009 pergere
3055 941 3395 997 adcellulam
3417 960 3596 999 suam.
3609 947 3734 1002 Tunc

2172 1023 2346 1079 abbas
2376 1026 2624 1080 Isidorus
2654 1027 2870 1098 pariter
2897 1044 3024 1083 cum
3052 1029 3255 1084 abbate
3286 1029 3473 1104 Moyse
3500 1036 3735 1090 ascende-

2174 1119 2309 1167 runt
2332 1114 2390 1169 in
2418 1115 2711 1199 superiora
2734 1116 2946 1171 cellulm
2970 1133 3104 1172 suae.
3136 1119 3207 1174 Et
3231 1120 3373 1175 dixit
3389 1121 3442 1176 ei
3471 1123 3699 1178 Isidorus
3725 1144 3733 1178 :
3770 1188 3779 1199 ἢ

2176 1202 2409 1274 Respice
2438 1204 2509 1258 ad
2538 1190 2729 1277 4‘5
2757 1203 3136 1272 Occidentem,
3161 1213 3219 1262 et
3236 1209 3378 1264 vide.
3403 1211 3649 1285 Cumque
3670 1230 3737 1269 re-
3755 1190 3779 1265 λ

2178 1292 2439 1362 spiceret,
2463 1292 2605 1347 vidit
2623 1293 3039 1348 multitudinem
3066 1294 3384 1353 daemonum
3410 1300 3738 1357 vehementer

2177 1396 2303 1435 cum
2320 1381 2510 1436 furore
2538 1380 2874 1453 perturbari,
2893 1388 2951 1437 et
2985 1385 3147 1455 quasi
3174 1385 3245 1441 ad
3269 1388 3524 1459 praelium
3559 1406 3737 1463 prepa-

2172 1475 2345 1537 ratos,
2372 1469 2812 1543 festinantesque
2831 1487 3102 1544 pugnare.
3132 1474 3285 1530 Dixit
3309 1481 3499 1533 autem
3513 1478 3569 1533 ei
3593 1479 3737 1535 abbas

2171 1558 2420 1615 Isidorus
2468 1577 2480 1613 :
2538 1560 2771 1632 Respice
2816 1560 3021 1616 iterum
3056 1562 3128 1617 ad
3170 1563 3477 1634 Orientem,
3521 1573 3580 1622 et
3613 1569 3733 1623 vide.

2171 1646 2425 1720 Cumque
2448 1649 2768 1721 respiceret,
2794 1650 2931 1705 vidit
2958 1651 3424 1709 innumerabilem
3454 1656 3738 1713 multitudi-

2169 1753 2300 1791 nem
2325 1743 2646 1793 sanctorum
2674 1739 3021 1809 angelorum,
3051 1741 3358 1811 gloriosum
3388 1749 3448 1800 et
3464 1745 3737 1817 splenden-

560 1822 613 1883 9.
637 1825 858 1882 Etalius
877 1824 1048 1880 etiam
1067 1824 1246 1880 frater
1262 1825 1625 1880 vehementer
1644 1825 2086 1898 impugnabatur
2107 1806 2284 1881 Btem
2312 1843 2484 1899 super
2511 1828 2704 1883 lumen
2730 1806 2866 1883 solis
2910 1806 3224 1885 caelestium
3251 1806 3521 1888 virtutum
3554 1835 3737 1890 exerci-

486 1913 557 1970 ab
587 1915 879 1971 immundo
900 1914 1099 1987 spiritu
1125 1913 1528 1970 fornicationis.
1552 1914 1871 1986 Exsurgens
1892 1921 2084 1972 autem

2167 1921 2309 1971 tum.
2343 1916 2439 1972 Ait
2481 1922 2673 1972 autem
2712 1917 2766 1972 ei
2800 1917 2971 1973 abbas
3008 1918 3256 1975 Isidorus
3287 1940 3299 1974 :
3344 1922 3481 1976 Ecce
3530 1940 3663 1994 quos
3692 1924 3736 1979 in

486 2009 656 2061 noctu
687 2004 828 2060 abiit
854 2003 928 2059 ad
974 2004 1276 2076 quemdam
1323 2007 1581 2060 sanctum
1612 2009 1671 2059 et
1703 2004 2002 2076 probatum
2027 2006 2087 2062 in
2169 2005 2469 2061 Occidente
2504 2005 2711 2072 vidisti,
2748 2006 2855 2078 ipsi
2900 2012 3033 2062 sunt
3071 2008 3168 2079 qui
3216 2009 3388 2064 etiam
3426 2010 3736 2083 impugnant

483 2093 785 2150 virtutibus
803 2093 1106 2159 seniorem,
1121 2098 1180 2148 et
1207 2092 1491 2148 confessus
1511 2098 1598 2148 est
1616 2093 1667 2148 ei
1695 2094 1827 2165 quia
1842 2094 2089 2166 patieba-
2169 2100 2391 2150 sanctos
2409 2094 2529 2150 Dei.
2553 2095 2699 2150 Nam
2719 2112 2859 2167 quos
2878 2096 2948 2150 ad
2965 2096 3252 2152 Orientem
3281 2100 3633 2171 conspexisti,
3654 2102 3739 2173 ipsi

484 2186 581 2239 tur
600 2182 1084 2256 impugnationem
1103 2198 1139 2237 a
1156 2181 1358 2254 spiritu
1378 2182 1777 2238 fornicationis.
1803 2182 1933 2239 Haec
1959 2201 2088 2239 cum
2174 2189 2306 2239 sunt
2326 2200 2466 2255 quos
2494 2184 2566 2239 ad
2597 2184 2943 2255 adjutorium
2979 2186 3186 2240 sanctis
3214 2186 3330 2242 suis
3370 2189 3549 2244 mittit
3594 2191 3738 2245 Deus.

481 2271 732 2328 audisset
750 2272 960 2340 senior,
982 2270 1375 2327 consolabatur
1396 2288 1545 2339 eum,
1561 2271 1766 2327 docens
1788 2272 2092 2344 spirituali-

481 2360 587 2418 bus
614 2361 798 2417 verbis
838 2362 908 2416 de
947 2360 1155 2416 virtute
1184 2350 1489 2433 patientiae,
1523 2360 1733 2427 dicens,
1775 2361 1924 2416 sicut
1951 2361 2088 2416 scri-

478 2455 643 2523 ptum
667 2457 771 2519 est,
787 2450 1038 2505 Viriliter
1058 2450 1227 2523 agite,
1252 2456 1309 2506 et
1326 2450 1673 2505 confortetur
1690 2466 1787 2505 cor
1812 2456 2080 2518 vestrum,

481 2553 681 2595 omnes
709 2539 807 2611 qui
833 2538 1073 2611 speratis
1102 2538 1161 2593 in
1198 2538 1438 2594 Domino
1474 2540 1638 2605 (Psal.
1675 2540 1838 2607 nm).
1884 2538 2087 2595 Rever-

481 2644 579 2683 sus
627 2632 713 2683 est
758 2627 933 2683 frater
986 2627 1058 2681 ad
1112 2627 1371 2682 cellulam
1408 2643 1589 2693 suam,
1622 2632 1681 2681 et
1722 2642 1848 2682 ecce
1875 2627 2084 2683 iterum

478 2716 832 2789 impugnatio
852 2715 1149 2771 insistebat
1159 2716 1229 2771 ei.
1254 2710 1380 2787 Ipse
1391 2722 1583 2771 autem
1603 2715 1890 2771 festinavit
1900 2717 2084 2773 denuo

480 2821 718 2878 pergere
730 2805 802 2860 ad
818 2805 1204 2877 supradictum
1219 2804 1734 2860 seniorem.Videns
1744 2810 1934 2860 autem
1954 2822 2082 2861 eum

478 2893 690 2962 senior,
704 2894 912 2951 iterum
931 2892 1167 2949 docebat
1194 2909 1324 2948 eum
1343 2899 1408 2948 ut
1426 2894 1708 2966 patienter
1731 2899 1789 2948 et
1810 2894 2083 2950 indefesse

476 2983 804 3050 sustineret,
837 2982 1168 3054 dicebatque
1191 2982 1242 3037 ei
1274 2999 1288 3038 :
1316 2982 1516 3045 Crede.
1536 2982 1636 3049 ﬁli,
1666 2983 1932 3054 quoniam
1957 2984 2082 3039 mit-

475 3078 562 3128 tet
587 3073 689 3128 tibi
734 3073 1005 3129 Dominus
1055 3073 1085 3127 .I
1090 3089 1218 3127 esus
1247 3070 1506 3127 Christus
1546 3071 1816 3127 auxilium
1846 3072 1916 3127 de
1942 3073 2081 3128 caelo

2172 2273 2459 2344 Cognosce
2513 2288 2646 2344 ergo
2693 2273 2827 2345 quia
2870 2274 3059 2345 plures
3101 2280 3234 2330 sunt
3269 2276 3581 2346 nobiscum,
3620 2280 3741 2333 sicut

2171 2362 2306 2417 dicit
2335 2362 2565 2417 Elismus
2602 2363 2877 2434 propheta
2918 2365 3017 2431 (IV
3040 2366 3162 2434 Reg.
3195 2370 3288 2432 v1).
3333 2366 3547 2422 Verum
3592 2368 3737 2422 etiam

2165 2457 2392 2507 sanctus
2411 2452 2653 2507 Joannes
2674 2452 2811 2506 dicit
2849 2471 2860 2505 :
2894 2452 3040 2516 Quia
3062 2454 3243 2525 major
3276 2459 3361 2509 est
3389 2456 3490 2525 qui
3520 2456 3579 2515 in
3603 2456 3739 2511 nobis

2166 2546 2271 2607 est,
2293 2557 2461 2613 quam
2495 2540 2590 2612 qui
2617 2540 2675 2595 in
2712 2540 2818 2595 hoc
2836 2542 3044 2596 mundo
3075 2540 3119 2611 (Ι
3142 2544 3301 2597 Joan.
3331 2546 3419 2605 ul.
3457 2544 3531 2599 Et
3556 2546 3640 2599 his
3663 2562 3740 2599 au-

2164 2630 2296 2685 ditis
2324 2630 2669 2685 confortatus
2706 2630 2764 2684 in
2794 2630 3033 2686 Domino
3062 2635 3287 2686 sanctus
3314 2631 3489 2688 abbas
3522 2635 3737 2707 Moyses,

2164 2732 2421 2770 reversus
2468 2720 2555 2770 est
2603 2715 2665 2770 in
2701 2714 2961 2770 cellulam
3005 2732 3187 2778 suam.
3225 2717 3437 2787 gratias
3478 2735 3667 2790 agens,
3697 2725 3740 2773 et
3828 2748 3829 2790 η

2162 2804 2482 2875 gloriﬁcans
2502 2803 2728 2859 Domini
2754 2803 2933 2859 nostri
2961 2805 2990 2859 J
2994 2821 3094 2860 esu
3130 2804 3339 2860 Christi
3362 2804 3634 2863 bonitatis
3656 2825 3740 2880 pa-

2163 2892 2440 2948 tientiam.

2238 2982 2259 3037 l
2277 2981 2324 3040 ι.
2341 2982 2477 3038 Erat
2494 2981 2722 3054 quidam
2732 2981 2909 3038 frater
2924 2983 2981 3037 in
3001 2998 3189 3038 eremo
3207 2984 3449 3057 Scythiae
3464 2990 3741 3058 promptus

2160 3076 2220 3127 et
2246 3064 2433 3127 alacer
2459 3071 2519 3126 in
2549 3087 2688 3143 opus
2716 3071 2834 3136 Dei,
2852 3076 2909 3125 et
2931 3072 3169 3143 spiritali
3198 3075 3623 3130 conversatione
3650 3078 3741 3142 (Pe-

474 3167 669 3218 sancto
707 3178 828 3230 suo,
877 3167 943 3217 ut
988 3161 1167 3234 possis
1216 3177 1484 3233 superare
1535 3161 1853 3233 passionem
1911 3162 2270 3232 hanc.Ctag.
2303 3163 2472 3216 libs".
2512 3177 2563 3227 v,
2596 3177 2651 3215 η.
2688 3159 2802 3230 92).
2838 3160 2982 3216 Huic
3010 3166 3199 3216 autem
3247 3162 3516 3218 inimicus
3539 3163 3740 3236 generis

476 3251 836 3308 Confortatus
864 3256 1052 3306 autem
1092 3250 1285 3319 frater,
1320 3256 1585 3306 monente
1615 3256 1807 3306 sancto
1836 3251 2078 3321 seniore,

472 3340 842 3407 remeavit,ad
874 3340 1134 3395 cellulam
1173 3356 1354 3408 suam,
1396 3346 1454 3394 et
1487 3340 1694 3395 iterum
1728 3340 2080 3413 impugnatio

470 3431 633 3486 valde
676 3428 1051 3485 conturbabat
1090 3446 1188 3484 cor
1214 3429 1356 3501 ejus.
1385 3429 1455 3485 Et
1483 3429 1676 3484 statim
1715 3429 1912 3484 eadem
1938 3430 2080 3485 hora

394 3530 405 3547 ί
471 3520 652 3575 noctis
707 3535 963 3575 reversus
1006 3523 1094 3574 est
1135 3519 1208 3573 ad
1246 3518 1546 3585 seniorem,
1580 3524 1638 3574 et
1671 3518 2082 3590 deprecabatur

472 3622 606 3665 eum
625 3614 690 3664 ut
716 3608 986 3665 intentius
1007 3624 1109 3680 pro
1133 3624 1199 3663 eo
1218 3608 1520 3663 Dominum
1536 3613 1812 3663 exoraret.
1843 3608 1997 3664 Dixit
2021 3609 2077 3664 ei

470 3699 686 3754 senior:
710 3699 794 3755 Ne
813 3698 1195 3772 pertimescas,
1219 3697 1320 3766 ﬁli,
1341 3713 1525 3769 neque
1555 3697 1870 3764 resolvaris,
1890 3713 2073 3771 neque

470 3787 778 3844 abscondas
805 3787 1174 3862 cogitationes
1202 3792 1328 3843 tuas
1350 3805 1363 3857 ;
1383 3787 1467 3842 ita
1484 3787 1637 3843 enim
1667 3785 1931 3842 confusus
1953 3789 2070 3859 spi-

468 3877 611 3933 ritus
636 3877 962 3935 immundus
989 3876 1228 3933 discedit
1245 3892 1279 3931 a
1306 3882 1383 3931 te.
1416 3876 1573 3933 Nihil
1599 3876 1750 3932 enim
1778 3876 1863 3931 ita
1891 3876 2073 3933 allidit

466 3965 734 4023 virtutem
763 3966 1103 4034 dmmonum,
1146 3965 1427 4039 quomodo
1464 3965 1512 4021 si
1559 3964 1685 4037 quis
1713 3969 1931 4021 secreta
1960 3965 2069 4022 im-

468 4056 810 4112 mundamm
837 4055 1245 4127 cogitationum
1272 4054 1601 4111 revelaverit
1622 4054 1830 4110 sanctis
1856 4071 1923 4110 ac
1941 4052 2071 4111 bea-

467 4142 702 4200 tissimis
742 4143 1016 4216 patribus.
1047 4143 1300 4199 Viriliter
1339 4159 1465 4215 age,
1504 4143 1605 4211 ﬁli,
1638 4149 1693 4197 et
1724 4143 2071 4200 confortetur

469 4249 567 4288 cor
582 4237 765 4299 tuum,
794 4238 851 4288 et
868 4230 1083 4288 sustine
1096 4232 1400 4288 Dominum
1416 4233 1559 4297 (Psal
1568 4273 1580 4285 .
1597 4235 1765 4301 xxvr).
1789 4231 1895 4288 Ubi
1918 4232 2068 4289 enim

468 4321 665 4378 durior
683 4327 770 4377 est
788 4338 996 4394 pugna,
1021 4320 1098 4375 ibi
1121 4319 1419 4393 gloriosior
1435 4320 1547 4376 erit
1573 4326 1630 4375 et
1648 4337 1871 4376 corona.
1895 4321 2068 4378 Deni-

2163 3250 2396 3305 humani
2421 3248 2676 3305 diabolus
2696 3247 2933 3304 immisit
2958 3249 3337 3321 cogitationes,
3356 3258 3422 3307 ut
3438 3253 3741 3307 recordare-

2161 3344 2258 3396 tur
2274 3338 2569 3411 cujusdam
2596 3343 2743 3395 notae
2765 3337 2871 3393 sibi
2901 3338 3152 3394 mulieris
3180 3339 3675 3411 pulchritudinem,
3693 3345 3740 3395 et

2160 3427 2654 3484 conturbareturin
2663 3427 3092 3497 cogitationibus
3103 3427 3219 3483 suis
3231 3429 3740 3485 vehementer.Con-

2158 3517 2289 3589 tigit
2311 3524 2521 3583 autem,
2554 3532 2621 3570 ex
2649 3516 3063 3587 dispensatione
3083 3516 3307 3572 Domini
3326 3518 3477 3583 Jesu,
3517 3524 3585 3573 ut
3609 3518 3735 3573 alius

2160 3608 2389 3680 quidam
2409 3606 2583 3661 frater
2600 3606 2669 3661 de
2688 3605 2928 3678 Egypto
2949 3606 3161 3661 veniret
3178 3607 3249 3661 ad
3264 3608 3613 3663 visitandum
3626 3624 3738 3662 eum

2154 3698 2211 3752 in
2236 3697 2510 3752 charitate
2536 3696 2761 3751 Christi.
2799 3696 2870 3750 Et
2908 3695 3043 3750 dum
3071 3696 3221 3751 inter
3247 3713 3308 3751 se
3351 3697 3732 3770 loquebantur,

2152 3787 2336 3843 evenit
2354 3801 2540 3842 sermo
2559 3790 2624 3840 ut
2649 3785 2862 3840 diceret
2880 3784 2973 3839 ille
2992 3785 3165 3839 frater
3183 3785 3253 3840 de
3279 3784 3527 3858 Egypto
3561 3802 3574 3838 :
3610 3784 3735 3850 Quia

2152 3880 2377 3931 mortua
2401 3880 2487 3929 est
2513 3874 2613 3928 illa
2639 3872 2857 3928 mulier.
2896 3873 3026 3945 Ipsa
3070 3879 3258 3929 autem
3301 3879 3443 3939 erat,
3482 3874 3545 3929 in
3593 3874 3735 3943 cujus

2151 3980 2343 4020 amore
2371 3961 2813 4035 impugnabatur
2833 3962 3187 4034 supradictus
3223 3962 3422 4018 frater.
3456 3962 3593 4018 Haec
3621 3976 3734 4016 cum

2149 4054 2401 4111 audisset
2421 4052 2534 4119 ille,
2562 4057 2691 4124 post
2717 4067 2923 4123 paucos
2954 4050 3073 4107 dies
3102 4050 3241 4106 abiit
3269 4050 3339 4105 ad
3369 4051 3563 4107 locum
3593 4051 3733 4105 illum

2151 4143 2249 4200 ubi
2277 4142 2521 4216 positum
2550 4147 2672 4197 erat
2696 4157 2900 4214 corpus
2928 4140 3076 4196 illius
3098 4140 3371 4195 defuncta:
3400 4141 3736 4204 mulieris.et

2151 4233 2376 4306 aperuit
2402 4236 2571 4287 noctu
2584 4231 2904 4303 sepulcrum
2926 4231 3069 4301 ejus.
3092 4235 3150 4285 et
3166 4246 3293 4284 cum
3318 4228 3493 4301 pallio
3510 4246 3615 4285 suo
3635 4234 3735 4283 ter-

2149 4323 2225 4379 sit
2236 4321 2452 4378 saniem
2466 4319 2780 4393 putredinis
2795 4320 2845 4391 ej
2854 4336 2938 4386 us,
2954 4324 3012 4374 et
3024 4334 3277 4374 reversus
3297 4322 3384 4373 est
3397 4318 3473 4373 ad
3490 4317 3735 4373 cellulam

468 4429 578 4485 que
594 4417 820 4468 sanctus
836 4410 1112 4484 propheta
1138 4409 1314 4466 Isaias
1341 4409 1508 4465 dicit:
1534 4410 1802 4482 Nunquid
1823 4410 2069 4467 invalida
2148 4426 2330 4480 suam,
2353 4409 2706 4485 ponebatque
2724 4409 2958 4463 fetorem
2978 4408 3036 4463 in
3058 4412 3357 4479 conspectu
3379 4423 3506 4475 suo,
3526 4412 3589 4462 et
3609 4406 3734 4460 dice-

464 4506 552 4556 est
585 4517 787 4558 manus
809 4498 1035 4557 Domini
1063 4499 1133 4554 ad
1160 4498 1507 4565 salvandum,
1530 4503 1630 4553 aut
1657 4504 1965 4571 aggravata
1983 4503 2071 4555 est
2088 4489 2244 4557 Dbat
2254 4498 2684 4572 cogitationibus
2698 4498 2816 4554 suis
2834 4515 2846 4551 :
2861 4497 2997 4553 Ecce
3007 4496 3223 4551 habetis
3242 4495 3585 4552 desiderium
3603 4492 3735 4567 quod

464 4591 618 4647 auris
645 4592 788 4664 ejus,
819 4595 885 4646 ut
910 4605 1024 4644 non
1051 4587 1317 4645 exaudiat
1345 4588 1520 4658 (Isaia;
1566 4586 1718 4657 Lxx)?
1761 4588 2069 4644 Considera

464 4699 618 4756 ergo,
636 4682 824 4751 ﬁliole,
846 4683 976 4755 quia
988 4686 1276 4738 certamen
1288 4686 1451 4736 tuum
1471 4685 1756 4752 exspectat
1768 4680 2059 4750 Dominus,

460 4771 678 4844 tibique
696 4778 894 4830 contra
919 4771 1204 4828 diabolum
1232 4769 1524 4825 dimicanti
1544 4774 1709 4842 parat
1735 4770 2065 4826 aeternitatis

464 4877 747 4918 coronam.
782 4860 916 4918 Ideo
935 4866 1128 4917 monet
1146 4876 1248 4916 nos
1273 4864 1466 4916 sancta
1495 4859 1804 4931 Scriptum,
1830 4859 2061 4915 dicens:

465 4951 612 5016 Quia
639 4966 742 5023 per
767 4949 975 5006 multas
1002 4949 1397 5006 tribulationes
1424 4954 1648 5021 oportet
1689 4964 1792 5004 nos
1830 4947 2065 5005 introire

460 5040 521 5097 in
560 5055 798 5112 regnum
829 5039 1100 5094 caalorum
1129 5039 1271 5107 (Act.
1292 5040 1420 5110 xxv).
1454 5038 1585 5094 Haec
1611 5042 1803 5093 autem
1831 5037 2067 5094 audiens

456 5129 652 5199 frater,
685 5129 1080 5185 confirmatum
1101 5133 1189 5185 est
1215 5144 1312 5183 cor
1339 5129 1461 5200 ejus
1478 5128 1537 5183 in
1566 5128 1824 5196 Domino,
1857 5133 1916 5184 et
1943 5142 2068 5199 per-

459 5219 671 5277 mansit
705 5219 857 5292 apud
893 5218 1195 5286 seniorem,
1227 5218 1519 5290 noluitque
1558 5217 1706 5273 ultra
1749 5217 1955 5273 reverti
1991 5216 2064 5273 ad

459 5309 719 5366 cellulam
750 5325 934 5365 suam.

533 5399 618 5457 10.
651 5399 826 5455 Beato
854 5396 1043 5453 abbati
1071 5396 1272 5469 Moysi,
1292 5396 1388 5468 qui
1416 5393 1710 5451 habitabat
1731 5394 1792 5450 in
1815 5393 1938 5450 loco
1966 5395 2063 5467 qui

458 5486 844 5562 appellabatur
864 5487 1052 5554 Petra,
1082 5485 1327 5558 quodam
1357 5490 1610 5556 tempore
1639 5485 1922 5540 intentum
1952 5484 2051 5538 im-

458 5576 647 5648 posuit
671 5576 1035 5631 durissimam
1064 5572 1545 5647 impugnationem
1577 5572 1796 5628 daemon
1824 5571 2064 5628 fornica-

458 5663 647 5735 tionis,
679 5669 746 5721 ut
771 5680 885 5721 non
908 5663 1242 5735 praevaleret
1268 5661 1464 5719 sedere
1493 5660 1554 5717 in
1578 5659 1785 5717 cellula
1810 5677 1933 5732 sua,
1965 5661 2065 5719 sed

2149 4589 2504 4663 quarebatis,
2533 4587 2735 4644 satiate
2782 4603 2880 4641 vos
2908 4601 2975 4641 ex
3003 4601 3088 4654 eo,
3119 4591 3178 4640 et
3220 4585 3300 4639 ita
3346 4584 3404 4638 in
3444 4584 3548 4639 illo
3577 4584 3733 4638 fetore

2146 4678 2430 4738 cruciabat
2457 4677 2841 4749 semetipsum,
2870 4690 3160 4747 usquequo
3182 4677 3428 4730 cessaret
3452 4671 3528 4728 ab
3550 4689 3618 4729 eo
3635 4685 3736 4726 sor-

2145 4768 2438 4824 didissima
2462 4765 2831 4839 impugnatio.

2220 4855 2304 4912 12.
2337 4857 2460 4912 Duo
2502 4855 2706 4911 fratres
2756 4852 3015 4910 monachi
3048 4851 3306 4907 abierunt
3332 4852 3391 4906 in
3428 4850 3729 4923 proximam

2145 4945 2448 5015 civitatem,
2468 4950 2533 5001 ut
2558 4945 2939 5001 distraherent
2965 4958 3089 5015 quae
3118 4940 3377 4997 manibus
3399 4940 3521 4995 suis
3539 4955 3641 5012 per
3663 4944 3732 4991 to-

2147 5041 2269 5091 tum
2296 5051 2509 5091 annum
2533 5034 2748 5108 aperati
2774 5036 2964 5088 essent
2984 5033 3210 5101 (Pelag.,
3236 5032 3406 5085 libell.
3438 5046 3491 5095 v,
3540 5045 3599 5083 η.
3630 5026 3727 5094 27).

2145 5125 2305 5182 Unus
2330 5130 2519 5180 autem
2550 5140 2618 5179 ex
2644 5123 2725 5179 eis
2751 5138 3008 5193 egressus
3039 5126 3124 5176 est
3150 5125 3215 5175 ut
3235 5118 3490 5191 quaedam
3518 5116 3623 5172 sibi
3650 5130 3731 5169 ne-

2147 5214 2391 5271 cessaria
2406 5219 2636 5281 emeret,
2652 5212 2796 5267 alius
2810 5216 3000 5266 autem
3017 5210 3168 5266 solus
3183 5209 3241 5263 in
3261 5206 3505 5278 hospitio
3528 5218 3730 5260 reman-

2145 5305 2237 5372 sit,
2269 5310 2327 5359 et
2360 5304 2666 5375 instigante
2702 5300 2923 5357 diabolo
2960 5298 3162 5355 cecidit
3191 5298 3248 5353 in
3288 5296 3724 5351 fornicationem.

2144 5395 2288 5450 Cum
2318 5399 2509 5449 autem
2537 5406 2792 5446 reversus
2816 5389 3057 5444 venisset
3085 5387 3277 5453 frater,
3302 5385 3443 5439 dixit
3468 5384 3525 5439 ei
3558 5402 3569 5437 :
3605 5382 3727 5437 Ecce

2146 5482 2507 5537 distraximus
2529 5496 2653 5553 qum
2682 5478 2997 5534 necessaria
3023 5480 3203 5540 erant.
3224 5479 3578 5529 revertamur
3598 5484 3727 5526 nunc

2145 5572 2216 5628 ad
2246 5572 2506 5627 cellulam
2523 5575 2799 5625 nostram.
2816 5566 3176 5640 Respondeas
3197 5568 3387 5620 autem
3408 5563 3588 5617 frater
3605 5557 3728 5613 dixit

2145 5660 2231 5717 ei:
2264 5661 2389 5717 Non
2414 5676 2646 5734 possum
2673 5658 2896 5715 reverti.
2912 5657 3165 5728 Cumque
3184 5654 3586 5727 deprecaretur
3612 5662 3724 5704 eum
