3876 6380
100 397 193 452 Ῐ45

1393 399 1631 455 VERBA
1670 402 2057 460 SENIORUM.

3256 408 3359 463 746

96 523 266 577 frater
308 539 442 578 suus
479 523 669 576 dicens
702 541 713 576 :
758 522 1110 595 Quapropter
1146 539 1258 578 non
1285 526 1579 580 reverteris
1610 528 1950 597 adAmalis,
1977 528 2319 600 impossibile
2349 533 2437 584 est
2462 530 2611 585 enim
2642 530 2927 588 discedere
2953 549 2988 588 a
3012 538 3072 589 te
3100 535 3362 606 spiritum

96 612 376 667 cellulam?
389 612 489 666 Ille
510 611 792 666 confessus
818 619 904 666 est
926 612 996 678 ei,
1014 613 1203 667 dicens
1230 632 1240 666 :
1279 614 1422 677 Quia
1439 631 1540 686 ego
1555 632 1681 670 cum

97 702 392 757 discessisti
414 719 449 755 a
478 718 586 768 me,
617 701 789 756 cecidi
818 701 876 755 in
920 702 1364 769 fornicationem,
1400 703 1526 759 ideo
1555 706 1683 759 nolo

98 791 314 845 reverti.
340 792 543 844 Volens
565 791 972 845 autemlucrari
999 797 1055 846 et
1068 793 1281 846 salvare
1294 792 1539 848 animam
1564 796 1685 866 ejus

102 881 273 935 frater
302 898 455 946 suus,
491 897 618 934 cum
648 887 998 934 sacramento
1027 881 1167 935 dixit
1194 882 1245 935 ei
1278 899 1289 933 :
1333 883 1477 945 Quia
1505 889 1559 937 et
1584 902 1687 955 ego

99 987 217 1023 cum
241 974 534 1040 separatus
549 969 778 1023 fuissem
801 987 835 1023 a
866 975 940 1033 te,
966 970 1157 1040 lapsus
1190 988 1314 1024 sum
1347 972 1605 1026 similiter
1632 973 1688 1028 in

99 1059 516 1113 fornicationem
527 1065 950 1123 ;verumtamem
964 1065 1312 1114 revertamur
1323 1061 1390 1114 ad
1405 1060 1685 1125 cellulam,

101 1154 155 1202 et
177 1165 449 1219 ponamus
470 1165 571 1201 nos
606 1148 663 1201 in
680 1148 1070 1219 paenitentiam
1092 1150 1130 1202 ¹.
1165 1149 1367 1203 Omnia
1388 1150 1539 1203 enim
1560 1166 1690 1221 pos-

101 1237 280 1291 sibilia
302 1243 436 1291 sunt
454 1238 569 1291 Deo
602 1238 773 1304 (Luca:
795 1241 866 1305 1);
895 1243 957 1291 ut
986 1238 1387 1309 paenitentibus
1418 1239 1575 1293 nobis
1604 1240 1690 1293 in-

101 1323 443 1393 dulgentiam
464 1323 674 1376 donare
708 1323 987 1391 dignetur,
1020 1328 1085 1377 ut
1112 1323 1171 1377 in
1192 1328 1401 1377 aeterno
1432 1324 1562 1393 igne
1581 1330 1693 1377 tor-

100 1412 302 1466 mentis
326 1418 383 1465 et
412 1412 591 1483 pcenis
625 1411 828 1466 inferni
862 1411 921 1465 in
954 1418 1169 1467 tartaro
1198 1430 1311 1466 non
1338 1413 1687 1467 cruciemur:

102 1501 190 1556 ubi
210 1501 543 1571 pcenitentia
577 1517 688 1554 non
711 1507 813 1566 est,
834 1501 929 1554 sed
950 1501 1094 1571 ignis
1131 1518 1353 1573 semper
1376 1502 1496 1556 sine
1510 1518 1693 1556 cessa-

102 1590 265 1655 tione,
287 1596 345 1643 et
367 1590 491 1643 dira
512 1595 810 1644 tormenta.
842 1591 926 1644 Ita
948 1607 1080 1659 ergo
1113 1591 1320 1644 reversi
1338 1596 1470 1644 sunt
1489 1591 1558 1644 ad
1581 1592 1693 1644 cel-

103 1679 268 1733 lulam
300 1696 479 1732 suam.
514 1678 789 1734 Abierunt
818 1685 1005 1733 autem
1029 1681 1099 1733 ad
1131 1686 1351 1734 sanctos
1396 1681 1608 1745 Patres,
1640 1686 1696 1733 et

1764 618 2150 673 fornicationis
2166 618 2542 686 immundum,
2557 618 2684 675 aliis
2698 620 2988 676 orantibus
2999 627 3057 677 et
3067 623 3247 679 Deum
3259 639 3362 695 pro

1765 711 1821 760 te
1850 705 2297 777 deprecantibus,
2317 705 2428 760 nisi
2448 711 2506 760 et
2532 710 2594 761 tu
2618 705 2737 778 ipse
2754 707 3002 763 laborem
3024 710 3362 777 assumas,in

1764 795 2015 865 jejuniis,
2041 800 2100 849 et
2135 793 2503 860 orationibus,
2551 800 2608 849 et
2639 795 2835 865 vigiliis
2865 798 3075 863 multis,
3110 814 3235 853 cum
3263 813 3364 867 ge-

1771 884 1913 938 mitu
1942 885 2246 955 deprecans
2275 889 2340 937 ut
2371 884 2812 939 misericordiam
2844 902 3023 953 suam,
3057 893 3113 941 et
3139 887 3365 958 adjuto-

1772 972 1919 1026 rium
1945 988 2060 1026 suae
2088 973 2283 1043 gratiae
2301 971 2548 1044 praebeat
2575 972 2678 1027 tibi
2708 974 2979 1029 Dominus
3010 977 3038 1028 ,Ι
3044 992 3171 1030 esus
3201 975 3363 1030 Chri-

1775 1066 1912 1128 stus,
1938 1067 2004 1116 ut
2031 1063 2211 1132 possis
2225 1061 2485 1116 resistere
2495 1062 2932 1132 cogitationibus
2954 1064 3284 1119 malis.Nam
3310 1071 3367 1119 et

1775 1150 1999 1218 medici,
2033 1150 2128 1221 qui
2147 1150 2472 1221 corporibus
2485 1151 2779 1205 hominum
2801 1151 3214 1207 medicamenta
3233 1170 3366 1208 con-

1776 1238 1973 1293 ficiunt
1999 1242 2056 1292 et
2082 1237 2630 1309 adhibent,quamvis
2650 1240 2978 1294 omniacum
3001 1257 3225 1295 summa
3244 1241 3368 1296 dili-

1772 1328 1965 1399 gentia
1980 1326 2205 1388 faciant,
2236 1333 2625 1382 verumtamen
2650 1328 2697 1382 si
2715 1327 2809 1382 ille
2831 1329 2928 1399 qui
2967 1329 3307 1396 infirmatur,
3333 1347 3367 1385 a

1773 1415 1952 1469 noxiis
1980 1414 2136 1475 cibis,
2169 1416 2255 1469 vel
2285 1416 2354 1470 de
2383 1415 2508 1470 aliis
2540 1432 2663 1487 quae
2689 1416 2873 1471 solent
2900 1418 3103 1473 laedere
3134 1418 3368 1473 infirmi-

1773 1510 1937 1570 tates,
1976 1503 2258 1558 abstinere
2301 1504 2566 1572 noluerit,
2600 1505 2741 1559 nihil
2785 1506 2836 1560 ei
2863 1507 3086 1578 proficit
3122 1523 3276 1575 cura,
3310 1513 3368 1562 et

1774 1591 2082 1663 diligentia,
2107 1597 2163 1646 et
2178 1592 2491 1647 sollicitudo
2522 1593 2885 1648 medicorum.
2904 1594 3177 1650 Similiter
3195 1595 3366 1650 etiam

1776 1685 1832 1734 et
1858 1681 1915 1734 in
1946 1681 2147 1735 animae
2164 1681 2529 1752 languoribus
2557 1682 2792 1737 eveniet.
2848 1683 3004 1737 Licet
3031 1684 3183 1738 enim
3215 1685 3370 1739 omni

106 1774 527 1840 prostraverunt
556 1785 613 1821 se
641 1770 707 1823 ad
728 1769 961 1838 vestigia
977 1786 1191 1833 eorum,
1218 1786 1342 1823 cum
1370 1770 1546 1823 multo
1574 1769 1695 1823 ulu-
1714 1769 2105 1868 Bintentione,
2138 1775 2194 1824 et
2224 1788 2290 1823 ex
2321 1777 2440 1824 toto
2469 1771 2636 1825 corde
2665 1770 2844 1826 sancti
2872 1772 3086 1840 Patres,
3115 1774 3209 1845 qui
3238 1778 3374 1828 sunt

106 1859 217 1911 latu
244 1863 299 1911 et
316 1858 580 1929 lacrymis
599 1864 909 1927 gementes,
949 1864 1005 1911 et
1029 1858 1263 1912 confessi
1285 1865 1417 1912 sunt
1437 1858 1549 1911 illis
1573 1875 1695 1928 quae

107 1947 379 2000 evenisset
399 1948 478 2000 eis
500 1948 674 2001 ruinae
691 1948 947 2001 tentatio.
976 1945 1259 2018 Quidquid
1282 1954 1470 2001 autem
1496 1964 1698 2018 praece-

108 2042 309 2106 perunt
340 2036 515 2089 sancti
570 2036 836 2103 seniores,
871 2042 926 2090 et
954 2037 1267 2090 docuerunt
1310 2053 1404 2090 eos
1435 2036 1491 2090 in
1530 2053 1699 2090 causa

106 2124 547 2195 ptenitentizeﬁta
568 2126 756 2179 omnia
776 2126 1044 2179 fecerunt.
1067 2126 1165 2180 Ille
1186 2142 1318 2195 ergo
1342 2125 1484 2179 alius
1502 2126 1693 2190 frater,

108 2215 197 2284 qui
218 2231 331 2268 non
348 2220 691 2285 peccaverat,
716 2231 816 2285 pro
838 2214 1009 2268 fratre
1031 2215 1125 2285 qui
1170 2221 1492 2285 peccaverat
1520 2214 1701 2285 pumi-

105 2303 338 2357 tentiam
359 2303 578 2373 agebat,
604 2304 761 2374 quasi
786 2309 841 2357 et
858 2304 975 2374 ipse
996 2311 1296 2374 peccasset,
1313 2320 1377 2356 eo
1393 2304 1539 2374 quod
1561 2304 1701 2356 mul-

108 2397 217 2445 tam
238 2392 571 2446 charitatem
586 2393 733 2446 circa
752 2410 877 2446 eum
894 2392 1141 2446 haberet.
1165 2393 1374 2446 Videns
1386 2399 1575 2446 autem
1597 2393 1705 2445 Do-

116 2482 296 2536 minus
327 2481 575 2535 laborem
598 2482 887 2536 charitatis
920 2483 1057 2552 ejus.
1086 2482 1229 2535 infra
1252 2497 1431 2552 pauca
1446 2487 1705 2552 tempora

110 2571 370 2625 revelavit
399 2571 607 2624 sanctis
632 2571 891 2625 Patribus
915 2572 1095 2642 qualis
1116 2577 1263 2625 esset
1284 2588 1470 2635 causa,
1497 2576 1553 2625 et
1572 2571 1706 2641 quia

110 2666 334 2731 prOpter
363 2659 695 2713 charitatem
741 2660 891 2714 illius
921 2662 1017 2730 qui
1044 2677 1156 2714 non
1186 2665 1530 2731 peccaverat,
1561 2664 1618 2713 et
1646 2676 1705 2713 se

111 2750 385 2805 afﬂixerat
396 2766 496 2820 pro
517 2750 697 2803 salute
726 2749 933 2813 fratris,
959 2749 1163 2803 idcirco
1182 2749 1590 2819 indulgentiam
1611 2748 1706 2803 do-

113 2839 259 2892 navit
289 2838 341 2892 ei
391 2838 662 2892 Dominus
698 2839 792 2909 qui
823 2843 1124 2909 peccasset.
1151 2839 1288 2893 Ecce
1327 2838 1429 2892 hoc
1454 2838 1534 2891 ita
1562 2838 1707 2892 sicut

112 2927 379 2999 scriptum
398 2932 510 2980 est:
537 2927 681 2991 Quia
718 2928 906 2998 posuit
934 2928 1182 2982 animam
1212 2944 1372 2982 suam
1400 2943 1500 2998 pro
1526 2927 1705 2981 salute

111 3015 293 3071 fratris
325 3016 415 3071 sui
440 3017 497 3087 (Ι
516 3019 676 3070 Joan.
710 3020 814 3083 Ill).

184 3105 263 3161 l3.
288 3106 453 3160 Alius
468 3105 638 3160 etiam
652 3106 828 3160 frater
846 3106 1162 3160 molestiam
1188 3105 1499 3160 sustinebat
1527 3123 1561 3159 a
1590 3106 1707 3177 spi-

110 3195 218 3249 ritu
246 3194 653 3249 fornicationis.
690 3195 845 3249 Abiit
873 3201 1063 3249 autem
1093 3196 1163 3249 ad
1183 3195 1482 3266 quemdam
1510 3175 1708 3267 proba-
1726 3175 1769 3235 Ο

110 3284 387 3338 tissimum
410 3285 777 3348 seniorem,et
794 3284 1129 3355 precabatur
1154 3301 1283 3338 eum
1307 3284 1497 3337 dicens
1522 3303 1532 3335 :
1558 3284 1711 3337 Pone

113 3372 207 3427 tibi
225 3373 680 3435 sollicitudinem,
708 3373 1027 3427 beatissime
1048 3376 1237 3439 Pater,
1272 3380 1326 3427 et
1352 3389 1451 3427 ora
1471 3389 1572 3443 pro
1598 3389 1707 3439 me,

115 3462 240 3533 quia
262 3462 511 3533 graviter
530 3480 620 3516 me
652 3463 949 3533 impugnat
971 3464 1153 3534 passio
1184 3462 1565 3517 fornicationis
1601 3463 1711 3527 (Pe-

118 3555 240 3619 lag.,
266 3553 430 3621 vlibel.
461 3569 510 3617 v,
548 3568 604 3605 η.
634 3550 739 3619 «16).
759 3553 889 3607 Haec
919 3570 1046 3605 cum
1078 3552 1326 3606 audisset
1354 3552 1556 3616 senior,
1591 3567 1713 3605 ora-

119 3639 209 3693 bat
230 3640 467 3704 intente,
487 3639 683 3695 diebus
706 3657 770 3693 ac
796 3640 1051 3695 noctibus
1079 3658 1179 3712 pro
1201 3658 1265 3694 eo
1288 3641 1593 3711 deprecans
1607 3640 1712 3693 Do-

118 3728 735 3783 minimisericordiam.
767 3730 978 3784 Iterum
1028 3735 1216 3784 autem
1258 3729 1517 3783 veniebat
1562 3728 1710 3782 idem

120 3815 302 3884 frater,
339 3823 398 3871 et
434 3818 665 3888 rogabat
692 3819 989 3885 seniorem,
1025 3824 1089 3872 ut
1118 3818 1295 3887 magis
1316 3817 1588 3871 intentius
1609 3833 1710 3887 pro

123 3922 184 3959 eo
215 3912 424 3961 oraret.
462 3907 735 3961 Similiter
758 3912 948 3962 autem
984 3925 1110 3961 cum
1143 3907 1294 3962 omni
1340 3906 1711 3960 sollicitudine

121 3993 312 4050 beatus
337 3996 525 4050 senior
555 3996 752 4051 orabat
796 3997 1068 4051 intentius
1110 3988 1304 4068 pro'eo
1333 4014 1343 4049 :
1390 3982 1715 4065 frequenter

124 4090 307 4138 autem
335 4086 655 4139 venientem
685 4086 755 4140 ad
779 4104 837 4140 se
866 4087 1201 4140 monachum
1224 4086 1413 4140 videns
1445 4085 1632 4138 senior
1660 4089 1717 4137 et

125 4173 513 4245 deprecantem
543 4192 602 4229 se
623 4180 686 4230 ut
704 4182 907 4242 oraret,
922 4176 1080 4230 valde
1095 4176 1457 4230 contristatus
1482 4172 1718 4227 miraba-

127 4268 215 4317 tur
233 4264 369 4335 quia
386 4280 499 4318 non
519 4265 810 4319 exaudiret
829 4266 1100 4319 Dominus
1120 4265 1429 4319 orationem
1442 4265 1581 4335 ejus.
1616 4263 1717 4317 Ea-

126 4351 248 4406 dem
278 4359 470 4407 autem
522 4361 684 4407 nocte
715 4354 983 4408 revelavit
1024 4354 1074 4407 ei
1104 4354 1376 4408 Dominus
1406 4369 1528 4424 quae
1570 4352 1719 4409 circa

127 4440 280 4496 illum
307 4442 646 4496 monachum
676 4450 797 4497 erat
813 4443 1168 4514 negligentiae
1189 4449 1246 4497 et
1264 4442 1494 4513 ignaviae
1510 4442 1718 4496 resolu-

1779 1859 1980 1913 medici
2008 1859 2345 1930 spirituales,
2402 1864 2633 1913 exorent
2660 1859 3104 1915 misericordiam
3143 1862 3371 1917 Domini

1780 1948 2083 2003 Salvatoris
2114 1948 2291 2002 nostri
2320 1965 2421 2019 pro
2452 1949 2533 2003 eis
2582 1948 2678 2020 qui
2705 1949 3053 2004 orationibus
3083 1967 3280 2005 eorum
3309 1968 3370 2006 se

1780 2037 2066 2108 postulant
2094 2037 2367 2107 adjuvari,
2392 2037 2501 2091 nisi
2522 2046 2580 2091 et
2607 2037 2713 2108 ipsi
2734 2053 2859 2092 cum
2888 2038 3041 2092 omni
3061 2026 3373 2095 intentione

1782 2127 2005 2191 mentis,
2037 2131 2154 2179 tam
2185 2126 2244 2179 in
2274 2126 2620 2180 orationibus
2640 2112 2806 2198 quam
2824 2126 2883 2180 in
2908 2128 3060 2181 omni
3086 2129 3376 2200 operespi-

1782 2214 1972 2269 rituali
2004 2232 2126 2286 quae
2158 2216 2272 2269 Deo
2302 2215 2508 2286 placita
2537 2221 2671 2269 sunt
2693 2215 2944 2283 fecerint,
2976 2232 3086 2270 non
3107 2217 3187 2271 eis
3202 2218 3374 2289 proﬁ-

1784 2304 1932 2357 cient
1956 2303 2365 2373 negligentibus
2386 2309 2443 2357 et
2470 2303 2749 2361 resolutis.
2783 2309 2841 2358 et
2861 2305 2930 2358 de
2956 2306 3138 2360 salute
3174 2306 3375 2362 animae

1784 2392 2015 2446 minime
2045 2391 2443 2462 cogitantibus,
2477 2392 2760 2447 orationes
2781 2399 3121 2448 sanctorum.
3158 2393 3233 2448 Et
3259 2395 3377 2449 huc

1786 2482 2021 2535 audiens
2051 2481 2244 2545 frater,
2278 2486 2646 2552 compunctus
2675 2488 2762 2536 est
2789 2482 2973 2549 corde,
2998 2490 3056 2537 et
3074 2500 3201 2539 cum
3223 2484 3378 2539 omni

1788 2570 2180 2637 sollicitudine,
2213 2570 2522 2624 secundum
2552 2570 2864 2625 doctrinam
2892 2572 3149 2635 senioris,
3180 2573 3378 2628 tamin

1783 2659 2016 2729 jejuniis
2046 2675 2215 2730 quam
2245 2659 2305 2713 in
2331 2658 2680 2714 orationibus
2709 2665 2767 2714 et
2783 2660 2985 2730 vigiliis
3016 2661 3380 2733 semetipsum

1788 2748 2010 2815 afflixit,
2041 2754 2099 2803 et
2118 2748 2325 2802 meruit
2352 2747 2797 2803 misericordiam
2826 2749 3384 2807 Domini.Etrecessit

1788 2836 1857 2891 ab
1877 2854 1941 2891 eo
1973 2837 2205 2908 spiritus
2232 2836 2536 2892 immundae
2564 2837 2860 2909 passionis.

1862 2927 1948 2981 14.
1982 2927 2116 2980 Erat
2142 2926 2370 2997 quidam
2400 2926 2727 2994 monachus,
2761 2932 2821 2982 et
2847 2926 3139 2983 habitabat
3170 2927 3230 2984 in
3258 2944 3382 2984 ere-

1788 3032 1901 3069 mo.
1932 3015 2197 3079 Queedam
2225 3020 2414 3070 autem
2447 3015 2635 3086 puella
2652 3031 2720 3070 ex
2747 3032 2954 3087 genere
2970 3022 3027 3071 et
3053 3017 3386 3088 cognatione

1789 3105 1929 3174 ejus,
1963 3110 2090 3175 post
2111 3104 2386 3175 plurimos
2413 3119 2591 3159 annos
2624 3104 2898 3176 comperit
2925 3105 2984 3159 in
3011 3121 3122 3176 quo
3148 3106 3269 3161 loco
3295 3122 3390 3162 su-

1792 3194 2076 3264 pradictus
2105 3193 2411 3248 monachus
2432 3192 2737 3260 habitaret,
2763 3194 3139 3264 etinstigante
3165 3194 3387 3250 diabolo

1793 3282 1931 3336 abiit
1961 3283 2020 3336 in
2049 3282 2335 3336 desertum
2364 3281 2663 3352 requirens
2694 3297 2823 3337 eum
2875 3285 3099 3351 (Pelag.,
3124 3285 3293 3339 Iibeu.
3327 3301 3379 3352 v,

1796 3389 1852 3426 η.
1883 3370 1972 3441 24)
1984 3372 2124 3435 .Quo
2142 3371 2389 3436 invento,
2416 3370 2671 3441 ingressa
2687 3376 2771 3425 est
2784 3370 3045 3425 cellulam
3066 3372 3207 3443 ejus,
3226 3388 3383 3428 asse-

1794 3477 1924 3515 rens
1942 3460 1989 3514 ei
2017 3460 2150 3531 quia
2162 3476 2228 3513 ex
2246 3475 2452 3529 genere
2472 3464 2529 3513 et
2548 3460 2839 3530 parentela
2858 3461 2981 3531 ejus
3001 3460 3387 3530 fuisset,man-

1794 3550 1977 3620 sitque
2006 3548 2083 3602 ibi
2111 3548 2261 3620 apud
2290 3564 2441 3617 eum,
2491 3553 2550 3602 et
2577 3548 2776 3602 cecidit
2823 3548 2882 3603 in
2923 3549 3146 3605 ruinam
3174 3551 3389 3622 peccati

1794 3656 1922 3693 cum
1953 3655 2039 3693 ea.
2068 3638 2202 3692 Erat
2228 3642 2417 3692 autem
2451 3637 2595 3691 alius
2622 3638 2953 3706 monachus,
2980 3640 3165 3711 etipse
3183 3639 3243 3695 in
3260 3654 3386 3695 ere-

1795 3744 1885 3781 mo
1915 3728 2144 3797 degens,
2178 3726 2273 3796 qui
2303 3742 2431 3780 cum
2462 3725 2531 3779 ad
2555 3725 2873 3781 refectionis
2895 3726 3092 3781 horam
3121 3729 3383 3797 venisset,

1793 3817 1939 3887 gello
1973 3817 2042 3885 (5)
2075 3831 2202 3869 cum
2223 3831 2389 3886 aqua,
2415 3830 2581 3886 quem
2602 3815 2673 3869 ad
2694 3820 2887 3886 potum
2917 3815 3022 3870 sibi
3046 3832 3390 3888 praeparave-

1794 3911 1902 3972 rat,
1936 3904 2189 3959 vertebat
2215 3921 2292 3969 se,
2325 3910 2382 3958 et
2409 3908 2530 3957 tota
2556 3904 2653 3958 illa
2666 3920 2817 3975 aqua
2837 3904 3175 3961 fundebatur
3192 3906 3252 3961 in
3279 3910 3392 3962 ter-

1798 4010 1939 4047 ram.
1970 3994 2087 4047 Hoc
2118 3998 2309 4047 autem
2340 4008 2442 4063 per
2461 3992 2677 4063 ahquot
2700 3992 2840 4056 dies,
2871 4009 3001 4051 cum
3027 3994 3099 4049 ad
3127 3995 3388 4052 refectio-

1798 4099 1927 4137 nem
1940 4082 2199 4148 venisset,
2224 4081 2305 4135 ita
2318 4080 2507 4149 fiebat,
2530 4086 2587 4135 et
2613 4082 3005 4139 effundebatur
3017 4099 3166 4156 aqua
3187 4086 3247 4139 in
3270 4091 3391 4141 ter-

1800 4189 1942 4239 ram,
1957 4178 2019 4226 ut
2040 4187 2151 4226 non
2166 4177 2355 4243 posset
2372 4170 2583 4228 bibere.
2606 4171 2887 4242 Cogitavit
2906 4178 3096 4229 autem
3131 4175 3281 4246 apud
3308 4191 3393 4231 se-

1798 4261 2119 4333 metipsum,
2143 4266 2208 4315 ut
2245 4259 2427 4315 abiret
2455 4260 2525 4315 ad
2556 4260 2715 4315 illum
2740 4261 2915 4316 alium
2943 4263 3301 4333 monachum,
3334 4270 3393 4320 et

1799 4352 2009 4406 diceret
2048 4351 2099 4405 ei
2130 4350 2199 4405 de
2227 4350 2447 4421 gellone
2484 4350 2581 4422 qui
2609 4350 2859 4407 vertebat
2885 4369 2963 4420 se,
2997 4357 3054 4408 et
3090 4358 3211 4408 tota
3245 4369 3394 4426 aqua

1800 4440 2210 4495 effundebatur.
2240 4440 2423 4510 Igitur
2448 4455 2576 4494 cum
2589 4439 2877 4504 initinere,
2898 4458 3127 4512 vespere
3138 4441 3302 4509 facto,
3331 4441 3392 4498 in

126 4529 222 4597 tio,
257 4537 314 4584 et
333 4531 730 4586 delectationes
748 4550 1027 4604 corporeae
1047 4533 1231 4586 cordis
1264 4533 1498 4603 ejus.Ita
1526 4536 1714 4585 autem
1734 4536 1785 4595 D
1800 4531 2042 4601 quodam
2055 4530 2287 4599 antiquo
2304 4534 2361 4582 et
2380 4528 2565 4582 diruto
2578 4528 2789 4599 templo
2802 4528 3080 4583 idolorum
3095 4531 3385 4599 dormiret,

129 4626 411 4674 ostensum
445 4627 527 4675 est
556 4627 747 4676 sancto
775 4622 1016 4676 seniori:
1062 4621 1213 4675 Vidit
1242 4621 1531 4674 sedentem
1558 4619 1716 4673 illum

130 4710 484 4776 monachum,
502 4716 559 4764 et
579 4710 1235 4781 spiritumfornicationis
1257 4712 1316 4763 in
1336 4709 1566 4763 diversis
1590 4723 1714 4761 mu-

128 4795 326 4852 lierum
346 4798 540 4853 formis
566 4805 696 4854 ante
722 4800 880 4854 illum
914 4800 1219 4865 ludentem,
1251 4803 1443 4863 496
1457 4802 1512 4850 et
1532 4796 1717 4867 ipsum

127 4900 250 4939 cum
279 4887 359 4942 eis
375 4887 665 4942 delectari.
683 4888 921 4944 Videbat
936 4895 1125 4943 autem
1142 4894 1194 4942 et
1209 4887 1472 4957 angelum
1490 4883 1716 4939 Domini

130 4981 407 5030 astantem
428 4984 485 5031 et
512 4978 903 5048 indignantem
931 4979 1179 5049 graviter
1230 4983 1424 5031 contra
1455 4974 1717 5030 eumdem

129 5063 377 5131 fratrem,
414 5067 547 5138 quia
560 5084 672 5121 non
693 5068 960 5138 surgebat
976 5086 1158 5140 neque
1182 5064 1569 5139 prosternebat
1580 5080 1638 5117 se
1659 5064 1718 5117 in

130 5154 472 5209 orationibus
493 5157 563 5210 ad
584 5158 761 5211 Deum
781 5156 906 5225 ;sed
930 5159 1109 5228 magis
1139 5156 1523 5212 delectabatur
1558 5153 1615 5207 in
1627 5169 1715 5207 co-

128 5242 491 5312 gitationibus
511 5245 644 5300 suis.
672 5247 799 5300 Hzec
829 5252 1018 5301 autem
1048 5252 1270 5301 ostensa
1284 5251 1414 5299 sunt
1442 5260 1544 5316 per
1570 5258 1719 5296 reve-

130 5329 395 5387 lationem
422 5340 616 5389 sancto
631 5336 858 5389 seniori.
881 5336 1152 5406 Cognovit
1173 5341 1360 5390 autem
1393 5334 1522 5405 quia
1554 5332 1717 5403 culpa

132 5424 185 5472 et
202 5422 549 5492 negligentia
563 5422 713 5477 illius
733 5425 990 5477 monachi
1008 5428 1146 5487 erat,
1169 5430 1232 5477 ut
1250 5440 1361 5476 non
1386 5421 1717 5475 exaudiren-

132 5513 221 5562 tur
254 5511 436 5565 oratio
448 5529 548 5566 nes
576 5513 697 5582 ejus
722 5531 735 5579 ;
764 5518 821 5566 et
838 5519 973 5567 tunc
992 5513 1131 5566 dixit
1146 5512 1332 5566 senior
1350 5511 1427 5565 ei:
1454 5511 1598 5574 Quia
1621 5515 1721 5563 tua

133 5597 291 5671 culpa
342 5606 444 5667 est,
480 5601 670 5667 frater,
724 5602 820 5672 qui
862 5601 1264 5656 condelectaris
1292 5598 1723 5671 cogitationibus

1801 4617 2014 4671 audivit
2041 4617 2321 4672 daemones
2351 4615 2502 4670 inter
2529 4632 2589 4669 se
2621 4616 2913 4685 loquentes
2944 4633 2956 4667 :
3005 4616 3150 4680 Quia
3192 4618 3251 4672 in
3280 4617 3390 4673 ista

1799 4711 1962 4760 nocte
1981 4704 2449 4776 praecipitavimus
2473 4703 2635 4758 illum
2655 4703 2989 4758 monachum
3003 4705 3061 4759 in
3075 4703 3396 4763 fornicatio-

1800 4807 1958 4851 nem;
1990 4799 2047 4847 et
2095 4779 2211 4847 haec
2266 4792 2519 4858 audiens,
2580 4790 2985 4847 admirabatur.
3028 4794 3169 4849 Cum
3198 4801 3391 4853 autem

1799 4883 2072 4937 illuxisset
2098 4882 2236 4948 dies,
2292 4880 2546 4953 pervenit
2601 4880 2672 4934 ad
2703 4882 3059 4951 monachum,
3093 4890 3151 4940 et
3177 4886 3394 4943 invenit

1800 4989 1927 5027 eum
1956 4970 2289 5043 gravissima
2315 4969 2547 5024 tristitia
2572 4978 2984 5041 Oppressum,et
3013 4974 3153 5029 dixit
3166 4975 3393 5041 ei:Quid

1802 5059 2218 5127 faciam,frater,
2238 5059 2369 5131 quia
2388 5075 2500 5130 qua
2521 5058 2661 5114 hora
2670 5060 2897 5115 reficere
2919 5063 3165 5131 voluero,
3198 5064 3391 5119 statim

1798 5151 1966 5223 gello,
1984 5165 2150 5220 quem
2180 5148 2251 5203 ad
2280 5165 2446 5203 usum
2467 5164 2624 5219 aquae
2642 5148 2839 5215 habeo,
2855 5151 3022 5205 vertit
3038 5169 3114 5217 se,
3150 5153 3391 5209 eteffun-

1800 5239 1956 5295 ditur
1984 5241 2215 5309 aqua,et
2242 5253 2355 5291 non
2384 5236 2564 5291 habeo
2595 5238 2729 5309 quid
2747 5237 2968 5293 bibere?
2979 5240 3135 5295 Tunc
3164 5257 3392 5313 respon-

1800 5328 1884 5383 dit
1911 5328 1963 5381 ei
2002 5325 2355 5397 supradictus
2393 5327 2721 5393 monachus,
2763 5326 2952 5381 dicens
2988 5348 2999 5381 :
3042 5328 3126 5383 Tu
3165 5330 3393 5400 quidem

1799 5416 2002 5471 venisti
2023 5415 2093 5469 ad
2114 5432 2202 5469 me
2215 5414 2581 5485 interrogare,
2607 5415 2743 5486 quia
2759 5415 3110 5485 gellunculus
3122 5419 3291 5473 vertit
3310 5436 3395 5488 se,

1802 5511 1859 5561 et
1884 5505 2191 5560 effunditur
2219 5520 2367 5575 aqua
2393 5502 2422 5557 ?
2446 5504 2561 5575 Ego
2586 5509 2778 5559 autem
2810 5504 2942 5575 quid
2983 5504 3161 5561 habeo
3189 5507 3391 5578 facere,

1805 5596 1939 5668 quia
1966 5595 2071 5649 hac
2126 5599 2290 5649 nocte
2318 5592 2492 5649 cecidi
2521 5592 2580 5647 in
2627 5591 3055 5649 fornicationem
3090 5596 3114 5649 ?
3154 5594 3401 5671 Respon.

201 5714 218 5748 ¹
264 5717 432 5786 Nota,
469 5735 583 5773 non
616 5719 834 5775 licitum
862 5736 984 5774 esse
1013 5717 1369 5775 mendacium
1398 5715 1743 5784 officiosum;
1775 5713 1889 5768 fors
1917 5708 2247 5785 spiritaliter
2274 5726 2333 5765 se
2361 5686 2697 5765 fornicatum
2722 5704 3036 5791 intelligit._
3116 5704 3121 5708 ’

503 5793 772 5855 ΡΑτιιοι..
801 5791 1072 5856 LXXIII.

3009 5789 3088 5856 24
