3876 6402
570 368 670 425 747

1681 369 1772 424 DE
1809 370 1997 453 viris
2040 371 2110 425 ΡΑ

2192 371 2329 425 ΠῙΜ
2367 370 2579 426 LIBER
2616 370 2715 425 Ill.
3708 374 3775 433 ῖιιδ

567 498 817 568 deasque
847 495 1037 561 frater,
1062 492 1206 559 dicit
1232 494 1284 549 ei
1312 513 1323 553 :
1374 494 1488 565 Ego
1519 498 1577 559 et
1610 495 1716 559 hoc
1748 497 1867 567 jam
1897 497 2150 567 cognovi.
2169 499 2219 558 Α
2236 511 2441 569 aquam
2464 495 2523 551 in
2541 495 2763 566 pelvim,
2787 501 2844 549 et
2872 492 3171 552 festinabat
3189 494 3375 550 lavare
3392 496 3567 567 pedes
3584 496 3776 555 domino

568 586 720 643 Dixit
752 589 940 640 autem
959 583 1011 643 ei
1032 582 1161 649 ille:
1190 584 1258 640 Et
1283 584 1434 641 unde
1462 584 1567 641 hoc
1593 585 1826 658 potuisti
1858 603 2157 657 cognosce-

564 673 663 729 re?
704 674 774 730 Et
800 673 895 728 ille
915 672 997 728 ait
1024 689 1035 723 :
1083 672 1229 727 Dum
1255 672 1316 727 in
1344 673 1548 731 itinere
1586 680 1754 730 noctu
1784 675 2150 745 quiescerem,

560 762 749 818 audivi
778 762 1059 817 daemones
1078 762 1229 817 inter
1265 778 1325 816 se
1350 763 1643 834 loquentes
1670 769 1728 820 et
1751 764 2059 833 gloriantes
2085 765 2154 820 de

558 853 721 924 lapsu
742 856 927 917 tuo,et
937 850 1106 905 nimis
1122 850 1486 906 contristatus
1506 867 1651 906 sum.
1680 853 1838 910 Tunc
1865 853 2155 925 respondit

556 941 609 997 ei
639 941 733 996 ille
761 940 1090 1007 monachus,
1123 940 1336 996 dicens:
1368 941 1508 997 Ecce
1537 958 1640 1012 ego
1661 942 1935 1012 egredior,
1969 949 2027 998 et
2061 960 2151 998 va-

553 1030 625 1085 do
677 1030 737 1085 in
790 1031 1081 1085 saeculum.
1108 1030 1239 1085 Rrec
1286 1030 1381 1084 ille
1426 1029 1682 1097 audiens,
1742 1031 2151 1104 deprecabatur

553 1136 703 1187 eum,
738 1119 965 1175 dicens:
1010 1119 1137 1174 Noli
1158 1120 1263 1174 hoc
1288 1135 1474 1191 agere,
1507 1120 1698 1185 frater,
1727 1122 1823 1175 sed
1847 1122 2025 1192 magis
2052 1138 2149 1195 pa-

551 1208 761 1263 tienter
789 1207 1073 1262 sustinens
1092 1222 1360 1280 permane
1388 1206 1448 1260 in
1476 1207 1582 1262 hoc
1611 1208 1752 1262 loco.
1778 1209 1920 1263 Nam
1952 1209 2146 1265 mulie-

550 1313 672 1351 rem
699 1298 1061 1368 expellamus,
1071 1302 1128 1352 et
1142 1301 1457 1352 revertatur
1475 1297 1547 1351 ad
1565 1298 1747 1352 locum
1758 1315 1941 1354 suum.
1960 1300 2143 1355 Mani-

548 1384 691 1440 feste
713 1385 864 1440 enim
887 1386 994 1441 ista
1005 1385 1301 1457 exquisitio
1318 1402 1409 1439 ars
1433 1386 1664 1458 maligni
1683 1387 1887 1441 diaboli
1906 1394 2008 1442 est.
2030 1390 2143 1444 Ma-

546 1473 636 1545 gis
648 1479 838 1529 autem
858 1480 1080 1546 oportet
1096 1480 1161 1529 ut
1174 1491 1403 1529 maneas
1415 1474 1475 1529 in
1494 1476 1598 1530 hoc
1620 1476 1738 1531 loco
1764 1477 1822 1531 in
1842 1477 2143 1533 afflictione

547 1562 734 1618 cordis
763 1566 820 1618 et
845 1564 1114 1636 corporis,
1161 1568 1219 1618 et
1247 1580 1373 1618 cum
1403 1563 1588 1618 intimi
1617 1565 1799 1619 cordis
1832 1566 2047 1635 gemitu
2075 1584 2140 1621 ac

545 1651 809 1724 lacrymis
828 1668 1005 1725 usque
1034 1652 1105 1707 ad
1127 1653 1334 1708 exitum
1357 1652 1481 1708 vitae
1509 1654 1809 1725 deprecare
1834 1656 2060 1711 Domini
2075 1673 2140 1711 ac

545 1741 849 1796 Salvator-is
878 1741 1056 1796 nostri
1087 1741 1376 1812 pietatem,
1401 1747 1464 1796 ut
1485 1742 1662 1813 possis
1682 1742 1933 1799 invenire
1963 1745 2135 1801 mise-

540 1829 840 1884 ricordiam
869 1830 928 1885 in
956 1830 1047 1885 die
1075 1831 1170 1885 illo
1198 1830 1436 1885 terribili
1462 1832 1652 1903 magni
1674 1833 1873 1901 judicii
1903 1834 2024 1888 Dei.

2237 601 2364 640 rum
2394 602 2648 651 suorum,
2679 602 2806 640 cum
2852 583 3006 639 omni
3036 583 3353 639 humilitate
3387 584 3702 656 obsequium
3723 590 3775 643 eis

2236 674 2496 729 exhibere
2526 675 2775 746 cupiens.
2808 673 2920 746 Ipsi
2949 690 3079 730 vero
3108 672 3373 728 nolebant
3395 674 3723 751 acquiescere
3735 688 3776 731 ut

2234 764 2407 835 pedes
2432 780 2625 820 eorum
2652 762 2924 829 ablueret,
2955 762 3049 818 sed
3082 761 3370 818 dicebant:
3403 762 3555 827 Noli,
3584 764 3778 820 beatissi-

2234 868 2325 906 me
2350 853 2538 911 Pater.
2569 869 2803 923 gravare
2832 852 3053 907 animas
3081 858 3320 907 nostras.
3354 854 3430 907 At
3473 854 3570 907 ille
3597 871 3777 926 respon-

2232 941 2370 997 dens
2388 941 2607 1001 dicebat
2627 942 2698 998 ei:
2726 943 2840 1013 Ego
2860 958 3054 998 servus
3079 947 3259 996 vester
3270 960 3415 1008 sum,
3436 959 3571 997 nam
3591 960 3674 998 vos
3689 960 3775 998 esse

2232 1030 2494 1085 dominos
2525 1048 2679 1085 meos
2703 1029 3057 1101 omnipotens
3085 1028 3234 1085 Deus
3263 1031 3588 1097 constituit;
3620 1038 3771 1102 etgra~

2229 1118 2337 1175 tias
2362 1136 2467 1191 ago
2495 1119 2744 1176 dominio
2775 1125 2979 1186 vestro,
3009 1120 3138 1191 quia
3167 1119 3383 1191 dignati
3412 1120 3551 1174 estis
3579 1137 3659 1174 me
3678 1138 3772 1192 per-

2227 1209 2453 1265 mittere
2476 1215 2541 1264 ut
2567 1210 2805 1264 serviam
2835 1209 2951 1264 Deo
2977 1209 3099 1264 vivo
3128 1215 3185 1263 et
3212 1226 3359 1273 vero,
3379 1209 3615 1267 creatori
3635 1227 3689 1264 ac
3706 1210 3773 1263 do-

2225 1297 2490 1352 minatori
2509 1297 2633 1352 caeli
2644 1302 2700 1353 et
2715 1304 2898 1362 terrae,
2923 1298 3102 1352 etixno
3121 1297 3296 1351 detuli
3316 1296 3475 1351 vobis
3492 1297 3772 1371 pensionem

2224 1386 2507 1442 servitutis
2524 1403 2679 1442 mea.
2694 1386 2919 1443 Domini
2938 1391 3127 1445 autem
3143 1387 3265 1457 ejus
3283 1386 3773 1451 contendebant,no-

2222 1470 2401 1526 lentes
2420 1470 2673 1543 accipere
2695 1488 2865 1544 quam
2887 1470 3167 1525 detulerat
3181 1471 3536 1543 pensionem.
3572 1472 3773 1543 Respon-

2222 1559 2360 1614 dens
2388 1566 2579 1616 autem
2610 1561 2919 1616 monachus
2937 1560 3077 1615 dixit
3105 1560 3211 1615 eis:
3249 1560 3306 1616 Si
3339 1561 3632 1616 nolueritis
3669 1563 3772 1616 acci-
3836 1574 3837 1616 ξ

2221 1665 2353 1721 pere
2371 1650 2696 1721 pensionem
2712 1667 2915 1717 meam,
2943 1650 3022 1704 ita
3040 1650 3255 1705 decrevi
3270 1656 3332 1705 ut
3353 1667 3466 1704 non
3490 1658 3718 1705 revertar
3732 1651 3771 1706 in

2219 1739 2595 1803 eremum,sed
2620 1739 2711 1793 hic
2730 1738 2787 1793 in
2816 1738 3076 1810 praesenti
3102 1756 3424 1810 permaneo,
3440 1746 3499 1793 et
3513 1740 3682 1794 servio
3708 1758 3771 1793 vo-

2154 1853 2199 1913 Β
2218 1825 2457 1882 bis.Haac
2474 1834 2664 1882 autem
2692 1827 2987 1883 audientes
3015 1827 3224 1882 domini
3246 1830 3387 1897 ejus,
3412 1829 3769 1901 acquievemnt
3836 1866 3837 1871 η

608 1919 697 1976 15.
719 1919 854 1973 Erat
871 1919 1098 1991 quidam
1116 1920 1291 1974 frater
1311 1920 1369 1974 in
1387 1936 1595 1986 eremo,
1624 1920 1914 1976 habitabat
1942 1929 2132 1978 autem
2215 1916 2499 1988 suscipere
2522 1916 2945 1988 pensionem,ne
2965 1917 3413 1979 contristaretur,
3435 1917 3537 1972 sed
3560 1919 3717 1989 magis
3730 1928 3771 1973 ut

535 2007 597 2062 in
624 2008 747 2063 loco
776 2008 873 2079 qui
913 2007 1204 2063 dicebatur
1228 2009 1421 2075 Cellia,
1457 2014 1515 2063 et
1565 2009 1975 2081 impugnabant
2002 2028 2129 2067 eum

534 2095 818 2151 demones
846 2096 905 2152 in
931 2098 1192 2169 passione
1219 2096 1623 2153 fornicationis.
1641 2099 1921 2168 Cogitavit
1939 2106 2128 2155 autem

533 2186 685 2258 apud
703 2185 1090 2258 semetipsum,
1111 2186 1302 2242 dicens
1327 2205 1338 2240 :
1373 2186 1517 2252 Quia
1532 2186 1769 2242 forsitan
1785 2194 2009 2260 oportet
2037 2206 2127 2244 me

531 2274 713 2345 magis
742 2274 802 2330 in
830 2290 1001 2346 opere
1030 2291 1301 2333 manuum
1327 2274 1603 2343 laborare,
1639 2281 1704 2330 ut
1732 2278 2128 2348 exstinguatur

528 2363 770 2418 carnalis
795 2379 994 2419 sensus
1019 2380 1198 2419 meus.
1247 2364 1383 2419 Erat
1406 2368 1597 2419 autem
1625 2365 1774 2420 idem
1799 2365 1974 2421 frater
2001 2373 2124 2422 arte
2166 2424 2171 2429 ,

528 2451 756 2523 ﬁgulus.
781 2452 1098 2524 Exsurgens
1124 2457 1317 2508 autem
1344 2452 1477 2507 fecit
1497 2453 1554 2508 in
1583 2454 1723 2521 luto,
1755 2460 1813 2509 et
1829 2455 2125 2525 plasmavit

527 2540 688 2611 quasi
717 2540 958 2611 ﬁguram
989 2541 1261 2608 mulieris,
1279 2545 1338 2597 et
1355 2541 1497 2598 dixit
1525 2542 1955 2613 cogitationibus
1969 2546 2119 2601 suis:

528 2627 666 2683 Ecce
693 2644 835 2684 uxor
862 2634 981 2691 tua,
1025 2628 1402 2687 necessarium
1422 2636 1508 2685 est
1536 2648 1669 2702 ergo
1700 2638 1764 2688 ut
1791 2649 1961 2704 super
1987 2650 2121 2690 con-

525 2716 888 2771 suetudinem
907 2717 1151 2773 addasin
1171 2735 1338 2790 opere
1355 2735 1625 2774 manuum
1648 2725 1896 2789 tuarum;
1911 2727 1968 2776 et
1998 2729 2124 2794 post

524 2804 846 2876 aliquantos
900 2806 1021 2861 dies
1066 2806 1270 2863 iterum
1320 2807 1581 2865 similiter
1623 2809 1754 2864 fecit
1791 2827 1857 2864 ex
1884 2810 2023 2875 luto,
2058 2817 2116 2866 et

524 2893 824 2965 plasmavit
852 2895 1013 2966 quasi
1043 2895 1217 2950 filiam
1246 2895 1372 2961 sibi,
1427 2902 1485 2951 et
1512 2897 1651 2952 dixit
1685 2898 2116 2969 cogitationibus

521 2981 637 3037 suis
675 3000 688 3036 :
749 2983 887 3039 Ecce
910 2983 1205 3055 generavit
1228 3001 1369 3040 uxor
1386 2991 1486 3041 tua
1516 2986 1708 3051 ﬁliam,
1742 2989 2116 3044 necessarium

519 3076 708 3143 49¢
736 3077 824 3127 est
848 3078 1058 3144 ergout
1072 3073 1250 3145 magis
1276 3074 1569 3145 magisque
1599 3076 1841 3147 amplius
1861 3094 2116 3134 exerceas

516 3174 688 3232 opera
713 3177 1005 3227 manuum,
1041 3166 1106 3216 ut
1132 3162 1312 3234 possis
1354 3179 1580 3235 pascere
1627 3170 1685 3219 et
1702 3164 1922 3231 vestire,
1946 3172 2004 3222 et
2031 3172 2104 3234 te,

513 3254 571 3304 et
599 3266 848 3317 uxorem,
875 3254 934 3306 et
959 3251 1136 3306 filiam
1168 3256 1325 3306 tuam
1352 3271 1365 3319 ;
1399 3258 1457 3307 et
1483 3253 1565 3308 ita
1588 3270 1701 3325 prae
1717 3254 1893 3310 nimio
1918 3255 2108 3311 labore

510 3339 816 3394 maceravit
840 3356 1042 3412 corpus
1072 3356 1257 3407 suum,
1276 3346 1341 3396 ut
1362 3358 1471 3395 non
1494 3343 1821 3413 praevaleret
1841 3345 1960 3414 jam
1980 3362 2108 3417 sup-

478 3482 483 3489 ,
509 3432 737 3499 portare
761 3433 983 3484 tantum
1015 3428 1284 3485 laborem.
1327 3430 1482 3485 Tunc
1511 3429 1653 3484 dixit
1675 3431 2106 3502 cogitationibus

506 3515 657 3571 suis:
693 3516 837 3581 Quia
863 3516 913 3572 si
941 3534 1053 3572 non
1082 3519 1347 3591 pravales
1378 3518 1617 3574 nimium
1666 3519 1835 3574 istum
1865 3522 2105 3576 sustine-

478 3660 481 3665 λ
506 3620 568 3660 re
597 3603 865 3667 laborem,
913 3622 1097 3678 neque
1126 3607 1420 3662 mulierem
1452 3608 1728 3679 requiras.
1760 3609 1971 3664 Videns
1997 3628 2099 3666 au-

503 3697 618 3752 tem
644 3695 794 3751 Deus
818 3694 1036 3751 fervens
1060 3696 1408 3769 propositum
1429 3703 1634 3765 mentis
1649 3698 1698 3768 ej
1708 3714 1772 3752 us
1799 3715 1901 3770 pro
1924 3705 2100 3755 certa-

502 3784 655 3840 mine
683 3784 978 3853 castitatis,
1007 3784 1240 3841 abstulit
1269 3785 1340 3840 ab
1366 3802 1432 3841 eo
1461 3786 1775 3842 molestiam
1808 3787 2101 3859 impugna-

470 3928 475 3931 _
502 3872 674 3929 tionis
700 3874 1037 3930 daemonum.
1072 3874 1143 3929 Et
1192 3875 1528 3947 gloriﬁcavit
1568 3875 1749 3931 Deum
1777 3892 1947 3950 super
1973 3894 2097 3933 ma-

498 3962 795 4034 gnitudine
813 3963 1011 4033 gratiae
1029 3964 1078 4034 ej
1086 3979 1170 4018 us.

577 4050 663 4106 16.
694 4051 935 4115 Quidam
958 4052 1135 4109 frater
1160 4052 1548 4124 interrogabat
1575 4052 1805 4109 beatum
1834 4053 2094 4111 abbatem

498 4133 1049 4203 Pmmenem,dicens
1073 4154 1084 4191 :
1113 4136 1260 4201 Quid
1284 4136 1508 4203 faciam,
1540 4138 1727 4204 Pater,
1759 4138 1893 4209 quia
1914 4138 2096 4211 impu-

495 4227 639 4294 gnat
672 4239 764 4278 me
791 4224 977 4296 passio
1030 4224 1435 4292 fornicationis,
1468 4231 1526 4281 et
1561 4226 1750 4297 rapior
1797 4227 1857 4282 in
1885 4228 2095 4298 passio-

497 4326 628 4366 nem
652 4310 857 4367 furoris
878 4311 904 4365 ?
931 4313 1002 4367 Et
1026 4313 1372 4384 respondens
1393 4313 1534 4369 dixit
1556 4315 1609 4369 ei
1637 4319 1866 4371 sanctus
1879 4317 2088 4373 senior:

494 4399 629 4456 Ideo
665 4401 861 4473 utique
879 4400 1055 4457 David
1076 4402 1350 4473 propheta
1386 4402 1641 4459 dicebat:
1692 4404 1838 4469 Quia
1868 4405 2088 4460 leonem

2215 2011 2591 2061 reverteretur
2612 2006 2680 2061 ad
2712 2006 2833 2061 loca
2860 2005 3035 2061 eremi
3062 2006 3130 2059 ad
3161 2005 3421 2061 cellulam
3451 2024 3631 2061 suam.
3659 2007 3769 2062 illud

2212 2100 2402 2148 autem
2432 2095 2580 2166 quod
2610 2095 2669 2149 in
2705 2094 3031 2166 pensionem
3087 2112 3245 2148 suam
3275 2096 3447 2151 etiam
3480 2096 3767 2150 nolentibus

2210 2182 2386 2237 dabat
2411 2183 2653 2238 dominis
2670 2184 2805 2250 suis,
2828 2184 3021 2238 statim
3049 2190 3117 2238 ut
3138 2183 3509 2255 accipiebant,
3545 2185 3769 2256 pauperi-

2210 2271 2315 2327 bus
2341 2271 2667 2343 erogabant.
2689 2270 3108 2345 Interrogantes
3125 2280 3315 2327 autem
3328 2274 3596 2328 eumdem
3624 2274 3771 2329 senio-

2207 2378 2327 2416 rem
2354 2362 2575 2428 fratres,
2606 2362 2869 2416 dixerunt
2894 2362 2944 2416 ei
2978 2380 2989 2415 :
3024 2361 3396 2416 Obsecramus
3420 2370 3498 2427 te,
3527 2364 3697 2427 Pater,
3725 2370 3770 2416 ut
3836 2422 3837 2425 η

2206 2451 2358 2507 dicas
2374 2450 2535 2513 nobis
2547 2468 2648 2507 cur
2668 2468 2796 2506 cum
2821 2457 2977 2506 tanta
2997 2451 3304 2506 intentione
3326 2469 3426 2522 pro
3447 2453 3673 2509 servitio
3697 2458 3769 2505 luo

2204 2541 2531 2612 pensionem
2570 2541 2741 2596 etiam
2771 2539 3091 2613 nolentibus
3128 2546 3185 2595 et
3212 2540 3378 2595 nimis
3409 2540 3770 2601 resistentibus

2204 2629 2307 2684 tibi
2337 2629 2581 2685 dominis
2609 2629 2898 2700 ingessisti
2927 2628 2956 2682 ?
2982 2629 3066 2683 Ad
3096 2630 3212 2684 hac
3240 2630 3592 2701 respondens
3617 2631 3773 2685 senior
3836 2628 3837 2701 ξ

2204 2719 2384 2775 dixit:
2439 2719 2573 2791 Ego,
2605 2719 2827 2783 fratres,
2854 2718 2980 2773 ideo
3008 2718 3209 2773 festino
3237 2735 3337 2791 pro
3369 2719 3621 2784 servitio,
3652 2718 3771 2790 quod

2201 2812 2475 2880 tanquam
2504 2807 2748 2863 dominis
2771 2807 2912 2862 meis
2937 2806 3111 2861 debeo
3131 2807 3459 2880 pensionem
3489 2826 3594 2880 per
3615 2809 3772 2879 singu-

2200 2898 2282 2952 los
2301 2914 2478 2952 annos
2498 2897 2807 2968 adimplere
2820 2896 2917 2963 eis,
2942 2902 3007 2952 ut
3032 2896 3302 2969 quidquid
3325 2897 3444 2967 jam
3476 2915 3609 2952 cum
3637 2896 3770 2967 adju-
3836 2944 3837 2967 ἦ

2199 2986 2345 3040 torio
2374 2986 2599 3041 Domini
2627 2986 2686 3040 in
2706 2985 2940 3057 jejuniis
2969 2992 3026 3040 et
3054 2985 3418 3051 orationibus,
3451 3004 3558 3041 seu
3590 2988 3647 3041 in
3672 3002 3770 3040 san-

2197 3075 2302 3130 etis
2329 3075 2552 3147 vigiliis,
2585 3075 2672 3129 vel
2701 3075 2760 3129 in
2790 3074 2943 3129 omni
2986 3092 3153 3145 opere
3205 3074 3505 3146 spirituali.
3570 3075 3766 3130 Christo

2196 3164 2434 3220 Domino
2461 3165 2781 3236 adjuvante,
2813 3162 3156 3229 laboravero,
3191 3163 3294 3217 hoc
3325 3162 3459 3217 mihi
3493 3164 3557 3219 in
3585 3170 3767 3220 aeterna

2190 3253 2322 3320 vita,
2371 3260 2426 3309 et
2456 3253 2527 3308 ad
2556 3253 2796 3308 salutem
2825 3252 3026 3307 animae
3058 3269 3192 3308 mem
3222 3253 3499 3324 proﬁciat,
3535 3270 3609 3308 ne
3644 3253 3763 3307 forte

2188 3342 2237 3397 si
2266 3343 2590 3414 pensionem
2621 3359 2721 3415 pro
2749 3342 2975 3397 servitio
2991 3359 3115 3396 meo
3132 3341 3359 3396 minime
3381 3342 3650 3403 intulere,
3664 3342 3763 3412 jam

2187 3437 2340 3486 totus
2370 3432 2641 3503 spiritalis
2688 3430 2849 3486 labor
2893 3448 3052 3487 meus
3093 3431 3163 3486 ad
3202 3431 3425 3485 illorum
3456 3432 3761 3486 mercedem

2186 3512 2459 3584 proﬁciat,
2492 3511 2589 3583 qui
2616 3528 2707 3566 me
2754 3512 3132 3583 permiserunt
3160 3510 3379 3566 Christo
3406 3511 3654 3567 Domino
3682 3511 3761 3564 de-

2183 3600 2409 3667 servire,
2448 3606 2506 3655 et
2533 3599 2860 3672 spiritaliter
2883 3600 3219 3656 conversari.

2248 3688 2339 3744 18.
2374 3691 2549 3744 Erant
2576 3689 2687 3744 duo
2714 3689 2934 3756 fratres,
2967 3689 3271 3745 secundum
3298 3705 3530 3745 carnem
3554 3689 3761 3762 quidem

2177 3779 2455 3850 germani,
2475 3783 3108 3851 verumtamenuterque
3137 3778 3197 3833 in
3220 3778 3455 3851 spiritali
3487 3778 3761 3853 proposito

2180 3868 2441 3924 monachi
2480 3868 2800 3935 existentes,
2854 3867 3334 3939 insidiabaturque
3370 3867 3452 3922 eis
3488 3868 3756 3939 malignus

2180 3956 2456 4024 diabolus,
2489 3964 2553 4013 ut
2575 3957 3078 4030 quomodocunque
3104 3973 3199 4013 eos
3227 3963 3522 4029 separaret
3541 3957 3614 4012 ab
3632 3956 3757 4011 invi-

2177 4063 2297 4102 cem
2314 4049 2536 4116 (Pclag.,
2548 4048 2718 4103 libell.
2730 4063 2816 4110 xv,
2834 4063 2990 4100 num.
3006 4044 3385 4115 89).Quadam
3402 4046 3585 4118 igitur
3602 4044 3753 4100 diead

2175 4152 2485 4208 vesperam,
2509 4135 2819 4191 secundum
2828 4133 3289 4190 consuetudinem
3308 4134 3401 4188 ille
3420 4136 3642 4205 junior,
3658 4134 3754 4188 fra-

2174 4230 2263 4281 ter
2289 4225 2598 4280 accendens
2622 4225 2908 4279 lucernam
2941 4224 3128 4297 posuit
3157 4239 3324 4295 super
3341 4223 3751 4280 candelabrum.

2172 4314 2435 4370 Faciente
2443 4319 2633 4369 autem
2646 4313 2863 4369 malitia
2871 4312 3328 4378 daemonum,ruit
3340 4312 3752 4377 candelabrum,

2172 4409 2230 4459 et
2258 4404 2533 4459 exstincta
2561 4407 2648 4458 est
2673 4403 2922 4457 lucerna.
2956 4390 3065 4456 Per
3088 4401 3233 4456 hanc
3253 4401 3613 4457 occasionem
3632 4400 3754 4456 insi-

494 4489 723 4562 quidem
750 4489 1152 4562 percutiebam,
1180 4506 1313 4546 nam
1341 4498 1399 4547 et
1416 4508 1610 4547 ursum
1635 4492 1897 4566 frequens
1923 4495 2089 4549 suﬁ'o-
2108 4488 2432 4548 Ddiabatur
2458 4492 2540 4547 eis
2568 4492 2850 4564 malignus
2876 4490 3151 4559 diabolus,
3183 4495 3247 4545 ut
3265 4490 3322 4544 in
3350 4490 3512 4546 litem
3547 4508 3648 4547 eos
3675 4490 3751 4546 in-

491 4579 686 4636 cabam
718 4581 767 4649 (1
810 4581 933 4648 Reg.
968 4579 1119 4653 xvu).
1165 4579 1289 4635 Hoc
1335 4586 1525 4637 autem
1581 4581 1665 4638 ita
1721 4583 2082 4654 intelligitur,

489 4669 623 4740 quia
648 4668 898 4725 furorem
925 4667 1005 4747 ab
1026 4670 1216 4724 animo
1245 4687 1371 4726 meo
1407 4670 1818 4739 abscindebam,
1850 4671 2086 4729 fornica-

489 4757 703 4812 tionem
731 4763 924 4813 autem
953 4759 1010 4814 in
1033 4758 1317 4816 laboribus
1347 4759 1688 4831 affligebam.

568 4844 647 4903 l7.
680 4846 953 4903 Dicebant
978 4849 1156 4904 sancti
1200 4849 1453 4904 seniores
1501 4851 1696 4906 Patres
1736 4850 1806 4905 de
1833 4852 2079 4922 quodam

466 4935 758 4997 monacho
772 4936 892 5004 jam
918 4937 1137 4991 seniore
1152 4937 1211 4991 in
1225 4938 1418 5008 Scythi
1447 4954 1634 4993 eremo
1665 4946 2074 5007 commanente,

487 5023 768 5097 quomodo
800 5040 993 5079 servus
1036 5026 1410 5097 quorumdam
1441 5034 1579 5093 erat,
1613 5034 1671 5083 et
1698 5045 1799 5100 per
1825 5028 2077 5101 singulos

481 5129 659 5169 annos
696 5111 1072 5168 descendebat
1099 5115 1168 5169 de
1222 5131 1411 5170 eremo
1442 5115 1498 5171 in
1529 5117 1948 5185 Alexandriam,
1980 5119 2076 5174 ubi

477 5202 911 5258 commanebaut
939 5202 1151 5258 domini
1172 5205 1315 5274 ejus,
1347 5204 1601 5260 deferens
1622 5206 1702 5260 eis
1724 5207 2071 5277 pensionem,

458 5293 625 5349 sicut
650 5291 833 5347 solent
852 5291 1395 5351 servidaredominis
1423 5295 1540 5350 suis
1551 5298 1946 5365 (Pelag.,lzbell.
1977 5299 2066 5365 15,

475 5397 634 5437 num.
669 5379 757 5447 31,
786 5385 1013 5437 nomine
1040 5381 1328 5452 Olympii).
1356 5383 1466 5438 Sed
1501 5383 1713 5439 domini
1743 5386 1866 5456 ejus
1887 5387 2069 5458 magis

474 5470 844 5526 reverentiam
858 5487 962 5542 pro
980 5471 1185 5528 timore
1212 5471 1314 5526 Dei
1328 5471 1596 5528 habentes
1613 5473 1761 5528 circa
1781 5490 1931 5537 eum,
1973 5475 2068 5529 ho-

472 5557 752 5614 norabant
775 5565 1132 5616 occurrentes
1151 5566 1209 5616 et
1217 5561 1530 5616 salutantes
1541 5568 2064 5637 eum,petenlesque

467 5651 533 5702 ut
558 5662 660 5720 pro
685 5646 767 5702 eis
794 5647 1097 5704 Dominum
1120 5654 1398 5706 exoraret.
1433 5648 1531 5704 Ille
1559 5655 1753 5705 autem
1802 5651 2063 5707 mittebat

2168 4581 2433 4637 cenderet
2463 4600 2476 4650 ;
2511 4597 2859 4652 surgensque
2887 4580 3076 4635 senior
3104 4580 3272 4651 ccepit
3296 4586 3599 4651 percutere
3637 4595 3749 4635 cum

2165 4671 2354 4725 furore
2375 4671 2606 4726 fratrem
2626 4686 2812 4725 suum.
2841 4669 2942 4725 Ille
2964 4686 3093 4724 vero
3119 4669 3500 4741 prostratusin
3526 4675 3748 4735 terram,

2165 4759 2571 4832 deprecabatur
2583 4775 2915 4831 germanum
2933 4776 3120 4823 suum,
3133 4758 3319 4812 dicens
3333 4776 3345 4810 :
3361 4758 3748 4831 Magnanimus

2164 4855 2302 4914 esto,
2326 4848 2572 4914 domine,
2598 4853 2657 4903 et
2678 4864 2781 4921 ego
2800 4864 2995 4904 rursus
3015 4847 3257 4904 accendo
3292 4848 3589 4902 lucernam
3614 4846 3745 4921 Ergo

2162 4939 2296 5011 quia
2311 4955 2423 4993 non
2435 4937 2724 5010 respondit
2736 4937 2788 4993 ei
2807 4935 3193 4991 turbulentum
3215 4934 3745 5005 sermonem,statim

2160 5029 2439 5100 malignus
2455 5027 2688 5098 spiritus
2702 5024 2966 5081 confusus
2975 5024 3205 5081 rwessit
3218 5024 3287 5078 ab
3298 5024 3397 5079 eis.
3424 5024 3495 5079 Et
3511 5039 3743 5098 pergens

2159 5119 2356 5173 eadem
2386 5122 2548 5172 nocte
2573 5115 2855 5172 nuntiavit
2881 5115 3120 5187 principi
3140 5114 3479 5181 daemonum,
3513 5113 3705 5169 dicens
3728 5132 3738 5164 :

2157 5206 2436 5271 Quoniam
2464 5211 2695 5277 propter
2725 5202 3100 5259 humilitatem
3149 5202 3296 5258 illius
3332 5202 3625 5269 monachi,
3654 5200 3739 5274 qui

2152 5300 2468 5366 prostratus
2494 5295 2553 5348 in
2581 5299 2737 5349 terra
2762 5293 2983 5349 veniam
3011 5290 3329 5365 postulabat
3355 5308 3390 5345 a
3407 5291 3590 5345 fratre
3620 5307 3736 5349 suo.

2151 5401 2264 5440 non
2292 5383 2559 5456 praevalui
2588 5384 2647 5437 in
2677 5383 2777 5438 eis.
2813 5381 3128 5453 Videasque
3156 5381 3305 5437 Deus
3360 5379 3736 5435 humilitatem

2150 5475 2292 5546 ejus,
2325 5472 2522 5528 eﬁudit
2547 5488 2718 5545 super
2737 5488 2865 5528 eum
2881 5471 3124 5543 gratiam
3145 5487 3305 5526 suam
3322 5488 3337 5535 ;
3360 5475 3418 5524 et
3435 5484 3549 5540 ego
3562 5471 3736 5524 sentio

2148 5581 2240 5618 me
2278 5564 2434 5619 valde
2460 5562 2714 5635 torqueri
2731 5567 2901 5634 atque
2912 5560 3170 5628 cruciari,
3189 5558 3448 5632 quoniam
3470 5572 3591 5613 non
3606 5574 3734 5631 prae-

2145 5652 2297 5708 valui
2323 5668 2418 5708 eos
2436 5668 2700 5726 separare
2729 5650 2802 5707 ab
2848 5650 3103 5707 invicem.
3139 5650 3268 5707 Haec
3306 5655 3493 5705 autem
3546 5649 3731 5706 omnia

3835 1946 3837 2067 ί
