3876 6418
109 410 200 467 ἷ49

1394 406 1631 461 VERBA
1670 404 2062 460 SENIORUM.

3258 414 3363 472 750

109 533 259 588 verba
276 530 506 586 audiens
525 530 787 586 sacerdos
815 531 1093 585 idolorum
1123 531 1217 602 qui
1269 530 1341 585 ibi
1370 547 1686 586 commane-
1702 533 1751 591 A
1765 535 2033 585 aeternam
2062 534 2120 584 et
2138 529 2208 585 ad
2229 529 2474 586 caelestia
2493 533 3024 606 prmmiapervenire
3037 537 3282 609 possitis.
3297 539 3363 595 In

107 625 209 690 bat,
232 626 590 692 compunctus
612 626 697 675 est
717 620 776 675 in
799 620 1002 675 timore
1023 619 1244 675 Domini
1258 625 1316 674 et
1332 637 1524 675 amore
1553 621 1582 675 J
1587 637 1685 675 esu

107 713 317 778 Christi;
336 711 693 765 considerans
712 711 861 765 enim
885 709 1150 780 quoniam
1166 710 1345 780 magis
1362 710 1610 765 seductio
1631 716 1689 765 et

106 801 328 874 perditio
360 801 677 855 animarum
707 804 794 854 est
821 799 1004 854 cultus
1033 799 1329 864 idolorum,
1366 800 1687 870 relinquens

106 889 296 955 omnia,
329 890 661 944 festinanter
700 890 946 960 perrexit
987 889 1055 942 ad
1106 893 1329 943 sanctos
1376 889 1569 943 Patres
1616 890 1686 943 ad

106 979 514 1043 monasterium,
549 984 606 1032 et
628 979 825 1032 retulit
849 979 928 1032 eis
975 979 1164 1032 omnia
1211 995 1331 1049 quze
1362 995 1461 1048 per
1497 983 1686 1044 498

105 1068 360 1122 malitiam
399 1069 680 1122 daemones
723 1068 869 1121 inter
906 1085 965 1122 se
996 1067 1388 1138 loquebantur.
1433 1069 1687 1139 Cumque

105 1157 314 1211 monitis
342 1156 682 1210 salutaribus
708 1157 1103 1210 instruxissent
1128 1174 1255 1211 eum
1287 1158 1465 1210 sancti
1493 1158 1688 1211 Patres

107 1248 169 1300 de
182 1245 428 1299 doctrina
437 1246 657 1300 Domini
675 1246 1316 1317 Salvatoris,baptizatus
1329 1252 1494 1312 est;et
1511 1245 1688 1300 sancti

103 1335 358 1406 propositi
388 1335 789 1388 monachorum
820 1335 990 1389 vitam
1021 1335 1278 1406 arripuit,
1303 1341 1358 1389 et
1387 1337 1688 1406 adjuvante

104 1431 155 1477 et
175 1430 504 1494 cooperante
533 1425 719 1494 gratia
747 1425 867 1490 Dei,
910 1424 1087 1478 factus
1135 1431 1218 1478 est
1262 1425 1689 1496 probatissimus

103 1513 416 1578 monachus,
433 1518 767 1584 tantumque
795 1518 1092 1568 veneratus
1118 1520 1202 1568 est
1230 1520 1287 1568 et
1304 1514 1490 1568 tenuit
1512 1515 1690 1568 virtu-

102 1609 206 1656 tem
228 1602 578 1668 humilitatis,
612 1608 677 1657 ut
705 1620 900 1656 omnes
922 1603 1152 1657 nimiam
1168 1603 1544 1657 humilitatem
1568 1604 1690 1672 ejus

102 1690 522 1747 admirarentur.
538 1691 767 1745 Dicebat
788 1691 957 1758 enim,
985 1692 1249 1762 quoniam
1271 1709 1494 1746 omnem
1510 1693 1689 1744 virtu-

1769 620 2002 676 veritate
2015 619 2164 675 enim
2176 619 2299 676 dico
2315 620 2417 676 tibi
2432 621 2567 693 quia
2580 628 2732 678 certe
2752 623 2808 678 in
2824 640 2999 696 regno
3014 632 3183 683 natus
3211 645 3360 698 sum,

1769 715 1826 764 et
1845 727 1993 764 nunc
2012 710 2068 764 in
2081 727 2254 781 regno
2275 711 2435 782 dego,
2462 715 2519 766 et
2536 727 2826 785 nunquam
2849 714 2970 769 sine
2989 716 3365 776 sollicitudine

1769 799 1954 854 cibum
1987 800 2164 870 capio.
2200 800 2334 854 Post
2361 801 2478 855 haec
2497 807 2686 856 autem
2715 803 2874 857 valde
2895 804 3200 860 honoriﬁce
3220 809 3368 862 salu-

1769 889 1909 942 tavit
1923 906 2049 943 eum
2065 889 2391 961 imperator,
2407 890 2555 945 etita
2576 908 2832 962 egressus
2855 899 2941 947 est
2968 893 3037 948 ab
3057 911 3142 950 eo.
3158 896 3367 952 Eadem

1770 985 1959 1032 autem
1986 984 2147 1032 nocte
2163 979 2331 1050 cmpit
2350 980 2500 1033 intra
2523 997 2581 1036 se
2610 981 2854 1052 cogitare
2883 982 3125 1039 famulus
3145 985 3368 1052 Dei,di-

1770 1084 1900 1121 cens
1925 1085 1935 1119 :
1963 1068 2237 1132 Quoniam
2253 1085 2364 1123 non
2385 1074 2607 1141 oportet
2611 1071 2728 1139 jam
2752 1087 2841 1126 me
2858 1071 2916 1126 in
2932 1073 3036 1127 hoc
3054 1074 3174 1128 loco
3203 1090 3324 1129 esse
3348 1093 3362 1143 ;

1770 1155 1933 1208 multi
1967 1155 2114 1209 enim
2146 1172 2258 1210 non
2289 1157 2471 1211 solum
2501 1157 2570 1212 de
2600 1159 2824 1230 populo,
2860 1161 2957 1214 sed
2987 1162 3158 1216 etiam
3181 1163 3250 1217 de
3274 1177 3369 1234 pa-

1770 1244 1904 1297 latio
1934 1250 1992 1298 et
2015 1245 2085 1298 de
2115 1245 2468 1300 senatoribus
2500 1248 2899 1318 quamplurimi
2923 1251 3236 1322 exemplum
3266 1253 3370 1306 im-

1771 1333 2048 1404 peratoris
2080 1334 2278 1401 secuti,
2311 1333 2380 1387 ad
2410 1335 2711 1390 videndum
2742 1353 2831 1390 me
2860 1339 3081 1392 venturi
3121 1346 3272 1407 sunt,
3315 1346 3374 1395 et

1771 1422 2043 1477 honorem
2081 1423 2219 1477 mihi
2257 1429 2527 1494 tanquam
2571 1441 2730 1479 servo
2767 1426 2869 1480 Dei
2905 1427 3205 1482 deferendo
3257 1445 3370 1485 non

1773 1512 2089 1566 cessabunt.
2115 1513 2186 1566 Et
2204 1512 2285 1566 illi
2303 1512 2529 1583 quidem
2544 1513 2661 1568 haec
2676 1520 2906 1586 propter
2920 1531 3126 1571 nomen
3144 1517 3371 1573 Domini

1772 1601 1972 1655 facturi
2007 1608 2155 1666 sunt,
2177 1618 2279 1671 ego
2300 1606 2490 1656 autem
2518 1603 2688 1656 timeo
2723 1619 2794 1657 ne
2812 1603 2957 1659 forte
2976 1605 3230 1661 diabolus
3258 1623 3374 1662 ma-

1774 1689 1961 1759 lignus
1995 1690 2129 1744 mihi
2158 1689 2434 1762 subripiat
2467 1691 2564 1761 (8),
2608 1698 2664 1746 et
2697 1691 2939 1748 libenter
2986 1695 3250 1767 incipiam
3281 1713 3378 1752 eos

102 1785 204 1832 tem
265 1780 714 1834 adversariorum
770 1787 1092 1835 nostrorum
1148 1782 1467 1835 daemonum
1526 1781 1694 1834 solvit
1776 1779 2081 1849 suscipere,
2125 1785 2183 1833 et
2209 1779 2626 1835 condelectetur
2659 1798 2756 1836 cor
2783 1799 2973 1837 meum
3003 1783 3169 1839 laude
3197 1791 3254 1840 et
3281 1786 3380 1841 ho-

101 1869 423 1923 humilitatis
454 1869 711 1924 intentio.
740 1870 991 1941 Denique
1010 1876 1066 1924 et
1083 1871 1355 1924 Dominus
1382 1875 1573 1924 noster
1604 1858 1755 1922 Je-B
1781 1884 1916 1921 nore
1938 1885 2153 1932 eorum,
2186 1874 2244 1922 et
2271 1885 2373 1940 per
2398 1869 2513 1924 haec
2538 1871 2657 1940 jam
2687 1871 2952 1943 incipiam
2982 1873 3247 1929 virtutem
3274 1874 3378 1931 hu-

100 1975 186 2011 sus
208 1959 462 2012 Christus
483 1977 583 2030 per
601 1959 973 2014 humilitatem
991 1959 1360 2030 triumphavit
1382 1959 1686 2026 diabolum,
1775 1957 2029 2011 militatis
2051 1958 2305 2028 perdere,
2322 1963 2380 2012 et
2408 1959 2668 2015 laudibus
2688 1967 2857 2032 atque
2872 1963 3180 2018 honoribus
3200 1964 3378 2020 homi-

100 2052 151 2101 et
177 2065 401 2102 omnem
432 2051 554 2119 ejus
585 2049 851 2104 virtutem
894 2049 1171 2104 contrivit.
1220 2049 1477 2103 Addebat
1521 2048 1689 2103 etiam
1775 2062 1910 2100 num
1937 2047 2226 2101 delectari.
2260 2047 2391 2102 Haec
2420 2047 2597 2118 igitur
2623 2050 2816 2104 omnia
2849 2051 3018 2106 homo
3047 2052 3150 2107 Dei
3179 2069 3372 2109 secum

100 2137 294 2202 dicens,
331 2138 598 2208 quoniam
628 2138 951 2209 frequenter
979 2139 1229 2192 audisset
1251 2139 1694 2192 dazmoncsinter
1776 2135 2045 2205 cogitans,
2091 2136 2288 2190 eadem
2332 2142 2494 2191 nocte
2549 2137 2695 2210 fugit
2742 2139 2893 2206 inde,
2951 2145 3008 2195 et
3047 2142 3290 2213 perrexit
3315 2141 3374 2198 in

99 2242 151 2279 se
181 2226 488 2296 loquentes,
524 2229 656 2298 quia
677 2228 900 2298 quando
918 2229 987 2282 ad
1018 2227 1368 2282 iracundiam
1399 2226 1692 2281 succendi-
1776 2224 2078 2295 Egyptum
2109 2225 2178 2278 ad
2199 2230 2422 2280 sanctos
2444 2226 2640 2280 Patres
2669 2227 2726 2281 in
2745 2243 2952 2282 eremo.
2977 2229 3173 2302 Itaque
3196 2231 3375 2286 consi-

101 2331 215 2368 mus
243 2316 411 2370 corda
437 2317 750 2382 hominum,
783 2317 828 2371 si
859 2318 984 2388 quis
1032 2317 1367 2371 sustinuerit
1413 2316 1695 2387 patienter

99 2404 708 2475 conviciainjuriarum,
735 2412 1098 2460 etconversus
1127 2406 1303 2476 magis
1334 2405 1693 2476 rogaveritea

99 2509 212 2563 quae
243 2494 312 2547 ad
331 2512 526 2566 pacem
546 2502 694 2559 sunt,
711 2496 926 2550 dicens:
955 2496 1093 2558 Quia
1114 2513 1215 2565 ego
1235 2495 1473 2565 peccavi,
1497 2495 1692 2549 statim

99 2583 365 2638 sentimus
394 2601 619 2638 omnem
668 2591 918 2638 nostram
955 2585 1219 2639 virtutem
1250 2599 1518 2651 marcere,
1561 2584 1694 2655 quia

98 2673 446 2742 approximat
471 2673 552 2727 eis
567 2673 749 2744 gratia
765 2673 963 2728 divinae
986 2674 1271 2745 potentiae.

171 2759 246 2816 19.
272 2761 572 2816 Referebat
593 2770 782 2817 autem
813 2763 1011 2817 beatus
1043 2763 1232 2818 senior
1251 2763 1481 2817 Paemen
1500 2763 1691 2818 fratri-

95 2848 210 2916 bus,
241 2851 434 2906 dicens
460 2871 469 2905 :
498 2852 772 2917 Quoniam
795 2853 902 2906 fuit
921 2853 1150 2924 quidam
1176 2869 1354 2925 nuper
1385 2853 1691 2906 monachus

96 2939 146 2992 in
170 2941 656 3011 Constantinopoli
669 2947 780 2996 tem
787 2941 1320 3012 poribusTheodosii
1335 2941 1691 3012 imperatoris

99 3030 312 3097 (Pelag.,
341 3033 514 3085 libell.
533 3047 617 3096 xv,
646 3048 802 3084 num.
839 3031 949 3095 66).
976 3031 1279 3084 Habitabat
1302 3037 1493 3084 autem
1520 3047 1691 3101 parva

94 3118 224 3171 cella
249 3119 384 3173 foris
405 3119 684 3174 civitatem
710 3137 880 3191 prope
898 3121 1208 3192 proastium
1227 3120 1319 3189 (6),
1342 3120 1438 3190 qui
1461 3125 1690 3173 vocatur

1775 2313 2055 2381 deremus,
2086 2314 2434 2369 dilectissimi
2482 2314 2703 2383 fratres,
2752 2322 2965 2388 quanta
3000 2319 3375 2376 sollicitudine

1776 2401 2037 2456 virtutem
2068 2403 2400 2457 humilitatis
2431 2404 2713 2459 custodire
2733 2405 2976 2461 famulus
3005 2407 3106 2462 Dei
3133 2409 3370 2477 studuit,

1775 2491 1910 2544 utin
1938 2491 2147 2546 caelesti
2165 2508 2338 2562 regno
2363 2498 2631 2547 aeternam
2653 2495 2890 2565 gloriam
2913 2513 3014 2566 pro
3036 2495 3226 2552 labore
3239 2514 3374 2554 san-

1774 2587 1875 2634 ctae
1895 2580 2018 2635 vitae
2039 2597 2171 2646 suae,
2199 2598 2364 2652 quem
2393 2589 2624 2654 prapter
2647 2599 2853 2638 nomen
2874 2584 3100 2640 Domini
3119 2602 3378 2643 exercue-

1777 2675 1883 2736 rat,
1917 2671 2206 2741 percipere
2235 2687 2268 2725 a
2299 2671 2521 2726 Christo
2552 2672 2793 2727 Domino
2823 2680 3158 2730 mereretur.

1846 2759 1935 2814 ‘20.
1961 2760 2040 2812 De
2055 2760 2159 2813 hoc
2181 2766 2370 2814 autem
2394 2761 2516 2831 ipso
2551 2768 2744 2816 sancto
2765 2762 3027 2818 Poemene
3057 2765 3380 2824 referebant

1775 2847 1869 2901 alii
1903 2848 2080 2902 sancti
2097 2849 2345 2903 seniores
2362 2849 2645 2904 dicentes:
2669 2851 2809 2915 Quia
2832 2853 3074 2922 quodam
3096 2861 3370 2928 tempore,

1773 2953 1898 2990 cum
1919 2938 2238 2992 advenisset
2244 2938 2413 3008 judex
2425 2938 3108 3014 provinciae,audissetque
3121 2951 3374 3001 sanctam

1773 3026 2091 3097 opinionem
2118 3026 2266 3081 beati
2291 3027 2592 3092 Pmmenis,
2621 3028 2976 3085 desiderabat
3002 3032 3191 3087 videre
3217 3049 3366 3103 eum,

1771 3115 2032 3186 misitque
2045 3116 2306 3170 nuntium
2328 3116 2398 3170 ad
2411 3117 2825 3188 deprecandum
2835 3124 2895 3173 ut
2911 3120 3222 3191 susciperet
3237 3137 3373 3179 eum

94 3207 144 3260 in
192 3209 443 3279 Septimo
478 3210 569 3279 (7),
603 3183 917 3264 ubi-solent-
954 3183 1320 3280 imperatores
1361 3183 1572 3278 egressi
1620 3183 1749 3262 deC
1771 3183 1996 3271 (Pelag—ﬁ
2033 3207 2200 3262 lz'bcll.
2228 3219 2342 3270 vm,
2367 3183 2528 3259 num.
2551 3205 2664 3272 13).
2690 3207 2897 3262 Beatus
2917 3183 3109 3263 autem
3138 3210 3368 3267 Poemen

93 3295 306 3350 civitate
329 3297 572 3352 libenter
599 3298 820 3369 degere.
867 3299 1116 3352 Audiens
1155 3304 1344 3352 autem
1381 3299 1688 3369 imperator

93 3387 230 3455 quod
252 3386 330 3440 ibi
352 3393 502 3442 esset
523 3389 750 3458 quidam
772 3389 1079 3454 monachus
1101 3387 1406 3450 solitarius,
1433 3387 1686 3458 quinun-

91 3491 250 3544 quam
274 3477 673 3546 egrediebatur
691 3477 759 3530 de
779 3478 937 3543 cella,
953 3478 1119 3548 cmpit
1134 3476 1544 3531 deambulando
1565 3493 1687 3546 per-

87 3582 211 3633 gere
241 3567 312 3620 ad
346 3584 480 3621 eum
502 3567 684 3622 locum
717 3567 810 3622 ubi
841 3573 962 3622 erat
983 3568 1336 3639 supradictus
1359 3567 1682 3631 monachus,

91 3656 462 3726 praecepitque
494 3656 856 3727 sequentibus
883 3674 942 3710 se
970 3657 1242 3710 eunuchis
1278 3664 1342 3710 ut
1369 3656 1554 3710 nullus
1585 3672 1685 3726 rp-

89 3745 427 3814 proximaret
465 3745 533 3799 ad
563 3746 822 3800 cellulam
862 3745 1121 3800 monachi
1149 3746 1318 3800 illius.
1347 3747 1473 3816 Ipse
1496 3751 1684 3800 autem

88 3834 231 3888 solus
262 3835 532 3906 perrexit,
568 3835 920 3906 pulsavitque
951 3835 1176 3890 ostium.
1212 3835 1466 3889 Surrexit
1493 3841 1681 3889 autem

89 3925 414 3991 monachus,
439 3929 498 3979 et
525 3925 748 3996 aperuit
771 3925 843 3993 ei,
870 3930 924 3979 et
945 3941 1057 3978 non
1079 3926 1337 3994 cognovit
1365 3942 1493 3978 eum
1535 3925 1682 3996 quod

88 4020 229 4066 esset
247 4013 578 4086 imperator.
600 4015 832 4068 Tulerat
855 4014 1005 4068 enim
1017 4013 1119 4068 sibi
1139 4029 1398 4068 coronam
1421 4013 1489 4067 de
1501 4013 1682 4085 capite

86 4118 200 4162 suo.
235 4108 300 4157 ut
337 4120 456 4158 non
491 4108 940 4174 cognosceretur.
980 4105 1114 4158 Post
1150 4104 1460 4157 orationem
1493 4109 1682 4157 autem

85 4192 350 4248 sederunt
380 4193 615 4265 pariter,
649 4199 707 4247 et
731 4193 1097 4264 interrogavit
1112 4210 1240 4247 eum
1260 4193 1567 4264 imperator
1596 4193 1681 4246 di-

85 4297 209 4335 cens
237 4302 248 4336 :
285 4283 584 4348 Quomodo
614 4284 791 4337 sancti
818 4283 1014 4337 Patres
1048 4283 1260 4354 degunt
1312 4283 1371 4336 in
1402 4283 1684 4354 Egypto?

84 4369 563 4444 Respondensque
617 4373 942 4437 monachus,
1007 4373 1139 4426 ait:
1199 4373 1407 4427 Omnes
1451 4378 1686 4426 exorant

81 4457 254 4515 Deum
275 4478 382 4533 pro
402 4462 584 4515 salute
615 4467 818 4516 vestra.
842 4461 1162 4533 Aspiciebat
1176 4467 1361 4516 autem
1381 4461 1685 4532 imperator

1770 3293 2134 3347 contristatus
2162 3299 2247 3348 est
2277 3294 2452 3360 valde,
2487 3294 2740 3364 cogitans
2768 3297 2917 3367 apud
2946 3298 3315 3370 semetipsum
3353 3319 3365 3356 :

1771 3383 1912 3447 Quia
1938 3383 1982 3437 si
2013 3383 2282 3453 coeperint
2308 3399 2561 3454 personae
2589 3383 2803 3438 nobiles
2819 3385 3009 3441 venire
3024 3387 3094 3442 ad
3114 3387 3369 3444 salutan-

1770 3471 1904 3525 dum
1927 3477 1983 3526 et
1999 3472 2388 3526 honorandum
2410 3488 2519 3540 me,
2543 3472 2900 3529 manifestum
2923 3481 3010 3530 est
3039 3476 3244 3548 quiaet
3272 3478 3370 3534 alii

1772 3562 1934 3616 multi
1963 3563 2133 3617 etiam
2164 3563 2462 3634 populares
2486 3562 2745 3618 homines
2773 3563 3215 3636 frequentabunt
3245 3584 3365 3637 me;

1769 3656 1826 3704 et
1854 3666 2081 3705 necesse
2111 3657 2198 3704 est
2223 3656 2287 3705 ut
2318 3667 2419 3722 per
2447 3651 2552 3706 hoc
2579 3652 2943 3724 perturbetur
2979 3660 3197 3711 secreta
3241 3657 3370 3713 vita;

1768 3756 1907 3794 mea;
1927 3740 2292 3805 conversatio,
2325 3745 2382 3794 et
2399 3739 2732 3796 humilitatis
2754 3743 3018 3812 gratiam,
3049 3761 3217 3816 quem
3238 3761 3366 3802 cum

1765 3827 1953 3882 labore
1982 3834 2158 3894 tanto,
2212 3828 2515 3883 auxiliante
2544 3829 2804 3894 Domino,
2847 3848 2881 3886 a
2904 3833 3202 3903 juventute
3237 3851 3368 3891 mea

1765 3918 1953 3973 studui
1969 3919 2268 3984 custodire,
2286 3918 2517 3972 forsitan
2530 3919 2870 3990 surripiente
2881 3921 3130 3993 maligno
3139 3923 3364 3982 diabolo

1763 4007 2014 4078 perdam,
2058 4014 2114 4062 et
2164 4024 2319 4062 vana:
2372 4008 2565 4078 gloriae
2612 4008 2897 4064 incurram
2933 4011 3184 4083 laqueos.
3233 4014 3365 4070 Hec

1765 4114 1897 4168 ergo
1915 4098 2061 4168 apud
2072 4098 2434 4169 semetipsum
2447 4100 3076 4170 pertractans,definivit
3085 4108 3364 4174 quatenus

1765 4193 2057 4241 excusaret
2084 4187 2282 4258 magis,
2309 4193 2366 4241 et
2393 4204 2505 4242 non
2535 4189 2844 4261 susciperet
2872 4195 3066 4258 499
3087 4193 3358 4264 judicem.

1768 4277 2144 4331 Contristatus
2164 4282 2352 4332 autem
2360 4277 2552 4348 judex,
2569 4278 2702 4349 quia
2720 4295 2833 4334 non
2849 4295 2980 4336 eum
3000 4283 3359 4356 suscepisset,

1767 4366 1847 4420 ait
1859 4366 1929 4420 ad
1951 4366 2194 4420 officium
2212 4383 2377 4421 suum
2395 4385 2406 4420 :
2425 4367 2700 4431 Quoniam
2718 4384 2832 4423 non
2853 4370 3033 4425 merui
3057 4371 3248 4428 videre
3263 4374 3359 4430 ho-

1766 4456 1973 4510 minem
2001 4456 2116 4520 Dei,
2148 4457 2390 4527 peccatis
2417 4457 2557 4512 meis
2586 4457 2821 4528 imputo.
2853 4459 3257 4517 Verumtamen
3277 4463 3360 4517 ni-

80 4550 292 4604 intente
321 4551 589 4605 cellulam
619 4551 818 4622 ipsam,
843 4551 1049 4605 etnihil
1077 4551 1134 4604 in
1156 4550 1388 4617 eavidit,
1412 4550 1520 4604 nisi
1545 4566 1680 4621 pau-
1697 4539 1746 4598 D
1761 4546 1868 4598 mis
1883 4546 2219 4600 desideravit
2248 4562 2348 4616 per
2368 4561 2782 4617 quamcumque
2801 4549 3146 4603 occasionem
3168 4551 3356 4605 videre

80 4654 166 4692 cos
195 4656 376 4711 panes
413 4641 587 4694 siccos
626 4640 683 4694 in
714 4646 904 4711 sporta
951 4640 1275 4711 pendentes,
1310 4645 1367 4693 et
1411 4639 1548 4692 dixit
1579 4639 1629 4692 ei
1664 4658 1674 4692 :

77 4728 156 4782 Da
183 4730 326 4783 mihi
345 4729 820 4795 benedictionem,
843 4729 1003 4796 abba,
1021 4736 1085 4784 ut
1105 4729 1436 4782 reﬁciamus.
1455 4728 1680 4782 Statim-

78 4833 180 4886 que
211 4819 506 4873 festinavit
533 4819 860 4884 monachus,
901 4825 958 4872 et
994 4819 1148 4872 misit
1176 4819 1380 4889 aquam'
1406 4821 1461 4870 et
1488 4817 1589 4882 sal,
1623 4822 1680 4871 et

76 4907 224 4962 misit
253 4908 560 4975 buccellas,
598 4914 654 4962 et
672 4908 1035 4962 comederunt
1063 4908 1292 4978 pariter,
1321 4905 1677 4978 porrexitque

76 4995 122 5047 ei
151 4998 385 5052 calicem
408 5013 587 5068 aquae,
611 5003 667 5051 et
689 4997 846 5051 bibit.
883 4998 1039 5052 Tunc
1070 4995 1412 5051 Theodosius
1441 4995 1678 5066 impera-

74 5089 159 5137 tor
186 5086 334 5140 dixit
358 5105 369 5139 :
402 5086 521 5140 Scis
545 5086 669 5156 quis
692 5102 793 5154 ego
807 5086 966 5139 sum?
991 5085 1350 5156 Respondens
1373 5084 1676 5138 monachus

74 5173 208 5228 dixit
237 5194 247 5227 :
285 5174 496 5228 Nescio
541 5174 663 5244 quis
688 5175 783 5239 sis,
817 5174 1059 5228 domine.
1091 5175 1241 5229 Dixit
1269 5175 1319 5227 ei
1356 5193 1366 5226 :
1403 5171 1517 5245 Ego
1551 5191 1675 5228 sum

71 5261 426 5318 Theodosius
458 5263 783 5334 imperator,
815 5269 872 5317 et
900 5263 968 5318 ob
993 5264 1346 5318 devotionem
1388 5263 1516 5317 veni
1543 5264 1670 5318 huc.

74 5350 185 5405 Hoc
197 5370 331 5407 cum
355 5351 610 5406 audisset
628 5353 952 5419 monachus,
972 5353 1341 5424 prostravitse
1353 5359 1482 5406 ante
1493 5351 1671 5406 illum.

71 5441 251 5497 Atille
266 5442 419 5496 dixit
441 5442 490 5495 ei
516 5461 526 5494 :
561 5442 717 5496 Beati
747 5443 880 5496 estis
895 5460 1010 5511 vos,
1043 5443 1323 5510 monachi,
1350 5443 1463 5514 qui,
1495 5441 1674 5496 securi

71 5548 130 5585 ac
153 5533 319 5587 liberi
351 5532 427 5586 de
445 5532 682 5602 negotiis
696 5533 900 5598 saeculi,
925 5533 1231 5604 tranquilla
1259 5538 1315 5586 et
1329 5533 1520 5604 quieta
1547 5549 1676 5604 per-

68 5621 324 5677 fruimini
355 5620 496 5689 \ita,
531 5626 587 5675 et
619 5621 967 5676 solummodo
1012 5621 1080 5675 de
1128 5621 1309 5676 salute
1359 5622 1676 5676 animarum

69 5717 388 5766 vestrarum
411 5709 631 5766 habetis
648 5711 1101 5777 sollicitudinem,
1123 5711 1401 5782 quomodo
1422 5711 1491 5765 ad
1502 5711 1674 5765 vitam

1764 4640 2020 4688 sanctum
2042 4635 2242 4688 virum.
2265 4634 2610 4705 Excogitavit
2641 4651 2774 4705 ergo
2799 4635 3186 4705 hujuscemodi
3217 4656 3357 4695 cau-

1763 4739 2035 4793 sam,quaa
2051 4724 2396 4777 occasionem
2415 4722 2463 4776 ei
2481 4722 2755 4794 praeberet
2770 4723 2994 4779 videndi
3011 4741 3160 4781 eum.
3187 4729 3352 4785 Com-

1760 4813 2112 4883 prehendens
2131 4812 2280 4866 enim
2296 4811 2470 4866 filium
2485 4812 2694 4866 sororis
2707 4811 2856 4868 beati
2876 4813 3175 4885 Poemenis,
3199 4819 3354 4877 misit

1761 4902 1818 4955 in
1839 4917 2140 4967 carcerem,
2173 4906 2238 4955 ut
2252 4917 2352 4972 per
2371 4901 2541 4954 istam
2559 4900 2906 4958 occasionem
2925 4909 3026 4959 aut
3043 4908 3354 4982 susciperet

1754 4991 2412 5062 judicem,autcerteipse
2430 4991 2648 5046 veniret
2666 4993 2736 5047 ad
2749 4995 3062 5065 rogandum
3076 4999 3347 5069 judicem.

1759 5081 2018 5152 Dixitque
2049 5080 2116 5134 ad
2167 5079 2408 5134 officium
2460 5097 2671 5136 suum:
2719 5088 2783 5138 ut
2832 5101 2944 5148 non
2986 5089 3351 5145 contristetur

1759 5175 1986 5225 sanctus
2014 5170 2219 5236 senior,
2244 5170 2506 5224 mandate
2527 5171 2577 5225 ei
2597 5172 2645 5225 si
2662 5172 2899 5228 voluerit
2917 5175 3106 5230 venire
3137 5178 3206 5230 ad
3235 5195 3344 5246 me,

1758 5276 1984 5314 necesse
2004 5265 2090 5313 est
2107 5265 2172 5314 ut
2189 5259 2378 5314 statim
2401 5259 2702 5315 educamus
2724 5278 2852 5316 eum
2874 5263 2943 5317 de
2953 5266 3348 5322 carcere.Talis

1758 5351 1906 5404 enim
1930 5354 2015 5404 est
2034 5365 2202 5403 causa
2219 5350 2490 5420 ejus,quae
2510 5366 2622 5404 non
2642 5351 2818 5422 possit
2837 5351 3064 5423 impune
3081 5357 3344 5411 transire.

1757 5439 2006 5494 Audiens
2029 5443 2217 5493 autem
2239 5438 2356 5493 haec
2378 5444 2560 5492 mater
2573 5440 2815 5510 juvenis,
2839 5440 2895 5494 id
2919 5447 3020 5506 est,
3046 5459 3206 5498 soror
3223 5461 3350 5501 san-

1759 5530 1833 5584 cti
1859 5528 2154 5595 Pmmenis,
2187 5527 2326 5582 abiit
2354 5528 2411 5582 in
2441 5544 2693 5582 eremum
2723 5528 2819 5583 ubi
2849 5535 2973 5585 erat
2988 5530 3165 5588 frater
3188 5551 3345 5605 suus,

1758 5618 2054 5690 stabatque
2082 5619 2153 5673 ad
2179 5617 2383 5672 ostium
2409 5617 2619 5672 cellulae
2641 5619 2764 5689 ejus
2785 5635 2912 5674 cum
2934 5621 3110 5676 multo
3125 5623 3262 5680 ﬂetu
3293 5631 3351 5682 et

1758 5709 1996 5778 ululatu,
2031 5726 2235 5781 rogans
2266 5725 2394 5764 eum
2427 5714 2491 5764 ut
2514 5709 2876 5768 descenderet
2903 5711 2974 5768 ad
2995 5711 3262 5788 judicem,
3293 5720 3354 5774 et
