3876 6436
589 365 686 420 751

1724 353 1817 408 DE
1853 354 2040 409 VlTlS
2079 353 2373 410 PATRUM
2410 357 2622 414 LIBER
2660 358 2758 414 Ῑῐῐ.

3761 360 3828 418 ῖῖέ

586 491 811 557 rogaret
835 499 938 569 pro
959 482 1073 536 lilio
1093 497 1214 534 suo.
1240 479 1444 534 Beatus
1466 485 1656 534 autem
1686 479 1913 534 Poemen
1943 495 2055 532 non
2083 496 2173 532 so-
2194 484 2236 541 Α
2258 480 2382 535 falsi
2415 486 2606 548 testes,
2651 483 2830 536 multa
2856 481 3120 536 adversus
3150 498 3277 540 eum
3321 482 3466 539 falsa
3495 483 3770 541 dixerunt.
3796 503 3827 541 ei

585 573 699 627 lum
730 570 799 625 ad
836 565 962 624 eam
989 568 1128 624 nihil
1156 567 1312 634 dixit,
1345 567 1440 621 sed
1463 583 1564 621 nec
1584 566 1787 621 ostium
1811 566 1860 620 ei
1881 565 2175 637 aperuitut
2256 585 2434 640 usque
2458 572 2528 626 ad
2555 577 2792 626 mortem
2816 571 2996 626 crucis
3029 571 3309 642 patienter
3334 579 3548 629 cuncta
3576 576 3824 630 sustinuit.

581 661 943 731 egrederetur
966 658 1034 712 ad
1057 674 1202 711 eam.
1233 657 1389 713 Tunc
1409 656 1576 726 coepit
1603 655 1701 710 illa
1727 655 2058 710 maledicere
2095 657 2166 720 ei,

2253 659 2340 713 Ita
2371 661 2520 715 enim
2551 667 2605 715 et
2649 661 2934 732 apostolus
2967 661 3167 716 Petrus
3205 663 3577 733 praedicabat,
3619 665 3822 720 dicens:

575 766 642 806 ac
669 749 855 804 dicere
877 766 888 801 :
915 745 1227 802 Durissime
1243 750 1298 799 et
1308 743 1656 816 impiissime,
1682 748 1737 797 et
1755 743 1935 797 ferrea
1959 743 2169 798 viscera
2251 747 2509 804 Christus
2523 765 2720 821 passus
2731 755 2817 804 est
2836 765 2937 821 pro
2953 749 3130 816 nobis,
3148 749 3302 805 vobis
3324 753 3668 823 relinquens
3687 771 3826 809 exesi

572 855 794 910 gerens,
828 835 1108 909 quomodo
1155 839 1212 889 te
1241 838 1436 888 tantus
1481 832 1641 887 dolor
1671 833 1842 904 ﬂetus
1884 832 1996 887 mei
2053 849 2166 888 non

571 927 746 983 ﬂectit
776 927 848 980 ad
877 923 1336 987 misericordiam,
1359 921 1624 992 quoniam
1649 921 1876 976 unicum
1897 921 2082 992 ipsum
2104 921 2165 976 ﬁ-

568 1017 706 1072 lium
729 1015 926 1082 habeo,
961 1029 1128 1085 quem
1147 1012 1206 1066 in
1226 1011 1470 1083 periculo
1498 1009 1694 1064 mortis
1716 1010 1873 1064 video
1888 1010 2162 1065 constitu-

567 1105 732 1162 tum?
758 1105 916 1160 Tunc
942 1103 1130 1158 senior
1158 1101 1445 1156 mandavit
1473 1099 1524 1154 ei
1562 1116 1663 1170 per
1706 1099 1939 1152 fratrem
1981 1098 2078 1168 qui
2107 1098 2158 1152 ei

564 1192 942 1259 ministrabat,
965 1192 1155 1246 dicens
1179 1209 1190 1244 :
1213 1189 1388 1254 Vade,
1406 1188 1496 1242 dic
1517 1188 1569 1242 ei
1592 1207 1604 1242 :
1631 1188 1860 1242 Pcemen
1883 1187 2027 1241 filios
2046 1203 2158 1241 non

559 1283 774 1353 genuit,
801 1289 858 1338 et
883 1282 1008 1336 ideo
1039 1297 1152 1334 non
1179 1279 1348 1334 dolet.
1381 1278 1512 1332 Haec
1539 1277 1772 1331 audiens
1801 1276 1990 1346 judex,
2019 1275 2157 1330 dixit

559 1373 753 1427 amicis
791 1371 942 1426 suis:
969 1368 1204 1425 Scribite
1232 1367 1304 1422 ad
1333 1383 1482 1432 eum,
1509 1371 1574 1420 ut
1597 1365 1682 1418 vel
1707 1365 1999 1436 epistolam
2034 1381 2156 1436 pre-

561 1461 830 1516 catoriam
859 1459 1027 1514 faciat
1052 1458 1123 1512 ad
1145 1474 1250 1522 me,
1279 1462 1555 1528 quatenus
1576 1455 1783 1526 possim
1808 1471 1934 1508 eum
1966 1454 2154 1508 dimit-

560 1557 698 1606 tere.
729 1551 886 1606 Tunc
911 1549 1031 1620 jam
1057 1545 1486 1618 quamplurimis
1515 1542 1897 1608 suadentibus,
1927 1549 2154 1598 sanctus

561 1639 748 1694 senior
767 1638 991 1709 scripsit
1017 1637 1086 1690 ad
1109 1635 1378 1706 judicem,
1405 1634 1595 1688 dicens
1619 1651 1630 1686 :
1657 1632 1860 1687 Jubeat
1890 1632 2151 1686 nobilitas

560 1735 656 1783 tua
685 1728 984 1798 diligenter
1015 1725 1300 1796 requirere
1319 1739 1546 1778 causam
1565 1722 1733 1785 illius,
1758 1729 1816 1774 et
1843 1721 1887 1775 si
1905 1722 2039 1792 quid
2069 1721 2150 1776 di-

2248 837 2423 908 plum,
2455 845 2520 892 ut
2540 838 3100 910 sequaminivestigia
3127 840 3248 909 ejus
3277 842 3327 908 (Ι
3351 843 3464 898 Pet.
3499 851 3590 899 ut.
3633 843 3825 913 Oportet

2246 925 2420 996 igitur
2447 932 2513 982 ut
2534 927 2812 998 patienter
2836 943 2963 981 cum
3009 927 3329 983 humilitate
3367 935 3582 984 cuncta
3629 931 3823 986 adversi

2244 1015 2640 1070 sustineamus.
2677 1017 3002 1070 Sermonem
3025 1023 3235 1079 autem,
3265 1035 3436 1088 quem
3469 1018 3757 1089 objecistis
3779 1024 3823 1075 de

2242 1103 2460 1171 haeresi,
2493 1121 2606 1160 non
2635 1105 2792 1176 potui
2820 1105 3117 1170 sustinere,
3167 1113 3224 1160 et
3275 1107 3436 1160 valde
3487 1107 3822 1164 abominatus

2240 1208 2386 1260 sum,
2426 1194 2560 1264 quia
2597 1193 2824 1248 haeresis
2868 1194 3147 1266 separatio
3174 1201 3260 1248 est
3287 1212 3322 1250 a
3350 1196 3492 1250 Deo.
3541 1197 3821 1253 Haereticm

2238 1281 2386 1336 enim
2418 1287 2714 1354 separatur
2751 1299 2785 1336 a
2830 1283 2946 1337 Deo
2975 1283 3094 1338 vivo
3123 1291 3180 1338 et
3211 1301 3356 1348 vero,
3393 1291 3453 1339 et
3479 1288 3822 1358 conjungitur

2237 1368 2460 1424 diabolo
2502 1376 2560 1425 et
2604 1371 2816 1441 angelis
2853 1373 2993 1442 ejus.
3025 1372 3317 1426 Alienatus
3346 1374 3503 1428 enim
3535 1392 3571 1428 a
3598 1375 3817 1433 Christo.

2228 1459 2350 1530 jam
2378 1475 2490 1514 non
2520 1459 2692 1514 habet
2704 1461 2880 1515 Deum
2905 1477 3072 1531 quem
3093 1469 3282 1515 exoret
3304 1479 3406 1533 pro
3427 1465 3682 1534 peccatis
3705 1467 3816 1522 suis.

2235 1547 2370 1618 quia
2396 1565 2462 1602 ex
2476 1549 2629 1602 omni
2645 1554 2804 1620 parte
2833 1549 3017 1621 periit.
3051 1548 3112 1604 Si
3131 1558 3322 1604 autem
3345 1569 3660 1607 conversus
3679 1554 3818 1608 fuerit

2233 1636 2305 1690 ad
2331 1653 2518 1691 veram
2541 1642 2597 1692 et
2616 1637 2947 1692 catholicam
2974 1645 3176 1692 sancta:
3207 1640 3473 1694 Ecclesiae.
3503 1643 3700 1710 tidem,
3725 1661 3818 1698 sus-

2232 1725 2440 1796 cipitur
2478 1743 2513 1780 a
2551 1725 2698 1782 bono
2729 1731 2786 1781 et
2814 1727 2906 1798 pio
2941 1725 3232 1782 Salvatore
3276 1735 3474 1783 nostro
3507 1731 3755 1796 Christo,
3782 1745 3817 1786 et

554 1834 728 1888 gnum
747 1821 928 1872 morte
943 1814 1188 1880 admisit,
1214 1816 1506 1876 moriatur,
1531 1817 1812 1882 quatenus
1826 1811 1882 1864 in
1897 1811 1998 1864 hoc
2009 1827 2148 1882 prze-
2166 1798 2211 1858 Β
2233 1815 2657 1886 reconjungitur
2679 1816 2794 1871 Deo
2822 1833 2952 1870 vero
2980 1817 3217 1870 creatori
3243 1823 3301 1870 et
3335 1818 3624 1874 Salvatori
3655 1829 3818 1874 nostro

553 1907 699 1960 senti
725 1906 924 1961 saeculo
950 1903 1197 1959 exsolvat
1222 1902 1435 1957 crimen
1465 1900 1678 1972 peccati
1718 1899 1824 1965 sui,
1853 1905 1918 1953 ut
1946 1899 2148 1954 evadat

551 2001 790 2050 aeternas
808 2011 873 2050 ac
887 1999 1170 2066 perpetuae
1188 1991 1460 2062 gehennae
1485 2005 1678 2061 poenas
1699 2009 1710 2052 ;
1734 1989 1820 2042 sin
1849 1994 2038 2042 autem
2058 1988 2144 2042 ni-

550 2085 630 2140 hil
658 2085 893 2156 dignum
932 2088 1110 2138 morte
1151 2080 1450 2145 commisit,
1492 2079 1640 2150 quod
1678 2080 1894 2149 justum
1927 2077 2148 2132 videtur

549 2173 784 2244 legibus,
811 2171 893 2228 ita
921 2173 991 2226 de
1019 2187 1084 2225 eo
1108 2169 1246 2241 jube
1273 2169 1607 2223 discernere.

617 2263 704 2319 21.
727 2261 859 2317 Fuit
887 2259 1059 2316 etiam
1085 2259 1154 2314 de
1183 2257 1402 2329 magnis
1419 2255 1672 2328 patribus
1683 2254 1911 2325 quidam
1933 2253 2138 2320 senior,

545 2351 772 2408 nomine
787 2345 1556 2421 Agathon,nominatissimus
1568 2344 1624 2398 in
1637 2345 1842 2398 virtute
1860 2341 2143 2396 humilita-

541 2441 614 2496 tis
645 2446 703 2496 et
729 2439 1014 2512 patientiae
1039 2439 1268 2510 (Pelag.,
1303 2439 1470 2490 libclt.
1495 2451 1547 2500 x,
1569 2451 1724 2488 num.
1749 2431 1856 2503 10).
1885 2431 2138 2496 Quodam

541 2535 734 2586 autem
747 2534 1001 2600 tempore
1026 2530 1394 2598 perrexerunt
1420 2524 1490 2578 ad
1519 2522 1858 2591 visitandum
1883 2537 2010 2575 eum
2031 2520 2140 2574 fra-

541 2623 674 2672 tres.
691 2617 995 2672 Audientes
1012 2615 1161 2670 enim
1191 2615 1260 2668 de
1293 2631 1358 2668 eo
1382 2613 1527 2685 quod
1554 2627 1818 2682 magnam
1849 2609 2136 2664 humilita-

541 2713 657 2760 tem
671 2705 949 2771 habuerit,
964 2705 1320 2774 volentesque
1333 2701 1642 2774 probare,si
1661 2717 1787 2754 vere
1800 2699 2134 2753 humilitatis

537 2795 867 2868 patientiam
886 2793 1479 2865 possideret,dixerunt
1495 2791 1544 2844 ei
1560 2809 1571 2842 :
1588 2789 1746 2844 Multi
1759 2789 2134 2842 scandalizan-

537 2889 634 2939 tur
660 2883 718 2938 in
743 2889 818 2949 te,
853 2883 1040 2949 Pater,
1060 2881 1192 2953 quia
1210 2881 1378 2935 nimis
1405 2879 1539 2934 vitio
1569 2877 1842 2950 superbia
1865 2877 2127 2941 tenearis,

536 2979 595 3029 et
611 2973 738 3028 ideo
758 2972 898 3026 alios
922 2971 1214 3043 despicias,
1246 2976 1302 3023 et
1327 2986 1428 3041 pro
1457 2968 1631 3022 nihilo
1662 2985 1756 3021 eos
1782 2965 2008 3032 habeas,
2031 2967 2128 3021 sed

534 3069 593 3118 et
615 3061 990 3117 detractiones
1029 3059 1294 3114 adversus
1323 3058 1522 3112 fratres
1572 3073 1683 3110 non
1713 3073 1894 3110 cesses
1927 3055 2076 3127 loqui
2112 3073 2124 3108 :

2230 1903 2472 1968 Christo,
2509 1903 2604 1975 qui
2633 1911 2720 1960 est
2748 1904 2803 1958 in
2835 1905 3002 1959 Patre
3033 1905 3206 1959 Filius
3229 1923 3457 1977 semper
3485 1925 3623 1962 cum
3654 1917 3819 1964 sancto

2231 1991 2465 2062 Spiritu.
2499 1993 2612 2063 Ipsi
2641 1993 2824 2062 gloria
2852 1981 3139 2048 in‘szecula
3169 1996 3526 2050 saeculorum.
3557 1999 3768 2052 Amen.

2297 2078 2388 2136 ‘22.
2423 2081 2730 2136 Consilium
2747 2081 2895 2137 inter
2921 2099 2980 2136 se
3001 2081 3322 2138 habuerunt
3341 2085 3602 2140 seniores
3623 2087 3816 2142 Patres.

2227 2173 2281 2222 et
2311 2185 2506 2224 omnes
2535 2170 2793 2224 monachi
2839 2171 3154 2226 habitantes
3182 2173 3242 2226 in
3291 2189 3487 2228 eremo
3537 2175 3758 2246 Scythi,
3781 2190 3818 2228 et

2225 2265 2628 2314 consenserunt
2647 2264 2711 2313 ut
2725 2262 2886 2314 Pater
2904 2261 3060 2315 Isaac
3071 2266 3261 2327 δυο
3271 2261 3577 2334 presbyter
3591 2265 3679 2318 eis
3699 2266 3816 2319 ordi-

2225 2353 2457 2401 naretur
2484 2347 2539 2402 in
2571 2349 2805 2402 ecclesia
2834 2365 2956 2419 quae
2985 2349 3040 2404 in
3073 2349 3194 2420 ipsa
3219 2367 3411 2404 eremo
3442 2352 3560 2407 sita
3592 2361 3703 2420 est,
3746 2353 3814 2408 ubi

2221 2436 2480 2490 convenit
2497 2436 2588 2490 die
2605 2442 2663 2491 et
2679 2437 2817 2492 hora
2838 2443 3048 2492 statuta
3075 2439 3379 2494 multitudo
3396 2443 3813 2497 monachorum.

2222 2525 2317 2596 qui
2347 2524 2406 2579 in
2434 2525 2532 2578 illa
2561 2542 2749 2580 eremo
2774 2533 3174 2580 conversantur
3203 2529 3433 2592 (Pasch.,
3469 2548 3517 2587 c.
3554 2530 3648 2596 33,
3681 2550 3736 2586 η.
3757 2531 3812 2598 '2].

2219 2613 2468 2668 Audiens
2493 2620 2685 2669 autem
2709 2615 3062 2686 supradictus
3075 2615 3245 2670 abbas
3259 2618 3417 2672 Isaac
3435 2619 3814 2690 hujuscemodi

2217 2703 2530 2770 consilium,
2558 2703 2703 2774 fugit
2721 2704 2778 2758 in
2798 2705 3118 2776 zEgyptum,
3143 2711 3199 2759 et
3211 2705 3514 2762 abscondit
3530 2726 3596 2763 se
3621 2710 3682 2764 in
3697 2726 3812 2781 queo

2216 2791 2345 2846 dam
2375 2809 2511 2862 agro
2543 2792 2689 2846 inter
2708 2793 2935 2859 fruteta,
2965 2793 3244 2848 arbitrans
3276 2795 3591 2866 indignum
3623 2817 3686 2853 se
3715 2815 3812 2852 esse

2213 2880 2425 2936 honore
2454 2881 2784 2954 presbyterii
2810 2901 2821 2936 :
2847 2883 3246 2954 quamplurimi
3268 2890 3464 2940 autem
3481 2886 3700 2943 fratres
3714 2905 3812 2942 mo-

2210 2969 2374 3024 nachi
2405 2969 2802 3040 sequebantur,
2835 2977 2899 3026 ut
2925 2971 3474 3043 comprehenderent
3491 2993 3661 3030 eum.
3693 2979 3808 3032 Cum

2211 3063 2401 3114 autem
2427 3059 2829 3131 applicuissent
2843 3061 2913 3114 ad
2933 3078 3216 3132 vesperam
3240 3061 3295 3116 in
3313 3063 3518 3118 eodem
3538 3081 3689 3136 agro
3703 3083 3810 3138 pro-

532 3149 821 3207 afﬁrmant
849 3150 1020 3206 etiam
1049 3147 1449 3220 quamplurimi
1481 3146 1629 3218 quod
1667 3146 1784 3200 haec
1812 3145 1938 3199 ideo
1968 3161 2122 3215 agas,
2145 3155 2188 3216 ο
2211 3147 2450 3218 longius,
2474 3155 2538 3203 ut
2556 3150 2920 3204 reﬁcerentur
2938 3149 3153 3220 fatigati
3183 3151 3252 3205 de
3282 3151 3668 3224 itinere(erat
3683 3156 3810 3210 enim

531 3241 665 3314 quia
691 3239 1078 3296 fornicationis
1102 3238 1235 3292 vitio
1265 3236 1528 3302 tenearis,
1543 3240 1600 3290 et
1619 3251 1689 3289 ne
1708 3235 1860 3288 solus
1891 3233 2130 3288 videaris
2213 3240 2363 3306 nox),
2381 3237 2717 3292 dimiserunt
2734 3239 2970 3292 asellum
2990 3238 3086 3310 qui
3107 3239 3188 3293 eis
3210 3247 3472 3311 sumptus
3486 3244 3811 3313 portabatin

529 3347 738 3397 errare,
773 3329 980 3384 idcirco
1007 3327 1134 3382 aliis
1170 3343 1283 3382 non
1326 3342 1510 3381 cesses
1550 3325 1864 3379 detrahere.
1897 3323 1982 3376 Ad
2013 3323 2129 3377 hzec
2211 3325 2412 3380 itinere
2432 3332 2497 3380 ut
2524 3332 2796 3398 pasceret.
2831 3328 2972 3382 Cum
3005 3333 3195 3382 autem
3223 3335 3560 3399 pasceretur
3590 3334 3807 3387 asellus.

529 3419 874 3492 respondens
902 3418 1109 3484 senior,
1125 3417 1207 3471 ait
1230 3435 1242 3470 :
1263 3416 1393 3470 Haec
1413 3413 1602 3470 omnia
1624 3429 1748 3485 quae
1762 3412 1980 3468 dixistis
1993 3411 2126 3465 vitia
2210 3415 2462 3486 pervenit
2490 3415 2546 3470 in
2571 3415 2752 3470 locum
2775 3415 2870 3470 ubi
2885 3416 3236 3487 supradictus
3251 3416 3422 3472 abbas
3447 3419 3618 3476 Isaac
3641 3423 3810 3476 latita-

527 3509 588 3563 in
618 3525 712 3562 me
739 3523 862 3562 esse
890 3521 1300 3577 cognosco,nec
1325 3520 1554 3577 possum
1576 3518 1784 3573 negare
1807 3506 1994 3556 tantas
2014 3501 2122 3554 ini-
2207 3502 2322 3558 bat.
2360 3504 2614 3576 Cumque
2645 3505 2918 3559 illuxisset
2945 3505 3083 3571 dies,
3141 3507 3498 3578 requirentes
3549 3511 3808 3566 monachi

528 3598 774 3670 quitates
802 3613 984 3675 meas;
1013 3595 1421 3667 procidensque
1443 3608 1652 3664 pronus
1671 3591 1730 3645 in
1753 3590 2121 3656 terram,ado-
2205 3591 2922 3665 asellum,perveneruntad
2941 3595 3199 3648 eumdem
3218 3596 3397 3649 locum
3418 3596 3517 3651 ubi
3539 3616 3610 3653 se
3632 3603 3810 3654 senior

525 3685 688 3742 rabat
717 3685 941 3741 eosdem
968 3686 1188 3747 fratres,
1211 3683 1401 3738 dicens
1425 3699 1436 3735 :
1463 3683 1744 3754 Deprecor
1762 3697 1873 3746 vos,
1894 3679 2114 3745 fratres,

521 3775 871 3833 utintentius
883 3791 984 3848 pro
1007 3790 1098 3829 me
1113 3773 1326 3836 misero
1345 3777 1402 3826 et
1421 3769 1614 3825 multis
1623 3769 1864 3842 peccatis
1885 3768 2119 3823 obnoxio

523 3866 808 3922 Christum
831 3864 1135 3920 Dominum
1166 3877 1397 3918 exorare
1425 3876 1538 3916 non
1566 3858 1816 3924 cessetis,
1850 3864 1916 3913 ut
1932 3857 2119 3913 indul-

519 3955 770 4028 gentiam
792 3953 1000 4010 tribuat
1029 3949 1422 4024 iniquitatibus
1448 3949 1588 4004 meis
1617 3949 1810 4003 multis
1838 3964 1903 4002 ac
1931 3947 2114 4001 malis.

521 4043 607 4098 Ad
634 4044 754 4098 haec
799 4041 1107 4114 supradicti
1148 4041 1352 4096 fratres
1381 4038 1671 4104 addentes,
1722 4037 1990 4092 dixerunt
2015 4036 2065 4090 ei
2099 4054 2110 4090 :

520 4133 648 4188 Non
671 4137 730 4187 te
755 4131 933 4186 lateat
954 4130 1128 4186 etiam
1175 4130 1298 4196 hoc,
1342 4129 1476 4200 quia
1519 4126 1844 4182 hereticum
1887 4131 1945 4180 te
1993 4142 2114 4180 esse

521 4219 924 4293 quamplurimi
951 4219 1231 4274 afﬁrmare
1256 4217 1470 4272 volunt.
1504 4217 1622 4270 Hoc
1650 4220 1842 4270 autem
1870 4231 1998 4269 cum
2017 4230 2116 4270 au-

517 4309 695 4365 disset
721 4307 926 4375 senior,
959 4306 1099 4362 dixit
1119 4307 1200 4361 eis
1233 4325 1246 4361 :
1269 4306 1426 4361 Licet
1444 4305 1500 4359 in
1517 4304 1643 4358 aliis
1662 4303 1852 4362 multis
1870 4303 2109 4376 peccatis

516 4397 788 4454 obnoxius
814 4397 942 4464 sim,
985 4401 1178 4450 tamen
1211 4393 1505 4450 haereticus
1538 4393 1761 4466 penitus
1791 4408 1902 4446 non
1932 4409 2056 4447 sum
2091 4410 2102 4446 :

2202 3682 2594 3749 occultaverat,
2609 3689 2667 3738 et
2681 3683 3027 3738 admirantes
3055 3683 3214 3738 valde
3232 3683 3730 3756 dispensationem
3741 3689 3807 3744 di

2202 3771 2404 3838 rinam,
2438 3771 2973 3844 compreliendentes
2993 3773 3167 3843 ligare
3188 3779 3244 3827 et
3270 3776 3676 3846 constringere
3690 3795 3805 3833 eum

2203 3859 2674 3924 voluerunt,etita
2695 3861 3374 3932 perducere.Venerabilis
3398 3871 3597 3920 autem
3625 3868 3806 3923 senior

2202 3966 2314 4004 non
2345 3949 2823 4022 permisit,dicens
2847 3969 2858 4004 :
2878 3951 3004 4006 Jam
3030 3967 3142 4006 non
3154 3967 3382 4022 possum
3410 3957 3805 4012 contradicere

2199 4038 2377 4106 vobis,
2393 4039 2524 4111 quia
2545 4039 2779 4094 forsitan
2810 4040 3065 4095 voluntas
3081 4040 3179 4095 Dei
3201 4047 3288 4096 est
3300 4048 3363 4096 ut
3374 4041 3510 4097 licet
3531 4044 3803 4118 indignus

2198 4127 2499 4200 suscipiam
2528 4128 2784 4184 ordinem
2813 4127 3165 4201 presbyterii.

2266 4215 2356 4274 23.
2390 4217 2564 4272 Erant
2592 4222 2782 4272 autem
2812 4218 2923 4272 duo
2952 4218 3152 4273 fratres
3195 4220 3457 4274 monachi
3491 4223 3722 4294 pariter
3751 4225 3802 4278 in

2193 4307 2335 4361 cella
2359 4313 2790 4372 commorantes,
2821 4324 3060 4380 quorum
3091 4307 3469 4364 humilitatem
3491 4318 3551 4366 et
3575 4315 3798 4384 patien-

2189 4394 2328 4450 tiam
2341 4396 2684 4452 multietiam’
2693 4397 2761 4452 de
2772 4399 2980 4452 sanctis
2992 4396 3247 4453 Patribus
3258 4399 3799 4458 collaudabant.Au-

513 4487 660 4544 absit
686 4489 792 4542 hoc
810 4487 881 4542 ab
909 4485 1102 4541 anima
1130 4501 1275 4540 mea.
1307 4484 1464 4539 Tunc
1483 4499 1680 4538 omnes
1699 4481 1903 4536 fratres
1923 4481 2020 4552 qui
2035 4481 2106 4536 ad
2128 4515 2176 4575 Β
2194 4485 2354 4540 diens
2376 4503 2505 4540 vero
2527 4485 2753 4558 quidam
2788 4493 3016 4542 sanctus
3034 4487 3136 4553 vir,
3161 4487 3337 4542 voluit
3355 4487 3602 4560 probare
3632 4494 3684 4548 si
3711 4510 3795 4546 ve-

511 4595 642 4634 eum
671 4581 956 4644 venerant,
989 4578 1410 4648 prostraverunt
1436 4590 1495 4628 se
1515 4571 1575 4628 in
1601 4577 1809 4627 terram
1841 4571 1912 4626 ad
1937 4571 2106 4642 pedes
2129 4571 2166 4575 ”
2192 4591 2312 4629 ram
2336 4575 2753 4647 perfectamque
2770 4575 3144 4631 humilitatem
3163 4575 3466 4642 haberent;
3483 4581 3645 4636 venit
3667 4599 3795 4652 ergo

510 4670 652 4740 ejus,
683 4666 1040 4723 obsecrantes
1069 4681 1218 4730 cum,
1269 4679 1335 4718 ac
1373 4663 1621 4717 dicentes
1649 4679 1661 4715 :
1695 4662 2001 4716 Precamur
2027 4665 2102 4724 te,

509 4757 670 4824 abba,
705 4761 770 4812 ut
787 4757 939 4812 dicas
958 4754 1118 4810 nobis
1145 4770 1246 4810 cur
1273 4758 1433 4808 tanta
1455 4751 1590 4806 vitia
1605 4756 1661 4806 et
1672 4756 1899 4823 peccata
1915 4750 2106 4804 dicen-

508 4845 658 4901 tibus
679 4845 838 4900 nobis
863 4845 933 4900 de
975 4849 1050 4911 te,
1085 4844 1144 4898 in
1175 4843 1330 4898 nullo
1357 4846 1672 4896 commotus
1702 4857 1790 4907 es;
1841 4840 1910 4894 de
1937 4839 2106 4894 verbo

507 4941 696 4990 autem
729 4933 975 4989 haeretici
1001 4933 1160 4988 valde
1179 4937 1236 4986 te
1263 4929 1631 4996 commovisti,
1665 4934 1723 4984 et
1746 4928 2104 4984 abominatus

506 5042 585 5092 es,
615 5040 718 5078 nec
738 5023 894 5078 suﬂ‘ei
911 5039 972 5076 re
1001 5019 1234 5094 potuisti
1263 5019 1520 5074 auditum
1544 5019 1567 5072 ’I
1594 5018 1746 5073 Dixit
1767 5018 1848 5072 eis
1878 5017 2095 5073 senior:

501 5113 635 5170 lllas
665 5112 882 5185 priores
905 5113 1099 5183 culpas
1126 5115 1184 5164 et
1209 5115 1437 5181 peccata
1461 5113 1690 5180 propter
1722 5107 2100 5162 humilitatem

501 5202 764 5266 sustinui,
797 5207 863 5256 ut
883 5205 1230 5273 peccatorem
1253 5215 1343 5253 me
1358 5214 1480 5252 esse
1491 5196 1812 5252 crederetis.
1832 5195 2099 5250 Nov-imus

499 5293 650 5349 enim
671 5291 819 5364 quod
849 5291 898 5346 si
926 5289 1276 5346 custodiatur
1303 5287 1640 5342 humilitatis
1669 5285 1861 5352 virtus,
1895 5302 2101 5356 magna

499 5385 651 5438 salus
672 5388 760 5437 est
787 5381 1009 5436 animai.
1045 5380 1189 5434 Nam
1221 5377 1494 5433 Dominus
1518 5381 1574 5430 et
1623 5375 1878 5430 Salvator
1905 5381 2098 5430 noster

496 5472 658 5527 .lesus
673 5469 952 5536 Christus,
970 5485 1098 5524 cum
1129 5467 1180 5522 ei
1208 5465 1387 5522 Judaei
1416 5463 1623 5519 multas
1643 5463 2010 5518 contumelias
2039 5470 2097 5519 et

495 5559 741 5615 convicia
775 5559 1140 5630 irrogassent,
1176 5555 1456 5628 patienter
1495 5557 1695 5608 cuncta
1723 5552 2002 5621 toleravit,
2031 5559 2096 5609 ut

495 5647 654 5708 nobis
681 5647 1020 5703 humilitatis
1049 5644 1326 5720 praeberet
1354 5641 1629 5714 exempla.
1664 5641 1911 5698 Immissi
1941 5643 2090 5699 enim

2189 4664 2261 4718 ad
2271 4664 2610 4720 visitandum
2623 4681 2737 4720 eos.
2761 4665 3011 4736 Cumque
3031 4682 3154 4720 cum
3171 4665 3376 4738 gaudio
3407 4671 3793 4742 suscepissent

2190 4769 2339 4820 eum,
2368 4758 2426 4808 et
2455 4770 2521 4810 ex
2560 4769 2714 4808 more
2742 4753 3120 4825 complessent
3147 4754 3430 4810 orationes
3461 4762 3522 4812 et
3551 4760 3793 4830 psalmo-

2187 4841 2360 4909 diam,
2390 4858 2648 4913 egressus
2672 4841 2807 4897 foris
2837 4842 3092 4898 cellulam
3122 4841 3258 4898 vidit
3293 4858 3536 4914 parvum
3563 4847 3788 4903 hortum

2185 4930 2282 4986 ubi
2311 4931 2419 4986 sibi
2438 4932 2592 4987 olera
2611 4931 3390 5003 faciebant.Apprehensoque
3411 4931 3638 5002 baculo,
3663 4953 3788 4992 cum

2183 5024 2302 5074 toto
2333 5019 2546 5092 impetu
2575 5020 2742 5092 coepit
2761 5019 2948 5076 omnia
2971 5019 3390 5075 oleracaedendo
3407 5023 3787 5096 confringere,

2183 5109 2337 5165 itaut
2355 5109 2496 5164 nihil
2506 5109 2736 5166 omnino
2756 5115 3092 5165 remaneret.
3108 5109 3210 5164 Vid
3218 5117 3372 5164 entes
3383 5117 3583 5166 autem
3597 5129 3792 5186 supra.

2183 5199 2316 5254 dicti
2344 5199 2565 5264 fratres,
2588 5198 2729 5254 nihil
2757 5199 2984 5272 penitus
3011 5199 3287 5264 dixerunt,
3313 5199 3411 5254 sed
3436 5217 3542 5256 nec
3567 5202 3788 5258 vultum

2181 5287 2399 5343 tristem
2429 5293 2526 5343 aut
2557 5287 2847 5344 turbatum
2889 5286 3180 5344 habentes.
3211 5289 3280 5344 Et
3310 5304 3508 5344 rursus
3541 5289 3786 5362 ingressi

2178 5376 2808 5450 cellulam,vespertinas
2817 5376 3098 5432 orationes
3108 5376 3784 5448 complentes,adorantes

2177 5483 2306 5522 eum
2337 5466 2601 5521 dixerunt
2631 5485 2644 5520 :
2683 5466 2742 5522 Si
2762 5464 3034 5539 praecipis,
3052 5464 3294 5530 domine,
3321 5463 3548 5532 ibimus,
3568 5473 3634 5522 ut
3651 5485 3781 5524 eum

2176 5553 2272 5626 qui
2301 5555 2575 5610 remansit
2599 5555 2817 5610 caulem
2846 5560 3147 5627 coquentes
3172 5561 3484 5627 gustemus,
3509 5556 3645 5626 quia
3654 5559 3778 5627 jam

2174 5643 2316 5700 hora
2337 5655 2423 5699 est
2454 5649 2519 5699 ut
2545 5642 2733 5699 cibum
2768 5660 3074 5700 sumamus.
3107 5643 3261 5700 Tunc
3289 5643 3476 5699 senior
3511 5643 3778 5707 adoravit
