3876 6446
45 386 151 443 7'53
1393 396 1633 452 VERBA
1671 392 2061 449 SENIORUM.
3259 394 3359 449 754

45 516 425 580 eos,dicens:
441 520 662 575 Gratias
681 536 786 591 ago
801 521 917 575 Deo
935 522 1219 591 meo,quia
1232 520 1392 575 video
1414 520 1684 592 Spiritum
1705 521 1754 578 A
1773 518 2027 590 Cumque
2042 533 2143 589 per
2178 516 2426 572 triduum
2457 518 2833 585 observarent,
2849 517 2944 589 qui
2965 533 3093 572 cum
3108 533 3175 572 eo
3202 532 3366 572 vene-

45 612 331 660 sanctum
347 608 709 680 requiescere
720 610 776 664 in
788 608 960 675 vobis;
975 615 1033 664 et
1041 609 1166 665 ideo
1180 609 1376 664 hortor
1386 625 1481 665 vos
1496 626 1561 664 ac
1574 626 1689 663 mo-
1768 613 1917 675 rant,
1941 606 2295 662 obsecrantes
2314 623 2507 662 senem
2525 610 2726 662 uteum
2740 624 2797 662 1n
2812 606 3039 662 nomine
3056 606 3265 661 Christi
3282 606 3367 661 fu-

45 711 174 758 neo,
201 694 440 753 fratres
460 698 793 764 charissimi,
825 704 890 753 ut
908 715 1085 770 usque
1116 698 1175 752 in
1205 699 1376 753 finem
1404 698 1687 753 custodia-
1768 695 1845 750 sis
1864 696 1934 750 ad
1956 696 2133 751 Deum
2147 695 3003 769 precibuscuraret;respondens
3014 695 3367 763 senior,dixit

45 782 113 836 Lis
145 791 390 840 sanctae
412 787 748 841 humilitatis
779 793 835 842 et
851 787 1135 859 patientiae
1162 788 1448 854 virtutem,
1481 794 1547 842 ut
1564 787 1688 859 ipsa
1768 784 1849 839 eis
1869 802 1980 839 non
1992 802 2112 840 esse
2124 785 2362 857 sehujus
2382 785 2660 853 meriti,ut
2672 785 3017 840 daemonibus
3033 786 3358 857 imperaret.

45 871 101 926 in
120 890 323 943 regno
356 876 575 931 caelesti
615 892 709 931 vos
736 892 970 947 magnos
999 881 1054 930 et
1081 875 1349 931 sublimes
1367 875 1425 930 in
1454 893 1685 948 conspe-
1767 873 1907 929 Cum
1921 879 2106 929 autem
2120 874 2486 946 persisterent
2504 874 2599 945 qui
2614 880 2900 941 venerant,
2920 880 3183 945 rogantes
3203 889 3355 939 eum,

45 965 138 1015 ctu
172 962 432 1018 Domini
461 964 630 1020 faciat
658 982 949 1037 apparere.
1766 968 1823 1017 et
1842 964 2040 1018 ﬂentes
2069 964 2238 1018 nimis
2257 964 2638 1035 deprecantes,
2659 964 2887 1018 tandem
2908 963 3200 1035 acquievit.
3218 964 3356 1018 Cum

117 1050 216 1106 24.
272 1053 667 1125 Eratquidam
684 1054 742 1108 in
756 1054 1007 1108 εαξηοῦἰο
1016 1056 1136 1125 jam
1157 1070 1325 1109 senex
1337 1059 1395 1109 et
1408 1053 1681 1127 probatis-
1763 1057 1952 1107 autem
1979 1053 2039 1107 in
2068 1053 2294 1107 nomine
2316 1052 2539 1108 Domini
2578 1053 2881 1108 Salvatoris
2913 1053 3091 1108 nostri
3119 1039 3360 1124 impera.-

45 1140 234 1194 simus
249 1144 601 1209 monachus,
635 1148 692 1197 et
712 1143 950 1198 incurrit
977 1143 1366 1214 gravissimam
1392 1144 1681 1215 aegritudi-
1764 1147 1853 1196 ret
1879 1142 2138 1208 daemoni,
2167 1142 2356 1196 dicens
2386 1159 2397 1195 :
2424 1142 2541 1208 Exi,
2568 1141 2858 1197 immunde
2870 1142 3121 1213 spiritus,
3155 1142 3225 1195 de
3244 1142 3359 1212 pla-

45 1246 181 1283 nem
219 1248 234 1296 ;
288 1232 702 1304 confectusque
716 1232 1310 1287 nimiaetintolerabili
1329 1232 1677 1299 inﬁrmitate,
1764 1236 1944 1285 smate
1973 1231 2094 1286 Dei.
2124 1232 2281 1285 Tunc
2329 1231 2673 1302 respondens
2714 1230 2933 1285 daemon
2965 1231 3106 1285 dixit
3130 1230 3210 1286 ei:
3242 1231 3358 1301 Ego

45 1334 148 1389 per
165 1318 431 1390 longum
453 1321 975 1393 tempuslaborabat
991 1321 1047 1376 in
1060 1321 1345 1376 doloribus
1364 1321 1683 1389 multis,nec

46 1407 318 1462 invenire
342 1415 617 1480 poterant
638 1410 1110 1481 fratres,qualiter
1120 1416 1512 1466 succurrerent
1524 1411 1681 1482 aegri-

45 1496 239 1550 tudini
264 1499 426 1568 ejus,
448 1482 729 1570 'quoniam
745 1516 813 1553 ea
842 1516 964 1571 quae
994 1499 1297 1554 necessitas
1333 1499 1679 1555 inﬁrmitatis

45 1587 173 1655 ejus
206 1587 545 1658 expetebat,
562 1605 673 1643 non
694 1588 973 1644 habebant
990 1589 1050 1643 in
1062 1589 1678 1644 monasterio.Audiens

45 1680 243 1728 autem
269 1677 545 1746 quaedam
561 1677 775 1732 famula
792 1677 892 1732 Dei
918 1678 987 1732 de
1009 1677 1313 1732 afﬂictione
1335 1677 1679 1732 infirmitatis

45 1764 92 1833 ej
100 1764 275 1829 us,de
282 1765 636 1836 precabatur
652 1767 877 1821 Patrem
891 1766 1311 1835 monasterii,ut
1334 1783 1462 1822 eum
1481 1766 1552 1821 ad
1564 1768 1678 1822 cel-

1764 1320 1991 1391 quidem
2022 1319 2336 1391 imperante
2364 1320 2570 1374 virtute
2616 1320 2824 1374 Christi
2862 1319 3137 1389 egredior,
3168 1324 3358 1373 tamen

1762 1407 2120 1479 interrogabo
2150 1415 2205 1463 te
2248 1425 2564 1463 sermonem
2595 1413 2661 1463 ut
2685 1406 2836 1461 dicas
2870 1408 3007 1462 mihi
3035 1425 3046 1460 :
3099 1407 3241 1472 Quid
3273 1412 3361 1461 est

1762 1497 1911 1568 quod
1940 1498 2209 1569 scriptum
2240 1503 2328 1551 est
2352 1497 2411 1551 in
2444 1496 2744 1567 Evangelio
2778 1496 2988 1567 (Matth.
3027 1498 3149 1565 xxv)
3186 1514 3197 1548 z
3251 1494 3356 1561 Qui

1760 1590 1895 1640 sunt
1920 1586 2083 1652 hzedi,
2119 1593 2177 1641 et
2206 1603 2329 1658 quae
2358 1591 2491 1640 sunt
2505 1584 3050 1657 oves?Rcspondens
3065 1589 3255 1640 autem
3276 1600 3359 1640 sc-

1761 1674 1887 1729 nior
1899 1675 2100 1729 dixitei
2120 1693 2130 1728 :
2154 1675 2314 1730 Haedi
2327 1675 2551 1747 quidem
2571 1675 2768 1745 injusti
2787 1680 2937 1740 sunt,
2971 1674 3120 1728 inter
3134 1691 3274 1746 quos
3301 1680 3360 1729 et

1760 1778 1865 1833 ego
1878 1779 2002 1817 sum
2032 1769 2308 1834 peccator,
2344 1762 2441 1834 qui
2460 1763 2651 1817 multis
2664 1762 2902 1834 peccatis
2914 1761 3188 1818 obnoxius
3204 1777 3351 1828 sum;

45 1853 217 1907 lulam
238 1871 421 1908 suam
445 1856 754 1919 tolleret,ut
770 1856 1118 1911 ministraret
1138 1856 1460 1923 ei,maxime
1477 1862 1669 1912 autem
1690 1867 1880 1941 Boves
1909 1857 2101 1906 autem
2122 1853 2270 1907 Deus
2300 1854 2454 1907 novit
2481 1869 2606 1923 quae
2642 1857 2794 1908 sunt
2838 1854 2994 1908 Tunc
3028 1853 3358 1908 θκοιεωανίῐ

45 1941 175 2013 quia
196 1942 438 1998 facilius
456 1943 705 2000 invenire
726 1951 915 2017 posset
928 1946 987 2000 in
1002 1945 1223 2000 civitate
1242 1962 1365 2017 quae
1387 1947 1674 2001 necesaria
1755 1940 1972 1996 daemon
2003 1958 2136 1996 voce
2164 1958 2388 2013 magna,
2424 1942 2645 1997 dicens:
2701 1943 2939 2015 Propter
2972 1941 3351 1997 humilitatem

45 2032 380 2101 eegritudini
397 2035 451 2105 ej
462 2051 524 2088 us
545 2034 897 2089 videbantur.
918 2034 1187 2106 Praecepit
1201 2051 1335 2105 ergo
1353 2035 1521 2090 Pater
1548 2052 1671 2090 mo-

45 2121 286 2176 nasterii
304 2127 375 2177 ut
400 2128 698 2194 portarent
718 2141 846 2179 eum
860 2124 1063 2179 fratres
1080 2124 1151 2178 ad
1165 2124 1426 2179 cellulam
1445 2124 1670 2181 famulae

45 2210 159 2263 Dei.
178 2211 319 2281 Ipsa
333 2228 472 2266 vero
485 2229 610 2267 cum
626 2213 779 2268 omni
790 2213 1146 2268 veneratione
1157 2213 1468 2286 suscipiens
1479 2230 1671 2269 senem

45 2304 277 2370 propter
292 2316 513 2356 nomen
536 2302 762 2357 Domini
781 2302 1139 2357 ministrabat
1152 2302 1203 2357 ei
1226 2318 1328 2374 pro
1347 2301 1668 2358 retributio-

45 2404 111 2442 ne
124 2390 419 2444 mercedis
430 2394 849 2463 aeternae,quam
863 2391 1127 2447 credebat
1140 2409 1174 2446 a
1187 2392 1409 2447 Christo
1424 2392 1670 2447 Salvato-

45 2494 100 2531 re
115 2484 319 2555 nostro
336 2479 616 2552 recipere.
632 2481 887 2553 Cumque
904 2498 1004 2554 per
1023 2487 1137 2536 tres
1158 2486 1216 2536 et
1227 2481 1467 2552 amplius
1487 2498 1664 2537 annos

46 2567 239 2623 sedule
281 2567 699 2640 obsequeretur
716 2569 925 2625 famulo
956 2570 1076 2636 Dei,
1100 2574 1392 2642 coeperunt
1408 2570 1663 2627 homines

45 2660 232 2710 mente
264 2657 529 2729 corrupti
557 2659 865 2713 secundum
901 2658 1145 2713 scabiem
1181 2659 1385 2715 mentis
1435 2676 1552 2715 suae
1572 2677 1664 2715 su-

45 2744 248 2814 spicari
280 2746 441 2817 quod
472 2763 585 2802 non
612 2748 888 2803 sinceram
909 2748 1146 2804 haberet
1171 2748 1359 2805 senior
1380 2749 1664 2805 conscien-

45 2832 179 2887 tiam
220 2835 294 2889 de
323 2835 568 2907 virgine,
592 2854 716 2908 quae
748 2836 1107 2892 ministrabat
1121 2837 1454 2894 ei.Audiens
1467 2843 1658 2894 autem

46 2920 158 2975 hac
178 2923 398 2990 senior,
433 2925 699 2980 exorabat
717 2926 1067 2981 divinitatem
1096 2927 1327 2995 Christi,
1348 2927 1556 2983 dicens:
1572 2929 1658 2984 Tu

46 3009 280 3066 Domine
310 3013 470 3068 Deus
490 3018 698 3082 noster,
733 3015 828 3086 qui
855 3017 1006 3070 solus
1035 3016 1181 3071 nosti
1201 3016 1408 3083 omnia,
1434 3017 1656 3072 etvides

46 3099 173 3168 quia
191 3102 363 3157 multi
378 3107 516 3158 sunt
544 3104 764 3158 dolores
801 3104 1148 3176 aegritudinis
1165 3111 1221 3161 et
1237 3105 1475 3161 miseriae
1494 3123 1652 3175 mete,

1752 2034 1911 2084 tuam
1940 2036 2092 2085 stare
2117 2030 2347 2085 omnino
2374 2047 2486 2085 non
2516 2048 2764 2103 possum,
2792 2037 2851 2086 et
2874 2030 3066 2086 statim
3096 2046 3354 2102 egressus

1753 2123 1841 2173 est
1866 2119 1936 2173 de
1963 2119 2190 2174 homine
2216 2136 2383 2191 quem
2402 2119 2715 2176 obsederat.
2738 2121 3006 2176 Videntes
3025 2125 3215 2175 autem
3235 2136 3352 2176 om-

1753 2223 1853 2262 nes
1875 2208 1971 2280 qui
1993 2208 2271 2276 astabant,
2304 2209 2580 2265 dederunt
2604 2210 2845 2281 gloriam
2866 2211 3001 2265 Deo.

1821 2294 1912 2354 26.
1934 2298 2272 2354 Reterebant
2284 2300 2466 2354 sancti
2480 2300 2730 2355 seniores
2745 2299 2902 2356 nobis
2919 2300 3185 2355 dicentes:
3204 2299 3350 2365 Quia

1748 2385 1856 2441 fuit
1869 2386 2096 2459 quidam
2114 2388 2490 2444 monachusin
2509 2405 2698 2444 eremo
2711 2389 2934 2462 Scythi;
2967 2389 3120 2444 venit
3156 2394 3346 2444 autem

1748 2475 1820 2530 ad
1839 2475 2146 2532 visitandos
2166 2482 2389 2533 sanctos
2404 2479 2599 2533 Patres
2612 2479 2671 2533 in
2683 2479 2804 2533 loco
2816 2478 2910 2550 qui
2923 2478 3130 2533 dicitur
3146 2479 3340 2545 Gellia,

1745 2563 1841 2620 ubi
1855 2566 2157 2622 multitudo
2172 2567 2575 2623 monachorum
2594 2567 2786 2623 divisis
2796 2567 3087 2622 habitabat
3104 2568 3339 2623 cellulis.

1745 2653 2000 2726 Cumque
2009 2671 2122 2710 non
2133 2655 2410 2711 inveniret
2422 2657 2493 2712 ad
2511 2673 2755 2728 praesens
2772 2657 3029 2712 cellulam
3040 2656 3138 2712 ubi
3158 2662 3349 2730 posset

1741 2744 2231 2815 manere,quidam
2247 2744 2316 2800 de
2326 2745 2639 2801 senioribus
2649 2746 2861 2801 habens
2872 2746 3041 2802 aliam
3051 2752 3343 2803 vacantem

1741 2832 2019 2900 cellulam,
2053 2833 2210 2889 dedit
2228 2834 2298 2902 ei,
2336 2835 2558 2890 dicens:
2607 2836 2841 2891 Interim
2870 2852 3112 2909 repausa
3151 2837 3210 2891 in
3236 2836 3343 2892 hac

1740 2921 1959 2986 cellula,
1992 2923 2167 2979 donec
2185 2923 2438 2979 invenias
2468 2924 2564 2979 ubi
2587 2926 2767 2998 possis
2812 2942 3060 2982 manere.
3087 2927 3341 2999 Cumque

1739 3010 1809 3065 ad
1839 3010 2181 3068 visitandum
2214 3030 2344 3068 eum
2372 3014 2732 3070 convenirent
2778 3015 3179 3088 quamplurimi
3224 3016 3339 3070 fra-

1734 3104 1872 3167 tres,
1905 3101 2290 3158 desiderantes
2315 3103 2386 3158 ab
2414 3120 2480 3159 eo
2502 3104 2699 3159 audire
2716 3104 2946 3160 verbum
2967 3105 3163 3161 salutis
3179 3110 3339 3161 aster-

45 3192 96 3241 et
115 3189 487 3246 afflictionem
511 3193 831 3248 consideras
850 3199 1021 3249 tantae
1041 3194 1532 3266 infirmitatis,quae
1560 3212 1652 3250 me
1673 3203 1715 3263 ο
1738 3205 1853 3257 me;
1877 3189 2121 3246 habebat
2140 3193 2294 3247 enim
2322 3192 2671 3264 spiritualem
2691 3194 2933 3264 gratiam
2955 3194 3190 3249 docendi
3209 3212 3334 3250 ver-

46 3276 120 3331 ita
154 3296 254 3350 per
272 3286 507 3335 tantum
529 3283 878 3353 consumpsit
903 3289 1146 3355 tempus,
1178 3289 1243 3338 ut
1270 3285 1649 3340 necessarium

47 3365 279 3422 habeam
340 3370 679 3442 obsequium
723 3372 894 3443 hujus
934 3372 1156 3428 famulae
1192 3378 1321 3439 tuae,
1357 3390 1481 3445 quae
1508 3373 1647 3429 mihi

45 3461 265 3528 pr0pter
291 3475 508 3515 nomen
552 3466 714 3515 tuum
742 3461 1060 3530 ministrat;
1092 3461 1280 3517 tribue
1301 3463 1372 3529 ei,
1406 3463 1644 3519 Domine

46 3543 183 3600 Deus
210 3564 394 3614 meus,
433 3549 769 3621 condignam
800 3551 1115 3606 mercedem
1155 3551 1215 3606 in
1266 3551 1380 3606 vita
1408 3556 1638 3621 (eterna,

45 3632 180 3689 sicut
195 3636 469 3708 dignatus
489 3654 548 3692 es
563 3639 890 3710 promittere
907 3645 1133 3712 propter
1145 3640 1456 3695 bonitatem
1480 3646 1641 3697 tuam

45 3720 124 3776 his
157 3725 251 3795 qui
272 3731 510 3799 propter
528 3743 733 3783 nomen
753 3734 914 3783 tuum
944 3729 1208 3785 exhibent
1252 3730 1443 3801 egenis
1475 3735 1531 3785 et
1549 3731 1639 3786 in-

45 3809 209 3867 ﬁrmis
234 3831 405 3870 suum
432 3816 826 3872 ministerium.
856 3819 995 3873 Cum
1033 3823 1221 3873 autem
1254 3820 1638 3891 approximas-

45 3904 121 3953 set
143 3901 261 3958 dies
287 3906 569 3961 transitus
599 3908 739 3978 ejus,
764 3913 1146 3963 convenerunt
1173 3908 1244 3962 ad
1276 3925 1405 3964 eum
1435 3925 1636 3981 quam-

45 3987 256 4056 plurimi
276 3995 461 4050 sancti
476 3995 726 4050 seniores
746 3996 947 4052 fratres
965 3998 1033 4051 de
1056 3997 1481 4065 monasterio,et
1493 3997 1636 4053 dixit

45 4076 114 4130 eis
138 4081 363 4138 senior:
418 4084 664 4139 Obsecro
692 4102 807 4151 vos,
841 4086 1074 4153 domini,
1109 4091 1163 4141 ct
1201 4090 1408 4158 patres,
1434 4092 1492 4142 et
1517 4087 1630 4141 fra-

45 4166 160 4230 tres,
197 4174 260 4224 ut
283 4187 413 4226 cum
430 4172 722 4227 defunctus
735 4173 912 4238 fuero,
941 4174 1419 4229 tollatisbaeulum
1442 4192 1629 4232 meum

45 4256 92 4304 et
115 4255 376 4325 plantetis
407 4278 537 4316 eum
568 4278 738 4333 super
754 4263 1112 4334 sepulchrum
1135 4281 1343 4331 meum,
1373 4270 1431 4320 et
1457 4266 1504 4320 si
1534 4283 1626 4321 ra-

1736 3276 1871 3332 bum
1899 3278 2034 3343 Dei;
2065 3279 2258 3335 videns
2283 3279 2378 3336 ille
2405 3281 2611 3346 senior,
2655 3283 2750 3354 qui
2779 3282 2831 3337 ei
2860 3283 2932 3337 ad
2960 3283 3329 3340 habitandum

1727 3367 2069 3438 praestiterat
2111 3369 2327 3436 cellam,
2351 3370 2572 3425 invidiae
2603 3371 2775 3427 livore
2809 3388 2906 3427 cor
2931 3373 3055 3444 ejus
3078 3373 3332 3428 vulnera-

1725 3460 1848 3512 tum
1879 3462 1982 3525 est,
2012 3463 2069 3512 et
2095 3457 2380 3530 indignari
2401 3459 2569 3530 coepit
2582 3476 2647 3514 ac
2682 3460 2900 3516 dicere:
2925 3462 3201 3527 Quoniam
3223 3479 3328 3535 ego

1724 3545 1899 3600 tantis
1928 3546 2275 3619 temporibus
2302 3547 2362 3602 in
2391 3548 2496 3603 hoc
2516 3548 2638 3603 loco
2658 3548 2872 3618 habito,
2905 3555 2964 3607 et
2990 3550 3061 3605 ad
3091 3568 3184 3607 me
3213 3568 3324 3608 non

1722 3634 1955 3691 veniunt
1969 3636 2172 3691 fratres
2196 3635 2306 3691 nisi
2333 3637 2639 3705 rarissime,
2666 3643 2724 3694 et
2738 3639 2916 3694 hocin
2944 3638 3144 3696 diebus
3169 3641 3328 3698 festis

1722 3729 1780 3778 et
1797 3740 1923 3779 ecce
1948 3725 2019 3780 ad
2048 3724 2222 3781 istum
2246 3726 2613 3798 impostorem
2638 3744 2782 3800 pene
2833 3729 3082 3801 quotidie
3122 3726 3326 3790 fratres

1719 3815 2120 3887 quamplurimi
2142 3815 2380 3880 vadunt;
2412 3815 2665 3889 dixitque
2678 3817 2949 3891 discipulo
2969 3835 3071 3874 suo
3094 3838 3109 3873 :
3140 3820 3315 3889 Vade,

1720 3908 1778 3957 et
1802 3903 1892 3958 dic
1918 3904 1971 3960 ei
1996 3910 2061 3959 ut
2088 3905 2413 3975 egrediatur
2445 3906 2516 3961 de
2544 3906 2747 3962 cellula
2773 3907 2889 3975 illa,
2925 3909 3191 3981 quoniam
3221 3926 3315 3966 ne-

1718 3993 1963 4048 cessaria
1990 3992 2129 4048 mihi
2147 3999 2251 4049 est.
2277 3995 2415 4049 Cum
2438 4000 2629 4051 autem
2649 3997 2984 4068 perrexisset
3010 3998 3316 4072 discipulus

1716 4082 1838 4153 ejus
1864 4082 1935 4137 ad
1974 4082 2133 4138 illum
2167 4083 2419 4152 fratrem,
2467 4085 2610 4140 dixit
2649 4086 2701 4141 ei
2744 4104 2756 4140 :
2810 4087 3097 4143 Mandavit
3140 4087 3312 4145 abbas

1715 4187 1874 4226 meus
1902 4172 2189 4228 sanctitati
2206 4178 2338 4241 tua),
2356 4173 2493 4245 jube
2522 4175 2573 4229 ei
2593 4191 2694 4248 per
2725 4192 2816 4230 me
2836 4177 3106 4233 mandare
3127 4179 3309 4252 quali-

1710 4263 1800 4315 ter
1826 4261 2053 4331 habeas,
2085 4262 2302 4319 audivit
2327 4263 2476 4318 enim
2497 4268 2555 4319 te
2582 4264 2880 4321 infirmari.
2908 4268 3035 4340 Ipse
3061 4285 3191 4324 vere
3217 4286 3311 4326 re-

45 4338 177 4397 dices
201 4346 416 4415 fecerit,
451 4350 778 4422 miseritque
815 4350 1081 4419 fructum,
1111 4357 1245 4408 tunc
1283 4352 1468 4409 scietis
1495 4355 1625 4427 quia
1709 4351 1997 4407 mandavit
2009 4352 2057 4406 ei
2079 4352 2297 4409 dicens:
2328 4353 2441 4409 Ora
2460 4370 2561 4427 pro
2582 4371 2692 4424 me,
2719 4338 3148 4428 domine'Pater,
3175 4360 3310 4434 quia

45 4434 234 4522 munda
259 4443 346 4492 est
366 4440 707 4495 conscientia
733 4458 859 4496 mea
888 4459 922 4497 a
941 4442 1154 4498 famula
1180 4443 1301 4511 Dei,
1336 4461 1459 4517 quae
1486 4444 1622 4499 mihi
1706 4440 1864 4495 valde
1883 4442 2233 4497 stomachum
2265 4442 2444 4498 doleo.
2477 4444 2753 4500 Reversus
2781 4450 2971 4502 autem
2999 4448 3309 4522 discipulus

45 4520 399 4582 ministrabat.
438 4528 495 4583 Si
526 4534 715 4584 autem
745 4546 859 4585 non
891 4531 1224 4599 fronduerit,
1263 4533 1461 4588 scitote
1489 4535 1623 4605 quia
1642 4523 1843 4584 Ddixit
1860 4529 2047 4586 abbati
2077 4548 2179 4587 suo
2222 4550 2236 4586 :
2263 4532 2446 4587 Nimis
2473 4539 2637 4605 rogat
2662 4535 3018 4591 sanctitatem
3035 4520 3213 4606 tuam,
3241 4545 3304 4596 ut

45 4620 140 4663 non
161 4628 284 4668 sum
313 4618 561 4673 mundus
590 4618 660 4673 ab
691 4635 775 4674 ea.
823 4621 963 4675 Cum
994 4638 1127 4693 ergo
1156 4622 1239 4676 vir
1260 4622 1362 4677 Dei
1394 4623 1622 4678 exiisset
1702 4618 1788 4672 vel
1818 4618 1959 4674 duos
1986 4619 2316 4692 diesjUbeaS
2329 4621 2378 4675 ei
2408 4620 2664 4677 ίῐιάιιοίαε
2691 4622 2848 4689 dare,
2868 4629 2933 4678 ut
2967 4625 3147 4696 P088“
3195 4626 3301 4682 Sibi

45 4694 99 4749 de
123 4715 367 4775 corpore,
419 4708 732 4763 secundum
774 4716 1111 4782 praeceptum
1140 4712 1263 4782 ejus
1301 4712 1479 4766 sancti
1518 4713 1620 4767 Pa-
1700 4706 1869 4762 aliam
1912 4709 2109 4763 cellam
2158 4708 2469 4781 providere.
2516 4709 2838 4766 Transactis
2882 4694 3074 4768 autem
3119 4714 3301 4772 tribus

45 4788 141 4872 tres
174 4791 569 4861 mactaverunt
608 4796 870 4853 baculum
921 4801 1044 4870 ejus
1086 4816 1256 4871 super
1294 4801 1611 4872 sepulcrum
1699 4795 1913 4862 diebus,
1938 4797 2145 4853 iterum
2167 4797 2323 4853 misit
2348 4797 2689 4871 discipulum
2713 4802 3298 4868 suum,dicens:Vade

45 4869 215 4965 ipsius,
244 4887 313 4938 et.
327 4883 598 4952 fronduit,
629 4869 1038 4960 accedenteque
1081 4869 1333 4961 tempore
1355 4869 1615 4962 protulit
1694 4884 1783 4939 dic
1804 4884 1857 4941 ei
1876 4890 1939 4941 ut
1970 4886 2291 4957 egrediatur
2317 4887 2388 4942 de
2415 4869 2617 4944 cellula
2642 4905 2807 4958 mea;
2862 4907 2994 4949 nam
3022 4893 3071 4950 si
3098 4912 3297 4965 rursus;

45 4959 346 5053 Tractumget
359 4973 623 5030 admirati
641 4959 997 5044 suntomnes,
1011 4959 1399 5048 gloriﬁcantes
1412 4980 1609 5035 Deum.
1694 4973 1996 5041 distulerit,
2015 4975 2165 5031 dices
2183 4976 2254 5032 ad
2269 4992 2418 5043 eum,
2444 4977 2577 5050 quia
2594 4979 2861 5036 continuo
2883 4983 3068 5053 venio,
3092 4993 3150 5042 et
3161 4962 3291 5044 cum

45 5048 240 5148 Adfale
261 5060 410 5116 enim
430 5062 782 5133 miraculum,
808 5067 977 5121 etiam
994 5067 1063 5123 de
1074 5067 1267 5123 vicinis
1287 5069 1610 5140 regionibus
1694 5061 1892 5119 baculo
1920 5065 2181 5120 caedendo
2211 5067 2425 5139 expello
2452 5048 2582 5122 eum
2609 5067 2680 5123 de
2707 5069 2850 5125 cella
2867 5088 3013 5128 mea.
3044 5048 3292 5148 Pergens

45 5140 179 5197 multi
205 5151 594 5208 convenientes
623 5155 985 5226 magniﬁcant
1009 5157 1254 5228 gratiam
1283 5158 1604 5225 Salvatoris,
1691 5158 1881 5209 autem
1909 5154 2214 5227 discipulus
2244 5156 2316 5211 ad
2351 5157 2737 5229 supradictum
2766 5159 2998 5217 fratrem
3026 5140 3186 5221 dixit—
3187 5167 3239 5221 ei
3272 5185 3284 5219 :

45 5239 151 5317 nam
169 5238 224 5288 et
245 5252 346 5293 nos
374 5240 553 5313 ipsam
603 5243 956 5300 arbusculam
994 5246 1265 5317 vidimus;
1299 5252 1358 5302 et
1383 5247 1607 5303 benedi-

1689 5243 1966 5309 Quoniam
2006 5244 2166 5299 valde
2200 5244 2472 5301 sollicitus
2508 5252 2595 5303 est
2641 5247 2815 5304 abbas
2839 5267 2999 5307 meus
3032 5253 3103 5308 de
3138 5254 3292 5310 inﬁr-

45 5315 197 5409 Kimus
224 5325 545 5399 Dominum,
570 5332 664 5404 qui
684 5334 931 5406 protegit
957 5334 1016 5391 in
1046 5315 1306 5392 omnibus
1336 5336 1392 5392 in
1419 5338 1602 5393 since-
1686 5333 1881 5389 mitate
1896 5338 2014 5402 tua,
2032 5334 2158 5389 ideo
2179 5334 2333 5390 misit
2351 5351 2441 5390 me
2453 5337 2745 5409 requirens
2762 5339 2811 5393 si
2836 5341 3037 5396 melius
3059 5341 3288 5399 habeas.

45 5401 184 5464 ritate
212 5416 266 5467 et
285 5417 518 5474 veritate
542 5401 648 5475 sibi
670 5401 994 5479 servientes.

1686 5423 1761 5478 At
1788 5422 1881 5478 ille
1908 5422 2251 5496 respondens
2279 5424 2421 5480 dixit
2450 5442 2464 5483 :
2495 5425 2719 5483 Gratias
2745 5444 2871 5499 ago,
2902 5429 3128 5486 domine
3155 5449 3287 5489 san-

287 5498 377 5557 ‘25.
432 5504 685 5569 Quodam
706 5512 960 5580 tempore
992 5508 1062 5563 ad
1092 5508 1319 5565 beatum
1343 5510 1605 5567 abbatem
1687 5517 1792 5579 cte,
1827 5512 2088 5568 charitati
2116 5517 2245 5581 tuac,
2290 5513 2424 5585 quia
2444 5514 2717 5570 sollicitus
2735 5496 2809 5571 es:
2822 5517 2891 5572 de
2919 5534 3029 5587 me,
3062 5537 3286 5577 verum-

45 5573 365 5677 Al’tfllonium
383 5573 971 5669 duxeruntquem-dam
990 5598 1373 5671 vexatum,qui
1387 5599 1608 5656 fortiter
1690 5573 1880 5657 tanien
1907 5602 2164 5675 precibus
2209 5573 2326 5659 tuis
2352 5602 2552 5658 melius
2597 5604 2794 5660 habeo.
2851 5573 3144 5677 Reversus?
3167 5573 3287 5669 ET:-

45 5676 70 5714 a
107 5665 363 5735 daemonio
407 5665 776 5757 torquebatur
815 5688 1037 5760 (Pclag.,
1072 5688 1238 5743 libet].
1274 5665 1362 5757 xv,
1406 5706 1462 5745 η.
1493 5690 1603 5761 65).
1691 5696 1807 5747 tem
1859 5665 2181 5765 discipulus,
2226 5692 2366 5749 dixit
2408 5691 2596 5749 abbati
2625 5710 2728 5751 suo
2761 5713 2773 5750 τ
2821 5665 3004 5757 Etiam
3036 5704 3095 5757 et
3139 5665 3289 5763 nunc
