  <div class='ocr_page' id='page_1' title='image "/cluster/home/n/w/nwhite01/storage/ocr_20150623/73/umn.31951002477366m/383.png"; bbox 0 0 3876 6412; ppageno 0'>
   <div class='ocr_carea' id='block_1_1' title="bbox 464 347 573 407">
    <p class='ocr_par' dir='ltr' id='par_1_1' title="bbox 464 347 573 407">
     <span class='ocr_line' id='line_1_1' title="bbox 464 347 573 407; baseline 0.018 -3"><span class='ocrx_word' id='word_1_1' title='bbox 464 347 573 407; x_wconf 83' lang='grc'>755</span> 
     </span>
    </p>
   </div>
   <div class='ocr_carea' id='block_1_2' title="bbox 1573 322 2619 407">
    <p class='ocr_par' dir='ltr' id='par_1_2' title="bbox 1573 322 2619 407">
     <span class='ocr_line' id='line_1_2' title="bbox 1573 322 2619 407; baseline -0.002 -3"><span class='ocrx_word' id='word_1_2' title='bbox 1573 349 1669 404; x_wconf 89' lang='lat' dir='ltr'><strong>DE</strong></span> <span class='ocrx_word' id='word_1_3' title='bbox 1705 349 1894 407; x_wconf 82' lang='lat' dir='ltr'><strong>vms</strong></span> <span class='ocrx_word' id='word_1_4' title='bbox 1932 348 2228 405; x_wconf 79' lang='lat' dir='ltr'><strong>PATRUM</strong></span> <span class='ocrx_word' id='word_1_5' title='bbox 2265 322 2481 403; x_wconf 82' lang='lat' dir='ltr'><strong>LIBER</strong></span> <span class='ocrx_word' id='word_1_6' title='bbox 2516 346 2619 403; x_wconf 82' lang='grc' dir='ltr'><strong>ιιι.</strong></span> 
     </span>
    </p>
   </div>
   <div class='ocr_carea' id='block_1_3' title="bbox 3646 346 3743 404">
    <p class='ocr_par' dir='ltr' id='par_1_3' title="bbox 3646 346 3743 404">
     <span class='ocr_line' id='line_1_3' title="bbox 3646 346 3743 404; baseline 0.01 -1"><span class='ocrx_word' id='word_1_7' title='bbox 3646 346 3743 404; x_wconf 80' lang='grc'><strong>756</strong></span> 
     </span>
    </p>
   </div>
   <div class='ocr_carea' id='block_1_4' title="bbox 466 471 3746 547">
    <p class='ocr_par' dir='ltr' id='par_1_4' title="bbox 466 471 3746 547">
     <span class='ocr_line' id='line_1_4' title="bbox 466 471 3746 547; baseline -0.001 -16"><span class='ocrx_word' id='word_1_8' title='bbox 466 471 1331 547; x_wconf 86' lang='lat' dir='ltr'><strong>deprecatursanctitatemtuam</strong></span> <span class='ocrx_word' id='word_1_9' title='bbox 1345 472 1815 547; x_wconf 85' lang='lat' dir='ltr'><strong>dicens,utusque</strong></span> <span class='ocrx_word' id='word_1_10' title='bbox 1829 475 2059 531; x_wconf 86' lang='lat' dir='ltr'><strong>addiem</strong></span> <span class='ocrx_word' id='word_1_11' title='bbox 2077 475 2491 547; x_wconf 73' lang='lat' dir='ltr'><strong>Apmceptum</strong></span> <span class='ocrx_word' id='word_1_12' title='bbox 2516 471 2753 541; x_wconf 79' lang='lat' dir='ltr'><strong>abbatis;</strong></span> <span class='ocrx_word' id='word_1_13' title='bbox 2775 487 3017 543; x_wconf 90' lang='lat' dir='ltr'><strong>cumque</strong></span> <span class='ocrx_word' id='word_1_14' title='bbox 3044 476 3323 544; x_wconf 80' lang='lat' dir='ltr'><strong>pergeret,</strong></span> <span class='ocrx_word' id='word_1_15' title='bbox 3363 472 3513 527; x_wconf 81' lang='lat' dir='ltr'>dixit</span> <span class='ocrx_word' id='word_1_16' title='bbox 3564 471 3746 528; x_wconf 83' lang='lat' dir='ltr'><strong>abbati</strong></span> 
     </span>
    </p>
   </div>
   <div class='ocr_carea' id='block_1_5' title="bbox 464 563 2068 635">
    <p class='ocr_par' dir='ltr' id='par_1_5' title="bbox 464 563 2068 635">
     <span class='ocr_line' id='line_1_5' title="bbox 464 563 2068 635; baseline -0.001 -14"><span class='ocrx_word' id='word_1_17' title='bbox 464 563 813 621; x_wconf 87' lang='lat' dir='ltr'><strong>Dominicam</strong></span> <span class='ocrx_word' id='word_1_18' title='bbox 837 567 1144 634; x_wconf 88' lang='lat' dir='ltr'><strong>exspectes,</strong></span> <span class='ocrx_word' id='word_1_19' title='bbox 1160 567 1218 616; x_wconf 91' lang='lat' dir='ltr'><strong>et</strong></span> <span class='ocrx_word' id='word_1_20' title='bbox 1236 563 1430 619; x_wconf 77' lang='lat' dir='ltr'><strong>statim</strong></span> <span class='ocrx_word' id='word_1_21' title='bbox 1447 564 1783 635; x_wconf 80' lang='lat' dir='ltr'><strong>egredietur.</strong></span> <span class='ocrx_word' id='word_1_22' title='bbox 1808 566 1950 620; x_wconf 91' lang='lat' dir='ltr'><strong>Cum</strong></span> <span class='ocrx_word' id='word_1_23' title='bbox 1969 582 2068 620; x_wconf 91' lang='lat' dir='ltr'><strong>au-</strong></span> 
     </span>
    </p>
   </div>
   <div class='ocr_carea' id='block_1_6' title="bbox 465 650 2061 724">
    <p class='ocr_par' dir='ltr' id='par_1_6' title="bbox 465 650 2061 724">
     <span class='ocr_line' id='line_1_6' title="bbox 465 650 2061 724; baseline -0.001 -16"><span class='ocrx_word' id='word_1_24' title='bbox 465 659 582 708; x_wconf 86' lang='lat' dir='ltr'><strong>tem</strong></span> <span class='ocrx_word' id='word_1_25' title='bbox 609 650 928 708; x_wconf 80' lang='lat' dir='ltr'><strong>advenisset</strong></span> <span class='ocrx_word' id='word_1_26' title='bbox 952 651 1279 707; x_wconf 90' lang='lat' dir='ltr'><strong>Dominicus</strong></span> <span class='ocrx_word' id='word_1_27' title='bbox 1306 652 1444 719; x_wconf 90' lang='lat' dir='ltr'><strong>dies,</strong></span> <span class='ocrx_word' id='word_1_28' title='bbox 1468 657 1527 707; x_wconf 91' lang='lat' dir='ltr'><strong>et</strong></span> <span class='ocrx_word' id='word_1_29' title='bbox 1549 669 1664 709; x_wconf 91' lang='lat' dir='ltr'><strong>non</strong></span> <span class='ocrx_word' id='word_1_30' title='bbox 1682 653 2061 724; x_wconf 80' lang='lat' dir='ltr'><strong>egrederetur,</strong></span> 
     </span>
    </p>
   </div>
   <div class='ocr_carea' id='block_1_7' title="bbox 448 740 2067 813">
    <p class='ocr_par' dir='ltr' id='par_1_7' title="bbox 448 740 2067 813">
     <span class='ocr_line' id='line_1_7' title="bbox 448 740 2067 813; baseline 0 -16"><span class='ocrx_word' id='word_1_31' title='bbox 448 740 745 813; x_wconf 79' lang='lat' dir='ltr'><strong>accipiens</strong></span> <span class='ocrx_word' id='word_1_32' title='bbox 772 744 983 795; x_wconf 84' lang='lat' dir='ltr'><strong>vectem</strong></span> <span class='ocrx_word' id='word_1_33' title='bbox 1001 740 1208 807; x_wconf 86' lang='lat' dir='ltr'><strong>senior,</strong></span> <span class='ocrx_word' id='word_1_34' title='bbox 1222 741 1607 797; x_wconf 86' lang='lat' dir='ltr'><strong>inﬂammatus</strong></span> <span class='ocrx_word' id='word_1_35' title='bbox 1625 742 1845 798; x_wconf 64' lang='lat' dir='ltr'><strong>invidie</strong></span> <span class='ocrx_word' id='word_1_36' title='bbox 1870 748 1928 797; x_wconf 91' lang='lat' dir='ltr'><strong>et</strong></span> <span class='ocrx_word' id='word_1_37' title='bbox 1953 742 2067 797; x_wconf 90' lang='lat' dir='ltr'><strong>ira-</strong></span> 
     </span>
    </p>
   </div>
   <div class='ocr_carea' id='block_1_8' title="bbox 463 829 2065 903">
    <p class='ocr_par' dir='ltr' id='par_1_8' title="bbox 463 829 2065 903">
     <span class='ocr_line' id='line_1_8' title="bbox 463 829 2065 903; baseline -0.001 -17"><span class='ocrx_word' id='word_1_38' title='bbox 463 830 683 886; x_wconf 62' lang='lat' dir='ltr'><strong>cundia</strong></span> <span class='ocrx_word' id='word_1_39' title='bbox 710 829 931 903; x_wconf 87' lang='lat' dir='ltr'><strong>spiritu,</strong></span> <span class='ocrx_word' id='word_1_40' title='bbox 960 829 1230 901; x_wconf 81' lang='lat' dir='ltr'><strong>pergebat</strong></span> <span class='ocrx_word' id='word_1_41' title='bbox 1248 836 1314 885; x_wconf 92' lang='lat' dir='ltr'><strong>ut</strong></span> <span class='ocrx_word' id='word_1_42' title='bbox 1335 830 1596 886; x_wconf 64' lang='lat' dir='ltr'><strong>caedendo</strong></span> <span class='ocrx_word' id='word_1_43' title='bbox 1625 832 1927 903; x_wconf 82' lang='lat' dir='ltr'><strong>expelleret</strong></span> <span class='ocrx_word' id='word_1_44' title='bbox 1939 848 2065 887; x_wconf 90' lang='lat' dir='ltr'><strong>eum</strong></span> 
     </span>
    </p>
   </div>
   <div class='ocr_carea' id='block_1_9' title="bbox 465 919 2069 993">
    <p class='ocr_par' dir='ltr' id='par_1_9' title="bbox 465 919 2069 993">
     <span class='ocr_line' id='line_1_9' title="bbox 465 919 2069 993; baseline 0 -18"><span class='ocrx_word' id='word_1_45' title='bbox 465 920 538 975; x_wconf 90' lang='lat' dir='ltr'><strong>de</strong></span> <span class='ocrx_word' id='word_1_46' title='bbox 563 920 705 976; x_wconf 89' lang='lat' dir='ltr'><strong>cella</strong></span> <span class='ocrx_word' id='word_1_47' title='bbox 731 935 853 974; x_wconf 91' lang='lat' dir='ltr'><strong>sua.</strong></span> <span class='ocrx_word' id='word_1_48' title='bbox 902 919 1187 975; x_wconf 83' lang='lat' dir='ltr'><strong>Accedens</strong></span> <span class='ocrx_word' id='word_1_49' title='bbox 1224 924 1415 975; x_wconf 91' lang='lat' dir='ltr'><strong>autem</strong></span> <span class='ocrx_word' id='word_1_50' title='bbox 1434 920 1739 992; x_wconf 88' lang='lat' dir='ltr'><strong>discipulus</strong></span> <span class='ocrx_word' id='word_1_51' title='bbox 1777 922 1898 993; x_wconf 88' lang='lat' dir='ltr'><strong>ejus</strong></span> <span class='ocrx_word' id='word_1_52' title='bbox 1928 922 2069 976; x_wconf 79' lang='lat' dir='ltr'><strong>dixit</strong></span> 
     </span>
    </p>
   </div>
   <div class='ocr_carea' id='block_1_10' title="bbox 465 1007 2067 1080">
    <p class='ocr_par' dir='ltr' id='par_1_10' title="bbox 465 1007 2067 1080">
     <span class='ocr_line' id='line_1_10' title="bbox 465 1007 2067 1080; baseline 0.001 -16"><span class='ocrx_word' id='word_1_53' title='bbox 465 1009 546 1064; x_wconf 89' lang='lat' dir='ltr'><strong>ei:</strong></span> <span class='ocrx_word' id='word_1_54' title='bbox 572 1009 633 1067; x_wconf 88' lang='lat' dir='ltr'><strong>Si</strong></span> <span class='ocrx_word' id='word_1_55' title='bbox 654 1007 842 1080; x_wconf 91' lang='lat' dir='ltr'><strong>jubes,</strong></span> <span class='ocrx_word' id='word_1_56' title='bbox 875 1009 1062 1076; x_wconf 90' lang='lat' dir='ltr'><strong>Pater,</strong></span> <span class='ocrx_word' id='word_1_57' title='bbox 1093 1009 1345 1080; x_wconf 66' lang='lat' dir='ltr'><strong>praecedo</strong></span> <span class='ocrx_word' id='word_1_58' title='bbox 1365 1014 1442 1076; x_wconf 91' lang='lat' dir='ltr'><strong>te,</strong></span> <span class='ocrx_word' id='word_1_59' title='bbox 1464 1015 1524 1064; x_wconf 90' lang='lat' dir='ltr'><strong>et</strong></span> <span class='ocrx_word' id='word_1_60' title='bbox 1534 1010 1712 1077; x_wconf 89' lang='lat' dir='ltr'><strong>video,</strong></span> <span class='ocrx_word' id='word_1_61' title='bbox 1741 1026 1812 1065; x_wconf 93' lang='lat' dir='ltr'><strong>ne</strong></span> <span class='ocrx_word' id='word_1_62' title='bbox 1832 1011 2067 1066; x_wconf 83' lang='lat' dir='ltr'><strong>forsitan</strong></span> 
     </span>
    </p>
   </div>
   <div class='ocr_carea' id='block_1_11' title="bbox 468 1097 2070 1170">
    <p class='ocr_par' dir='ltr' id='par_1_11' title="bbox 468 1097 2070 1170">
     <span class='ocr_line' id='line_1_11' title="bbox 468 1097 2070 1170; baseline 0.001 -17"><span class='ocrx_word' id='word_1_63' title='bbox 468 1097 645 1170; x_wconf 78' lang='lat' dir='ltr'><strong>aliqui</strong></span> <span class='ocrx_word' id='word_1_64' title='bbox 664 1097 867 1153; x_wconf 83' lang='lat' dir='ltr'><strong>fratres</strong></span> <span class='ocrx_word' id='word_1_65' title='bbox 885 1097 958 1152; x_wconf 91' lang='lat' dir='ltr'><strong>ad</strong></span> <span class='ocrx_word' id='word_1_66' title='bbox 980 1098 1342 1153; x_wconf 88' lang='lat' dir='ltr'><strong>salutandum</strong></span> <span class='ocrx_word' id='word_1_67' title='bbox 1375 1114 1507 1153; x_wconf 91' lang='lat' dir='ltr'><strong>eum</strong></span> <span class='ocrx_word' id='word_1_68' title='bbox 1532 1099 1805 1167; x_wconf 79' lang='lat' dir='ltr'><strong>venerint,</strong></span> <span class='ocrx_word' id='word_1_69' title='bbox 1832 1104 1891 1154; x_wconf 90' lang='lat' dir='ltr'><strong>et</strong></span> <span class='ocrx_word' id='word_1_70' title='bbox 1917 1100 1965 1155; x_wconf 89' lang='lat' dir='ltr'><strong>si</strong></span> <span class='ocrx_word' id='word_1_71' title='bbox 1992 1101 2070 1154; x_wconf 89' lang='lat' dir='ltr'><strong>vi-</strong></span> 
     </span>
    </p>
   </div>
   <div class='ocr_carea' id='block_1_12' title="bbox 466 1186 2073 1261">
    <p class='ocr_par' dir='ltr' id='par_1_12' title="bbox 466 1186 2073 1261">
     <span class='ocr_line' id='line_1_12' title="bbox 466 1186 2073 1261; baseline 0.003 -20"><span class='ocrx_word' id='word_1_72' title='bbox 466 1186 657 1242; x_wconf 86' lang='lat' dir='ltr'><strong>derint</strong></span> <span class='ocrx_word' id='word_1_73' title='bbox 680 1192 758 1252; x_wconf 90' lang='lat' dir='ltr'><strong>te,</strong></span> <span class='ocrx_word' id='word_1_74' title='bbox 783 1186 1247 1242; x_wconf 84' lang='lat' dir='ltr'><strong>scandalizentur.</strong></span> <span class='ocrx_word' id='word_1_75' title='bbox 1274 1187 1566 1243; x_wconf 81' lang='lat' dir='ltr'><strong>Praecessit</strong></span> <span class='ocrx_word' id='word_1_76' title='bbox 1612 1205 1743 1260; x_wconf 88' lang='lat' dir='ltr'><strong>ergo</strong></span> <span class='ocrx_word' id='word_1_77' title='bbox 1768 1188 2073 1261; x_wconf 86' lang='lat' dir='ltr'><strong>discipulus</strong></span> 
     </span>
    </p>
   </div>
   <div class='ocr_carea' id='block_1_13' title="bbox 470 1271 2075 1346">
    <p class='ocr_par' dir='ltr' id='par_1_13' title="bbox 470 1271 2075 1346">
     <span class='ocr_line' id='line_1_13' title="bbox 470 1271 2075 1346; baseline 0.003 -17"><span class='ocrx_word' id='word_1_78' title='bbox 470 1279 529 1329; x_wconf 89' lang='lat' dir='ltr'><strong>et</strong></span> <span class='ocrx_word' id='word_1_79' title='bbox 547 1274 837 1346; x_wconf 89' lang='lat' dir='ltr'><strong>ingressus</strong></span> <span class='ocrx_word' id='word_1_80' title='bbox 864 1275 937 1330; x_wconf 91' lang='lat' dir='ltr'><strong>ad</strong></span> <span class='ocrx_word' id='word_1_81' title='bbox 965 1292 1097 1330; x_wconf 90' lang='lat' dir='ltr'><strong>eum</strong></span> <span class='ocrx_word' id='word_1_82' title='bbox 1122 1275 1264 1330; x_wconf 80' lang='lat' dir='ltr'><strong>dixit</strong></span> <span class='ocrx_word' id='word_1_83' title='bbox 1291 1293 1303 1328; x_wconf 87' lang='lat'>:</span> <span class='ocrx_word' id='word_1_84' title='bbox 1350 1276 1488 1331; x_wconf 89' lang='lat' dir='ltr'><strong>Ecce</strong></span> <span class='ocrx_word' id='word_1_85' title='bbox 1514 1276 1688 1332; x_wconf 88' lang='lat' dir='ltr'><strong>abbas</strong></span> <span class='ocrx_word' id='word_1_86' title='bbox 1735 1295 1894 1333; x_wconf 90' lang='lat' dir='ltr'><strong>meus</strong></span> <span class='ocrx_word' id='word_1_87' title='bbox 1920 1271 2075 1334; x_wconf 69' lang='lat' dir='ltr'><strong>venit</strong></span> 
     </span>
    </p>
   </div>
   <div class='ocr_carea' id='block_1_14' title="bbox 472 1363 2073 1437">
    <p class='ocr_par' dir='ltr' id='par_1_14' title="bbox 472 1363 2073 1437">
     <span class='ocr_line' id='line_1_14' title="bbox 472 1363 2073 1437; baseline 0.002 -18"><span class='ocrx_word' id='word_1_88' title='bbox 472 1363 923 1419; x_wconf 89' lang='lat' dir='ltr'><strong>adsalutandum</strong></span> <span class='ocrx_word' id='word_1_89' title='bbox 955 1368 1033 1432; x_wconf 91' lang='lat' dir='ltr'><strong>te,</strong></span> <span class='ocrx_word' id='word_1_90' title='bbox 1073 1365 1344 1435; x_wconf 83' lang='lat' dir='ltr'><strong>egredere</strong></span> <span class='ocrx_word' id='word_1_91' title='bbox 1397 1382 1530 1437; x_wconf 90' lang='lat' dir='ltr'><strong>ergo</strong></span> <span class='ocrx_word' id='word_1_92' title='bbox 1570 1367 1826 1432; x_wconf 88' lang='lat' dir='ltr'><strong>celerius,</strong></span> <span class='ocrx_word' id='word_1_93' title='bbox 1860 1374 1918 1422; x_wconf 89' lang='lat' dir='ltr'><strong>et</strong></span> <span class='ocrx_word' id='word_1_94' title='bbox 1944 1385 2073 1422; x_wconf 88' lang='lat' dir='ltr'><strong>cum</strong></span> 
     </span>
    </p>
   </div>
   <div class='ocr_carea' id='block_1_15' title="bbox 471 1452 2075 1527">
    <p class='ocr_par' dir='ltr' id='par_1_15' title="bbox 471 1452 2075 1527">
     <span class='ocr_line' id='line_1_15' title="bbox 471 1452 2075 1527; baseline 0.003 -20"><span class='ocrx_word' id='word_1_95' title='bbox 471 1452 786 1525; x_wconf 70' lang='lat' dir='ltr'><strong>gratiarum</strong></span> <span class='ocrx_word' id='word_1_96' title='bbox 806 1452 1026 1508; x_wconf 87' lang='lat' dir='ltr'><strong>actione</strong></span> <span class='ocrx_word' id='word_1_97' title='bbox 1040 1469 1267 1509; x_wconf 89' lang='lat' dir='ltr'><strong>occurre</strong></span> <span class='ocrx_word' id='word_1_98' title='bbox 1281 1454 1458 1526; x_wconf 87' lang='lat' dir='ltr'><strong>ei,qui</strong></span> <span class='ocrx_word' id='word_1_99' title='bbox 1478 1471 1581 1527; x_wconf 92' lang='lat' dir='ltr'><strong>pro</strong></span> <span class='ocrx_word' id='word_1_100' title='bbox 1604 1455 1779 1511; x_wconf 89' lang='lat' dir='ltr'><strong>nimia</strong></span> <span class='ocrx_word' id='word_1_101' title='bbox 1801 1456 2075 1512; x_wconf 86' lang='lat' dir='ltr'><strong>charitate</strong></span> 
     </span>
    </p>
   </div>
   <div class='ocr_carea' id='block_1_16' title="bbox 475 1541 2075 1616">
    <p class='ocr_par' dir='ltr' id='par_1_16' title="bbox 475 1541 2075 1616">
     <span class='ocr_line' id='line_1_16' title="bbox 475 1541 2075 1616; baseline 0.002 -18"><span class='ocrx_word' id='word_1_102' title='bbox 475 1546 535 1598; x_wconf 92' lang='lat' dir='ltr'><strong>et</strong></span> <span class='ocrx_word' id='word_1_103' title='bbox 560 1541 859 1598; x_wconf 89' lang='lat' dir='ltr'><strong>dilectione</strong></span> <span class='ocrx_word' id='word_1_104' title='bbox 880 1541 1034 1597; x_wconf 86' lang='lat' dir='ltr'><strong>venit</strong></span> <span class='ocrx_word' id='word_1_105' title='bbox 1074 1542 1146 1598; x_wconf 91' lang='lat' dir='ltr'><strong>ad</strong></span> <span class='ocrx_word' id='word_1_106' title='bbox 1175 1548 1251 1598; x_wconf 93' lang='lat' dir='ltr'><strong>te.</strong></span> <span class='ocrx_word' id='word_1_107' title='bbox 1285 1543 1393 1608; x_wconf 87' lang='lat' dir='ltr'><strong>Qui</strong></span> <span class='ocrx_word' id='word_1_108' title='bbox 1430 1544 1624 1599; x_wconf 87' lang='lat' dir='ltr'><strong>statim</strong></span> <span class='ocrx_word' id='word_1_109' title='bbox 1672 1561 1909 1616; x_wconf 85' lang='lat' dir='ltr'><strong>surgens</strong></span> <span class='ocrx_word' id='word_1_110' title='bbox 1945 1563 2075 1602; x_wconf 91' lang='lat' dir='ltr'><strong>cum</strong></span> 
     </span>
    </p>
   </div>
   <div class='ocr_carea' id='block_1_17' title="bbox 472 1629 2076 1704">
    <p class='ocr_par' dir='ltr' id='par_1_17' title="bbox 472 1629 2076 1704">
     <span class='ocr_line' id='line_1_17' title="bbox 472 1629 2076 1704; baseline 0.002 -19"><span class='ocrx_word' id='word_1_111' title='bbox 472 1629 655 1686; x_wconf 90' lang='lat' dir='ltr'><strong>nimia</strong></span> <span class='ocrx_word' id='word_1_112' title='bbox 681 1629 973 1686; x_wconf 76' lang='lat' dir='ltr'><strong>alacritate</strong></span> <span class='ocrx_word' id='word_1_113' title='bbox 1014 1631 1258 1686; x_wconf 90' lang='lat' dir='ltr'><strong>occurrit</strong></span> <span class='ocrx_word' id='word_1_114' title='bbox 1294 1631 1365 1686; x_wconf 90' lang='lat' dir='ltr'><strong>ei.</strong></span> <span class='ocrx_word' id='word_1_115' title='bbox 1396 1632 1651 1704; x_wconf 89' lang='lat' dir='ltr'><strong>Cumque</strong></span> <span class='ocrx_word' id='word_1_116' title='bbox 1680 1633 1909 1688; x_wconf 84' lang='lat' dir='ltr'><strong>vidisset</strong></span> <span class='ocrx_word' id='word_1_117' title='bbox 1946 1651 2076 1689; x_wconf 90' lang='lat' dir='ltr'><strong>eum</strong></span> 
     </span>
    </p>
   </div>
   <div class='ocr_carea' id='block_1_18' title="bbox 474 1722 2078 1797">
    <p class='ocr_par' dir='ltr' id='par_1_18' title="bbox 474 1722 2078 1797">
     <span class='ocr_line' id='line_1_18' title="bbox 474 1722 2078 1797; baseline 0.002 -20"><span class='ocrx_word' id='word_1_118' title='bbox 474 1726 781 1793; x_wconf 77' lang='lat' dir='ltr'><strong>antequam</strong></span> <span class='ocrx_word' id='word_1_119' title='bbox 799 1722 1218 1794; x_wconf 89' lang='lat' dir='ltr'><strong>approximaret</strong></span> <span class='ocrx_word' id='word_1_120' title='bbox 1240 1722 1314 1777; x_wconf 90' lang='lat' dir='ltr'><strong>ad</strong></span> <span class='ocrx_word' id='word_1_121' title='bbox 1341 1739 1491 1788; x_wconf 90' lang='lat' dir='ltr'><strong>eum,</strong></span> <span class='ocrx_word' id='word_1_122' title='bbox 1515 1724 1821 1796; x_wconf 88' lang='lat' dir='ltr'><strong>prostravit</strong></span> <span class='ocrx_word' id='word_1_123' title='bbox 1856 1742 1916 1780; x_wconf 89' lang='lat' dir='ltr'><strong>se</strong></span> <span class='ocrx_word' id='word_1_124' title='bbox 1945 1742 2078 1797; x_wconf 87' lang='lat' dir='ltr'><strong>pro-</strong></span> 
     </span>
    </p>
   </div>
   <div class='ocr_carea' id='block_1_19' title="bbox 2147 562 3748 635">
    <p class='ocr_par' dir='ltr' id='par_1_19' title="bbox 2147 562 3748 635">
     <span class='ocr_line' id='line_1_19' title="bbox 2147 562 3748 635; baseline -0.001 -16"><span class='ocrx_word' id='word_1_125' title='bbox 2147 582 2275 620; x_wconf 88' lang='lat' dir='ltr'><strong>suo:</strong></span> <span class='ocrx_word' id='word_1_126' title='bbox 2309 563 2546 619; x_wconf 89' lang='lat' dir='ltr'><strong>Domine</strong></span> <span class='ocrx_word' id='word_1_127' title='bbox 2571 568 2751 635; x_wconf 88' lang='lat' dir='ltr'><strong>pater,</strong></span> <span class='ocrx_word' id='word_1_128' title='bbox 2785 563 2973 618; x_wconf 83' lang='lat' dir='ltr'><strong>audivi</strong></span> <span class='ocrx_word' id='word_1_129' title='bbox 3020 562 3471 635; x_wconf 82' lang='lat' dir='ltr'><strong>quamplurimas</strong></span> <span class='ocrx_word' id='word_1_130' title='bbox 3500 562 3748 619; x_wconf 83' lang='lat' dir='ltr'><strong>dicentes</strong></span> 
     </span>
    </p>
   </div>
   <div class='ocr_carea' id='block_1_20' title="bbox 2149 651 3743 726">
    <p class='ocr_par' dir='ltr' id='par_1_20' title="bbox 2149 651 3743 726">
     <span class='ocr_line' id='line_1_20' title="bbox 2149 651 3743 726; baseline -0.001 -18"><span class='ocrx_word' id='word_1_131' title='bbox 2149 654 2283 726; x_wconf 90' lang='lat' dir='ltr'><strong>quia</strong></span> <span class='ocrx_word' id='word_1_132' title='bbox 2305 653 2365 708; x_wconf 92' lang='lat' dir='ltr'><strong>in</strong></span> <span class='ocrx_word' id='word_1_133' title='bbox 2383 653 2480 708; x_wconf 92' lang='lat' dir='ltr'><strong>illo</strong></span> <span class='ocrx_word' id='word_1_134' title='bbox 2510 653 2633 707; x_wconf 92' lang='lat' dir='ltr'><strong>loco</strong></span> <span class='ocrx_word' id='word_1_135' title='bbox 2660 653 2811 707; x_wconf 89' lang='lat' dir='ltr'><strong>mala</strong></span> <span class='ocrx_word' id='word_1_136' title='bbox 2834 651 3014 706; x_wconf 88' lang='lat' dir='ltr'><strong>bestia</strong></span> <span class='ocrx_word' id='word_1_137' title='bbox 3032 652 3207 706; x_wconf 81' lang='lat' dir='ltr'><strong>leaena</strong></span> <span class='ocrx_word' id='word_1_138' title='bbox 3224 651 3316 706; x_wconf 88' lang='lat' dir='ltr'><strong>sit.</strong></span> <span class='ocrx_word' id='word_1_139' title='bbox 3349 653 3513 708; x_wconf 88' lang='lat' dir='ltr'><strong>Tunc</strong></span> <span class='ocrx_word' id='word_1_140' title='bbox 3540 653 3743 719; x_wconf 82' lang='lat' dir='ltr'><strong>senior,</strong></span> 
     </span>
    </p>
   </div>
   <div class='ocr_carea' id='block_1_21' title="bbox 2150 740 3750 815">
    <p class='ocr_par' dir='ltr' id='par_1_21' title="bbox 2150 740 3750 815">
     <span class='ocr_line' id='line_1_21' title="bbox 2150 740 3750 815; baseline -0.002 -16"><span class='ocrx_word' id='word_1_141' title='bbox 2150 743 2309 815; x_wconf 90' lang='lat' dir='ltr'><strong>quasi</strong></span> <span class='ocrx_word' id='word_1_142' title='bbox 2331 742 2660 813; x_wconf 90' lang='lat' dir='ltr'><strong>joculariter</strong></span> <span class='ocrx_word' id='word_1_143' title='bbox 2686 741 2822 796; x_wconf 90' lang='lat' dir='ltr'><strong>dicit</strong></span> <span class='ocrx_word' id='word_1_144' title='bbox 2850 740 2901 795; x_wconf 90' lang='lat' dir='ltr'><strong>ei</strong></span> <span class='ocrx_word' id='word_1_145' title='bbox 2925 759 2938 797; x_wconf 92' lang='lat'>:</span> <span class='ocrx_word' id='word_1_146' title='bbox 2986 740 3045 796; x_wconf 91' lang='lat' dir='ltr'><strong>Si</strong></span> <span class='ocrx_word' id='word_1_147' title='bbox 3074 741 3287 796; x_wconf 86' lang='lat' dir='ltr'><strong>venerit</strong></span> <span class='ocrx_word' id='word_1_148' title='bbox 3316 758 3495 812; x_wconf 88' lang='lat' dir='ltr'><strong>super</strong></span> <span class='ocrx_word' id='word_1_149' title='bbox 3519 747 3604 807; x_wconf 89' lang='lat' dir='ltr'><strong>te,</strong></span> <span class='ocrx_word' id='word_1_150' title='bbox 3628 747 3750 797; x_wconf 83' lang='lat' dir='ltr'><strong>tene</strong></span> 
     </span>
    </p>
   </div>
   <div class='ocr_carea' id='block_1_22' title="bbox 2150 830 3750 903">
    <p class='ocr_par' dir='ltr' id='par_1_22' title="bbox 2150 830 3750 903">
     <span class='ocr_line' id='line_1_22' title="bbox 2150 830 3750 903; baseline -0.002 -16"><span class='ocrx_word' id='word_1_151' title='bbox 2150 838 2207 887; x_wconf 91' lang='lat' dir='ltr'><strong>et</strong></span> <span class='ocrx_word' id='word_1_152' title='bbox 2234 832 2405 903; x_wconf 87' lang='lat' dir='ltr'><strong>alliga</strong></span> <span class='ocrx_word' id='word_1_153' title='bbox 2433 848 2578 897; x_wconf 89' lang='lat' dir='ltr'><strong>eam,</strong></span> <span class='ocrx_word' id='word_1_154' title='bbox 2612 836 2670 885; x_wconf 91' lang='lat' dir='ltr'><strong>et</strong></span> <span class='ocrx_word' id='word_1_155' title='bbox 2703 830 2945 885; x_wconf 88' lang='lat' dir='ltr'><strong>adduces</strong></span> <span class='ocrx_word' id='word_1_156' title='bbox 2984 846 3110 884; x_wconf 89' lang='lat' dir='ltr'><strong>eam</strong></span> <span class='ocrx_word' id='word_1_157' title='bbox 3146 836 3355 887; x_wconf 87' lang='lat' dir='ltr'><strong>tecum.</strong></span> <span class='ocrx_word' id='word_1_158' title='bbox 3380 831 3529 885; x_wconf 90' lang='lat' dir='ltr'><strong>Cum</strong></span> <span class='ocrx_word' id='word_1_159' title='bbox 3562 838 3750 885; x_wconf 86' lang='lat' dir='ltr'><strong>autem</strong></span> 
     </span>
    </p>
   </div>
   <div class='ocr_carea' id='block_1_23' title="bbox 2148 920 3751 991">
    <p class='ocr_par' dir='ltr' id='par_1_23' title="bbox 2148 920 3751 991">
     <span class='ocr_line' id='line_1_23' title="bbox 2148 920 3751 991; baseline -0.001 -16"><span class='ocrx_word' id='word_1_160' title='bbox 2148 922 2394 977; x_wconf 90' lang='lat' dir='ltr'><strong>venisset</strong></span> <span class='ocrx_word' id='word_1_161' title='bbox 2421 921 2492 975; x_wconf 89' lang='lat' dir='ltr'><strong>ad</strong></span> <span class='ocrx_word' id='word_1_162' title='bbox 2520 922 2704 975; x_wconf 91' lang='lat' dir='ltr'><strong>locum</strong></span> <span class='ocrx_word' id='word_1_163' title='bbox 2730 922 2851 990; x_wconf 91' lang='lat' dir='ltr'><strong>jam</strong></span> <span class='ocrx_word' id='word_1_164' title='bbox 2870 936 3121 991; x_wconf 86' lang='lat' dir='ltr'><strong>vespere,</strong></span> <span class='ocrx_word' id='word_1_165' title='bbox 3144 920 3336 974; x_wconf 87' lang='lat' dir='ltr'><strong>statim</strong></span> <span class='ocrx_word' id='word_1_166' title='bbox 3367 936 3607 991; x_wconf 84' lang='lat' dir='ltr'><strong>egressa</strong></span> <span class='ocrx_word' id='word_1_167' title='bbox 3625 920 3751 975; x_wconf 66' lang='lat' dir='ltr'><strong>leae-</strong></span> 
     </span>
    </p>
   </div>
   <div class='ocr_carea' id='block_1_24' title="bbox 2148 1008 3751 1082">
    <p class='ocr_par' dir='ltr' id='par_1_24' title="bbox 2148 1008 3751 1082">
     <span class='ocr_line' id='line_1_24' title="bbox 2148 1008 3751 1082; baseline -0.002 -16"><span class='ocrx_word' id='word_1_168' title='bbox 2148 1027 2223 1066; x_wconf 90' lang='lat' dir='ltr'><strong>na</strong></span> <span class='ocrx_word' id='word_1_169' title='bbox 2242 1011 2409 1065; x_wconf 87' lang='lat' dir='ltr'><strong>irruit</strong></span> <span class='ocrx_word' id='word_1_170' title='bbox 2438 1026 2608 1082; x_wconf 90' lang='lat' dir='ltr'><strong>super</strong></span> <span class='ocrx_word' id='word_1_171' title='bbox 2633 1025 2784 1074; x_wconf 90' lang='lat' dir='ltr'><strong>eum,</strong></span> <span class='ocrx_word' id='word_1_172' title='bbox 2815 1014 2873 1063; x_wconf 88' lang='lat' dir='ltr'><strong>et</strong></span> <span class='ocrx_word' id='word_1_173' title='bbox 2897 1008 2993 1062; x_wconf 90' lang='lat' dir='ltr'><strong>ille</strong></span> <span class='ocrx_word' id='word_1_174' title='bbox 3021 1008 3505 1080; x_wconf 88' lang='lat' dir='ltr'><strong>comprehendens</strong></span> <span class='ocrx_word' id='word_1_175' title='bbox 3551 1015 3751 1063; x_wconf 85' lang='lat' dir='ltr'><strong>tenere</strong></span> 
     </span>
    </p>
   </div>
   <div class='ocr_carea' id='block_1_25' title="bbox 2151 1096 3754 1168">
    <p class='ocr_par' dir='ltr' id='par_1_25' title="bbox 2151 1096 3754 1168">
     <span class='ocr_line' id='line_1_25' title="bbox 2151 1096 3754 1168; baseline -0.002 -13"><span class='ocrx_word' id='word_1_176' title='bbox 2151 1116 2276 1156; x_wconf 89' lang='lat' dir='ltr'><strong>eam</strong></span> <span class='ocrx_word' id='word_1_177' title='bbox 2304 1099 2498 1165; x_wconf 88' lang='lat' dir='ltr'><strong>voluit,</strong></span> <span class='ocrx_word' id='word_1_178' title='bbox 2533 1098 2630 1154; x_wconf 89' lang='lat' dir='ltr'><strong>illa</strong></span> <span class='ocrx_word' id='word_1_179' title='bbox 2660 1114 2788 1152; x_wconf 91' lang='lat' dir='ltr'><strong>vero</strong></span> <span class='ocrx_word' id='word_1_180' title='bbox 2819 1096 3103 1152; x_wconf 81' lang='lat' dir='ltr'><strong>excutiens</strong></span> <span class='ocrx_word' id='word_1_181' title='bbox 3132 1114 3211 1162; x_wconf 88' lang='lat' dir='ltr'><strong>se,</strong></span> <span class='ocrx_word' id='word_1_182' title='bbox 3243 1097 3314 1152; x_wconf 91' lang='lat' dir='ltr'><strong>de</strong></span> <span class='ocrx_word' id='word_1_183' title='bbox 3343 1097 3615 1152; x_wconf 89' lang='lat' dir='ltr'><strong>manibus</strong></span> <span class='ocrx_word' id='word_1_184' title='bbox 3635 1100 3754 1168; x_wconf 87' lang='lat' dir='ltr'><strong>ejus</strong></span> 
     </span>
    </p>
   </div>
   <div class='ocr_carea' id='block_1_26' title="bbox 2153 1186 3755 1261">
    <p class='ocr_par' dir='ltr' id='par_1_26' title="bbox 2153 1186 3755 1261">
     <span class='ocr_line' id='line_1_26' title="bbox 2153 1186 3755 1261; baseline -0.002 -16"><span class='ocrx_word' id='word_1_185' title='bbox 2153 1189 2389 1261; x_wconf 88' lang='lat' dir='ltr'><strong>aufugit.</strong></span> <span class='ocrx_word' id='word_1_186' title='bbox 2425 1186 2777 1260; x_wconf 89' lang='lat' dir='ltr'><strong>Sequebatur</strong></span> <span class='ocrx_word' id='word_1_187' title='bbox 2805 1190 2993 1241; x_wconf 87' lang='lat' dir='ltr'><strong>autem</strong></span> <span class='ocrx_word' id='word_1_188' title='bbox 3016 1186 3109 1241; x_wconf 90' lang='lat' dir='ltr'><strong>ille</strong></span> <span class='ocrx_word' id='word_1_189' title='bbox 3146 1186 3375 1241; x_wconf 89' lang='lat' dir='ltr'><strong>dicens:</strong></span> <span class='ocrx_word' id='word_1_190' title='bbox 3403 1187 3551 1252; x_wconf 85' lang='lat' dir='ltr'><strong>Quia</strong></span> <span class='ocrx_word' id='word_1_191' title='bbox 3583 1186 3755 1242; x_wconf 81' lang='lat' dir='ltr'><strong>abbas</strong></span> 
     </span>
    </p>
   </div>
   <div class='ocr_carea' id='block_1_27' title="bbox 2155 1275 3755 1349">
    <p class='ocr_par' dir='ltr' id='par_1_27' title="bbox 2155 1275 3755 1349">
     <span class='ocr_line' id='line_1_27' title="bbox 2155 1275 3755 1349; baseline -0.003 -15"><span class='ocrx_word' id='word_1_192' title='bbox 2155 1295 2315 1334; x_wconf 91' lang='lat' dir='ltr'><strong>meus</strong></span> <span class='ocrx_word' id='word_1_193' title='bbox 2353 1276 2618 1349; x_wconf 70' lang='lat' dir='ltr'><strong>praecepit</strong></span> <span class='ocrx_word' id='word_1_194' title='bbox 2646 1281 2709 1330; x_wconf 92' lang='lat' dir='ltr'><strong>ut</strong></span> <span class='ocrx_word' id='word_1_195' title='bbox 2738 1275 3027 1346; x_wconf 86' lang='lat' dir='ltr'><strong>alligatam</strong></span> <span class='ocrx_word' id='word_1_196' title='bbox 3058 1280 3114 1330; x_wconf 87' lang='lat' dir='ltr'><strong>te</strong></span> <span class='ocrx_word' id='word_1_197' title='bbox 3146 1275 3449 1347; x_wconf 87' lang='lat' dir='ltr'><strong>perducam</strong></span> <span class='ocrx_word' id='word_1_198' title='bbox 3494 1276 3568 1331; x_wconf 86' lang='lat' dir='ltr'><strong>ad</strong></span> <span class='ocrx_word' id='word_1_199' title='bbox 3606 1293 3755 1330; x_wconf 90' lang='lat' dir='ltr'><strong>eum.</strong></span> 
     </span>
    </p>
   </div>
   <div class='ocr_carea' id='block_1_28' title="bbox 2155 1364 3761 1431">
    <p class='ocr_par' dir='ltr' id='par_1_28' title="bbox 2155 1364 3761 1431">
     <span class='ocr_line' id='line_1_28' title="bbox 2155 1364 3761 1431; baseline -0.003 -7"><span class='ocrx_word' id='word_1_200' title='bbox 2155 1367 2435 1424; x_wconf 91' lang='lat' dir='ltr'><strong>Continuo</strong></span> <span class='ocrx_word' id='word_1_201' title='bbox 2455 1371 2645 1422; x_wconf 79' lang='lat' dir='ltr'><strong>autem</strong></span> <span class='ocrx_word' id='word_1_202' title='bbox 2676 1365 2834 1419; x_wconf 89' lang='lat' dir='ltr'><strong>stetit</strong></span> <span class='ocrx_word' id='word_1_203' title='bbox 2858 1364 3054 1426; x_wconf 81' lang='lat' dir='ltr'><strong>bestia,</strong></span> <span class='ocrx_word' id='word_1_204' title='bbox 3078 1369 3136 1419; x_wconf 92' lang='lat' dir='ltr'><strong>et</strong></span> <span class='ocrx_word' id='word_1_205' title='bbox 3162 1370 3362 1420; x_wconf 90' lang='lat' dir='ltr'><strong>tenens</strong></span> <span class='ocrx_word' id='word_1_206' title='bbox 3392 1382 3541 1431; x_wconf 90' lang='lat' dir='ltr'><strong>eam,</strong></span> <span class='ocrx_word' id='word_1_207' title='bbox 3575 1382 3761 1420; x_wconf 84' lang='lat' dir='ltr'><strong>rever-</strong></span> 
     </span>
    </p>
   </div>
   <div class='ocr_carea' id='block_1_29' title="bbox 2154 1454 3759 1513">
    <p class='ocr_par' dir='ltr' id='par_1_29' title="bbox 2154 1454 3759 1513">
     <span class='ocr_line' id='line_1_29' title="bbox 2154 1454 3759 1513; baseline -0.001 -1"><span class='ocrx_word' id='word_1_208' title='bbox 2154 1457 2381 1513; x_wconf 89' lang='lat' dir='ltr'><strong>tebatur</strong></span> <span class='ocrx_word' id='word_1_209' title='bbox 2407 1456 2479 1510; x_wconf 87' lang='lat' dir='ltr'><strong>ad</strong></span> <span class='ocrx_word' id='word_1_210' title='bbox 2508 1454 2931 1510; x_wconf 90' lang='lat' dir='ltr'><strong>monasterium.</strong></span> <span class='ocrx_word' id='word_1_211' title='bbox 2964 1454 3113 1509; x_wconf 91' lang='lat' dir='ltr'><strong>Dum</strong></span> <span class='ocrx_word' id='word_1_212' title='bbox 3132 1459 3324 1510; x_wconf 90' lang='lat' dir='ltr'><strong>autem</strong></span> <span class='ocrx_word' id='word_1_213' title='bbox 3343 1455 3673 1509; x_wconf 87' lang='lat' dir='ltr'><strong>retardaret</strong></span> <span class='ocrx_word' id='word_1_214' title='bbox 3703 1456 3759 1510; x_wconf 90' lang='lat' dir='ltr'><strong>in</strong></span> 
     </span>
    </p>
   </div>
   <div class='ocr_carea' id='block_1_30' title="bbox 2156 1542 3763 1615">
    <p class='ocr_par' dir='ltr' id='par_1_30' title="bbox 2156 1542 3763 1615">
     <span class='ocr_line' id='line_1_30' title="bbox 2156 1542 3763 1615; baseline -0.002 -13"><span class='ocrx_word' id='word_1_215' title='bbox 2156 1547 2379 1612; x_wconf 87' lang='lat' dir='ltr'><strong>itinere,</strong></span> <span class='ocrx_word' id='word_1_216' title='bbox 2410 1544 2581 1600; x_wconf 89' lang='lat' dir='ltr'><strong>abbas</strong></span> <span class='ocrx_word' id='word_1_217' title='bbox 2609 1543 2776 1599; x_wconf 89' lang='lat' dir='ltr'><strong>nimis</strong></span> <span class='ocrx_word' id='word_1_218' title='bbox 2822 1543 3094 1603; x_wconf 85' lang='lat' dir='ltr'><strong>sollicitus</strong></span> <span class='ocrx_word' id='word_1_219' title='bbox 3122 1560 3224 1615; x_wconf 91' lang='lat' dir='ltr'><strong>pro</strong></span> <span class='ocrx_word' id='word_1_220' title='bbox 3272 1559 3360 1611; x_wconf 92' lang='lat' dir='ltr'><strong>eo,</strong></span> <span class='ocrx_word' id='word_1_221' title='bbox 3416 1542 3763 1598; x_wconf 82' lang='lat' dir='ltr'><strong>tristabatur</strong></span> 
     </span>
    </p>
   </div>
   <div class='ocr_carea' id='block_1_31' title="bbox 2160 1631 3760 1706">
    <p class='ocr_par' dir='ltr' id='par_1_31' title="bbox 2160 1631 3760 1706">
     <span class='ocr_line' id='line_1_31' title="bbox 2160 1631 3760 1706; baseline -0.002 -16"><span class='ocrx_word' id='word_1_222' title='bbox 2160 1635 2444 1706; x_wconf 87' lang='lat' dir='ltr'><strong>graviter;</strong></span> <span class='ocrx_word' id='word_1_223' title='bbox 2476 1638 2537 1688; x_wconf 92' lang='lat' dir='ltr'><strong>et</strong></span> <span class='ocrx_word' id='word_1_224' title='bbox 2563 1650 2688 1689; x_wconf 91' lang='lat' dir='ltr'><strong>ecce</strong></span> <span class='ocrx_word' id='word_1_225' title='bbox 2715 1631 2901 1687; x_wconf 90' lang='lat' dir='ltr'><strong>subito</strong></span> <span class='ocrx_word' id='word_1_226' title='bbox 2946 1633 3267 1703; x_wconf 89' lang='lat' dir='ltr'><strong>supervenit</strong></span> <span class='ocrx_word' id='word_1_227' title='bbox 3295 1632 3609 1704; x_wconf 89' lang='lat' dir='ltr'><strong>discipulus</strong></span> <span class='ocrx_word' id='word_1_228' title='bbox 3639 1635 3760 1703; x_wconf 84' lang='lat' dir='ltr'><strong>ejus</strong></span> 
     </span>
    </p>
   </div>
   <div class='ocr_carea' id='block_1_32' title="bbox 2094 1721 3759 1816">
    <p class='ocr_par' dir='ltr' id='par_1_32' title="bbox 2094 1721 3759 1816">
     <span class='ocr_line' id='line_1_32' title="bbox 2094 1721 3759 1816; baseline -0.002 -36"><span class='ocrx_word' id='word_1_229' title='bbox 2094 1755 2141 1816; x_wconf 73' lang='grc' dir='ltr'><strong>Β</strong></span> <span class='ocrx_word' id='word_1_230' title='bbox 2158 1730 2358 1780; x_wconf 90' lang='lat' dir='ltr'><strong>tenens</strong></span> <span class='ocrx_word' id='word_1_231' title='bbox 2378 1723 2611 1795; x_wconf 85' lang='lat' dir='ltr'><strong>ligatam</strong></span> <span class='ocrx_word' id='word_1_232' title='bbox 2644 1722 2901 1777; x_wconf 62' lang='lat' dir='ltr'><strong>leaenam.</strong></span> <span class='ocrx_word' id='word_1_233' title='bbox 2934 1721 3095 1786; x_wconf 86' lang='lat' dir='ltr'><strong>Quod</strong></span> <span class='ocrx_word' id='word_1_234' title='bbox 3123 1737 3252 1776; x_wconf 88' lang='lat' dir='ltr'><strong>cum</strong></span> <span class='ocrx_word' id='word_1_235' title='bbox 3279 1721 3516 1776; x_wconf 87' lang='lat' dir='ltr'><strong>vidisset</strong></span> <span class='ocrx_word' id='word_1_236' title='bbox 3549 1723 3759 1787; x_wconf 82' lang='lat' dir='ltr'><strong>senior,</strong></span> 
     </span>
    </p>
   </div>
   <div class='ocr_carea' id='block_1_33' title="bbox 474 1810 3765 1884">
    <p class='ocr_par' dir='ltr' id='par_1_33' title="bbox 474 1810 3765 1884">
     <span class='ocr_line' id='line_1_33' title="bbox 474 1810 3765 1884; baseline -0 -17"><span class='ocrx_word' id='word_1_237' title='bbox 474 1827 581 1867; x_wconf 87' lang='lat' dir='ltr'><strong>nus</strong></span> <span class='ocrx_word' id='word_1_238' title='bbox 610 1810 671 1867; x_wconf 88' lang='lat' dir='ltr'><strong>in</strong></span> <span class='ocrx_word' id='word_1_239' title='bbox 699 1815 927 1878; x_wconf 69' lang='lat' dir='ltr'><strong>teriam,</strong></span> <span class='ocrx_word' id='word_1_240' title='bbox 956 1810 1337 1883; x_wconf 87' lang='lat' dir='ltr'><strong>adorabatque</strong></span> <span class='ocrx_word' id='word_1_241' title='bbox 1378 1828 1572 1868; x_wconf 89' lang='lat' dir='ltr'><strong>senem</strong></span> <span class='ocrx_word' id='word_1_242' title='bbox 1611 1830 1738 1869; x_wconf 91' lang='lat' dir='ltr'><strong>cum</strong></span> <span class='ocrx_word' id='word_1_243' title='bbox 1767 1815 2077 1884; x_wconf 87' lang='lat' dir='ltr'><strong>gratiarum</strong></span> <span class='ocrx_word' id='word_1_244' title='bbox 2097 1810 2136 1816; x_wconf 70' lang='grc'>”</span> <span class='ocrx_word' id='word_1_245' title='bbox 2160 1814 2472 1870; x_wconf 84' lang='lat' dir='ltr'><strong>admiratus</strong></span> <span class='ocrx_word' id='word_1_246' title='bbox 2485 1811 2894 1883; x_wconf 88' lang='lat' dir='ltr'><strong>valde,gratias</strong></span> <span class='ocrx_word' id='word_1_247' title='bbox 2913 1810 3117 1881; x_wconf 86' lang='lat' dir='ltr'><strong>agebat</strong></span> <span class='ocrx_word' id='word_1_248' title='bbox 3135 1811 3414 1866; x_wconf 89' lang='lat' dir='ltr'><strong>Salvatori</strong></span> <span class='ocrx_word' id='word_1_249' title='bbox 3442 1812 3765 1866; x_wconf 83' lang='lat' dir='ltr'><strong>nostroDo-</strong></span> 
     </span>
    </p>
   </div>
   <div class='ocr_carea' id='block_1_34' title="bbox 476 1898 3765 1972">
    <p class='ocr_par' dir='ltr' id='par_1_34' title="bbox 476 1898 3765 1972">
     <span class='ocr_line' id='line_1_34' title="bbox 476 1898 3765 1972; baseline 0 -17"><span class='ocrx_word' id='word_1_250' title='bbox 476 1898 716 1965; x_wconf 89' lang='lat' dir='ltr'><strong>actione,</strong></span> <span class='ocrx_word' id='word_1_251' title='bbox 747 1899 978 1955; x_wconf 86' lang='lat' dir='ltr'><strong>dicens:</strong></span> <span class='ocrx_word' id='word_1_252' title='bbox 1021 1900 1316 1956; x_wconf 87' lang='lat' dir='ltr'><strong>Retribuat</strong></span> <span class='ocrx_word' id='word_1_253' title='bbox 1344 1901 1451 1957; x_wconf 91' lang='lat' dir='ltr'><strong>tibi</strong></span> <span class='ocrx_word' id='word_1_254' title='bbox 1480 1903 1771 1971; x_wconf 90' lang='lat' dir='ltr'><strong>Dominus,</strong></span> <span class='ocrx_word' id='word_1_255' title='bbox 1821 1905 2081 1960; x_wconf 85' lang='lat' dir='ltr'><strong>charissi-</strong></span> <span class='ocrx_word' id='word_1_256' title='bbox 2161 1903 2335 1958; x_wconf 89' lang='lat' dir='ltr'><strong>mino.</strong></span> <span class='ocrx_word' id='word_1_257' title='bbox 2366 1901 2512 1958; x_wconf 89' lang='lat' dir='ltr'><strong>Dicit</strong></span> <span class='ocrx_word' id='word_1_258' title='bbox 2538 1906 2730 1956; x_wconf 88' lang='lat' dir='ltr'><strong>autem</strong></span> <span class='ocrx_word' id='word_1_259' title='bbox 2765 1900 3072 1972; x_wconf 88' lang='lat' dir='ltr'><strong>discipulus</strong></span> <span class='ocrx_word' id='word_1_260' title='bbox 3123 1901 3269 1971; x_wconf 89' lang='lat' dir='ltr'><strong>ejus:</strong></span> <span class='ocrx_word' id='word_1_261' title='bbox 3318 1900 3479 1967; x_wconf 86' lang='lat' dir='ltr'><strong>Ecce,</strong></span> <span class='ocrx_word' id='word_1_262' title='bbox 3512 1901 3765 1965; x_wconf 81' lang='lat' dir='ltr'><strong>domine,</strong></span> 
     </span>
    </p>
   </div>
   <div class='ocr_carea' id='block_1_35' title="bbox 474 1988 3771 2064">
    <p class='ocr_par' dir='ltr' id='par_1_35' title="bbox 474 1988 3771 2064">
     <span class='ocr_line' id='line_1_35' title="bbox 474 1988 3771 2064; baseline 0 -20"><span class='ocrx_word' id='word_1_263' title='bbox 474 2005 567 2044; x_wconf 91' lang='lat' dir='ltr'><strong>me</strong></span> <span class='ocrx_word' id='word_1_264' title='bbox 597 1990 785 2056; x_wconf 87' lang='lat' dir='ltr'><strong>Pater,</strong></span> <span class='ocrx_word' id='word_1_265' title='bbox 818 1988 968 2045; x_wconf 87' lang='lat' dir='ltr'><strong>bona</strong></span> <span class='ocrx_word' id='word_1_266' title='bbox 984 1994 1196 2045; x_wconf 81' lang='lat' dir='ltr'><strong>aeterna</strong></span> <span class='ocrx_word' id='word_1_267' title='bbox 1221 2008 1324 2063; x_wconf 90' lang='lat' dir='ltr'><strong>pro</strong></span> <span class='ocrx_word' id='word_1_268' title='bbox 1358 1992 1562 2047; x_wconf 88' lang='lat' dir='ltr'><strong>cellula</strong></span> <span class='ocrx_word' id='word_1_269' title='bbox 1586 1998 1705 2061; x_wconf 92' lang='lat' dir='ltr'><strong>tua,</strong></span> <span class='ocrx_word' id='word_1_270' title='bbox 1745 2010 1911 2064; x_wconf 89' lang='lat' dir='ltr'><strong>quam</strong></span> <span class='ocrx_word' id='word_1_271' title='bbox 1942 1994 2081 2049; x_wconf 78' lang='lat' dir='ltr'><strong>mihi</strong></span> <span class='ocrx_word' id='word_1_272' title='bbox 2161 1993 2306 2047; x_wconf 89' lang='lat' dir='ltr'><strong>sicut</strong></span> <span class='ocrx_word' id='word_1_273' title='bbox 2332 1990 2665 2063; x_wconf 79' lang='lat' dir='ltr'><strong>praecepisti,</strong></span> <span class='ocrx_word' id='word_1_274' title='bbox 2684 1989 2891 2045; x_wconf 87' lang='lat' dir='ltr'><strong>adduxi</strong></span> <span class='ocrx_word' id='word_1_275' title='bbox 2915 1990 3150 2045; x_wconf 80' lang='lat' dir='ltr'><strong>leaenam</strong></span> <span class='ocrx_word' id='word_1_276' title='bbox 3168 1990 3424 2060; x_wconf 83' lang='lat' dir='ltr'><strong>ligatam.</strong></span> <span class='ocrx_word' id='word_1_277' title='bbox 3444 1990 3659 2044; x_wconf 84' lang='lat' dir='ltr'><strong>Volens</strong></span> <span class='ocrx_word' id='word_1_278' title='bbox 3678 2007 3771 2044; x_wconf 83' lang='lat' dir='ltr'><strong>au-</strong></span> 
     </span>
    </p>
   </div>
   <div class='ocr_carea' id='block_1_36' title="bbox 474 2076 3769 2152">
    <p class='ocr_par' dir='ltr' id='par_1_36' title="bbox 474 2076 3769 2152">
     <span class='ocr_line' id='line_1_36' title="bbox 474 2076 3769 2152; baseline 0 -19"><span class='ocrx_word' id='word_1_279' title='bbox 474 2076 706 2151; x_wconf 81' lang='lat' dir='ltr'><strong>p&#39;ropter</strong></span> <span class='ocrx_word' id='word_1_280' title='bbox 723 2094 931 2134; x_wconf 87' lang='lat' dir='ltr'><strong>nomen</strong></span> <span class='ocrx_word' id='word_1_281' title='bbox 949 2080 1073 2152; x_wconf 87' lang='lat' dir='ltr'><strong>ejus</strong></span> <span class='ocrx_word' id='word_1_282' title='bbox 1098 2081 1429 2152; x_wconf 65' lang='lat' dir='ltr'><strong>praestitisti,</strong></span> <span class='ocrx_word' id='word_1_283' title='bbox 1460 2087 1518 2137; x_wconf 90' lang='lat' dir='ltr'><strong>et</strong></span> <span class='ocrx_word' id='word_1_284' title='bbox 1545 2081 1607 2137; x_wconf 93' lang='lat' dir='ltr'><strong>in</strong></span> <span class='ocrx_word' id='word_1_285' title='bbox 1633 2082 1844 2138; x_wconf 77' lang='lat' dir='ltr'><strong>ccelesti</strong></span> <span class='ocrx_word' id='word_1_286' title='bbox 1862 2084 2086 2139; x_wconf 84' lang='lat' dir='ltr'><strong>Jerusa—</strong></span> <span class='ocrx_word' id='word_1_287' title='bbox 2164 2088 2282 2137; x_wconf 88' lang='lat' dir='ltr'><strong>tem</strong></span> <span class='ocrx_word' id='word_1_288' title='bbox 2310 2080 2608 2136; x_wconf 88' lang='lat' dir='ltr'><strong>humiliare</strong></span> <span class='ocrx_word' id='word_1_289' title='bbox 2637 2095 2865 2135; x_wconf 89' lang='lat' dir='ltr'><strong>sensum</strong></span> <span class='ocrx_word' id='word_1_290' title='bbox 2896 2079 3016 2149; x_wconf 87' lang='lat' dir='ltr'><strong>ejus</strong></span> <span class='ocrx_word' id='word_1_291' title='bbox 3044 2079 3249 2146; x_wconf 88' lang='lat' dir='ltr'><strong>senior,</strong></span> <span class='ocrx_word' id='word_1_292' title='bbox 3281 2096 3354 2134; x_wconf 91' lang='lat' dir='ltr'><strong>ne</strong></span> <span class='ocrx_word' id='word_1_293' title='bbox 3392 2080 3693 2134; x_wconf 83' lang='lat' dir='ltr'><strong>extolleret</strong></span> <span class='ocrx_word' id='word_1_294' title='bbox 3708 2098 3769 2133; x_wconf 88' lang='lat' dir='ltr'><strong>se</strong></span> 
     </span>
    </p>
   </div>
   <div class='ocr_carea' id='block_1_37' title="bbox 472 2167 3773 2243">
    <p class='ocr_par' dir='ltr' id='par_1_37' title="bbox 472 2167 3773 2243">
     <span class='ocr_line' id='line_1_37' title="bbox 472 2167 3773 2243; baseline -0.001 -19"><span class='ocrx_word' id='word_1_295' title='bbox 472 2168 586 2224; x_wconf 89' lang='lat' dir='ltr'><strong>lem</strong></span> <span class='ocrx_word' id='word_1_296' title='bbox 600 2168 751 2224; x_wconf 88' lang='lat' dir='ltr'><strong>inter</strong></span> <span class='ocrx_word' id='word_1_297' title='bbox 776 2174 1001 2225; x_wconf 87' lang='lat' dir='ltr'><strong>sanctos</strong></span> <span class='ocrx_word' id='word_1_298' title='bbox 1029 2186 1160 2225; x_wconf 89' lang='lat' dir='ltr'><strong>suos</strong></span> <span class='ocrx_word' id='word_1_299' title='bbox 1186 2170 1445 2226; x_wconf 85' lang='lat' dir='ltr'><strong>Christus</strong></span> <span class='ocrx_word' id='word_1_300' title='bbox 1463 2171 1738 2229; x_wconf 81' lang='lat' dir='ltr'><strong>Dominus</strong></span> <span class='ocrx_word' id='word_1_301' title='bbox 1758 2172 1862 2228; x_wconf 88' lang='lat' dir='ltr'><strong>tibi</strong></span> <span class='ocrx_word' id='word_1_302' title='bbox 1882 2173 2087 2243; x_wconf 90' lang='lat' dir='ltr'><strong>glorio-</strong></span> <span class='ocrx_word' id='word_1_303' title='bbox 2167 2172 2228 2227; x_wconf 91' lang='lat' dir='ltr'><strong>in</strong></span> <span class='ocrx_word' id='word_1_304' title='bbox 2254 2167 2685 2243; x_wconf 87' lang='lat' dir='ltr'><strong>cogitationibus</strong></span> <span class='ocrx_word' id='word_1_305' title='bbox 2715 2168 2831 2225; x_wconf 89' lang='lat' dir='ltr'><strong>suis</strong></span> <span class='ocrx_word' id='word_1_306' title='bbox 2866 2168 3173 2240; x_wconf 88' lang='lat' dir='ltr'><strong>discipulus</strong></span> <span class='ocrx_word' id='word_1_307' title='bbox 3191 2184 3348 2234; x_wconf 91' lang='lat' dir='ltr'><strong>suus,</strong></span> <span class='ocrx_word' id='word_1_308' title='bbox 3373 2168 3459 2223; x_wconf 81' lang='lat' dir='ltr'><strong>ait</strong></span> <span class='ocrx_word' id='word_1_309' title='bbox 3486 2168 3543 2222; x_wconf 90' lang='lat' dir='ltr'><strong>ei</strong></span> <span class='ocrx_word' id='word_1_310' title='bbox 3568 2188 3581 2223; x_wconf 89' lang='lat'><strong>:</strong></span> <span class='ocrx_word' id='word_1_311' title='bbox 3616 2170 3773 2223; x_wconf 86' lang='lat' dir='ltr'><strong>Sicut</strong></span> 
     </span>
    </p>
   </div>
   <div class='ocr_carea' id='block_1_38' title="bbox 476 2257 3771 2332">
    <p class='ocr_par' dir='ltr' id='par_1_38' title="bbox 476 2257 3771 2332">
     <span class='ocr_line' id='line_1_38' title="bbox 476 2257 3771 2332; baseline 0 -20"><span class='ocrx_word' id='word_1_312' title='bbox 476 2274 598 2313; x_wconf 88' lang='lat' dir='ltr'><strong>sam</strong></span> <span class='ocrx_word' id='word_1_313' title='bbox 627 2262 686 2312; x_wconf 90' lang='lat' dir='ltr'><strong>et</strong></span> <span class='ocrx_word' id='word_1_314' title='bbox 702 2257 1056 2329; x_wconf 89' lang='lat' dir='ltr'><strong>splendidam</strong></span> <span class='ocrx_word' id='word_1_315' title='bbox 1068 2264 1346 2332; x_wconf 69' lang='lat' dir='ltr'><strong>praeparet</strong></span> <span class='ocrx_word' id='word_1_316' title='bbox 1363 2261 1735 2317; x_wconf 87' lang='lat' dir='ltr'><strong>mansionem.</strong></span> <span class='ocrx_word' id='word_1_317' title='bbox 1754 2263 2087 2318; x_wconf 67' lang='lat' dir='ltr'><strong>Haecautem</strong></span> <span class='ocrx_word' id='word_1_318' title='bbox 2167 2266 2232 2317; x_wconf 92' lang='lat' dir='ltr'><strong>tu</strong></span> <span class='ocrx_word' id='word_1_319' title='bbox 2259 2259 2599 2316; x_wconf 88' lang='lat' dir='ltr'><strong>insensibilis</strong></span> <span class='ocrx_word' id='word_1_320' title='bbox 2639 2275 2718 2325; x_wconf 90' lang='lat' dir='ltr'><strong>es,</strong></span> <span class='ocrx_word' id='word_1_321' title='bbox 2760 2258 2843 2312; x_wconf 86' lang='lat' dir='ltr'><strong>ita</strong></span> <span class='ocrx_word' id='word_1_322' title='bbox 2886 2258 3060 2314; x_wconf 89' lang='lat' dir='ltr'><strong>etiam</strong></span> <span class='ocrx_word' id='word_1_323' title='bbox 3106 2262 3164 2313; x_wconf 91' lang='lat' dir='ltr'><strong>et</strong></span> <span class='ocrx_word' id='word_1_324' title='bbox 3191 2258 3361 2313; x_wconf 86' lang='lat' dir='ltr'><strong>istam</strong></span> <span class='ocrx_word' id='word_1_325' title='bbox 3380 2257 3771 2313; x_wconf 89' lang='lat' dir='ltr'><strong>insensibilem</strong></span> 
     </span>
    </p>
   </div>
   <div class='ocr_carea' id='block_1_39' title="bbox 479 2345 3773 2424">
    <p class='ocr_par' dir='ltr' id='par_1_39' title="bbox 479 2345 3773 2424">
     <span class='ocr_line' id='line_1_39' title="bbox 479 2345 3773 2424; baseline -0 -22"><span class='ocrx_word' id='word_1_326' title='bbox 479 2345 716 2404; x_wconf 87' lang='lat' dir='ltr'><strong>audiens</strong></span> <span class='ocrx_word' id='word_1_327' title='bbox 742 2347 949 2417; x_wconf 89' lang='lat' dir='ltr'><strong>senior,</strong></span> <span class='ocrx_word' id='word_1_328' title='bbox 972 2354 1337 2421; x_wconf 89' lang='lat' dir='ltr'><strong>compunctus</strong></span> <span class='ocrx_word' id='word_1_329' title='bbox 1367 2355 1456 2405; x_wconf 88' lang='lat' dir='ltr'><strong>est</strong></span> <span class='ocrx_word' id='word_1_330' title='bbox 1479 2351 1667 2420; x_wconf 87' lang='lat' dir='ltr'><strong>corde,</strong></span> <span class='ocrx_word' id='word_1_331' title='bbox 1706 2357 1764 2407; x_wconf 91' lang='lat' dir='ltr'><strong>et</strong></span> <span class='ocrx_word' id='word_1_332' title='bbox 1787 2352 2088 2424; x_wconf 88' lang='lat' dir='ltr'><strong>projiciens</strong></span> <span class='ocrx_word' id='word_1_333' title='bbox 2166 2349 2407 2406; x_wconf 87' lang='lat' dir='ltr'><strong>bestiam</strong></span> <span class='ocrx_word' id='word_1_334' title='bbox 2434 2347 2716 2404; x_wconf 85' lang='lat' dir='ltr'><strong>adduxisti</strong></span> <span class='ocrx_word' id='word_1_335' title='bbox 2746 2365 2761 2415; x_wconf 89' lang='lat'><strong>;</strong></span> <span class='ocrx_word' id='word_1_336' title='bbox 2809 2347 2958 2402; x_wconf 91' lang='lat' dir='ltr'><strong>solve</strong></span> <span class='ocrx_word' id='word_1_337' title='bbox 2987 2363 3142 2419; x_wconf 91' lang='lat' dir='ltr'><strong>ergo,</strong></span> <span class='ocrx_word' id='word_1_338' title='bbox 3183 2352 3241 2403; x_wconf 90' lang='lat' dir='ltr'><strong>et</strong></span> <span class='ocrx_word' id='word_1_339' title='bbox 3276 2347 3504 2402; x_wconf 88' lang='lat' dir='ltr'><strong>dimitte</strong></span> <span class='ocrx_word' id='word_1_340' title='bbox 3527 2364 3680 2415; x_wconf 85' lang='lat' dir='ltr'><strong>eam,</strong></span> <span class='ocrx_word' id='word_1_341' title='bbox 3714 2352 3773 2401; x_wconf 89' lang='lat' dir='ltr'><strong>ut</strong></span> 
     </span>
    </p>
   </div>
   <div class='ocr_carea' id='block_1_40' title="bbox 477 2436 2092 2511">
    <p class='ocr_par' dir='ltr' id='par_1_40' title="bbox 477 2436 2092 2511">
     <span class='ocr_line' id='line_1_40' title="bbox 477 2436 2092 2511; baseline 0.004 -19"><span class='ocrx_word' id='word_1_342' title='bbox 477 2436 741 2493; x_wconf 85' lang='lat' dir='ltr'><strong>baculum</strong></span> <span class='ocrx_word' id='word_1_343' title='bbox 767 2437 1011 2493; x_wconf 86' lang='lat' dir='ltr'><strong>recurrit</strong></span> <span class='ocrx_word' id='word_1_344' title='bbox 1044 2436 1105 2493; x_wconf 93' lang='lat' dir='ltr'><strong>in</strong></span> <span class='ocrx_word' id='word_1_345' title='bbox 1128 2438 1417 2510; x_wconf 89' lang='lat' dir='ltr'><strong>amplexus</strong></span> <span class='ocrx_word' id='word_1_346' title='bbox 1447 2441 1588 2511; x_wconf 90' lang='lat' dir='ltr'><strong>ejus,</strong></span> <span class='ocrx_word' id='word_1_347' title='bbox 1624 2446 1681 2496; x_wconf 88' lang='lat' dir='ltr'><strong>et</strong></span> <span class='ocrx_word' id='word_1_348' title='bbox 1698 2442 1984 2498; x_wconf 90' lang='lat' dir='ltr'><strong>osculatus</strong></span> <span class='ocrx_word' id='word_1_349' title='bbox 2003 2447 2092 2498; x_wconf 90' lang='lat' dir='ltr'><strong>est</strong></span> 
     </span>
    </p>
   </div>
   <div class='ocr_carea' id='block_1_41' title="bbox 481 2526 2090 2603">
    <p class='ocr_par' dir='ltr' id='par_1_41' title="bbox 481 2526 2090 2603">
     <span class='ocr_line' id='line_1_41' title="bbox 481 2526 2090 2603; baseline 0.003 -21"><span class='ocrx_word' id='word_1_350' title='bbox 481 2542 633 2594; x_wconf 88' lang='lat' dir='ltr'><strong>eum,</strong></span> <span class='ocrx_word' id='word_1_351' title='bbox 666 2530 725 2581; x_wconf 88' lang='lat' dir='ltr'><strong>et</strong></span> <span class='ocrx_word' id='word_1_352' title='bbox 750 2526 1007 2583; x_wconf 84' lang='lat' dir='ltr'><strong>invitavit</strong></span> <span class='ocrx_word' id='word_1_353' title='bbox 1026 2526 1187 2583; x_wconf 90' lang='lat' dir='ltr'><strong>illum</strong></span> <span class='ocrx_word' id='word_1_354' title='bbox 1207 2528 1279 2584; x_wconf 91' lang='lat' dir='ltr'><strong>ad</strong></span> <span class='ocrx_word' id='word_1_355' title='bbox 1298 2529 1557 2586; x_wconf 89' lang='lat' dir='ltr'><strong>cellulam</strong></span> <span class='ocrx_word' id='word_1_356' title='bbox 1583 2547 1766 2599; x_wconf 80' lang='lat' dir='ltr'><strong>suam,</strong></span> <span class='ocrx_word' id='word_1_357' title='bbox 1789 2536 1855 2587; x_wconf 89' lang='lat' dir='ltr'><strong>ut</strong></span> <span class='ocrx_word' id='word_1_358' title='bbox 1877 2532 2090 2603; x_wconf 89' lang='lat' dir='ltr'><strong>pariter</strong></span> 
     </span>
    </p>
   </div>
   <div class='ocr_carea' id='block_1_42' title="bbox 480 2615 2093 2687">
    <p class='ocr_par' dir='ltr' id='par_1_42' title="bbox 480 2615 2093 2687">
     <span class='ocr_line' id='line_1_42' title="bbox 480 2615 2093 2687; baseline 0.005 -17"><span class='ocrx_word' id='word_1_359' title='bbox 480 2630 611 2677; x_wconf 89' lang='lat' dir='ltr'><strong>cum</strong></span> <span class='ocrx_word' id='word_1_360' title='bbox 645 2615 959 2687; x_wconf 87' lang='lat' dir='ltr'><strong>gratiarum</strong></span> <span class='ocrx_word' id='word_1_361' title='bbox 1008 2617 1228 2674; x_wconf 85' lang='lat' dir='ltr'><strong>actione</strong></span> <span class='ocrx_word' id='word_1_362' title='bbox 1282 2625 1572 2675; x_wconf 88' lang='lat' dir='ltr'><strong>sumerent</strong></span> <span class='ocrx_word' id='word_1_363' title='bbox 1622 2619 1828 2676; x_wconf 90' lang='lat' dir='ltr'><strong>cibum.</strong></span> <span class='ocrx_word' id='word_1_364' title='bbox 1859 2620 2093 2678; x_wconf 83' lang='lat' dir='ltr'><strong>Vocavit</strong></span> 
     </span>
    </p>
   </div>
   <div class='ocr_carea' id='block_1_43' title="bbox 482 2704 2085 2781">
    <p class='ocr_par' dir='ltr' id='par_1_43' title="bbox 482 2704 2085 2781">
     <span class='ocr_line' id='line_1_43' title="bbox 482 2704 2085 2781; baseline 0.004 -21"><span class='ocrx_word' id='word_1_365' title='bbox 482 2709 674 2765; x_wconf 84' lang='lat' dir='ltr'><strong>autem</strong></span> <span class='ocrx_word' id='word_1_366' title='bbox 700 2704 891 2761; x_wconf 88' lang='lat' dir='ltr'><strong>senior</strong></span> <span class='ocrx_word' id='word_1_367' title='bbox 942 2713 1490 2777; x_wconf 89' lang='lat' dir='ltr'><strong>supramemoratum</strong></span> <span class='ocrx_word' id='word_1_368' title='bbox 1532 2709 1871 2781; x_wconf 89' lang='lat' dir='ltr'><strong>discipulum</strong></span> <span class='ocrx_word' id='word_1_369' title='bbox 1899 2728 2085 2779; x_wconf 91' lang='lat' dir='ltr'><strong>suum,</strong></span> 
     </span>
    </p>
   </div>
   <div class='ocr_carea' id='block_1_44' title="bbox 485 2792 2091 2865">
    <p class='ocr_par' dir='ltr' id='par_1_44' title="bbox 485 2792 2091 2865">
     <span class='ocr_line' id='line_1_44' title="bbox 485 2792 2091 2865; baseline 0.004 -17"><span class='ocrx_word' id='word_1_370' title='bbox 485 2797 546 2849; x_wconf 88' lang='lat' dir='ltr'><strong>et</strong></span> <span class='ocrx_word' id='word_1_371' title='bbox 561 2792 928 2865; x_wconf 85' lang='lat' dir='ltr'><strong>interrogavit</strong></span> <span class='ocrx_word' id='word_1_372' title='bbox 955 2810 1105 2861; x_wconf 91' lang='lat' dir='ltr'><strong>eum,</strong></span> <span class='ocrx_word' id='word_1_373' title='bbox 1136 2795 1328 2851; x_wconf 89' lang='lat' dir='ltr'><strong>dicens</strong></span> <span class='ocrx_word' id='word_1_374' title='bbox 1352 2814 1362 2850; x_wconf 93' lang='lat'><strong>:</strong></span> <span class='ocrx_word' id='word_1_375' title='bbox 1387 2797 1488 2853; x_wconf 90' lang='lat' dir='ltr'><strong>Dic</strong></span> <span class='ocrx_word' id='word_1_376' title='bbox 1514 2798 1673 2865; x_wconf 89' lang='lat' dir='ltr'><strong>mihi,</strong></span> <span class='ocrx_word' id='word_1_377' title='bbox 1705 2798 1804 2865; x_wconf 82' lang='lat' dir='ltr'><strong>fili,</strong></span> <span class='ocrx_word' id='word_1_378' title='bbox 1828 2799 1875 2854; x_wconf 89' lang='lat' dir='ltr'><strong>si</strong></span> <span class='ocrx_word' id='word_1_379' title='bbox 1902 2800 2091 2856; x_wconf 84' lang='lat' dir='ltr'><strong>dixisti</strong></span> 
     </span>
    </p>
   </div>
   <div class='ocr_carea' id='block_1_45' title="bbox 485 2883 2093 2959">
    <p class='ocr_par' dir='ltr' id='par_1_45' title="bbox 485 2883 2093 2959">
     <span class='ocr_line' id='line_1_45' title="bbox 485 2883 2093 2959; baseline 0.005 -21"><span class='ocrx_word' id='word_1_380' title='bbox 485 2883 659 2940; x_wconf 85' lang='lat' dir='ltr'><strong>verba</strong></span> <span class='ocrx_word' id='word_1_381' title='bbox 684 2883 778 2941; x_wconf 90' lang='lat' dir='ltr'><strong>isti</strong></span> <span class='ocrx_word' id='word_1_382' title='bbox 810 2884 991 2950; x_wconf 85' lang='lat' dir='ltr'><strong>fratri.</strong></span> <span class='ocrx_word' id='word_1_383' title='bbox 1024 2901 1149 2956; x_wconf 79' lang='lat' dir='ltr'><strong>quae</strong></span> <span class='ocrx_word' id='word_1_384' title='bbox 1179 2891 1410 2959; x_wconf 85' lang='lat' dir='ltr'><strong>prepter</strong></span> <span class='ocrx_word' id='word_1_385' title='bbox 1446 2888 1706 2944; x_wconf 86' lang='lat' dir='ltr'><strong>cellulam</strong></span> <span class='ocrx_word' id='word_1_386' title='bbox 1736 2890 2000 2945; x_wconf 86' lang='lat' dir='ltr'><strong>mandavi</strong></span> <span class='ocrx_word' id='word_1_387' title='bbox 2028 2896 2093 2947; x_wconf 89' lang='lat' dir='ltr'><strong>ut</strong></span> 
     </span>
    </p>
   </div>
   <div class='ocr_carea' id='block_1_46' title="bbox 488 2972 2085 3049">
    <p class='ocr_par' dir='ltr' id='par_1_46' title="bbox 488 2972 2085 3049">
     <span class='ocr_line' id='line_1_46' title="bbox 488 2972 2085 3049; baseline 0.004 -20"><span class='ocrx_word' id='word_1_388' title='bbox 488 2972 703 3030; x_wconf 88' lang='lat' dir='ltr'><strong>diceres</strong></span> <span class='ocrx_word' id='word_1_389' title='bbox 735 2973 808 3029; x_wconf 92' lang='lat' dir='ltr'><strong>ei.</strong></span> <span class='ocrx_word' id='word_1_390' title='bbox 853 2973 1011 3031; x_wconf 88' lang='lat' dir='ltr'><strong>Tunc</strong></span> <span class='ocrx_word' id='word_1_391' title='bbox 1048 2974 1356 3046; x_wconf 88' lang='lat' dir='ltr'><strong>discipulus</strong></span> <span class='ocrx_word' id='word_1_392' title='bbox 1392 2978 1515 3049; x_wconf 88' lang='lat' dir='ltr'><strong>ejus</strong></span> <span class='ocrx_word' id='word_1_393' title='bbox 1558 2978 1843 3034; x_wconf 89' lang='lat' dir='ltr'><strong>confessus</strong></span> <span class='ocrx_word' id='word_1_394' title='bbox 1888 2986 1975 3036; x_wconf 87' lang='lat' dir='ltr'><strong>est</strong></span> <span class='ocrx_word' id='word_1_395' title='bbox 2015 2981 2085 3046; x_wconf 88' lang='lat' dir='ltr'><strong>ei,</strong></span> 
     </span>
    </p>
   </div>
   <div class='ocr_carea' id='block_1_47' title="bbox 490 3062 2095 3139">
    <p class='ocr_par' dir='ltr' id='par_1_47' title="bbox 490 3062 2095 3139">
     <span class='ocr_line' id='line_1_47' title="bbox 490 3062 2095 3139; baseline 0.004 -20"><span class='ocrx_word' id='word_1_396' title='bbox 490 3062 713 3119; x_wconf 86' lang='lat' dir='ltr'><strong>dicens:</strong></span> <span class='ocrx_word' id='word_1_397' title='bbox 736 3063 902 3132; x_wconf 85' lang='lat' dir='ltr'><strong>Vere,</strong></span> <span class='ocrx_word' id='word_1_398' title='bbox 941 3063 1188 3132; x_wconf 89' lang='lat' dir='ltr'><strong>domine,</strong></span> <span class='ocrx_word' id='word_1_399' title='bbox 1233 3064 1356 3120; x_wconf 88' lang='lat' dir='ltr'><strong>dico</strong></span> <span class='ocrx_word' id='word_1_400' title='bbox 1386 3067 1519 3137; x_wconf 91' lang='lat' dir='ltr'><strong>quia</strong></span> <span class='ocrx_word' id='word_1_401' title='bbox 1553 3073 1782 3139; x_wconf 89' lang='lat' dir='ltr'><strong>propter</strong></span> <span class='ocrx_word' id='word_1_402' title='bbox 1810 3069 2095 3126; x_wconf 89' lang='lat' dir='ltr'><strong>humilita-</strong></span> 
     </span>
    </p>
   </div>
   <div class='ocr_carea' id='block_1_48' title="bbox 2170 2437 2896 2513">
    <p class='ocr_par' dir='ltr' id='par_1_48' title="bbox 2170 2437 2896 2513">
     <span class='ocr_line' id='line_1_48' title="bbox 2170 2437 2896 2513; baseline -0.007 -17"><span class='ocrx_word' id='word_1_403' title='bbox 2170 2444 2371 2513; x_wconf 90' lang='lat' dir='ltr'><strong>pergat</strong></span> <span class='ocrx_word' id='word_1_404' title='bbox 2397 2438 2469 2493; x_wconf 92' lang='lat' dir='ltr'><strong>ad</strong></span> <span class='ocrx_word' id='word_1_405' title='bbox 2497 2437 2683 2493; x_wconf 90' lang='lat' dir='ltr'><strong>locum</strong></span> <span class='ocrx_word' id='word_1_406' title='bbox 2710 2452 2896 2492; x_wconf 90' lang='lat' dir='ltr'><strong>suum.</strong></span> 
     </span>
    </p>
   </div>
   <div class='ocr_carea' id='block_1_49' title="bbox 2239 2524 3775 2598">
    <p class='ocr_par' dir='ltr' id='par_1_49' title="bbox 2239 2524 3775 2598">
     <span class='ocr_line' id='line_1_49' title="bbox 2239 2524 3775 2598; baseline -0.003 -14"><span class='ocrx_word' id='word_1_407' title='bbox 2239 2527 2330 2586; x_wconf 78' lang='lat'><strong>28.</strong></span> <span class='ocrx_word' id='word_1_408' title='bbox 2355 2527 2597 2593; x_wconf 88' lang='lat' dir='ltr'><strong>Quidam</strong></span> <span class='ocrx_word' id='word_1_409' title='bbox 2619 2527 2690 2581; x_wconf 89' lang='lat' dir='ltr'><strong>de</strong></span> <span class='ocrx_word' id='word_1_410' title='bbox 2700 2526 2911 2581; x_wconf 87' lang='lat' dir='ltr'><strong>sanctis</strong></span> <span class='ocrx_word' id='word_1_411' title='bbox 2929 2524 3242 2581; x_wconf 88' lang='lat' dir='ltr'><strong>senioribus</strong></span> <span class='ocrx_word' id='word_1_412' title='bbox 3263 2526 3419 2581; x_wconf 89' lang='lat' dir='ltr'><strong>misit</strong></span> <span class='ocrx_word' id='word_1_413' title='bbox 3432 2526 3775 2598; x_wconf 84' lang='lat' dir='ltr'><strong>discipulum</strong></span> 
     </span>
    </p>
   </div>
   <div class='ocr_carea' id='block_1_50' title="bbox 2171 2614 3771 2688">
    <p class='ocr_par' dir='ltr' id='par_1_50' title="bbox 2171 2614 3771 2688">
     <span class='ocr_line' id='line_1_50' title="bbox 2171 2614 3771 2688; baseline -0.005 -14"><span class='ocrx_word' id='word_1_414' title='bbox 2171 2634 2337 2674; x_wconf 90' lang='lat' dir='ltr'><strong>suum</strong></span> <span class='ocrx_word' id='word_1_415' title='bbox 2351 2618 2424 2673; x_wconf 89' lang='lat' dir='ltr'><strong>ad</strong></span> <span class='ocrx_word' id='word_1_416' title='bbox 2435 2616 2805 2672; x_wconf 84' lang='lat' dir='ltr'><strong>hauriendam</strong></span> <span class='ocrx_word' id='word_1_417' title='bbox 2816 2631 3023 2688; x_wconf 89' lang='lat' dir='ltr'><strong>aquam</strong></span> <span class='ocrx_word' id='word_1_418' title='bbox 3031 2617 3308 2686; x_wconf 81' lang='lat' dir='ltr'><strong>(Joannes,</strong></span> <span class='ocrx_word' id='word_1_419' title='bbox 3318 2619 3337 2670; x_wconf 86' lang='grc' dir='ltr'><em>ι</em></span> <span class='ocrx_word' id='word_1_420' title='bbox 3342 2619 3363 2670; x_wconf 86' lang='lat' dir='ltr'><strong>i</strong></span> <span class='ocrx_word' id='word_1_421' title='bbox 3367 2618 3471 2670; x_wconf 78' lang='lat' dir='ltr'><strong>bell</strong></span> <span class='ocrx_word' id='word_1_422' title='bbox 3479 2656 3491 2669; x_wconf 96' lang='lat'><strong>.</strong></span> <span class='ocrx_word' id='word_1_423' title='bbox 3508 2630 3552 2670; x_wconf 86' lang='lat' dir='ltr'><strong>n</strong></span> <span class='ocrx_word' id='word_1_424' title='bbox 3562 2660 3577 2680; x_wconf 92' lang='lat'><strong>,</strong></span> <span class='ocrx_word' id='word_1_425' title='bbox 3596 2632 3633 2669; x_wconf 84' lang='grc' dir='ltr'><strong>η</strong></span> <span class='ocrx_word' id='word_1_426' title='bbox 3642 2658 3654 2669; x_wconf 93' lang='grc'>.</span> <span class='ocrx_word' id='word_1_427' title='bbox 3667 2614 3771 2683; x_wconf 82' lang='grc'>17).</span> 
     </span>
    </p>
   </div>
   <div class='ocr_carea' id='block_1_51' title="bbox 2174 2703 3774 2777">
    <p class='ocr_par' dir='ltr' id='par_1_51' title="bbox 2174 2703 3774 2777">
     <span class='ocr_line' id='line_1_51' title="bbox 2174 2703 3774 2777; baseline -0.003 -15"><span class='ocrx_word' id='word_1_428' title='bbox 2174 2706 2505 2777; x_wconf 89' lang='lat' dir='ltr'><strong>Prolongius</strong></span> <span class='ocrx_word' id='word_1_429' title='bbox 2534 2710 2725 2761; x_wconf 91' lang='lat' dir='ltr'><strong>autem</strong></span> <span class='ocrx_word' id='word_1_430' title='bbox 2755 2710 2879 2760; x_wconf 89' lang='lat' dir='ltr'><strong>erat</strong></span> <span class='ocrx_word' id='word_1_431' title='bbox 2896 2708 3097 2777; x_wconf 90' lang='lat' dir='ltr'><strong>puteus</strong></span> <span class='ocrx_word' id='word_1_432' title='bbox 3124 2720 3158 2759; x_wconf 91' lang='lat' dir='ltr'><strong>a</strong></span> <span class='ocrx_word' id='word_1_433' title='bbox 3185 2705 3326 2759; x_wconf 90' lang='lat' dir='ltr'><strong>cella</strong></span> <span class='ocrx_word' id='word_1_434' title='bbox 3352 2703 3774 2759; x_wconf 82' lang='lat' dir='ltr'><strong>senioris.0hli—</strong></span> 
     </span>
    </p>
   </div>
   <div class='ocr_carea' id='block_1_52' title="bbox 2172 2793 3770 2866">
    <p class='ocr_par' dir='ltr' id='par_1_52' title="bbox 2172 2793 3770 2866">
     <span class='ocr_line' id='line_1_52' title="bbox 2172 2793 3770 2866; baseline -0.001 -15"><span class='ocrx_word' id='word_1_435' title='bbox 2172 2801 2267 2852; x_wconf 90' lang='lat' dir='ltr'><strong>tus</strong></span> <span class='ocrx_word' id='word_1_436' title='bbox 2296 2800 2383 2850; x_wconf 91' lang='lat' dir='ltr'><strong>est</strong></span> <span class='ocrx_word' id='word_1_437' title='bbox 2407 2799 2599 2850; x_wconf 90' lang='lat' dir='ltr'><strong>autem</strong></span> <span class='ocrx_word' id='word_1_438' title='bbox 2628 2810 2819 2850; x_wconf 90' lang='lat' dir='ltr'><strong>secum</strong></span> <span class='ocrx_word' id='word_1_439' title='bbox 2845 2795 3042 2849; x_wconf 90' lang='lat' dir='ltr'><strong>tollere</strong></span> <span class='ocrx_word' id='word_1_440' title='bbox 3068 2793 3258 2851; x_wconf 88' lang='lat' dir='ltr'><strong>funem</strong></span> <span class='ocrx_word' id='word_1_441' title='bbox 3288 2794 3605 2866; x_wconf 90' lang='lat' dir='ltr'><strong>discipulus</strong></span> <span class='ocrx_word' id='word_1_442' title='bbox 3632 2796 3770 2866; x_wconf 83' lang='lat' dir='ltr'><strong>ejus,</strong></span> 
     </span>
    </p>
   </div>
   <div class='ocr_carea' id='block_1_53' title="bbox 2174 2884 3769 2958">
    <p class='ocr_par' dir='ltr' id='par_1_53' title="bbox 2174 2884 3769 2958">
     <span class='ocr_line' id='line_1_53' title="bbox 2174 2884 3769 2958; baseline -0.002 -17"><span class='ocrx_word' id='word_1_443' title='bbox 2174 2886 2243 2942; x_wconf 92' lang='lat' dir='ltr'><strong>de</strong></span> <span class='ocrx_word' id='word_1_444' title='bbox 2267 2901 2378 2958; x_wconf 91' lang='lat' dir='ltr'><strong>quo</strong></span> <span class='ocrx_word' id='word_1_445' title='bbox 2398 2885 2654 2941; x_wconf 86' lang='lat' dir='ltr'><strong>hauriret</strong></span> <span class='ocrx_word' id='word_1_446' title='bbox 2678 2900 2906 2956; x_wconf 91' lang='lat' dir='ltr'><strong>aquam.</strong></span> <span class='ocrx_word' id='word_1_447' title='bbox 2929 2884 3182 2956; x_wconf 91' lang='lat' dir='ltr'><strong>Cumque</strong></span> <span class='ocrx_word' id='word_1_448' title='bbox 3195 2884 3548 2956; x_wconf 89' lang='lat' dir='ltr'><strong>pervenisset</strong></span> <span class='ocrx_word' id='word_1_449' title='bbox 3576 2884 3655 2938; x_wconf 87' lang='lat' dir='ltr'><strong>ad</strong></span> <span class='ocrx_word' id='word_1_450' title='bbox 3683 2902 3769 2956; x_wconf 89' lang='lat' dir='ltr'><strong>pu-</strong></span> 
     </span>
    </p>
   </div>
   <div class='ocr_carea' id='block_1_54' title="bbox 2174 2974 3774 3045">
    <p class='ocr_par' dir='ltr' id='par_1_54' title="bbox 2174 2974 3774 3045">
     <span class='ocr_line' id='line_1_54' title="bbox 2174 2974 3774 3045; baseline -0.003 -13"><span class='ocrx_word' id='word_1_451' title='bbox 2174 2980 2351 3044; x_wconf 89' lang='lat' dir='ltr'><strong>teum,</strong></span> <span class='ocrx_word' id='word_1_452' title='bbox 2385 2974 2747 3032; x_wconf 87' lang='lat' dir='ltr'><strong>contristatus</strong></span> <span class='ocrx_word' id='word_1_453' title='bbox 2770 2979 2857 3028; x_wconf 91' lang='lat' dir='ltr'><strong>est</strong></span> <span class='ocrx_word' id='word_1_454' title='bbox 2876 2974 3056 3041; x_wconf 89' lang='lat' dir='ltr'><strong>valde,</strong></span> <span class='ocrx_word' id='word_1_455' title='bbox 3088 2974 3221 3045; x_wconf 90' lang='lat' dir='ltr'><strong>quia</strong></span> <span class='ocrx_word' id='word_1_456' title='bbox 3238 2974 3403 3045; x_wconf 89' lang='lat' dir='ltr'><strong>longe</strong></span> <span class='ocrx_word' id='word_1_457' title='bbox 3426 2978 3559 3028; x_wconf 89' lang='lat' dir='ltr'><strong>erat</strong></span> <span class='ocrx_word' id='word_1_458' title='bbox 3579 2975 3774 3028; x_wconf 76' lang='lat' dir='ltr'><strong>cellula</strong></span> 
     </span>
    </p>
   </div>
   <div class='ocr_carea' id='block_1_55' title="bbox 2174 3062 3776 3137">
    <p class='ocr_par' dir='ltr' id='par_1_55' title="bbox 2174 3062 3776 3137">
     <span class='ocr_line' id='line_1_55' title="bbox 2174 3062 3776 3137; baseline -0.002 -17"><span class='ocrx_word' id='word_1_459' title='bbox 2174 3082 2390 3133; x_wconf 90' lang='lat' dir='ltr'><strong>eorum;</strong></span> <span class='ocrx_word' id='word_1_460' title='bbox 2423 3064 2556 3137; x_wconf 91' lang='lat' dir='ltr'><strong>quid</strong></span> <span class='ocrx_word' id='word_1_461' title='bbox 2585 3068 2797 3136; x_wconf 88' lang='lat' dir='ltr'><strong>ageret,</strong></span> <span class='ocrx_word' id='word_1_462' title='bbox 2827 3079 2937 3134; x_wconf 92' lang='lat' dir='ltr'><strong>quo</strong></span> <span class='ocrx_word' id='word_1_463' title='bbox 2953 3079 3013 3119; x_wconf 91' lang='lat' dir='ltr'><strong>se</strong></span> <span class='ocrx_word' id='word_1_464' title='bbox 3040 3062 3776 3130; x_wconf 73' lang='lat' dir='ltr'><strong>verteret,nesciebat,dubi~</strong></span> 
     </span>
    </p>
   </div>
   <div class='ocr_carea' id='block_1_56' title="bbox 493 3121 3775 3229">
    <p class='ocr_par' dir='ltr' id='par_1_56' title="bbox 493 3121 3775 3229">
     <span class='ocr_line' id='line_1_56' title="bbox 493 3121 3775 3229; baseline 0 -22"><span class='ocrx_word' id='word_1_465' title='bbox 493 3157 610 3208; x_wconf 92' lang='lat' dir='ltr'><strong>tem</strong></span> <span class='ocrx_word' id='word_1_466' title='bbox 640 3169 812 3225; x_wconf 88' lang='lat' dir='ltr'><strong>quam</strong></span> <span class='ocrx_word' id='word_1_467' title='bbox 860 3121 964 3208; x_wconf 82' lang='lat' dir='ltr'><strong>tibi</strong></span> <span class='ocrx_word' id='word_1_468' title='bbox 1008 3121 1275 3209; x_wconf 76' lang='lat' dir='ltr'><strong>exhibere</strong></span> <span class='ocrx_word' id='word_1_469' title='bbox 1313 3121 1488 3211; x_wconf 69' lang='lat' dir='ltr'><strong>debeo</strong></span> <span class='ocrx_word' id='word_1_470' title='bbox 2111 3121 2156 3185; x_wconf 66' lang='grc' dir='ltr'>Ο</span> <span class='ocrx_word' id='word_1_471' title='bbox 2172 3121 2334 3210; x_wconf 89' lang='lat' dir='ltr'><strong>tabat</strong></span> <span class='ocrx_word' id='word_1_472' title='bbox 2358 3121 2508 3210; x_wconf 72' lang='lat' dir='ltr'><strong>enim</strong></span> <span class='ocrx_word' id='word_1_473' title='bbox 2534 3121 2895 3209; x_wconf 42' lang='lat' dir='ltr'><strong>ad‘cellulat‘n</strong></span> <span class='ocrx_word' id='word_1_474' title='bbox 2929 3153 3049 3208; x_wconf 90' lang='lat' dir='ltr'><strong>sine</strong></span> <span class='ocrx_word' id='word_1_475' title='bbox 3070 3169 3218 3225; x_wconf 91' lang='lat' dir='ltr'><strong>aqua</strong></span> <span class='ocrx_word' id='word_1_476' title='bbox 3234 3121 3459 3207; x_wconf 79' lang='lat' dir='ltr'><strong>reverti.</strong></span> <span class='ocrx_word' id='word_1_477' title='bbox 3483 3121 3652 3208; x_wconf 78' lang='lat' dir='ltr'><strong>Tunc</strong></span> <span class='ocrx_word' id='word_1_478' title='bbox 3680 3171 3775 3208; x_wconf 87' lang='lat' dir='ltr'><strong>an-</strong></span> 
     </span>
    </p>
   </div>
   <div class='ocr_carea' id='block_1_57' title="bbox 492 3241 2094 3320">
    <p class='ocr_par' dir='ltr' id='par_1_57' title="bbox 492 3241 2094 3320">
     <span class='ocr_line' id='line_1_57' title="bbox 492 3241 2094 3320; baseline 0.004 -22"><span class='ocrx_word' id='word_1_479' title='bbox 492 3241 745 3313; x_wconf 83' lang='lat' dir='ltr'><strong>domino,</strong></span> <span class='ocrx_word' id='word_1_480' title='bbox 770 3242 898 3299; x_wconf 92' lang='lat' dir='ltr'><strong>ideo</strong></span> <span class='ocrx_word' id='word_1_481' title='bbox 925 3258 1040 3299; x_wconf 89' lang='lat' dir='ltr'><strong>non</strong></span> <span class='ocrx_word' id='word_1_482' title='bbox 1069 3243 1347 3300; x_wconf 87' lang='lat' dir='ltr'><strong>audebam</strong></span> <span class='ocrx_word' id='word_1_483' title='bbox 1368 3246 1709 3317; x_wconf 90' lang='lat' dir='ltr'><strong>respondere</strong></span> <span class='ocrx_word' id='word_1_484' title='bbox 1740 3246 1843 3302; x_wconf 89' lang='lat' dir='ltr'><strong>tibi</strong></span> <span class='ocrx_word' id='word_1_485' title='bbox 1880 3248 2094 3320; x_wconf 89' lang='lat' dir='ltr'><strong>aliquid</strong></span> 
     </span>
    </p>
   </div>
   <div class='ocr_carea' id='block_1_58' title="bbox 494 3331 2099 3405">
    <p class='ocr_par' dir='ltr' id='par_1_58' title="bbox 494 3331 2099 3405">
     <span class='ocr_line' id='line_1_58' title="bbox 494 3331 2099 3405; baseline 0.003 -16"><span class='ocrx_word' id='word_1_486' title='bbox 494 3332 719 3405; x_wconf 85' lang='lat' dir='ltr'><strong>quando</strong></span> <span class='ocrx_word' id='word_1_487' title='bbox 746 3348 837 3388; x_wconf 91' lang='lat' dir='ltr'><strong>me</strong></span> <span class='ocrx_word' id='word_1_488' title='bbox 864 3331 1215 3389; x_wconf 89' lang='lat' dir='ltr'><strong>mittebasad</strong></span> <span class='ocrx_word' id='word_1_489' title='bbox 1241 3350 1369 3390; x_wconf 89' lang='lat' dir='ltr'><strong>eum</strong></span> <span class='ocrx_word' id='word_1_490' title='bbox 1395 3353 1407 3403; x_wconf 92' lang='lat'><strong>;</strong></span> <span class='ocrx_word' id='word_1_491' title='bbox 1434 3341 1820 3393; x_wconf 87' lang='lat' dir='ltr'><strong>verumtamen</strong></span> <span class='ocrx_word' id='word_1_492' title='bbox 1841 3338 1984 3394; x_wconf 84' lang='lat' dir='ltr'><strong>nihil</strong></span> <span class='ocrx_word' id='word_1_493' title='bbox 2007 3354 2099 3394; x_wconf 89' lang='lat' dir='ltr'><strong>eo-</strong></span> 
     </span>
    </p>
   </div>
   <div class='ocr_carea' id='block_1_59' title="bbox 495 3422 2098 3496">
    <p class='ocr_par' dir='ltr' id='par_1_59' title="bbox 495 3422 2098 3496">
     <span class='ocr_line' id='line_1_59' title="bbox 495 3422 2098 3496; baseline 0.002 -16"><span class='ocrx_word' id='word_1_494' title='bbox 495 3422 760 3481; x_wconf 86' lang='lat' dir='ltr'><strong>rumdixi</strong></span> <span class='ocrx_word' id='word_1_495' title='bbox 795 3424 848 3480; x_wconf 89' lang='lat' dir='ltr'><strong>ei</strong></span> <span class='ocrx_word' id='word_1_496' title='bbox 878 3439 1003 3496; x_wconf 72' lang='lat' dir='ltr'><strong>quae</strong></span> <span class='ocrx_word' id='word_1_497' title='bbox 1039 3422 1348 3480; x_wconf 87' lang='lat' dir='ltr'><strong>mandabas</strong></span> <span class='ocrx_word' id='word_1_498' title='bbox 1385 3425 1459 3482; x_wconf 87' lang='lat' dir='ltr'><strong>ad</strong></span> <span class='ocrx_word' id='word_1_499' title='bbox 1504 3442 1656 3482; x_wconf 90' lang='lat' dir='ltr'><strong>eum.</strong></span> <span class='ocrx_word' id='word_1_500' title='bbox 1692 3427 1825 3484; x_wconf 56' lang='lat' dir='ltr'><strong>Hac</strong></span> <span class='ocrx_word' id='word_1_501' title='bbox 1862 3428 2098 3485; x_wconf 91' lang='lat' dir='ltr'><strong>audiens</strong></span> 
     </span>
    </p>
   </div>
   <div class='ocr_carea' id='block_1_60' title="bbox 499 3513 2103 3591">
    <p class='ocr_par' dir='ltr' id='par_1_60' title="bbox 499 3513 2103 3591">
     <span class='ocr_line' id='line_1_60' title="bbox 499 3513 2103 3591; baseline 0.004 -21"><span class='ocrx_word' id='word_1_502' title='bbox 499 3513 706 3581; x_wconf 85' lang='lat' dir='ltr'><strong>senior,</strong></span> <span class='ocrx_word' id='word_1_503' title='bbox 730 3513 924 3571; x_wconf 84' lang='lat' dir='ltr'><strong>statim</strong></span> <span class='ocrx_word' id='word_1_504' title='bbox 950 3514 1250 3586; x_wconf 80' lang='lat' dir='ltr'><strong>prostravit</strong></span> <span class='ocrx_word' id='word_1_505' title='bbox 1275 3531 1335 3571; x_wconf 89' lang='lat' dir='ltr'><strong>se</strong></span> <span class='ocrx_word' id='word_1_506' title='bbox 1355 3515 1427 3571; x_wconf 87' lang='lat' dir='ltr'><strong>ad</strong></span> <span class='ocrx_word' id='word_1_507' title='bbox 1456 3516 1626 3588; x_wconf 88' lang='lat' dir='ltr'><strong>pedes</strong></span> <span class='ocrx_word' id='word_1_508' title='bbox 1645 3520 1840 3585; x_wconf 58' lang='grc' dir='ltr'><strong>δατ</strong></span> <span class='ocrx_word' id='word_1_509' title='bbox 1866 3520 1991 3591; x_wconf 88' lang='lat' dir='ltr'><strong>ejus</strong></span> <span class='ocrx_word' id='word_1_510' title='bbox 2017 3519 2103 3576; x_wconf 89' lang='lat' dir='ltr'><strong>di-</strong></span> 
     </span>
    </p>
   </div>
   <div class='ocr_carea' id='block_1_61' title="bbox 502 3600 2100 3680">
    <p class='ocr_par' dir='ltr' id='par_1_61' title="bbox 502 3600 2100 3680">
     <span class='ocr_line' id='line_1_61' title="bbox 502 3600 2100 3680; baseline 0.003 -21"><span class='ocrx_word' id='word_1_511' title='bbox 502 3619 637 3660; x_wconf 89' lang='lat' dir='ltr'><strong>cens</strong></span> <span class='ocrx_word' id='word_1_512' title='bbox 666 3621 683 3658; x_wconf 93' lang='lat'><strong><em>:</em></strong></span> <span class='ocrx_word' id='word_1_513' title='bbox 723 3602 800 3659; x_wconf 88' lang='lat' dir='ltr'><strong>Ex</strong></span> <span class='ocrx_word' id='word_1_514' title='bbox 831 3602 1107 3659; x_wconf 87' lang='lat' dir='ltr'><strong>hodierna</strong></span> <span class='ocrx_word' id='word_1_515' title='bbox 1144 3600 1235 3657; x_wconf 89' lang='lat' dir='ltr'><strong>die</strong></span> <span class='ocrx_word' id='word_1_516' title='bbox 1272 3606 1337 3657; x_wconf 91' lang='lat' dir='ltr'><strong>tu</strong></span> <span class='ocrx_word' id='word_1_517' title='bbox 1366 3619 1529 3661; x_wconf 90' lang='lat' dir='ltr'><strong>meus</strong></span> <span class='ocrx_word' id='word_1_518' title='bbox 1556 3611 1719 3678; x_wconf 88' lang='lat' dir='ltr'><strong>pater</strong></span> <span class='ocrx_word' id='word_1_519' title='bbox 1744 3614 1883 3675; x_wconf 91' lang='lat' dir='ltr'><strong>esto,</strong></span> <span class='ocrx_word' id='word_1_520' title='bbox 1917 3612 1976 3664; x_wconf 92' lang='lat' dir='ltr'><strong>et</strong></span> <span class='ocrx_word' id='word_1_521' title='bbox 1995 3623 2100 3680; x_wconf 87' lang='lat' dir='ltr'><strong>ego</strong></span> 
     </span>
    </p>
   </div>
   <div class='ocr_carea' id='block_1_62' title="bbox 502 3692 2101 3767">
    <p class='ocr_par' dir='ltr' id='par_1_62' title="bbox 502 3692 2101 3767">
     <span class='ocr_line' id='line_1_62' title="bbox 502 3692 2101 3767; baseline 0.001 -16"><span class='ocrx_word' id='word_1_522' title='bbox 502 3692 808 3767; x_wconf 82' lang='lat' dir='ltr'><strong>discipulus</strong></span> <span class='ocrx_word' id='word_1_523' title='bbox 823 3698 988 3762; x_wconf 82' lang='lat' dir='ltr'><strong>tuus;</strong></span> <span class='ocrx_word' id='word_1_524' title='bbox 1010 3696 1276 3766; x_wconf 88' lang='lat' dir='ltr'><strong>quoniam</strong></span> <span class='ocrx_word' id='word_1_525' title='bbox 1297 3705 1357 3755; x_wconf 90' lang='lat' dir='ltr'><strong>te</strong></span> <span class='ocrx_word' id='word_1_526' title='bbox 1378 3693 1682 3753; x_wconf 84' lang='lat' dir='ltr'><strong>festinante</strong></span> <span class='ocrx_word' id='word_1_527' title='bbox 1697 3701 1756 3752; x_wconf 91' lang='lat' dir='ltr'><strong>et</strong></span> <span class='ocrx_word' id='word_1_528' title='bbox 1774 3698 2101 3753; x_wconf 89' lang='lat' dir='ltr'><strong>moderante</strong></span> 
     </span>
    </p>
   </div>
   <div class='ocr_carea' id='block_1_63' title="bbox 505 3785 2103 3859">
    <p class='ocr_par' dir='ltr' id='par_1_63' title="bbox 505 3785 2103 3859">
     <span class='ocr_line' id='line_1_63' title="bbox 505 3785 2103 3859; baseline 0.001 -18"><span class='ocrx_word' id='word_1_529' title='bbox 505 3800 571 3840; x_wconf 89' lang='lat' dir='ltr'><strong>ac</strong></span> <span class='ocrx_word' id='word_1_530' title='bbox 591 3801 723 3842; x_wconf 91' lang='lat' dir='ltr'><strong>cum</strong></span> <span class='ocrx_word' id='word_1_531' title='bbox 750 3785 956 3846; x_wconf 85' lang='lat' dir='ltr'><strong>timore</strong></span> <span class='ocrx_word' id='word_1_532' title='bbox 983 3792 1043 3844; x_wconf 89' lang='lat' dir='ltr'><strong>et</strong></span> <span class='ocrx_word' id='word_1_533' title='bbox 1066 3787 1342 3845; x_wconf 86' lang='lat' dir='ltr'><strong>charitate</strong></span> <span class='ocrx_word' id='word_1_534' title='bbox 1368 3788 1472 3846; x_wconf 90' lang='lat' dir='ltr'><strong>Dei</strong></span> <span class='ocrx_word' id='word_1_535' title='bbox 1500 3792 1722 3859; x_wconf 89' lang='lat' dir='ltr'><strong>agente,</strong></span> <span class='ocrx_word' id='word_1_536' title='bbox 1745 3790 1803 3843; x_wconf 89' lang='lat' dir='ltr'><strong>et</strong></span> <span class='ocrx_word' id='word_1_537' title='bbox 1833 3801 2020 3843; x_wconf 88' lang='lat' dir='ltr'><strong>meam</strong></span> <span class='ocrx_word' id='word_1_538' title='bbox 2044 3791 2103 3843; x_wconf 89' lang='lat' dir='ltr'><strong>et</strong></span> 
     </span>
    </p>
   </div>
   <div class='ocr_carea' id='block_1_64' title="bbox 504 3874 2101 3951">
    <p class='ocr_par' dir='ltr' id='par_1_64' title="bbox 504 3874 2101 3951">
     <span class='ocr_line' id='line_1_64' title="bbox 504 3874 2101 3951; baseline 0.001 -20"><span class='ocrx_word' id='word_1_539' title='bbox 504 3874 658 3933; x_wconf 86' lang='lat' dir='ltr'><strong>illius</strong></span> <span class='ocrx_word' id='word_1_540' title='bbox 679 3876 871 3933; x_wconf 82' lang='lat' dir='ltr'><strong>fratris</strong></span> <span class='ocrx_word' id='word_1_541' title='bbox 897 3876 1148 3935; x_wconf 82' lang='lat' dir='ltr'><strong>animam</strong></span> <span class='ocrx_word' id='word_1_542' title='bbox 1165 3878 1236 3934; x_wconf 90' lang='lat' dir='ltr'><strong>de</strong></span> <span class='ocrx_word' id='word_1_543' title='bbox 1246 3877 1459 3951; x_wconf 86' lang='lat' dir='ltr'><strong>peccati</strong></span> <span class='ocrx_word' id='word_1_544' title='bbox 1482 3877 1684 3950; x_wconf 82' lang='lat' dir='ltr'><strong>laqueo</strong></span> <span class='ocrx_word' id='word_1_545' title='bbox 1714 3875 1971 3933; x_wconf 87' lang='lat' dir='ltr'><strong>Christus</strong></span> <span class='ocrx_word' id='word_1_546' title='bbox 1992 3876 2101 3932; x_wconf 83' lang='lat' dir='ltr'><strong>Do-</strong></span> 
     </span>
    </p>
   </div>
   <div class='ocr_carea' id='block_1_65' title="bbox 504 3964 2102 4025">
    <p class='ocr_par' dir='ltr' id='par_1_65' title="bbox 504 3964 2102 4025">
     <span class='ocr_line' id='line_1_65' title="bbox 504 3964 2102 4025; baseline -0.002 -2"><span class='ocrx_word' id='word_1_547' title='bbox 504 3964 696 4023; x_wconf 85' lang='lat' dir='ltr'><strong>minus</strong></span> <span class='ocrx_word' id='word_1_548' title='bbox 711 3964 986 4025; x_wconf 84' lang='lat' dir='ltr'><strong>liberavit.</strong></span> <span class='ocrx_word' id='word_1_549' title='bbox 1018 3967 1128 4025; x_wconf 90' lang='lat' dir='ltr'><strong>Pro</strong></span> <span class='ocrx_word' id='word_1_550' title='bbox 1152 3968 1265 4024; x_wconf 83' lang='lat' dir='ltr'><strong>ﬁde</strong></span> <span class='ocrx_word' id='word_1_551' title='bbox 1290 3968 1443 4024; x_wconf 89' lang='lat' dir='ltr'><strong>enim</strong></span> <span class='ocrx_word' id='word_1_552' title='bbox 1471 3973 1531 4024; x_wconf 90' lang='lat' dir='ltr'><strong>et</strong></span> <span class='ocrx_word' id='word_1_553' title='bbox 1555 3972 1750 4024; x_wconf 88' lang='lat' dir='ltr'><strong>sancta</strong></span> <span class='ocrx_word' id='word_1_554' title='bbox 1777 3965 2102 4022; x_wconf 89' lang='lat' dir='ltr'><strong>sollicitudi-</strong></span> 
     </span>
    </p>
   </div>
   <div class='ocr_carea' id='block_1_66' title="bbox 507 4053 2100 4129">
    <p class='ocr_par' dir='ltr' id='par_1_66' title="bbox 507 4053 2100 4129">
     <span class='ocr_line' id='line_1_66' title="bbox 507 4053 2100 4129; baseline 0.002 -20"><span class='ocrx_word' id='word_1_555' title='bbox 507 4068 583 4109; x_wconf 88' lang='lat' dir='ltr'><strong>ne</strong></span> <span class='ocrx_word' id='word_1_556' title='bbox 610 4058 670 4110; x_wconf 86' lang='lat' dir='ltr'><strong>et</strong></span> <span class='ocrx_word' id='word_1_557' title='bbox 683 4053 999 4111; x_wconf 86' lang='lat' dir='ltr'><strong>intentione</strong></span> <span class='ocrx_word' id='word_1_558' title='bbox 1045 4054 1311 4128; x_wconf 87' lang='lat' dir='ltr'><strong>discipuli</strong></span> <span class='ocrx_word' id='word_1_559' title='bbox 1339 4056 1436 4129; x_wconf 91' lang='lat' dir='ltr'><strong>qui</strong></span> <span class='ocrx_word' id='word_1_560' title='bbox 1465 4055 1707 4128; x_wconf 85' lang='lat' dir='ltr'><strong>perfecte</strong></span> <span class='ocrx_word' id='word_1_561' title='bbox 1742 4055 1805 4111; x_wconf 91' lang='lat' dir='ltr'><strong>in</strong></span> <span class='ocrx_word' id='word_1_562' title='bbox 1824 4055 2100 4112; x_wconf 88' lang='lat' dir='ltr'><strong>charitate</strong></span> 
     </span>
    </p>
   </div>
   <div class='ocr_carea' id='block_1_67' title="bbox 512 4141 2104 4215">
    <p class='ocr_par' dir='ltr' id='par_1_67' title="bbox 512 4141 2104 4215">
     <span class='ocr_line' id='line_1_67' title="bbox 512 4141 2104 4215; baseline 0.003 -18"><span class='ocrx_word' id='word_1_563' title='bbox 512 4142 725 4198; x_wconf 84' lang='lat' dir='ltr'><strong>Christi</strong></span> <span class='ocrx_word' id='word_1_564' title='bbox 746 4141 1017 4214; x_wconf 84' lang='lat' dir='ltr'><strong>diligebat</strong></span> <span class='ocrx_word' id='word_1_565' title='bbox 1033 4142 1296 4200; x_wconf 85' lang='lat' dir='ltr'><strong>abbatem</strong></span> <span class='ocrx_word' id='word_1_566' title='bbox 1315 4161 1502 4213; x_wconf 91' lang='lat' dir='ltr'><strong>suum,</strong></span> <span class='ocrx_word' id='word_1_567' title='bbox 1553 4149 1613 4200; x_wconf 88' lang='lat' dir='ltr'><strong>et</strong></span> <span class='ocrx_word' id='word_1_568' title='bbox 1651 4143 1814 4201; x_wconf 87' lang='lat' dir='ltr'><strong>anxie</strong></span> <span class='ocrx_word' id='word_1_569' title='bbox 1849 4144 2104 4215; x_wconf 89' lang='lat' dir='ltr'><strong>timebat,</strong></span> 
     </span>
    </p>
   </div>
   <div class='ocr_carea' id='block_1_68' title="bbox 512 4231 2111 4306">
    <p class='ocr_par' dir='ltr' id='par_1_68' title="bbox 512 4231 2111 4306">
     <span class='ocr_line' id='line_1_68' title="bbox 512 4231 2111 4306; baseline 0.001 -18"><span class='ocrx_word' id='word_1_570' title='bbox 512 4248 587 4288; x_wconf 90' lang='lat' dir='ltr'><strong>ne</strong></span> <span class='ocrx_word' id='word_1_571' title='bbox 603 4247 707 4305; x_wconf 88' lang='lat' dir='ltr'><strong>per</strong></span> <span class='ocrx_word' id='word_1_572' title='bbox 723 4231 942 4288; x_wconf 60' lang='lat' dir='ltr'><strong>invidia</strong></span> <span class='ocrx_word' id='word_1_573' title='bbox 970 4237 1029 4289; x_wconf 89' lang='lat' dir='ltr'><strong>et</strong></span> <span class='ocrx_word' id='word_1_574' title='bbox 1048 4232 1353 4290; x_wconf 70' lang='lat' dir='ltr'><strong>iracundiae</strong></span> <span class='ocrx_word' id='word_1_575' title='bbox 1376 4234 1595 4301; x_wconf 89' lang='lat' dir='ltr'><strong>vitium,</strong></span> <span class='ocrx_word' id='word_1_576' title='bbox 1620 4232 1832 4304; x_wconf 90' lang='lat' dir='ltr'><strong>aliquid</strong></span> <span class='ocrx_word' id='word_1_577' title='bbox 1850 4236 1964 4291; x_wconf 89' lang='lat' dir='ltr'><strong>tale</strong></span> <span class='ocrx_word' id='word_1_578' title='bbox 1982 4251 2111 4306; x_wconf 84' lang='lat' dir='ltr'><strong>age-</strong></span> 
     </span>
    </p>
   </div>
   <div class='ocr_carea' id='block_1_69' title="bbox 514 4322 2112 4395">
    <p class='ocr_par' dir='ltr' id='par_1_69' title="bbox 514 4322 2112 4395">
     <span class='ocr_line' id='line_1_69' title="bbox 514 4322 2112 4395; baseline 0.001 -17"><span class='ocrx_word' id='word_1_579' title='bbox 514 4327 605 4378; x_wconf 90' lang='lat' dir='ltr'><strong>ret</strong></span> <span class='ocrx_word' id='word_1_580' title='bbox 621 4326 786 4394; x_wconf 88' lang='lat' dir='ltr'><strong>pater</strong></span> <span class='ocrx_word' id='word_1_581' title='bbox 808 4338 945 4378; x_wconf 86' lang='lat' dir='ltr'><strong>suus</strong></span> <span class='ocrx_word' id='word_1_582' title='bbox 971 4322 1302 4395; x_wconf 90' lang='lat' dir='ltr'><strong>spiritualis,</strong></span> <span class='ocrx_word' id='word_1_583' title='bbox 1350 4328 1418 4379; x_wconf 92' lang='lat' dir='ltr'><strong>ut</strong></span> <span class='ocrx_word' id='word_1_584' title='bbox 1452 4323 1714 4395; x_wconf 89' lang='lat' dir='ltr'><strong>perderet</strong></span> <span class='ocrx_word' id='word_1_585' title='bbox 1738 4340 1933 4379; x_wconf 88' lang='lat' dir='ltr'><strong>omnes</strong></span> <span class='ocrx_word' id='word_1_586' title='bbox 1960 4324 2112 4380; x_wconf 87' lang='lat' dir='ltr'><strong>labo-</strong></span> 
     </span>
    </p>
   </div>
   <div class='ocr_carea' id='block_1_70' title="bbox 514 4412 2113 4485">
    <p class='ocr_par' dir='ltr' id='par_1_70' title="bbox 514 4412 2113 4485">
     <span class='ocr_line' id='line_1_70' title="bbox 514 4412 2113 4485; baseline 0.001 -18"><span class='ocrx_word' id='word_1_587' title='bbox 514 4428 608 4468; x_wconf 88' lang='lat' dir='ltr'><strong>res</strong></span> <span class='ocrx_word' id='word_1_588' title='bbox 624 4416 866 4480; x_wconf 89' lang='lat' dir='ltr'><strong>sanctos,</strong></span> <span class='ocrx_word' id='word_1_589' title='bbox 895 4428 1035 4485; x_wconf 88' lang='lat' dir='ltr'><strong>quos</strong></span> <span class='ocrx_word' id='word_1_590' title='bbox 1062 4412 1134 4469; x_wconf 88' lang='lat' dir='ltr'><strong>ab</strong></span> <span class='ocrx_word' id='word_1_591' title='bbox 1161 4412 1393 4469; x_wconf 89' lang='lat' dir='ltr'><strong>ineunte</strong></span> <span class='ocrx_word' id='word_1_592' title='bbox 1412 4417 1577 4468; x_wconf 85' lang='lat' dir='ltr'><strong>aetate</strong></span> <span class='ocrx_word' id='word_1_593' title='bbox 1603 4412 1665 4469; x_wconf 92' lang='lat' dir='ltr'><strong>in</strong></span> <span class='ocrx_word' id='word_1_594' title='bbox 1702 4412 1910 4469; x_wconf 87' lang='lat' dir='ltr'><strong>Christi</strong></span> <span class='ocrx_word' id='word_1_595' title='bbox 1937 4414 2113 4469; x_wconf 90' lang='lat' dir='ltr'><strong>servi-</strong></span> 
     </span>
    </p>
   </div>
   <div class='ocr_carea' id='block_1_71' title="bbox 2175 3242 3777 3316">
    <p class='ocr_par' dir='ltr' id='par_1_71' title="bbox 2175 3242 3777 3316">
     <span class='ocr_line' id='line_1_71' title="bbox 2175 3242 3777 3316; baseline -0.002 -17"><span class='ocrx_word' id='word_1_596' title='bbox 2175 3244 2298 3299; x_wconf 87' lang='lat' dir='ltr'><strong>xius</strong></span> <span class='ocrx_word' id='word_1_597' title='bbox 2325 3243 2513 3311; x_wconf 89' lang='lat' dir='ltr'><strong>nimis,</strong></span> <span class='ocrx_word' id='word_1_598' title='bbox 2544 3242 2849 3315; x_wconf 90' lang='lat' dir='ltr'><strong>prostravit</strong></span> <span class='ocrx_word' id='word_1_599' title='bbox 2861 3243 2995 3297; x_wconf 90' lang='lat' dir='ltr'><strong>sein</strong></span> <span class='ocrx_word' id='word_1_600' title='bbox 3007 3242 3319 3298; x_wconf 84' lang='lat' dir='ltr'><strong>orationem</strong></span> <span class='ocrx_word' id='word_1_601' title='bbox 3347 3258 3476 3297; x_wconf 89' lang='lat' dir='ltr'><strong>cum</strong></span> <span class='ocrx_word' id='word_1_602' title='bbox 3507 3243 3777 3316; x_wconf 73' lang='lat' dir='ltr'><strong>lacrymis</strong></span> 
     </span>
    </p>
   </div>
   <div class='ocr_carea' id='block_1_72' title="bbox 2177 3332 3776 3404">
    <p class='ocr_par' dir='ltr' id='par_1_72' title="bbox 2177 3332 3776 3404">
     <span class='ocr_line' id='line_1_72' title="bbox 2177 3332 3776 3404; baseline -0.001 -15"><span class='ocrx_word' id='word_1_603' title='bbox 2177 3334 2396 3390; x_wconf 90' lang='lat' dir='ltr'><strong>dicens:</strong></span> <span class='ocrx_word' id='word_1_604' title='bbox 2431 3333 2689 3401; x_wconf 89' lang='lat' dir='ltr'><strong>Domine,</strong></span> <span class='ocrx_word' id='word_1_605' title='bbox 2723 3332 2991 3388; x_wconf 88' lang='lat' dir='ltr'><strong>miserere</strong></span> <span class='ocrx_word' id='word_1_606' title='bbox 3018 3332 3131 3387; x_wconf 90' lang='lat' dir='ltr'><strong>mei</strong></span> <span class='ocrx_word' id='word_1_607' title='bbox 3171 3332 3480 3388; x_wconf 91' lang='lat' dir='ltr'><strong>secundum</strong></span> <span class='ocrx_word' id='word_1_608' title='bbox 3510 3349 3776 3404; x_wconf 85' lang='lat' dir='ltr'><strong>magnam</strong></span> 
     </span>
    </p>
   </div>
   <div class='ocr_carea' id='block_1_73' title="bbox 2178 3421 3779 3494">
    <p class='ocr_par' dir='ltr' id='par_1_73' title="bbox 2178 3421 3779 3494">
     <span class='ocr_line' id='line_1_73' title="bbox 2178 3421 3779 3494; baseline -0.002 -15"><span class='ocrx_word' id='word_1_609' title='bbox 2178 3422 2623 3479; x_wconf 85' lang='lat' dir='ltr'><strong>misericordiam</strong></span> <span class='ocrx_word' id='word_1_610' title='bbox 2642 3428 2801 3478; x_wconf 91' lang='lat' dir='ltr'><strong>tuam</strong></span> <span class='ocrx_word' id='word_1_611' title='bbox 2826 3425 2992 3491; x_wconf 81' lang='lat' dir='ltr'><strong>(Psal.</strong></span> <span class='ocrx_word' id='word_1_612' title='bbox 3030 3422 3079 3494; x_wconf 80' lang='grc' dir='ltr'><strong>ι.)</strong></span> <span class='ocrx_word' id='word_1_613' title='bbox 3113 3440 3126 3490; x_wconf 88' lang='grc'><strong>;</strong></span> <span class='ocrx_word' id='word_1_614' title='bbox 3157 3421 3253 3494; x_wconf 91' lang='lat' dir='ltr'><strong>qui</strong></span> <span class='ocrx_word' id='word_1_615' title='bbox 3272 3421 3450 3477; x_wconf 88' lang='lat' dir='ltr'><strong>fecisti</strong></span> <span class='ocrx_word' id='word_1_616' title='bbox 3481 3422 3698 3477; x_wconf 65' lang='lat' dir='ltr'><strong>caelum</strong></span> <span class='ocrx_word' id='word_1_617' title='bbox 3730 3428 3779 3475; x_wconf 83' lang='lat' dir='ltr'><strong>et</strong></span> 
     </span>
    </p>
   </div>
   <div class='ocr_carea' id='block_1_74' title="bbox 2179 3511 3776 3585">
    <p class='ocr_par' dir='ltr' id='par_1_74' title="bbox 2179 3511 3776 3585">
     <span class='ocr_line' id='line_1_74' title="bbox 2179 3511 3776 3585; baseline -0.003 -16"><span class='ocrx_word' id='word_1_618' title='bbox 2179 3518 2411 3580; x_wconf 90' lang='lat' dir='ltr'><strong>terram,</strong></span> <span class='ocrx_word' id='word_1_619' title='bbox 2440 3529 2619 3581; x_wconf 85' lang='lat' dir='ltr'><strong>mare,</strong></span> <span class='ocrx_word' id='word_1_620' title='bbox 2647 3517 2705 3568; x_wconf 89' lang='lat' dir='ltr'><strong>et</strong></span> <span class='ocrx_word' id='word_1_621' title='bbox 2729 3512 2919 3567; x_wconf 82' lang='lat' dir='ltr'><strong>omnia</strong></span> <span class='ocrx_word' id='word_1_622' title='bbox 2947 3527 3070 3585; x_wconf 63' lang='lat' dir='ltr'><strong>qua</strong></span> <span class='ocrx_word' id='word_1_623' title='bbox 3098 3511 3157 3567; x_wconf 92' lang='lat' dir='ltr'><strong>in</strong></span> <span class='ocrx_word' id='word_1_624' title='bbox 3175 3511 3255 3566; x_wconf 91' lang='lat' dir='ltr'><strong>eis</strong></span> <span class='ocrx_word' id='word_1_625' title='bbox 3283 3516 3435 3580; x_wconf 89' lang='lat' dir='ltr'><strong>sunt,</strong></span> <span class='ocrx_word' id='word_1_626' title='bbox 3468 3512 3567 3583; x_wconf 90' lang='lat' dir='ltr'><strong>qui</strong></span> <span class='ocrx_word' id='word_1_627' title='bbox 3598 3512 3776 3566; x_wconf 81' lang='lat' dir='ltr'><strong>fecisti</strong></span> 
     </span>
    </p>
   </div>
   <div class='ocr_carea' id='block_1_75' title="bbox 2181 3600 3779 3674">
    <p class='ocr_par' dir='ltr' id='par_1_75' title="bbox 2181 3600 3779 3674">
     <span class='ocr_line' id='line_1_75' title="bbox 2181 3600 3779 3674; baseline -0.002 -17"><span class='ocrx_word' id='word_1_628' title='bbox 2181 3601 2464 3657; x_wconf 88' lang='lat' dir='ltr'><strong>mirabilia</strong></span> <span class='ocrx_word' id='word_1_629' title='bbox 2489 3618 2702 3674; x_wconf 90' lang='lat' dir='ltr'><strong>magna</strong></span> <span class='ocrx_word' id='word_1_630' title='bbox 2729 3602 2899 3669; x_wconf 91' lang='lat' dir='ltr'><strong>solus,</strong></span> <span class='ocrx_word' id='word_1_631' title='bbox 2931 3600 3199 3656; x_wconf 89' lang='lat' dir='ltr'><strong>miserere</strong></span> <span class='ocrx_word' id='word_1_632' title='bbox 3254 3600 3365 3655; x_wconf 90' lang='lat' dir='ltr'><strong>mei</strong></span> <span class='ocrx_word' id='word_1_633' title='bbox 3404 3606 3648 3673; x_wconf 87' lang='lat' dir='ltr'><strong>propter</strong></span> <span class='ocrx_word' id='word_1_634' title='bbox 3676 3618 3779 3655; x_wconf 86' lang='lat' dir='ltr'><strong>ser-</strong></span> 
     </span>
    </p>
   </div>
   <div class='ocr_carea' id='block_1_76' title="bbox 2180 3689 3776 3764">
    <p class='ocr_par' dir='ltr' id='par_1_76' title="bbox 2180 3689 3776 3764">
     <span class='ocr_line' id='line_1_76' title="bbox 2180 3689 3776 3764; baseline -0.004 -15"><span class='ocrx_word' id='word_1_635' title='bbox 2180 3709 2314 3750; x_wconf 92' lang='lat' dir='ltr'><strong>vum</strong></span> <span class='ocrx_word' id='word_1_636' title='bbox 2339 3696 2503 3747; x_wconf 92' lang='lat' dir='ltr'><strong>tuum</strong></span> <span class='ocrx_word' id='word_1_637' title='bbox 2533 3691 2630 3764; x_wconf 91' lang='lat' dir='ltr'><strong>qui</strong></span> <span class='ocrx_word' id='word_1_638' title='bbox 2666 3691 2820 3746; x_wconf 91' lang='lat' dir='ltr'><strong>misit</strong></span> <span class='ocrx_word' id='word_1_639' title='bbox 2848 3707 2957 3758; x_wconf 89' lang='lat' dir='ltr'><strong>me,</strong></span> <span class='ocrx_word' id='word_1_640' title='bbox 3003 3695 3063 3745; x_wconf 91' lang='lat' dir='ltr'><strong>et</strong></span> <span class='ocrx_word' id='word_1_641' title='bbox 3105 3706 3236 3746; x_wconf 90' lang='lat' dir='ltr'><strong>cum</strong></span> <span class='ocrx_word' id='word_1_642' title='bbox 3273 3690 3691 3745; x_wconf 80' lang='lat' dir='ltr'><strong>exsurrexisset</strong></span> <span class='ocrx_word' id='word_1_643' title='bbox 3716 3689 3776 3743; x_wconf 79' lang='lat' dir='ltr'><strong>ab</strong></span> 
     </span>
    </p>
   </div>
   <div class='ocr_carea' id='block_1_77' title="bbox 2181 3780 3777 3852">
    <p class='ocr_par' dir='ltr' id='par_1_77' title="bbox 2181 3780 3777 3852">
     <span class='ocr_line' id='line_1_77' title="bbox 2181 3780 3777 3852; baseline -0.003 -14"><span class='ocrx_word' id='word_1_644' title='bbox 2181 3782 2454 3849; x_wconf 91' lang='lat' dir='ltr'><strong>oratione,</strong></span> <span class='ocrx_word' id='word_1_645' title='bbox 2485 3781 2821 3837; x_wconf 79' lang='lat' dir='ltr'><strong>exclamavit</strong></span> <span class='ocrx_word' id='word_1_646' title='bbox 2838 3780 3059 3836; x_wconf 89' lang='lat' dir='ltr'><strong>dicens:</strong></span> <span class='ocrx_word' id='word_1_647' title='bbox 3085 3780 3131 3836; x_wconf 93' lang='grc' dir='ltr'>Ο</span> <span class='ocrx_word' id='word_1_648' title='bbox 3151 3785 3336 3852; x_wconf 91' lang='lat' dir='ltr'><strong>putee,</strong></span> <span class='ocrx_word' id='word_1_649' title='bbox 3364 3784 3553 3851; x_wconf 88' lang='lat' dir='ltr'><strong>putec,</strong></span> <span class='ocrx_word' id='word_1_650' title='bbox 3585 3797 3777 3835; x_wconf 76' lang='lat' dir='ltr'><strong>servus</strong></span> 
     </span>
    </p>
   </div>
   <div class='ocr_carea' id='block_1_78' title="bbox 2182 3869 3773 3941">
    <p class='ocr_par' dir='ltr' id='par_1_78' title="bbox 2182 3869 3773 3941">
     <span class='ocr_line' id='line_1_78' title="bbox 2182 3869 3773 3941; baseline -0.004 -14"><span class='ocrx_word' id='word_1_651' title='bbox 2182 3872 2392 3927; x_wconf 90' lang='lat' dir='ltr'><strong>Christi</strong></span> <span class='ocrx_word' id='word_1_652' title='bbox 2421 3870 2593 3927; x_wconf 88' lang='lat' dir='ltr'><strong>abbas</strong></span> <span class='ocrx_word' id='word_1_653' title='bbox 2621 3887 2780 3927; x_wconf 90' lang='lat' dir='ltr'><strong>meus</strong></span> <span class='ocrx_word' id='word_1_654' title='bbox 2816 3870 2972 3926; x_wconf 91' lang='lat' dir='ltr'><strong>misit</strong></span> <span class='ocrx_word' id='word_1_655' title='bbox 2996 3886 3106 3939; x_wconf 89' lang='lat' dir='ltr'><strong>me,</strong></span> <span class='ocrx_word' id='word_1_656' title='bbox 3152 3875 3217 3925; x_wconf 88' lang='lat' dir='ltr'><strong>ut</strong></span> <span class='ocrx_word' id='word_1_657' title='bbox 3249 3869 3512 3925; x_wconf 88' lang='lat' dir='ltr'><strong>hauriam</strong></span> <span class='ocrx_word' id='word_1_658' title='bbox 3549 3886 3773 3941; x_wconf 84' lang='lat' dir='ltr'><strong>aquam.</strong></span> 
     </span>
    </p>
   </div>
   <div class='ocr_carea' id='block_1_79' title="bbox 2184 3960 3777 4032">
    <p class='ocr_par' dir='ltr' id='par_1_79' title="bbox 2184 3960 3777 4032">
     <span class='ocr_line' id='line_1_79' title="bbox 2184 3960 3777 4032; baseline -0.003 -15"><span class='ocrx_word' id='word_1_659' title='bbox 2184 3962 2390 4018; x_wconf 86' lang='lat' dir='ltr'><strong>Statim</strong></span> <span class='ocrx_word' id='word_1_660' title='bbox 2418 3966 2610 4017; x_wconf 90' lang='lat' dir='ltr'><strong>autem</strong></span> <span class='ocrx_word' id='word_1_661' title='bbox 2650 3960 2901 4016; x_wconf 89' lang='lat' dir='ltr'><strong>ascendit</strong></span> <span class='ocrx_word' id='word_1_662' title='bbox 2942 3976 3091 4032; x_wconf 88' lang='lat' dir='ltr'><strong>aqua</strong></span> <span class='ocrx_word' id='word_1_663' title='bbox 3118 3976 3344 4014; x_wconf 90' lang='lat' dir='ltr'><strong>sursum</strong></span> <span class='ocrx_word' id='word_1_664' title='bbox 3382 3975 3563 4031; x_wconf 89' lang='lat' dir='ltr'><strong>usque</strong></span> <span class='ocrx_word' id='word_1_665' title='bbox 3598 3960 3681 4014; x_wconf 84' lang='lat' dir='ltr'><strong>ad</strong></span> <span class='ocrx_word' id='word_1_666' title='bbox 3723 3976 3777 4014; x_wconf 84' lang='lat' dir='ltr'><strong>os</strong></span> 
     </span>
    </p>
   </div>
   <div class='ocr_carea' id='block_1_80' title="bbox 2181 4048 3775 4123">
    <p class='ocr_par' dir='ltr' id='par_1_80' title="bbox 2181 4048 3775 4123">
     <span class='ocr_line' id='line_1_80' title="bbox 2181 4048 3775 4123; baseline -0.003 -16"><span class='ocrx_word' id='word_1_667' title='bbox 2181 4051 2357 4123; x_wconf 90' lang='lat' dir='ltr'><strong>putei,</strong></span> <span class='ocrx_word' id='word_1_668' title='bbox 2404 4056 2462 4106; x_wconf 91' lang='lat' dir='ltr'><strong>et</strong></span> <span class='ocrx_word' id='word_1_669' title='bbox 2488 4067 2618 4106; x_wconf 91' lang='lat' dir='ltr'><strong>cum</strong></span> <span class='ocrx_word' id='word_1_670' title='bbox 2638 4050 2928 4123; x_wconf 87' lang='lat' dir='ltr'><strong>implesset</strong></span> <span class='ocrx_word' id='word_1_671' title='bbox 2948 4050 3207 4121; x_wconf 87' lang='lat' dir='ltr'><strong>lagenam</strong></span> <span class='ocrx_word' id='word_1_672' title='bbox 3234 4065 3394 4104; x_wconf 90' lang='lat' dir='ltr'><strong>suam</strong></span> <span class='ocrx_word' id='word_1_673' title='bbox 3418 4048 3614 4116; x_wconf 84' lang='lat' dir='ltr'><strong>frater,</strong></span> <span class='ocrx_word' id='word_1_674' title='bbox 3656 4049 3775 4103; x_wconf 83' lang='lat' dir='ltr'><strong>abs-</strong></span> 
     </span>
    </p>
   </div>
   <div class='ocr_carea' id='block_1_81' title="bbox 2190 4139 3778 4213">
    <p class='ocr_par' dir='ltr' id='par_1_81' title="bbox 2190 4139 3778 4213">
     <span class='ocr_line' id='line_1_81' title="bbox 2190 4139 3778 4213; baseline -0.003 -17"><span class='ocrx_word' id='word_1_675' title='bbox 2190 4141 2356 4197; x_wconf 89' lang='lat' dir='ltr'><strong>cessit</strong></span> <span class='ocrx_word' id='word_1_676' title='bbox 2374 4141 2695 4212; x_wconf 86' lang='lat' dir='ltr'><strong>glorificans</strong></span> <span class='ocrx_word' id='word_1_677' title='bbox 2714 4140 3022 4213; x_wconf 87' lang='lat' dir='ltr'><strong>potentiam</strong></span> <span class='ocrx_word' id='word_1_678' title='bbox 3043 4139 3265 4194; x_wconf 90' lang='lat' dir='ltr'><strong>Domini</strong></span> <span class='ocrx_word' id='word_1_679' title='bbox 3280 4139 3607 4209; x_wconf 84' lang='lat' dir='ltr'><strong>Salvatoris;</strong></span> <span class='ocrx_word' id='word_1_680' title='bbox 3638 4155 3778 4211; x_wconf 80' lang='lat' dir='ltr'><strong>aqua</strong></span> 
     </span>
    </p>
   </div>
   <div class='ocr_carea' id='block_1_82' title="bbox 2191 4229 3421 4303">
    <p class='ocr_par' dir='ltr' id='par_1_82' title="bbox 2191 4229 3421 4303">
     <span class='ocr_line' id='line_1_82' title="bbox 2191 4229 3421 4303; baseline -0.004 -16"><span class='ocrx_word' id='word_1_681' title='bbox 2191 4237 2381 4288; x_wconf 89' lang='lat' dir='ltr'><strong>autem</strong></span> <span class='ocrx_word' id='word_1_682' title='bbox 2402 4231 2557 4303; x_wconf 90' lang='lat' dir='ltr'><strong>putei</strong></span> <span class='ocrx_word' id='word_1_683' title='bbox 2576 4246 2802 4285; x_wconf 89' lang='lat' dir='ltr'><strong>reversa</strong></span> <span class='ocrx_word' id='word_1_684' title='bbox 2829 4235 2915 4286; x_wconf 92' lang='lat' dir='ltr'><strong>est</strong></span> <span class='ocrx_word' id='word_1_685' title='bbox 2936 4230 2994 4285; x_wconf 89' lang='lat' dir='ltr'><strong>in</strong></span> <span class='ocrx_word' id='word_1_686' title='bbox 3022 4229 3206 4284; x_wconf 89' lang='lat' dir='ltr'><strong>locum</strong></span> <span class='ocrx_word' id='word_1_687' title='bbox 3234 4244 3421 4284; x_wconf 85' lang='lat' dir='ltr'><strong>suum.</strong></span> 
     </span>
    </p>
   </div>
   <div class='ocr_carea' id='block_1_83' title="bbox 2266 4317 3779 4392">
    <p class='ocr_par' dir='ltr' id='par_1_83' title="bbox 2266 4317 3779 4392">
     <span class='ocr_line' id='line_1_83' title="bbox 2266 4317 3779 4392; baseline -0.001 -18"><span class='ocrx_word' id='word_1_688' title='bbox 2266 4321 2354 4377; x_wconf 78' lang='lat'><strong>29.</strong></span> <span class='ocrx_word' id='word_1_689' title='bbox 2375 4321 2507 4376; x_wconf 88' lang='lat' dir='ltr'><strong>Fuit</strong></span> <span class='ocrx_word' id='word_1_690' title='bbox 2530 4320 2758 4392; x_wconf 88' lang='lat' dir='ltr'><strong>quidam</strong></span> <span class='ocrx_word' id='word_1_691' title='bbox 2779 4320 2953 4375; x_wconf 90' lang='lat' dir='ltr'><strong>frater</strong></span> <span class='ocrx_word' id='word_1_692' title='bbox 2967 4320 3025 4374; x_wconf 90' lang='lat' dir='ltr'><strong>in</strong></span> <span class='ocrx_word' id='word_1_693' title='bbox 3045 4318 3404 4385; x_wconf 87' lang='lat' dir='ltr'><strong>monasterio,</strong></span> <span class='ocrx_word' id='word_1_694' title='bbox 3428 4317 3663 4374; x_wconf 90' lang='lat' dir='ltr'><strong>nomine</strong></span> <span class='ocrx_word' id='word_1_695' title='bbox 3689 4320 3779 4373; x_wconf 84' lang='lat' dir='ltr'><strong>Eu-</strong></span> 
     </span>
    </p>
   </div>
   <div class='ocr_carea' id='block_1_84' title="bbox 2193 4408 3775 4481">
    <p class='ocr_par' dir='ltr' id='par_1_84' title="bbox 2193 4408 3775 4481">
     <span class='ocr_line' id='line_1_84' title="bbox 2193 4408 3775 4481; baseline -0.005 -15"><span class='ocrx_word' id='word_1_696' title='bbox 2193 4410 2553 4477; x_wconf 85' lang='lat' dir='ltr'><strong>lalius,nimis</strong></span> <span class='ocrx_word' id='word_1_697' title='bbox 2566 4410 2753 4481; x_wconf 86' lang='lat' dir='ltr'><strong>gratia</strong></span> <span class='ocrx_word' id='word_1_698' title='bbox 2770 4408 3104 4464; x_wconf 81' lang='lat' dir='ltr'><strong>humilitatis</strong></span> <span class='ocrx_word' id='word_1_699' title='bbox 3119 4413 3349 4463; x_wconf 90' lang='lat' dir='ltr'><strong>ornatus</strong></span> <span class='ocrx_word' id='word_1_700' title='bbox 3369 4410 3603 4477; x_wconf 79' lang='lat' dir='ltr'><strong>(Pelag.,</strong></span> <span class='ocrx_word' id='word_1_701' title='bbox 3620 4410 3775 4463; x_wconf 64' lang='lat' dir='ltr'><strong>libr“.</strong></span> 
     </span>
    </p>
   </div>
   <div class='ocr_carea' id='block_1_85' title="bbox 514 4490 3779 4576">
    <p class='ocr_par' dir='ltr' id='par_1_85' title="bbox 514 4490 3779 4576">
     <span class='ocr_line' id='line_1_85' title="bbox 514 4490 3779 4576; baseline -0.003 -17"><span class='ocrx_word' id='word_1_702' title='bbox 514 4502 614 4571; x_wconf 88' lang='lat' dir='ltr'><strong>tio,</strong></span> <span class='ocrx_word' id='word_1_703' title='bbox 637 4518 740 4576; x_wconf 91' lang='lat' dir='ltr'><strong>pro</strong></span> <span class='ocrx_word' id='word_1_704' title='bbox 764 4502 891 4560; x_wconf 62' lang='lat' dir='ltr'><strong>vita</strong></span> <span class='ocrx_word' id='word_1_705' title='bbox 908 4508 1134 4560; x_wconf 64' lang='lat' dir='ltr'><strong>aeterne</strong></span> <span class='ocrx_word' id='word_1_706' title='bbox 1161 4502 1406 4576; x_wconf 60' lang='lat' dir='ltr'><strong>praemiis</strong></span> <span class='ocrx_word' id='word_1_707' title='bbox 1441 4501 1810 4559; x_wconf 81' lang='lat' dir='ltr'><strong>laboraverat.</strong></span> <span class='ocrx_word' id='word_1_708' title='bbox 1861 4502 2110 4576; x_wconf 87' lang='lat' dir='ltr'><strong>Ideoque</strong></span> <span class='ocrx_word' id='word_1_709' title='bbox 2126 4490 2177 4551; x_wconf 88' lang='lat' dir='ltr'><strong>D</strong></span> <span class='ocrx_word' id='word_1_710' title='bbox 2192 4497 2535 4569; x_wconf 85' lang='lat' dir='ltr'><strong>xv,n.86).Si</strong></span> <span class='ocrx_word' id='word_1_711' title='bbox 2549 4500 2681 4571; x_wconf 89' lang='lat' dir='ltr'><strong>quid</strong></span> <span class='ocrx_word' id='word_1_712' title='bbox 2696 4500 2960 4570; x_wconf 87' lang='lat' dir='ltr'><strong>igitur,ut</strong></span> <span class='ocrx_word' id='word_1_713' title='bbox 2971 4496 3412 4569; x_wconf 88' lang='lat' dir='ltr'><strong>solet,culpabile</strong></span> <span class='ocrx_word' id='word_1_714' title='bbox 3431 4498 3779 4553; x_wconf 86' lang='lat' dir='ltr'><strong>admisissent</strong></span> 
     </span>
    </p>
   </div>
   <div class='ocr_carea' id='block_1_86' title="bbox 515 4592 2110 4667">
    <p class='ocr_par' dir='ltr' id='par_1_86' title="bbox 515 4592 2110 4667">
     <span class='ocr_line' id='line_1_86' title="bbox 515 4592 2110 4667; baseline -0.001 -17"><span class='ocrx_word' id='word_1_715' title='bbox 515 4593 793 4650; x_wconf 91' lang='lat' dir='ltr'><strong>Dominus</strong></span> <span class='ocrx_word' id='word_1_716' title='bbox 818 4592 1048 4650; x_wconf 87' lang='lat' dir='ltr'><strong>donavit</strong></span> <span class='ocrx_word' id='word_1_717' title='bbox 1067 4593 1314 4665; x_wconf 86' lang='lat' dir='ltr'><strong>gratiam</strong></span> <span class='ocrx_word' id='word_1_718' title='bbox 1342 4608 1524 4662; x_wconf 88' lang='lat' dir='ltr'><strong>suam,</strong></span> <span class='ocrx_word' id='word_1_719' title='bbox 1565 4598 1630 4649; x_wconf 90' lang='lat' dir='ltr'><strong>ut</strong></span> <span class='ocrx_word' id='word_1_720' title='bbox 1645 4592 1705 4649; x_wconf 91' lang='lat' dir='ltr'><strong>in</strong></span> <span class='ocrx_word' id='word_1_721' title='bbox 1734 4609 1872 4667; x_wconf 89' lang='lat' dir='ltr'><strong>pace</strong></span> <span class='ocrx_word' id='word_1_722' title='bbox 1901 4593 2110 4649; x_wconf 89' lang='lat' dir='ltr'><strong>Christi</strong></span> 
     </span>
    </p>
   </div>
   <div class='ocr_carea' id='block_1_87' title="bbox 517 4683 1788 4763">
    <p class='ocr_par' dir='ltr' id='par_1_87' title="bbox 517 4683 1788 4763">
     <span class='ocr_line' id='line_1_87' title="bbox 517 4683 1788 4763; baseline 0 -23"><span class='ocrx_word' id='word_1_723' title='bbox 517 4683 734 4756; x_wconf 86' lang='lat' dir='ltr'><strong>pariter</strong></span> <span class='ocrx_word' id='word_1_724' title='bbox 748 4683 1098 4740; x_wconf 65' lang='lat' dir='ltr'><strong>laetarentur.</strong></span> <span class='ocrx_word' id='word_1_725' title='bbox 1781 4756 1788 4763; x_wconf 28' lang='grc' dir='ltr'><strong><em>θ</em></strong></span> 
     </span>
    </p>
   </div>
   <div class='ocr_carea' id='block_1_88' title="bbox 587 4770 2110 4847">
    <p class='ocr_par' dir='ltr' id='par_1_88' title="bbox 587 4770 2110 4847">
     <span class='ocr_line' id='line_1_88' title="bbox 587 4770 2110 4847; baseline 0 -18"><span class='ocrx_word' id='word_1_726' title='bbox 587 4774 679 4829; x_wconf 76' lang='grc'><strong>27.</strong></span> <span class='ocrx_word' id='word_1_727' title='bbox 726 4770 1000 4830; x_wconf 86' lang='lat' dir='ltr'><strong>Dicebant</strong></span> <span class='ocrx_word' id='word_1_728' title='bbox 1031 4773 1211 4830; x_wconf 89' lang='lat' dir='ltr'><strong>sancti</strong></span> <span class='ocrx_word' id='word_1_729' title='bbox 1241 4772 1491 4829; x_wconf 89' lang='lat' dir='ltr'><strong>seniores</strong></span> <span class='ocrx_word' id='word_1_730' title='bbox 1509 4773 1579 4829; x_wconf 90' lang='lat' dir='ltr'><strong>de</strong></span> <span class='ocrx_word' id='word_1_731' title='bbox 1598 4773 1873 4847; x_wconf 87' lang='lat' dir='ltr'><strong>discipulo</strong></span> <span class='ocrx_word' id='word_1_732' title='bbox 1893 4772 2110 4829; x_wconf 86' lang='lat' dir='ltr'><strong>abbatis</strong></span> 
     </span>
    </p>
   </div>
   <div class='ocr_carea' id='block_1_89' title="bbox 519 4862 2116 4936">
    <p class='ocr_par' dir='ltr' id='par_1_89' title="bbox 519 4862 2116 4936">
     <span class='ocr_line' id='line_1_89' title="bbox 519 4862 2116 4936; baseline 0 -17"><span class='ocrx_word' id='word_1_733' title='bbox 519 4862 702 4930; x_wconf 88' lang='lat' dir='ltr'><strong>Pauli,</strong></span> <span class='ocrx_word' id='word_1_734' title='bbox 723 4862 953 4919; x_wconf 84' lang='lat' dir='ltr'><strong>nomine</strong></span> <span class='ocrx_word' id='word_1_735' title='bbox 978 4863 1242 4931; x_wconf 84' lang='lat' dir='ltr'><strong>Joannes,</strong></span> <span class='ocrx_word' id='word_1_736' title='bbox 1274 4863 1543 4936; x_wconf 86' lang='lat' dir='ltr'><strong>quoniam</strong></span> <span class='ocrx_word' id='word_1_737' title='bbox 1584 4879 1851 4936; x_wconf 87' lang='lat' dir='ltr'><strong>magnam</strong></span> <span class='ocrx_word' id='word_1_738' title='bbox 1881 4862 2116 4919; x_wconf 87' lang='lat' dir='ltr'><strong>haberet</strong></span> 
     </span>
    </p>
   </div>
   <div class='ocr_carea' id='block_1_90' title="bbox 519 4950 2118 5021">
    <p class='ocr_par' dir='ltr' id='par_1_90' title="bbox 519 4950 2118 5021">
     <span class='ocr_line' id='line_1_90' title="bbox 519 4950 2118 5021; baseline 0.001 -13"><span class='ocrx_word' id='word_1_739' title='bbox 519 4950 919 5020; x_wconf 82' lang='lat' dir='ltr'><strong>humilitatem,</strong></span> <span class='ocrx_word' id='word_1_740' title='bbox 950 4958 1008 5008; x_wconf 91' lang='lat' dir='ltr'><strong>et</strong></span> <span class='ocrx_word' id='word_1_741' title='bbox 1035 4952 1302 5010; x_wconf 87' lang='lat' dir='ltr'><strong>virtutem</strong></span> <span class='ocrx_word' id='word_1_742' title='bbox 1333 4952 1755 5021; x_wconf 82' lang='lat' dir='ltr'><strong>obedientiae,ut</strong></span> <span class='ocrx_word' id='word_1_743' title='bbox 1766 4952 1938 5009; x_wconf 89' lang='lat' dir='ltr'><strong>etiam</strong></span> <span class='ocrx_word' id='word_1_744' title='bbox 1972 4953 2118 5009; x_wconf 83' lang='lat' dir='ltr'><strong>difﬁ-</strong></span> 
     </span>
    </p>
   </div>
   <div class='ocr_carea' id='block_1_91' title="bbox 521 5041 2117 5116">
    <p class='ocr_par' dir='ltr' id='par_1_91' title="bbox 521 5041 2117 5116">
     <span class='ocr_line' id='line_1_91' title="bbox 521 5041 2117 5116; baseline 0.001 -18"><span class='ocrx_word' id='word_1_745' title='bbox 521 5041 657 5100; x_wconf 88' lang='lat' dir='ltr'><strong>ciles</strong></span> <span class='ocrx_word' id='word_1_746' title='bbox 682 5056 883 5099; x_wconf 88' lang='lat' dir='ltr'><strong>causas</strong></span> <span class='ocrx_word' id='word_1_747' title='bbox 919 5042 1237 5114; x_wconf 86' lang='lat' dir='ltr'><strong>imperante</strong></span> <span class='ocrx_word' id='word_1_748' title='bbox 1266 5043 1320 5098; x_wconf 90' lang='lat' dir='ltr'><strong>ei</strong></span> <span class='ocrx_word' id='word_1_749' title='bbox 1367 5042 1587 5113; x_wconf 91' lang='lat' dir='ltr'><strong>abbate,</strong></span> <span class='ocrx_word' id='word_1_750' title='bbox 1614 5043 1677 5099; x_wconf 89' lang='lat' dir='ltr'><strong>in</strong></span> <span class='ocrx_word' id='word_1_751' title='bbox 1704 5043 1862 5099; x_wconf 90' lang='lat' dir='ltr'><strong>nullo</strong></span> <span class='ocrx_word' id='word_1_752' title='bbox 1892 5044 2117 5116; x_wconf 89' lang='lat' dir='ltr'><strong>penitus</strong></span> 
     </span>
    </p>
   </div>
   <div class='ocr_carea' id='block_1_92' title="bbox 520 5131 2119 5203">
    <p class='ocr_par' dir='ltr' id='par_1_92' title="bbox 520 5131 2119 5203">
     <span class='ocr_line' id='line_1_92' title="bbox 520 5131 2119 5203; baseline -0.001 -14"><span class='ocrx_word' id='word_1_753' title='bbox 520 5131 933 5190; x_wconf 81' lang='lat' dir='ltr'><strong>contradiceret</strong></span> <span class='ocrx_word' id='word_1_754' title='bbox 970 5132 1202 5203; x_wconf 78' lang='lat' dir='ltr'><strong>(Pelag.,</strong></span> <span class='ocrx_word' id='word_1_755' title='bbox 1234 5134 1403 5189; x_wconf 73' lang='grc' dir='ltr'><strong>ιίῡειι.</strong></span> <span class='ocrx_word' id='word_1_756' title='bbox 1431 5131 1517 5199; x_wconf 71' lang='grc'><strong>14,</strong></span> <span class='ocrx_word' id='word_1_757' title='bbox 1551 5133 1702 5203; x_wconf 65' lang='lat'><strong>11.4),</strong></span> <span class='ocrx_word' id='word_1_758' title='bbox 1738 5133 1836 5189; x_wconf 91' lang='lat' dir='ltr'><strong>sed</strong></span> <span class='ocrx_word' id='word_1_759' title='bbox 1867 5149 1970 5189; x_wconf 89' lang='lat' dir='ltr'><strong>nec</strong></span> <span class='ocrx_word' id='word_1_760' title='bbox 1987 5134 2119 5188; x_wconf 86' lang='lat' dir='ltr'><strong>levi-</strong></span> 
     </span>
    </p>
   </div>
   <div class='ocr_carea' id='block_1_93' title="bbox 519 5221 2119 5295">
    <p class='ocr_par' dir='ltr' id='par_1_93' title="bbox 519 5221 2119 5295">
     <span class='ocr_line' id='line_1_93' title="bbox 519 5221 2119 5295; baseline -0.001 -16"><span class='ocrx_word' id='word_1_761' title='bbox 519 5222 685 5280; x_wconf 86' lang='lat' dir='ltr'><strong>terin</strong></span> <span class='ocrx_word' id='word_1_762' title='bbox 717 5221 908 5295; x_wconf 85' lang='lat' dir='ltr'><strong>aliquo</strong></span> <span class='ocrx_word' id='word_1_763' title='bbox 945 5222 1346 5278; x_wconf 83' lang='lat' dir='ltr'><strong>murmuraret.</strong></span> <span class='ocrx_word' id='word_1_764' title='bbox 1378 5222 1521 5278; x_wconf 91' lang='lat' dir='ltr'><strong>Cum</strong></span> <span class='ocrx_word' id='word_1_765' title='bbox 1550 5227 1742 5278; x_wconf 87' lang='lat' dir='ltr'><strong>autem</strong></span> <span class='ocrx_word' id='word_1_766' title='bbox 1766 5222 2119 5278; x_wconf 85' lang='lat' dir='ltr'><strong>necessarius</strong></span> 
     </span>
    </p>
   </div>
   <div class='ocr_carea' id='block_1_94' title="bbox 521 5296 2120 5377">
    <p class='ocr_par' dir='ltr' id='par_1_94' title="bbox 521 5296 2120 5377">
     <span class='ocr_line' id='line_1_94' title="bbox 521 5296 2120 5377; baseline -0.001 -9"><span class='ocrx_word' id='word_1_767' title='bbox 521 5317 674 5370; x_wconf 87' lang='lat' dir='ltr'><strong>esset</strong></span> <span class='ocrx_word' id='word_1_768' title='bbox 683 5312 744 5368; x_wconf 86' lang='lat' dir='ltr'><strong>in</strong></span> <span class='ocrx_word' id='word_1_769' title='bbox 755 5311 1083 5369; x_wconf 84' lang='lat' dir='ltr'><strong>monasterii</strong></span> <span class='ocrx_word' id='word_1_770' title='bbox 1093 5296 1429 5368; x_wconf 78' lang='lat' dir='ltr'><strong>utensilibus</strong></span> <span class='ocrx_word' id='word_1_771' title='bbox 1442 5312 1612 5367; x_wconf 84' lang='lat' dir='ltr'><strong>fimus</strong></span> <span class='ocrx_word' id='word_1_772' title='bbox 1621 5310 1976 5377; x_wconf 87' lang='lat' dir='ltr'><strong>boum,misit</strong></span> <span class='ocrx_word' id='word_1_773' title='bbox 1990 5327 2120 5367; x_wconf 91' lang='lat' dir='ltr'><strong>eum</strong></span> 
     </span>
    </p>
   </div>
   <div class='ocr_carea' id='block_1_95' title="bbox 522 5399 2120 5475">
    <p class='ocr_par' dir='ltr' id='par_1_95' title="bbox 522 5399 2120 5475">
     <span class='ocr_line' id='line_1_95' title="bbox 522 5399 2120 5475; baseline -0.002 -16"><span class='ocrx_word' id='word_1_774' title='bbox 522 5402 697 5460; x_wconf 84' lang='lat' dir='ltr'><strong>abbas</strong></span> <span class='ocrx_word' id='word_1_775' title='bbox 722 5402 784 5459; x_wconf 90' lang='lat' dir='ltr'><strong>in</strong></span> <span class='ocrx_word' id='word_1_776' title='bbox 815 5402 1135 5475; x_wconf 86' lang='lat' dir='ltr'><strong>proximum</strong></span> <span class='ocrx_word' id='word_1_777' title='bbox 1163 5402 1367 5469; x_wconf 88' lang='lat' dir='ltr'><strong>vicum,</strong></span> <span class='ocrx_word' id='word_1_778' title='bbox 1398 5405 1465 5457; x_wconf 90' lang='lat' dir='ltr'><strong>ut</strong></span> <span class='ocrx_word' id='word_1_779' title='bbox 1490 5399 1895 5473; x_wconf 87' lang='lat' dir='ltr'><strong>requireretibi</strong></span> <span class='ocrx_word' id='word_1_780' title='bbox 1924 5402 2120 5456; x_wconf 85' lang='lat' dir='ltr'><strong>ﬁmum</strong></span> 
     </span>
    </p>
   </div>
   <div class='ocr_carea' id='block_1_96' title="bbox 522 5489 2114 5560">
    <p class='ocr_par' dir='ltr' id='par_1_96' title="bbox 522 5489 2114 5560">
     <span class='ocr_line' id='line_1_96' title="bbox 522 5489 2114 5560; baseline 0.001 -13"><span class='ocrx_word' id='word_1_781' title='bbox 522 5491 713 5560; x_wconf 84' lang='lat' dir='ltr'><strong>boum,</strong></span> <span class='ocrx_word' id='word_1_782' title='bbox 741 5497 799 5548; x_wconf 90' lang='lat' dir='ltr'><strong>et</strong></span> <span class='ocrx_word' id='word_1_783' title='bbox 827 5507 958 5548; x_wconf 90' lang='lat' dir='ltr'><strong>cum</strong></span> <span class='ocrx_word' id='word_1_784' title='bbox 994 5491 1285 5548; x_wconf 85' lang='lat' dir='ltr'><strong>celeritate</strong></span> <span class='ocrx_word' id='word_1_785' title='bbox 1313 5490 1541 5546; x_wconf 78' lang='lat' dir='ltr'><strong>atIerret</strong></span> <span class='ocrx_word' id='word_1_786' title='bbox 1567 5489 1639 5545; x_wconf 86' lang='lat' dir='ltr'><strong>ad</strong></span> <span class='ocrx_word' id='word_1_787' title='bbox 1679 5491 2085 5547; x_wconf 88' lang='lat' dir='ltr'><strong>monasterium</strong></span> <span class='ocrx_word' id='word_1_788' title='bbox 2100 5535 2114 5549; x_wconf 97' lang='lat'><strong>.</strong></span> 
     </span>
    </p>
   </div>
   <div class='ocr_carea' id='block_1_97' title="bbox 526 5579 2121 5647">
    <p class='ocr_par' dir='ltr' id='par_1_97' title="bbox 526 5579 2121 5647">
     <span class='ocr_line' id='line_1_97' title="bbox 526 5579 2121 5647; baseline 0.001 -12"><span class='ocrx_word' id='word_1_789' title='bbox 526 5580 661 5637; x_wconf 87' lang='lat' dir='ltr'><strong>Erat</strong></span> <span class='ocrx_word' id='word_1_790' title='bbox 690 5584 881 5638; x_wconf 87' lang='lat' dir='ltr'><strong>autem</strong></span> <span class='ocrx_word' id='word_1_791' title='bbox 908 5581 968 5637; x_wconf 92' lang='lat' dir='ltr'><strong>in</strong></span> <span class='ocrx_word' id='word_1_792' title='bbox 995 5583 1120 5638; x_wconf 92' lang='lat' dir='ltr'><strong>loco</strong></span> <span class='ocrx_word' id='word_1_793' title='bbox 1143 5582 1241 5637; x_wconf 92' lang='lat' dir='ltr'><strong>illo</strong></span> <span class='ocrx_word' id='word_1_794' title='bbox 1265 5581 1420 5637; x_wconf 89' lang='lat' dir='ltr'><strong>mala</strong></span> <span class='ocrx_word' id='word_1_795' title='bbox 1445 5579 1645 5647; x_wconf 86' lang='lat' dir='ltr'><strong>bestia,</strong></span> <span class='ocrx_word' id='word_1_796' title='bbox 1676 5580 1873 5635; x_wconf 71' lang='lat' dir='ltr'><strong>leaena.</strong></span> <span class='ocrx_word' id='word_1_797' title='bbox 1915 5581 2121 5636; x_wconf 89' lang='lat' dir='ltr'><strong>Statim</strong></span> 
     </span>
    </p>
   </div>
   <div class='ocr_carea' id='block_1_98' title="bbox 526 5669 2119 5747">
    <p class='ocr_par' dir='ltr' id='par_1_98' title="bbox 526 5669 2119 5747">
     <span class='ocr_line' id='line_1_98' title="bbox 526 5669 2119 5747; baseline 0.003 -23"><span class='ocrx_word' id='word_1_798' title='bbox 526 5684 659 5742; x_wconf 88' lang='lat' dir='ltr'><strong>ergo</strong></span> <span class='ocrx_word' id='word_1_799' title='bbox 677 5687 937 5743; x_wconf 86' lang='lat' dir='ltr'><strong>egressus</strong></span> <span class='ocrx_word' id='word_1_800' title='bbox 947 5671 1255 5747; x_wconf 88' lang='lat' dir='ltr'><strong>discipulus</strong></span> <span class='ocrx_word' id='word_1_801' title='bbox 1266 5671 1389 5745; x_wconf 89' lang='lat' dir='ltr'><strong>ejus</strong></span> <span class='ocrx_word' id='word_1_802' title='bbox 1407 5669 1796 5741; x_wconf 84' lang='lat' dir='ltr'><strong>Joannes,ibat</strong></span> <span class='ocrx_word' id='word_1_803' title='bbox 1812 5671 2119 5729; x_wconf 89' lang='lat' dir='ltr'><strong>secundum</strong></span> 
     </span>
    </p>
   </div>
   <div class='ocr_carea' id='block_1_99' title="bbox 2190 4588 3780 4661">
    <p class='ocr_par' dir='ltr' id='par_1_99' title="bbox 2190 4588 3780 4661">
     <span class='ocr_line' id='line_1_99' title="bbox 2190 4588 3780 4661; baseline -0.002 -17"><span class='ocrx_word' id='word_1_804' title='bbox 2190 4590 2392 4644; x_wconf 83' lang='lat' dir='ltr'><strong>fratres</strong></span> <span class='ocrx_word' id='word_1_805' title='bbox 2410 4589 2863 4661; x_wconf 88' lang='lat' dir='ltr'><strong>negligentiores,</strong></span> <span class='ocrx_word' id='word_1_806' title='bbox 2881 4593 3204 4644; x_wconf 80' lang='lat' dir='ltr'><strong>excusantes</strong></span> <span class='ocrx_word' id='word_1_807' title='bbox 3222 4588 3415 4658; x_wconf 87' lang='lat' dir='ltr'><strong>culpas</strong></span> <span class='ocrx_word' id='word_1_808' title='bbox 3428 4604 3585 4653; x_wconf 86' lang='lat' dir='ltr'><strong>suas,</strong></span> <span class='ocrx_word' id='word_1_809' title='bbox 3604 4603 3780 4660; x_wconf 83' lang='lat' dir='ltr'><strong>supra-</strong></span> 
     </span>
    </p>
   </div>
   <div class='ocr_carea' id='block_1_100' title="bbox 2192 4675 3777 4749">
    <p class='ocr_par' dir='ltr' id='par_1_100' title="bbox 2192 4675 3777 4749">
     <span class='ocr_line' id='line_1_100' title="bbox 2192 4675 3777 4749; baseline -0.003 -15"><span class='ocrx_word' id='word_1_810' title='bbox 2192 4679 2403 4735; x_wconf 90' lang='lat' dir='ltr'><strong>dictum</strong></span> <span class='ocrx_word' id='word_1_811' title='bbox 2414 4678 2647 4734; x_wconf 87' lang='lat' dir='ltr'><strong>fratrem</strong></span> <span class='ocrx_word' id='word_1_812' title='bbox 2658 4677 2986 4734; x_wconf 87' lang='lat' dir='ltr'><strong>asserebant</strong></span> <span class='ocrx_word' id='word_1_813' title='bbox 3011 4695 3133 4733; x_wconf 89' lang='lat' dir='ltr'><strong>esse</strong></span> <span class='ocrx_word' id='word_1_814' title='bbox 3151 4675 3503 4749; x_wconf 90' lang='lat' dir='ltr'><strong>culpabilem.</strong></span> <span class='ocrx_word' id='word_1_815' title='bbox 3538 4678 3777 4749; x_wconf 86' lang='lat' dir='ltr'><strong>Cumque</strong></span> 
     </span>
    </p>
   </div>
   <div class='ocr_carea' id='block_1_101' title="bbox 2194 4765 3776 4841">
    <p class='ocr_par' dir='ltr' id='par_1_101' title="bbox 2194 4765 3776 4841">
     <span class='ocr_line' id='line_1_101' title="bbox 2194 4765 3776 4841; baseline -0.004 -15"><span class='ocrx_word' id='word_1_816' title='bbox 2194 4775 2529 4841; x_wconf 83' lang='lat' dir='ltr'><strong>argueretur</strong></span> <span class='ocrx_word' id='word_1_817' title='bbox 2553 4785 2588 4823; x_wconf 94' lang='lat' dir='ltr'><strong>a</strong></span> <span class='ocrx_word' id='word_1_818' title='bbox 2614 4768 2928 4825; x_wconf 90' lang='lat' dir='ltr'><strong>senioribus</strong></span> <span class='ocrx_word' id='word_1_819' title='bbox 2954 4768 3240 4834; x_wconf 88' lang='lat' dir='ltr'><strong>fratribus,</strong></span> <span class='ocrx_word' id='word_1_820' title='bbox 3270 4784 3384 4823; x_wconf 88' lang='lat' dir='ltr'><strong>non</strong></span> <span class='ocrx_word' id='word_1_821' title='bbox 3406 4766 3671 4838; x_wconf 87' lang='lat' dir='ltr'><strong>negabat,</strong></span> <span class='ocrx_word' id='word_1_822' title='bbox 3695 4765 3776 4820; x_wconf 83' lang='lat' dir='ltr'><strong>sed</strong></span> 
     </span>
    </p>
   </div>
   <div class='ocr_carea' id='block_1_102' title="bbox 2194 4856 3777 4933">
    <p class='ocr_par' dir='ltr' id='par_1_102' title="bbox 2194 4856 3777 4933">
     <span class='ocr_line' id='line_1_102' title="bbox 2194 4856 3777 4933; baseline -0.005 -18"><span class='ocrx_word' id='word_1_823' title='bbox 2194 4857 2585 4933; x_wconf 88' lang='lat' dir='ltr'><strong>prosternebat</strong></span> <span class='ocrx_word' id='word_1_824' title='bbox 2598 4875 2660 4913; x_wconf 90' lang='lat' dir='ltr'><strong>se</strong></span> <span class='ocrx_word' id='word_1_825' title='bbox 2674 4859 2734 4913; x_wconf 92' lang='lat' dir='ltr'><strong>in</strong></span> <span class='ocrx_word' id='word_1_826' title='bbox 2747 4862 2978 4925; x_wconf 90' lang='lat' dir='ltr'><strong>terram,</strong></span> <span class='ocrx_word' id='word_1_827' title='bbox 3008 4863 3065 4913; x_wconf 89' lang='lat' dir='ltr'><strong>et</strong></span> <span class='ocrx_word' id='word_1_828' title='bbox 3076 4858 3314 4912; x_wconf 89' lang='lat' dir='ltr'><strong>adorans</strong></span> <span class='ocrx_word' id='word_1_829' title='bbox 3340 4872 3454 4923; x_wconf 91' lang='lat' dir='ltr'><strong>eos,</strong></span> <span class='ocrx_word' id='word_1_830' title='bbox 3486 4856 3777 4921; x_wconf 71' lang='lat' dir='ltr'><strong>se,dicebat</strong></span> 
     </span>
    </p>
   </div>
   <div class='ocr_carea' id='block_1_103' title="bbox 2197 4946 3778 5023">
    <p class='ocr_par' dir='ltr' id='par_1_103' title="bbox 2197 4946 3778 5023">
     <span class='ocr_line' id='line_1_103' title="bbox 2197 4946 3778 5023; baseline -0.004 -18"><span class='ocrx_word' id='word_1_831' title='bbox 2197 4966 2477 5023; x_wconf 89' lang='lat' dir='ltr'><strong>peccasse,</strong></span> <span class='ocrx_word' id='word_1_832' title='bbox 2523 4955 2580 5002; x_wconf 90' lang='lat' dir='ltr'><strong>et</strong></span> <span class='ocrx_word' id='word_1_833' title='bbox 2623 4948 2973 5019; x_wconf 88' lang='lat' dir='ltr'><strong>negligenter</strong></span> <span class='ocrx_word' id='word_1_834' title='bbox 3009 4946 3222 5001; x_wconf 86' lang='lat' dir='ltr'><strong>fecisse.</strong></span> <span class='ocrx_word' id='word_1_835' title='bbox 3269 4947 3408 5002; x_wconf 90' lang='lat' dir='ltr'><strong>Cum</strong></span> <span class='ocrx_word' id='word_1_836' title='bbox 3451 4950 3647 5001; x_wconf 88' lang='lat' dir='ltr'><strong>autem</strong></span> <span class='ocrx_word' id='word_1_837' title='bbox 3687 4946 3778 4999; x_wconf 79' lang='lat' dir='ltr'><strong>ite-</strong></span> 
     </span>
    </p>
   </div>
   <div class='ocr_carea' id='block_1_104' title="bbox 2198 5035 3777 5110">
    <p class='ocr_par' dir='ltr' id='par_1_104' title="bbox 2198 5035 3777 5110">
     <span class='ocr_line' id='line_1_104' title="bbox 2198 5035 3777 5110; baseline -0.006 -16"><span class='ocrx_word' id='word_1_838' title='bbox 2198 5056 2326 5095; x_wconf 89' lang='lat' dir='ltr'><strong>rum</strong></span> <span class='ocrx_word' id='word_1_839' title='bbox 2368 5056 2433 5094; x_wconf 90' lang='lat' dir='ltr'><strong>ac</strong></span> <span class='ocrx_word' id='word_1_840' title='bbox 2473 5039 2795 5110; x_wconf 87' lang='lat' dir='ltr'><strong>frequenter</strong></span> <span class='ocrx_word' id='word_1_841' title='bbox 2832 5041 3161 5091; x_wconf 89' lang='lat' dir='ltr'><strong>accusarent</strong></span> <span class='ocrx_word' id='word_1_842' title='bbox 3185 5053 3334 5102; x_wconf 89' lang='lat' dir='ltr'><strong>eum,</strong></span> <span class='ocrx_word' id='word_1_843' title='bbox 3384 5039 3441 5090; x_wconf 90' lang='lat' dir='ltr'><strong>et</strong></span> <span class='ocrx_word' id='word_1_844' title='bbox 3487 5035 3777 5092; x_wconf 85' lang='lat' dir='ltr'><strong>secundum</strong></span> 
     </span>
    </p>
   </div>
   <div class='ocr_carea' id='block_1_105' title="bbox 2199 5122 3779 5202">
    <p class='ocr_par' dir='ltr' id='par_1_105' title="bbox 2199 5122 3779 5202">
     <span class='ocr_line' id='line_1_105' title="bbox 2199 5122 3779 5202; baseline -0.006 -17"><span class='ocrx_word' id='word_1_845' title='bbox 2199 5130 2453 5202; x_wconf 88' lang='lat' dir='ltr'><strong>regulam</strong></span> <span class='ocrx_word' id='word_1_846' title='bbox 2496 5128 2861 5184; x_wconf 88' lang='lat' dir='ltr'><strong>monasticam</strong></span> <span class='ocrx_word' id='word_1_847' title='bbox 2906 5125 3151 5182; x_wconf 84' lang='lat' dir='ltr'><strong>biduana</strong></span> <span class='ocrx_word' id='word_1_848' title='bbox 3178 5143 3243 5181; x_wconf 90' lang='lat' dir='ltr'><strong>ac</strong></span> <span class='ocrx_word' id='word_1_849' title='bbox 3276 5125 3545 5180; x_wconf 85' lang='lat' dir='ltr'><strong>triduana</strong></span> <span class='ocrx_word' id='word_1_850' title='bbox 3576 5122 3779 5197; x_wconf 76' lang='lat' dir='ltr'><strong>jejunis</strong></span> 
     </span>
    </p>
   </div>
   <div class='ocr_carea' id='block_1_106' title="bbox 2202 5212 3778 5288">
    <p class='ocr_par' dir='ltr' id='par_1_106' title="bbox 2202 5212 3778 5288">
     <span class='ocr_line' id='line_1_106' title="bbox 2202 5212 3778 5288; baseline -0.005 -15"><span class='ocrx_word' id='word_1_851' title='bbox 2202 5219 2253 5273; x_wconf 92' lang='lat' dir='ltr'><strong>ei</strong></span> <span class='ocrx_word' id='word_1_852' title='bbox 2270 5218 2672 5285; x_wconf 89' lang='lat' dir='ltr'><strong>indicerentur,</strong></span> <span class='ocrx_word' id='word_1_853' title='bbox 2694 5217 2788 5271; x_wconf 91' lang='lat' dir='ltr'><strong>ille</strong></span> <span class='ocrx_word' id='word_1_854' title='bbox 2819 5216 3009 5270; x_wconf 89' lang='lat' dir='ltr'><strong>omnia</strong></span> <span class='ocrx_word' id='word_1_855' title='bbox 3036 5215 3317 5288; x_wconf 88' lang='lat' dir='ltr'><strong>patienter</strong></span> <span class='ocrx_word' id='word_1_856' title='bbox 3334 5212 3778 5283; x_wconf 83' lang='lat' dir='ltr'><strong>tolerabat.lgno-</strong></span> 
     </span>
    </p>
   </div>
   <div class='ocr_carea' id='block_1_107' title="bbox 2202 5300 3777 5377">
    <p class='ocr_par' dir='ltr' id='par_1_107' title="bbox 2202 5300 3777 5377">
     <span class='ocr_line' id='line_1_107' title="bbox 2202 5300 3777 5377; baseline -0.005 -14"><span class='ocrx_word' id='word_1_857' title='bbox 2202 5313 2391 5363; x_wconf 88' lang='lat' dir='ltr'><strong>rantes</strong></span> <span class='ocrx_word' id='word_1_858' title='bbox 2413 5312 2601 5363; x_wconf 90' lang='lat' dir='ltr'><strong>autem</strong></span> <span class='ocrx_word' id='word_1_859' title='bbox 2622 5306 2824 5361; x_wconf 87' lang='lat' dir='ltr'><strong>fratres</strong></span> <span class='ocrx_word' id='word_1_860' title='bbox 2850 5306 2982 5377; x_wconf 90' lang='lat' dir='ltr'><strong>quia</strong></span> <span class='ocrx_word' id='word_1_861' title='bbox 2994 5306 3114 5360; x_wconf 76' lang='lat' dir='ltr'><strong>haec</strong></span> <span class='ocrx_word' id='word_1_862' title='bbox 3133 5303 3322 5359; x_wconf 90' lang='lat' dir='ltr'><strong>omnia</strong></span> <span class='ocrx_word' id='word_1_863' title='bbox 3335 5320 3435 5375; x_wconf 89' lang='lat' dir='ltr'><strong>pro</strong></span> <span class='ocrx_word' id='word_1_864' title='bbox 3460 5300 3777 5357; x_wconf 73' lang='lat' dir='ltr'><strong>humilitatis</strong></span> 
     </span>
    </p>
   </div>
   <div class='ocr_carea' id='block_1_108' title="bbox 2201 5392 3775 5469">
    <p class='ocr_par' dir='ltr' id='par_1_108' title="bbox 2201 5392 3775 5469">
     <span class='ocr_line' id='line_1_108' title="bbox 2201 5392 3775 5469; baseline -0.007 -18"><span class='ocrx_word' id='word_1_865' title='bbox 2201 5399 2408 5453; x_wconf 88' lang='lat' dir='ltr'><strong>virtute</strong></span> <span class='ocrx_word' id='word_1_866' title='bbox 2424 5398 2705 5469; x_wconf 88' lang='lat' dir='ltr'><strong>patienter</strong></span> <span class='ocrx_word' id='word_1_867' title='bbox 2722 5396 3044 5461; x_wconf 87' lang='lat' dir='ltr'><strong>sustineret,</strong></span> <span class='ocrx_word' id='word_1_868' title='bbox 3068 5393 3457 5449; x_wconf 86' lang='lat' dir='ltr'><strong>convenientes</strong></span> <span class='ocrx_word' id='word_1_869' title='bbox 3476 5392 3705 5463; x_wconf 85' lang='lat' dir='ltr'><strong>pariter,</strong></span> <span class='ocrx_word' id='word_1_870' title='bbox 3732 5392 3775 5441; x_wconf 82' lang='lat' dir='ltr'><strong>et</strong></span> 
     </span>
    </p>
   </div>
   <div class='ocr_carea' id='block_1_109' title="bbox 2202 5481 3773 5547">
    <p class='ocr_par' dir='ltr' id='par_1_109' title="bbox 2202 5481 3773 5547">
     <span class='ocr_line' id='line_1_109' title="bbox 2202 5481 3773 5547; baseline -0.007 -4"><span class='ocrx_word' id='word_1_871' title='bbox 2202 5488 2443 5543; x_wconf 81' lang='lat' dir='ltr'><strong>maxime</strong></span> <span class='ocrx_word' id='word_1_872' title='bbox 2461 5487 2711 5542; x_wconf 89' lang='lat' dir='ltr'><strong>seniores</strong></span> <span class='ocrx_word' id='word_1_873' title='bbox 2729 5486 2931 5540; x_wconf 89' lang='lat' dir='ltr'><strong>fratres</strong></span> <span class='ocrx_word' id='word_1_874' title='bbox 2953 5485 3023 5540; x_wconf 92' lang='lat' dir='ltr'><strong>ad</strong></span> <span class='ocrx_word' id='word_1_875' title='bbox 3038 5485 3265 5540; x_wconf 90' lang='lat' dir='ltr'><strong>Patrem</strong></span> <span class='ocrx_word' id='word_1_876' title='bbox 3284 5481 3773 5547; x_wconf 78' lang='lat' dir='ltr'><strong>monasterii,dixe-</strong></span> 
     </span>
    </p>
   </div>
   <div class='ocr_carea' id='block_1_110' title="bbox 2202 5568 3773 5648">
    <p class='ocr_par' dir='ltr' id='par_1_110' title="bbox 2202 5568 3773 5648">
     <span class='ocr_line' id='line_1_110' title="bbox 2202 5568 3773 5648; baseline -0.008 -14"><span class='ocrx_word' id='word_1_877' title='bbox 2202 5583 2351 5633; x_wconf 90' lang='lat' dir='ltr'><strong>runt:</strong></span> <span class='ocrx_word' id='word_1_878' title='bbox 2376 5577 2700 5644; x_wconf 90' lang='lat' dir='ltr'><strong>Considera,</strong></span> <span class='ocrx_word' id='word_1_879' title='bbox 2717 5577 2903 5641; x_wconf 89' lang='lat' dir='ltr'><strong>Pater,</strong></span> <span class='ocrx_word' id='word_1_880' title='bbox 2929 5575 3064 5648; x_wconf 91' lang='lat' dir='ltr'><strong>quid</strong></span> <span class='ocrx_word' id='word_1_881' title='bbox 3080 5573 3393 5629; x_wconf 86' lang='lat' dir='ltr'><strong>faciendum</strong></span> <span class='ocrx_word' id='word_1_882' title='bbox 3425 5572 3515 5638; x_wconf 90' lang='lat' dir='ltr'><strong>sit,</strong></span> <span class='ocrx_word' id='word_1_883' title='bbox 3549 5568 3773 5642; x_wconf 82' lang='lat' dir='ltr'><strong>quandiu</strong></span> 
     </span>
    </p>
   </div>
   <div class='ocr_carea' id='block_1_111' title="bbox 2202 5662 3771 5743">
    <p class='ocr_par' dir='ltr' id='par_1_111' title="bbox 2202 5662 3771 5743">
     <span class='ocr_line' id='line_1_111' title="bbox 2202 5662 3771 5743; baseline -0.008 -17"><span class='ocrx_word' id='word_1_884' title='bbox 2202 5668 2355 5726; x_wconf 89' lang='lat' dir='ltr'><strong>enim</strong></span> <span class='ocrx_word' id='word_1_885' title='bbox 2364 5684 2668 5743; x_wconf 88' lang='lat' dir='ltr'><strong>possumus</strong></span> <span class='ocrx_word' id='word_1_886' title='bbox 2680 5667 2958 5725; x_wconf 87' lang='lat' dir='ltr'><strong>sustinere</strong></span> <span class='ocrx_word' id='word_1_887' title='bbox 2971 5662 3342 5738; x_wconf 78' lang='lat' dir='ltr'><strong>negligentiae</strong></span> <span class='ocrx_word' id='word_1_888' title='bbox 3360 5667 3418 5720; x_wconf 89' lang='lat' dir='ltr'><strong>et</strong></span> <span class='ocrx_word' id='word_1_889' title='bbox 3438 5662 3647 5719; x_wconf 88' lang='lat' dir='ltr'><strong>damna</strong></span> <span class='ocrx_word' id='word_1_890' title='bbox 3671 5672 3771 5732; x_wconf 72' lang='lat' dir='ltr'><strong>qua</strong></span> 
     </span>
    </p>
   </div>
  </div>
