  <div class='ocr_page' id='page_1' title='image "/cluster/home/n/w/nwhite01/storage/ocr_20150623/73/umn.31951002477366m/384.png"; bbox 0 0 3876 6400; ppageno 0'>
   <div class='ocr_carea' id='block_1_1' title="bbox 89 337 193 402">
    <p class='ocr_par' dir='ltr' id='par_1_1' title="bbox 89 337 193 402">
     <span class='ocr_line' id='line_1_1' title="bbox 89 337 193 402; baseline 0 -1"><span class='ocrx_word' id='word_1_1' title='bbox 89 337 193 402; x_wconf 82' lang='grc'>757</span> 
     </span>
    </p>
   </div>
   <div class='ocr_carea' id='block_1_2' title="bbox 1392 329 2060 399">
    <p class='ocr_par' dir='ltr' id='par_1_2' title="bbox 1392 329 2060 399">
     <span class='ocr_line' id='line_1_2' title="bbox 1392 329 2060 399; baseline -0.003 0"><span class='ocrx_word' id='word_1_2' title='bbox 1392 329 1624 399; x_wconf 73' lang='lat' dir='ltr'>VERBA</span> <span class='ocrx_word' id='word_1_3' title='bbox 1665 333 2060 398; x_wconf 72' lang='lat' dir='ltr'>SENIORUM.</span> 
     </span>
    </p>
   </div>
   <div class='ocr_carea' id='block_1_3' title="bbox 3199 341 3362 400">
    <p class='ocr_par' dir='ltr' id='par_1_3' title="bbox 3199 341 3362 400">
     <span class='ocr_line' id='line_1_3' title="bbox 3199 341 3362 400; baseline 0.018 -3"><span class='ocrx_word' id='word_1_4' title='bbox 3199 341 3362 400; x_wconf 82' lang='lat'>&#39;758</span> 
     </span>
    </p>
   </div>
   <div class='ocr_carea' id='block_1_4' title="bbox 90 463 3362 543">
    <p class='ocr_par' dir='ltr' id='par_1_4' title="bbox 90 463 3362 543">
     <span class='ocr_line' id='line_1_4' title="bbox 90 463 3362 543; baseline 0 -19"><span class='ocrx_word' id='word_1_5' title='bbox 90 471 263 525; x_wconf 81' lang='lat' dir='ltr'>frater</span> <span class='ocrx_word' id='word_1_6' title='bbox 290 466 388 525; x_wconf 80' lang='lat' dir='ltr'>ille</span> <span class='ocrx_word' id='word_1_7' title='bbox 417 467 666 526; x_wconf 82' lang='lat' dir='ltr'>Eulaliu‘s</span> <span class='ocrx_word' id='word_1_8' title='bbox 694 471 826 527; x_wconf 81' lang='lat' dir='ltr'>facit</span> <span class='ocrx_word' id='word_1_9' title='bbox 853 473 911 527; x_wconf 88' lang='lat' dir='ltr'>in</span> <span class='ocrx_word' id='word_1_10' title='bbox 942 468 1322 528; x_wconf 74' lang='lat' dir='ltr'>monasterio?</span> <span class='ocrx_word' id='word_1_11' title='bbox 1367 473 1492 526; x_wconf 84' lang='lat' dir='ltr'>Jam</span> <span class='ocrx_word' id='word_1_12' title='bbox 1537 487 1679 543; x_wconf 84' lang='lat' dir='ltr'>pene</span> <span class='ocrx_word' id='word_1_13' title='bbox 1698 471 1747 528; x_wconf 82' lang='lat' dir='ltr'>A</span> <span class='ocrx_word' id='word_1_14' title='bbox 1765 481 1887 522; x_wconf 86' lang='lat' dir='ltr'>cem</span> <span class='ocrx_word' id='word_1_15' title='bbox 1915 473 1980 522; x_wconf 89' lang='lat' dir='ltr'>ut</span> <span class='ocrx_word' id='word_1_16' title='bbox 2007 463 2270 538; x_wconf 79' lang='lat' dir='ltr'>probaret</span> <span class='ocrx_word' id='word_1_17' title='bbox 2295 481 2445 523; x_wconf 88' lang='lat' dir='ltr'>eum.</span> <span class='ocrx_word' id='word_1_18' title='bbox 2469 469 2671 526; x_wconf 81' lang='lat' dir='ltr'>Statim</span> <span class='ocrx_word' id='word_1_19' title='bbox 2701 471 2890 525; x_wconf 85' lang='lat' dir='ltr'>autem</span> <span class='ocrx_word' id='word_1_20' title='bbox 2909 470 3086 526; x_wconf 69' lang='lat' dir='ltr'>frater</span> <span class='ocrx_word' id='word_1_21' title='bbox 3109 467 3204 526; x_wconf 85' lang='lat' dir='ltr'>ille</span> <span class='ocrx_word' id='word_1_22' title='bbox 3231 485 3362 525; x_wconf 83' lang='lat' dir='ltr'>cum</span> 
     </span>
    </p>
   </div>
   <div class='ocr_carea' id='block_1_5' title="bbox 90 559 1689 631">
    <p class='ocr_par' dir='ltr' id='par_1_5' title="bbox 90 559 1689 631">
     <span class='ocr_line' id='line_1_5' title="bbox 90 559 1689 631; baseline 0.004 -17"><span class='ocrx_word' id='word_1_23' title='bbox 90 559 283 614; x_wconf 81' lang='lat' dir='ltr'>omnia</span> <span class='ocrx_word' id='word_1_24' title='bbox 310 575 441 615; x_wconf 88' lang='lat' dir='ltr'>vasa</span> <span class='ocrx_word' id='word_1_25' title='bbox 470 559 800 617; x_wconf 84' lang='lat' dir='ltr'>etutensilia</span> <span class='ocrx_word' id='word_1_26' title='bbox 820 560 1146 616; x_wconf 84' lang='lat' dir='ltr'>monasterii</span> <span class='ocrx_word' id='word_1_27' title='bbox 1163 561 1445 616; x_wconf 83' lang='lat' dir='ltr'>confracta</span> <span class='ocrx_word' id='word_1_28' title='bbox 1465 571 1615 631; x_wconf 88' lang='lat' dir='ltr'>sunt,</span> <span class='ocrx_word' id='word_1_29' title='bbox 1632 571 1689 621; x_wconf 91' lang='lat' dir='ltr'>et</span> 
     </span>
    </p>
   </div>
   <div class='ocr_carea' id='block_1_6' title="bbox 91 649 1687 725">
    <p class='ocr_par' dir='ltr' id='par_1_6' title="bbox 91 649 1687 725">
     <span class='ocr_line' id='line_1_6' title="bbox 91 649 1687 725; baseline 0.004 -22"><span class='ocrx_word' id='word_1_30' title='bbox 91 649 464 704; x_wconf 81' lang='lat' dir='ltr'>exterminata</span> <span class='ocrx_word' id='word_1_31' title='bbox 491 660 592 722; x_wconf 84' lang='lat' dir='ltr'>per</span> <span class='ocrx_word' id='word_1_32' title='bbox 616 651 1015 722; x_wconf 78' lang='lat' dir='ltr'>negligentiam</span> <span class='ocrx_word' id='word_1_33' title='bbox 1047 653 1186 721; x_wconf 86' lang='lat' dir='ltr'>ejus.</span> <span class='ocrx_word' id='word_1_34' title='bbox 1234 651 1524 716; x_wconf 87' lang='lat' dir='ltr'>Quomodo</span> <span class='ocrx_word' id='word_1_35' title='bbox 1554 670 1687 725; x_wconf 85' lang='lat' dir='ltr'>ergo</span> 
     </span>
    </p>
   </div>
   <div class='ocr_carea' id='block_1_7' title="bbox 91 738 1686 812">
    <p class='ocr_par' dir='ltr' id='par_1_7' title="bbox 91 738 1686 812">
     <span class='ocr_line' id='line_1_7' title="bbox 91 738 1686 812; baseline 0.004 -20"><span class='ocrx_word' id='word_1_36' title='bbox 91 738 195 792; x_wconf 83' lang='lat' dir='ltr'>iste</span> <span class='ocrx_word' id='word_1_37' title='bbox 225 738 359 793; x_wconf 86' lang='lat' dir='ltr'>talis</span> <span class='ocrx_word' id='word_1_38' title='bbox 385 741 710 795; x_wconf 89' lang='lat' dir='ltr'>tolerandus</span> <span class='ocrx_word' id='word_1_39' title='bbox 734 741 856 794; x_wconf 83' lang='lat' dir='ltr'>est?</span> <span class='ocrx_word' id='word_1_40' title='bbox 888 741 1249 812; x_wconf 86' lang='lat' dir='ltr'>Respondens</span> <span class='ocrx_word' id='word_1_41' title='bbox 1293 743 1461 796; x_wconf 85' lang='lat' dir='ltr'>Pater</span> <span class='ocrx_word' id='word_1_42' title='bbox 1489 760 1686 798; x_wconf 88' lang='lat' dir='ltr'>mona-</span> 
     </span>
    </p>
   </div>
   <div class='ocr_carea' id='block_1_8' title="bbox 93 829 1684 901">
    <p class='ocr_par' dir='ltr' id='par_1_8' title="bbox 93 829 1684 901">
     <span class='ocr_line' id='line_1_8' title="bbox 93 829 1684 901; baseline 0.004 -19"><span class='ocrx_word' id='word_1_43' title='bbox 93 829 248 883; x_wconf 87' lang='lat' dir='ltr'>sterii</span> <span class='ocrx_word' id='word_1_44' title='bbox 279 829 361 882; x_wconf 88' lang='lat' dir='ltr'>ait</span> <span class='ocrx_word' id='word_1_45' title='bbox 380 847 390 882; x_wconf 92' lang='lat'>:</span> <span class='ocrx_word' id='word_1_46' title='bbox 409 829 640 884; x_wconf 87' lang='lat' dir='ltr'>Interim</span> <span class='ocrx_word' id='word_1_47' title='bbox 668 846 875 901; x_wconf 87' lang='lat' dir='ltr'>paucos</span> <span class='ocrx_word' id='word_1_48' title='bbox 895 831 1013 884; x_wconf 91' lang='lat' dir='ltr'>dies</span> <span class='ocrx_word' id='word_1_49' title='bbox 1035 831 1414 886; x_wconf 90' lang='lat' dir='ltr'>sustineamus</span> <span class='ocrx_word' id='word_1_50' title='bbox 1431 831 1684 901; x_wconf 78' lang='lat' dir='ltr'>fratrem,</span> 
     </span>
    </p>
   </div>
   <div class='ocr_carea' id='block_1_9' title="bbox 93 917 1684 992">
    <p class='ocr_par' dir='ltr' id='par_1_9' title="bbox 93 917 1684 992">
     <span class='ocr_line' id='line_1_9' title="bbox 93 917 1684 992; baseline 0.004 -22"><span class='ocrx_word' id='word_1_51' title='bbox 93 923 148 971; x_wconf 91' lang='lat' dir='ltr'>et</span> <span class='ocrx_word' id='word_1_52' title='bbox 174 923 372 988; x_wconf 84' lang='lat' dir='ltr'>postea</span> <span class='ocrx_word' id='word_1_53' title='bbox 398 917 778 973; x_wconf 89' lang='lat' dir='ltr'>ordinabimus</span> <span class='ocrx_word' id='word_1_54' title='bbox 809 919 878 974; x_wconf 90' lang='lat' dir='ltr'>de</span> <span class='ocrx_word' id='word_1_55' title='bbox 927 937 991 974; x_wconf 92' lang='lat' dir='ltr'>eo</span> <span class='ocrx_word' id='word_1_56' title='bbox 1033 921 1177 991; x_wconf 92' lang='lat' dir='ltr'>quod</span> <span class='ocrx_word' id='word_1_57' title='bbox 1226 922 1494 992; x_wconf 85' lang='lat' dir='ltr'>competit</span> <span class='ocrx_word' id='word_1_58' title='bbox 1542 924 1684 978; x_wconf 87' lang='lat' dir='ltr'>ﬁeri.</span> 
     </span>
    </p>
   </div>
   <div class='ocr_carea' id='block_1_10' title="bbox 95 1006 1687 1080">
    <p class='ocr_par' dir='ltr' id='par_1_10' title="bbox 95 1006 1687 1080">
     <span class='ocr_line' id='line_1_10' title="bbox 95 1006 1687 1080; baseline 0.004 -20"><span class='ocrx_word' id='word_1_59' title='bbox 95 1007 222 1061; x_wconf 65' lang='lat' dir='ltr'>Haec</span> <span class='ocrx_word' id='word_1_60' title='bbox 250 1006 442 1061; x_wconf 91' lang='lat' dir='ltr'>dicens</span> <span class='ocrx_word' id='word_1_61' title='bbox 471 1008 685 1062; x_wconf 85' lang='lat' dir='ltr'>dimisit</span> <span class='ocrx_word' id='word_1_62' title='bbox 703 1009 923 1064; x_wconf 84' lang='lat' dir='ltr'>fratres.</span> <span class='ocrx_word' id='word_1_63' title='bbox 953 1010 1244 1080; x_wconf 85' lang='lat' dir='ltr'>Ingressus</span> <span class='ocrx_word' id='word_1_64' title='bbox 1272 1026 1402 1064; x_wconf 92' lang='lat' dir='ltr'>vero</span> <span class='ocrx_word' id='word_1_65' title='bbox 1429 1010 1687 1067; x_wconf 85' lang='lat' dir='ltr'>cellulam</span> 
     </span>
    </p>
   </div>
   <div class='ocr_carea' id='block_1_11' title="bbox 95 1097 1687 1166">
    <p class='ocr_par' dir='ltr' id='par_1_11' title="bbox 95 1097 1687 1166">
     <span class='ocr_line' id='line_1_11' title="bbox 95 1097 1687 1166; baseline 0.004 -18"><span class='ocrx_word' id='word_1_66' title='bbox 95 1097 398 1166; x_wconf 81' lang='lat' dir='ltr'>prostravit</span> <span class='ocrx_word' id='word_1_67' title='bbox 440 1113 499 1151; x_wconf 90' lang='lat' dir='ltr'>se</span> <span class='ocrx_word' id='word_1_68' title='bbox 547 1098 604 1152; x_wconf 91' lang='lat' dir='ltr'>in</span> <span class='ocrx_word' id='word_1_69' title='bbox 630 1098 994 1164; x_wconf 83' lang='lat' dir='ltr'>orationibus,</span> <span class='ocrx_word' id='word_1_70' title='bbox 1047 1097 1344 1153; x_wconf 87' lang='lat' dir='ltr'>obsecrans</span> <span class='ocrx_word' id='word_1_71' title='bbox 1373 1099 1687 1155; x_wconf 87' lang='lat' dir='ltr'>misericor-</span> 
     </span>
    </p>
   </div>
   <div class='ocr_carea' id='block_1_12' title="bbox 95 1184 1689 1260">
    <p class='ocr_par' dir='ltr' id='par_1_12' title="bbox 95 1184 1689 1260">
     <span class='ocr_line' id='line_1_12' title="bbox 95 1184 1689 1260; baseline 0.004 -22"><span class='ocrx_word' id='word_1_72' title='bbox 95 1184 242 1238; x_wconf 87' lang='lat' dir='ltr'>diam</span> <span class='ocrx_word' id='word_1_73' title='bbox 274 1184 517 1252; x_wconf 76' lang='lat' dir='ltr'>Domini,</span> <span class='ocrx_word' id='word_1_74' title='bbox 550 1189 614 1240; x_wconf 90' lang='lat' dir='ltr'>ut</span> <span class='ocrx_word' id='word_1_75' title='bbox 643 1187 694 1240; x_wconf 90' lang='lat' dir='ltr'>ei</span> <span class='ocrx_word' id='word_1_76' title='bbox 725 1185 1085 1240; x_wconf 83' lang='lat' dir='ltr'>manifestare</span> <span class='ocrx_word' id='word_1_77' title='bbox 1113 1185 1441 1257; x_wconf 86' lang='lat' dir='ltr'>dignaretur</span> <span class='ocrx_word' id='word_1_78' title='bbox 1457 1189 1590 1260; x_wconf 89' lang='lat' dir='ltr'>quid</span> <span class='ocrx_word' id='word_1_79' title='bbox 1603 1207 1689 1244; x_wconf 87' lang='lat' dir='ltr'>or-</span> 
     </span>
    </p>
   </div>
   <div class='ocr_carea' id='block_1_13' title="bbox 95 1274 1689 1347">
    <p class='ocr_par' dir='ltr' id='par_1_13' title="bbox 95 1274 1689 1347">
     <span class='ocr_line' id='line_1_13' title="bbox 95 1274 1689 1347; baseline 0.005 -21"><span class='ocrx_word' id='word_1_80' title='bbox 95 1274 288 1328; x_wconf 90' lang='lat' dir='ltr'>dinare</span> <span class='ocrx_word' id='word_1_81' title='bbox 319 1279 420 1328; x_wconf 90' lang='lat' dir='ltr'>aut</span> <span class='ocrx_word' id='word_1_82' title='bbox 440 1274 675 1329; x_wconf 83' lang='lat' dir='ltr'>delinire</span> <span class='ocrx_word' id='word_1_83' title='bbox 705 1280 892 1346; x_wconf 87' lang='lat' dir='ltr'>posset</span> <span class='ocrx_word' id='word_1_84' title='bbox 907 1275 974 1330; x_wconf 92' lang='lat' dir='ltr'>de</span> <span class='ocrx_word' id='word_1_85' title='bbox 995 1292 1141 1347; x_wconf 85' lang='lat' dir='ltr'>saepe</span> <span class='ocrx_word' id='word_1_86' title='bbox 1163 1276 1309 1331; x_wconf 87' lang='lat' dir='ltr'>dicto</span> <span class='ocrx_word' id='word_1_87' title='bbox 1320 1277 1522 1332; x_wconf 81' lang='lat' dir='ltr'>fratre:</span> <span class='ocrx_word' id='word_1_88' title='bbox 1554 1283 1689 1334; x_wconf 91' lang='lat' dir='ltr'>tunc</span> 
     </span>
    </p>
   </div>
   <div class='ocr_carea' id='block_1_14' title="bbox 96 1362 1690 1438">
    <p class='ocr_par' dir='ltr' id='par_1_14' title="bbox 96 1362 1690 1438">
     <span class='ocr_line' id='line_1_14' title="bbox 96 1362 1690 1438; baseline 0.004 -22"><span class='ocrx_word' id='word_1_89' title='bbox 96 1362 402 1417; x_wconf 86' lang='lat' dir='ltr'>revelatum</span> <span class='ocrx_word' id='word_1_90' title='bbox 425 1371 510 1418; x_wconf 88' lang='lat' dir='ltr'>est</span> <span class='ocrx_word' id='word_1_91' title='bbox 531 1364 582 1418; x_wconf 91' lang='lat' dir='ltr'>ei</span> <span class='ocrx_word' id='word_1_92' title='bbox 605 1364 735 1436; x_wconf 88' lang='lat' dir='ltr'>quid</span> <span class='ocrx_word' id='word_1_93' title='bbox 752 1371 961 1435; x_wconf 89' lang='lat' dir='ltr'>ageret.</span> <span class='ocrx_word' id='word_1_94' title='bbox 989 1366 1321 1420; x_wconf 87' lang='lat' dir='ltr'>Convocavit</span> <span class='ocrx_word' id='word_1_95' title='bbox 1341 1383 1473 1438; x_wconf 88' lang='lat' dir='ltr'>ergo</span> <span class='ocrx_word' id='word_1_96' title='bbox 1497 1384 1690 1423; x_wconf 90' lang='lat' dir='ltr'>omnes</span> 
     </span>
    </p>
   </div>
   <div class='ocr_carea' id='block_1_15' title="bbox 97 1451 1686 1525">
    <p class='ocr_par' dir='ltr' id='par_1_15' title="bbox 97 1451 1686 1525">
     <span class='ocr_line' id='line_1_15' title="bbox 97 1451 1686 1525; baseline 0.005 -21"><span class='ocrx_word' id='word_1_97' title='bbox 97 1451 294 1506; x_wconf 82' lang='lat' dir='ltr'>fratres</span> <span class='ocrx_word' id='word_1_98' title='bbox 325 1452 517 1520; x_wconf 84' lang='lat' dir='ltr'>abbas,</span> <span class='ocrx_word' id='word_1_99' title='bbox 555 1453 805 1525; x_wconf 83' lang='lat' dir='ltr'>dixitque</span> <span class='ocrx_word' id='word_1_100' title='bbox 832 1454 938 1508; x_wconf 89' lang='lat' dir='ltr'>eis:</span> <span class='ocrx_word' id='word_1_101' title='bbox 975 1455 1198 1509; x_wconf 88' lang='lat' dir='ltr'>Credite</span> <span class='ocrx_word' id='word_1_102' title='bbox 1254 1455 1413 1522; x_wconf 88' lang='lat' dir='ltr'>mihi,</span> <span class='ocrx_word' id='word_1_103' title='bbox 1464 1456 1686 1525; x_wconf 77' lang='lat' dir='ltr'>fratres,</span> 
     </span>
    </p>
   </div>
   <div class='ocr_carea' id='block_1_16' title="bbox 98 1541 1688 1613">
    <p class='ocr_par' dir='ltr' id='par_1_16' title="bbox 98 1541 1688 1613">
     <span class='ocr_line' id='line_1_16' title="bbox 98 1541 1688 1613; baseline 0.005 -20"><span class='ocrx_word' id='word_1_104' title='bbox 98 1541 225 1610; x_wconf 87' lang='lat' dir='ltr'>quia</span> <span class='ocrx_word' id='word_1_105' title='bbox 253 1542 437 1612; x_wconf 85' lang='lat' dir='ltr'>magis</span> <span class='ocrx_word' id='word_1_106' title='bbox 463 1547 594 1613; x_wconf 91' lang='lat' dir='ltr'>opto</span> <span class='ocrx_word' id='word_1_107' title='bbox 617 1543 911 1598; x_wconf 82' lang='lat' dir='ltr'>mattulam</span> <span class='ocrx_word' id='word_1_108' title='bbox 932 1541 1123 1599; x_wconf 81' lang='lat' dir='ltr'>fratris</span> <span class='ocrx_word' id='word_1_109' title='bbox 1141 1544 1341 1599; x_wconf 90' lang='lat' dir='ltr'>Eulalii</span> <span class='ocrx_word' id='word_1_110' title='bbox 1361 1561 1486 1600; x_wconf 89' lang='lat' dir='ltr'>cum</span> <span class='ocrx_word' id='word_1_111' title='bbox 1500 1547 1688 1601; x_wconf 89' lang='lat' dir='ltr'>humi-</span> 
     </span>
    </p>
   </div>
   <div class='ocr_carea' id='block_1_17' title="bbox 99 1631 1688 1706">
    <p class='ocr_par' dir='ltr' id='par_1_17' title="bbox 99 1631 1688 1706">
     <span class='ocr_line' id='line_1_17' title="bbox 99 1631 1688 1706; baseline 0.005 -23"><span class='ocrx_word' id='word_1_112' title='bbox 99 1631 249 1684; x_wconf 79' lang='lat' dir='ltr'>litate</span> <span class='ocrx_word' id='word_1_113' title='bbox 280 1635 338 1684; x_wconf 95' lang='lat' dir='ltr'>et</span> <span class='ocrx_word' id='word_1_114' title='bbox 385 1632 658 1702; x_wconf 86' lang='lat' dir='ltr'>patientia</span> <span class='ocrx_word' id='word_1_115' title='bbox 687 1634 810 1703; x_wconf 90' lang='lat' dir='ltr'>ejus</span> <span class='ocrx_word' id='word_1_116' title='bbox 859 1650 1028 1704; x_wconf 90' lang='lat' dir='ltr'>quam</span> <span class='ocrx_word' id='word_1_117' title='bbox 1058 1633 1247 1688; x_wconf 87' lang='lat' dir='ltr'>omnia</span> <span class='ocrx_word' id='word_1_118' title='bbox 1284 1649 1456 1706; x_wconf 88' lang='lat' dir='ltr'>opera</span> <span class='ocrx_word' id='word_1_119' title='bbox 1493 1652 1688 1691; x_wconf 87' lang='lat' dir='ltr'>eorum</span> 
     </span>
    </p>
   </div>
   <div class='ocr_carea' id='block_1_18' title="bbox 97 1720 1689 1798">
    <p class='ocr_par' dir='ltr' id='par_1_18' title="bbox 97 1720 1689 1798">
     <span class='ocr_line' id='line_1_18' title="bbox 97 1720 1689 1798; baseline 0.005 -26"><span class='ocrx_word' id='word_1_120' title='bbox 97 1720 366 1774; x_wconf 77' lang='lat' dir='ltr'>duntaxat</span> <span class='ocrx_word' id='word_1_121' title='bbox 389 1721 506 1790; x_wconf 88' lang='lat' dir='ltr'>qui,</span> <span class='ocrx_word' id='word_1_122' title='bbox 540 1727 959 1777; x_wconf 85' lang='lat' dir='ltr'>murmurantes</span> <span class='ocrx_word' id='word_1_123' title='bbox 985 1723 1043 1778; x_wconf 93' lang='lat' dir='ltr'>in</span> <span class='ocrx_word' id='word_1_124' title='bbox 1077 1722 1336 1779; x_wconf 89' lang='lat' dir='ltr'>cordibus</span> <span class='ocrx_word' id='word_1_125' title='bbox 1379 1725 1516 1789; x_wconf 85' lang='lat' dir='ltr'>suis.</span> <span class='ocrx_word' id='word_1_126' title='bbox 1555 1743 1689 1798; x_wconf 89' lang='lat' dir='ltr'>ope-</span> 
     </span>
    </p>
   </div>
   <div class='ocr_carea' id='block_1_19' title="bbox 1770 555 3365 629">
    <p class='ocr_par' dir='ltr' id='par_1_19' title="bbox 1770 555 3365 629">
     <span class='ocr_line' id='line_1_19' title="bbox 1770 555 3365 629; baseline 0.003 -19"><span class='ocrx_word' id='word_1_127' title='bbox 1770 557 1891 629; x_wconf 89' lang='lat' dir='ltr'>ipso</span> <span class='ocrx_word' id='word_1_128' title='bbox 1921 557 2124 612; x_wconf 87' lang='lat' dir='ltr'>Codice</span> <span class='ocrx_word' id='word_1_129' title='bbox 2149 555 2394 629; x_wconf 83' lang='lat' dir='ltr'>perrexit</span> <span class='ocrx_word' id='word_1_130' title='bbox 2420 559 2489 612; x_wconf 90' lang='lat' dir='ltr'>ad</span> <span class='ocrx_word' id='word_1_131' title='bbox 2519 565 2774 614; x_wconf 89' lang='lat' dir='ltr'>sanctum</span> <span class='ocrx_word' id='word_1_132' title='bbox 2791 560 3172 626; x_wconf 86' lang='lat' dir='ltr'>Anastasium,</span> <span class='ocrx_word' id='word_1_133' title='bbox 3204 565 3262 614; x_wconf 89' lang='lat' dir='ltr'>et</span> <span class='ocrx_word' id='word_1_134' title='bbox 3279 575 3365 614; x_wconf 80' lang='lat' dir='ltr'>ro-</span> 
     </span>
    </p>
   </div>
   <div class='ocr_carea' id='block_1_20' title="bbox 1769 646 3363 717">
    <p class='ocr_par' dir='ltr' id='par_1_20' title="bbox 1769 646 3363 717">
     <span class='ocr_line' id='line_1_20' title="bbox 1769 646 3363 717; baseline 0.001 -15"><span class='ocrx_word' id='word_1_135' title='bbox 1769 646 1941 717; x_wconf 86' lang='lat' dir='ltr'>gabat</span> <span class='ocrx_word' id='word_1_136' title='bbox 1968 647 2329 701; x_wconf 85' lang='lat' dir='ltr'>eumdicens:</span> <span class='ocrx_word' id='word_1_137' title='bbox 2353 647 2495 702; x_wconf 90' lang='lat' dir='ltr'>Jube</span> <span class='ocrx_word' id='word_1_138' title='bbox 2510 649 2884 716; x_wconf 87' lang='lat' dir='ltr'>considerare,</span> <span class='ocrx_word' id='word_1_139' title='bbox 2909 648 3363 707; x_wconf 89' lang='lat' dir='ltr'>Pater.Codicem</span> 
     </span>
    </p>
   </div>
   <div class='ocr_carea' id='block_1_21' title="bbox 1771 735 3360 803">
    <p class='ocr_par' dir='ltr' id='par_1_21' title="bbox 1771 735 3360 803">
     <span class='ocr_line' id='line_1_21' title="bbox 1771 735 3360 803; baseline 0.001 -13"><span class='ocrx_word' id='word_1_140' title='bbox 1771 737 1962 803; x_wconf 88' lang='lat' dir='ltr'>istum,</span> <span class='ocrx_word' id='word_1_141' title='bbox 1996 742 2052 790; x_wconf 91' lang='lat' dir='ltr'>et</span> <span class='ocrx_word' id='word_1_142' title='bbox 2081 735 2362 791; x_wconf 76' lang='lat' dir='ltr'>aestimare</span> <span class='ocrx_word' id='word_1_143' title='bbox 2390 753 2519 791; x_wconf 90' lang='lat' dir='ltr'>eum</span> <span class='ocrx_word' id='word_1_144' title='bbox 2549 738 2596 792; x_wconf 88' lang='lat' dir='ltr'>si</span> <span class='ocrx_word' id='word_1_145' title='bbox 2626 737 2812 792; x_wconf 84' lang='lat' dir='ltr'>valeat</span> <span class='ocrx_word' id='word_1_146' title='bbox 2850 739 3057 793; x_wconf 91' lang='lat' dir='ltr'>solidos</span> <span class='ocrx_word' id='word_1_147' title='bbox 3098 737 3360 803; x_wconf 81' lang='lat' dir='ltr'>sedecim,</span> 
     </span>
    </p>
   </div>
   <div class='ocr_carea' id='block_1_22' title="bbox 1771 826 3365 899">
    <p class='ocr_par' dir='ltr' id='par_1_22' title="bbox 1771 826 3365 899">
     <span class='ocr_line' id='line_1_22' title="bbox 1771 826 3365 899; baseline 0.001 -19"><span class='ocrx_word' id='word_1_148' title='bbox 1771 827 2035 897; x_wconf 89' lang='lat' dir='ltr'>quoniam</span> <span class='ocrx_word' id='word_1_149' title='bbox 2067 831 2287 880; x_wconf 89' lang='lat' dir='ltr'>tantum</span> <span class='ocrx_word' id='word_1_150' title='bbox 2319 826 2483 897; x_wconf 89' lang='lat' dir='ltr'>pretii</span> <span class='ocrx_word' id='word_1_151' title='bbox 2503 827 2644 898; x_wconf 87' lang='lat' dir='ltr'>petit</span> <span class='ocrx_word' id='word_1_152' title='bbox 2665 828 2762 899; x_wconf 87' lang='lat' dir='ltr'>qui</span> <span class='ocrx_word' id='word_1_153' title='bbox 2783 828 3046 882; x_wconf 83' lang='lat' dir='ltr'>distrahit</span> <span class='ocrx_word' id='word_1_154' title='bbox 3071 828 3251 882; x_wconf 90' lang='lat' dir='ltr'>illum.</span> <span class='ocrx_word' id='word_1_155' title='bbox 3273 827 3365 882; x_wconf 90' lang='lat' dir='ltr'>Di-</span> 
     </span>
    </p>
   </div>
   <div class='ocr_carea' id='block_1_23' title="bbox 1771 915 3360 982">
    <p class='ocr_par' dir='ltr' id='par_1_23' title="bbox 1771 915 3360 982">
     <span class='ocr_line' id='line_1_23' title="bbox 1771 915 3360 982; baseline 0.001 -14"><span class='ocrx_word' id='word_1_156' title='bbox 1771 915 1852 968; x_wconf 81' lang='lat' dir='ltr'>xit</span> <span class='ocrx_word' id='word_1_157' title='bbox 1878 921 2067 969; x_wconf 90' lang='lat' dir='ltr'>autem</span> <span class='ocrx_word' id='word_1_158' title='bbox 2099 915 2268 969; x_wconf 85' lang='lat' dir='ltr'>abbas</span> <span class='ocrx_word' id='word_1_159' title='bbox 2280 917 2612 970; x_wconf 83' lang='lat' dir='ltr'>Anastasius</span> <span class='ocrx_word' id='word_1_160' title='bbox 2637 935 2648 969; x_wconf 85' lang='lat'><strong>:</strong></span> <span class='ocrx_word' id='word_1_161' title='bbox 2683 916 2825 980; x_wconf 84' lang='lat' dir='ltr'>Quia</span> <span class='ocrx_word' id='word_1_162' title='bbox 2840 917 3019 971; x_wconf 89' lang='lat' dir='ltr'>bonus</span> <span class='ocrx_word' id='word_1_163' title='bbox 3048 922 3136 971; x_wconf 91' lang='lat' dir='ltr'>est</span> <span class='ocrx_word' id='word_1_164' title='bbox 3156 916 3360 982; x_wconf 79' lang='lat' dir='ltr'>Codex,</span> 
     </span>
    </p>
   </div>
   <div class='ocr_carea' id='block_1_24' title="bbox 1771 1004 3367 1077">
    <p class='ocr_par' dir='ltr' id='par_1_24' title="bbox 1771 1004 3367 1077">
     <span class='ocr_line' id='line_1_24' title="bbox 1771 1004 3367 1077; baseline 0.001 -19"><span class='ocrx_word' id='word_1_165' title='bbox 1771 1010 1826 1058; x_wconf 91' lang='lat' dir='ltr'>et</span> <span class='ocrx_word' id='word_1_166' title='bbox 1859 1005 2002 1058; x_wconf 90' lang='lat' dir='ltr'>valet</span> <span class='ocrx_word' id='word_1_167' title='bbox 2028 1004 2193 1059; x_wconf 88' lang='lat' dir='ltr'>tanti.</span> <span class='ocrx_word' id='word_1_168' title='bbox 2218 1006 2492 1059; x_wconf 85' lang='lat' dir='ltr'>Reversus</span> <span class='ocrx_word' id='word_1_169' title='bbox 2519 1010 2710 1060; x_wconf 89' lang='lat' dir='ltr'>autem</span> <span class='ocrx_word' id='word_1_170' title='bbox 2741 1007 2838 1077; x_wconf 90' lang='lat' dir='ltr'>qui</span> <span class='ocrx_word' id='word_1_171' title='bbox 2858 1023 2987 1061; x_wconf 89' lang='lat' dir='ltr'>eum</span> <span class='ocrx_word' id='word_1_172' title='bbox 3008 1022 3193 1060; x_wconf 87' lang='lat' dir='ltr'>emere</span> <span class='ocrx_word' id='word_1_173' title='bbox 3223 1006 3367 1060; x_wconf 91' lang='lat' dir='ltr'>vole-</span> 
     </span>
    </p>
   </div>
   <div class='ocr_carea' id='block_1_25' title="bbox 1769 1093 3369 1168">
    <p class='ocr_par' dir='ltr' id='par_1_25' title="bbox 1769 1093 3369 1168">
     <span class='ocr_line' id='line_1_25' title="bbox 1769 1093 3369 1168; baseline 0.001 -21"><span class='ocrx_word' id='word_1_174' title='bbox 1769 1093 1883 1159; x_wconf 86' lang='lat' dir='ltr'>bat,</span> <span class='ocrx_word' id='word_1_175' title='bbox 1917 1094 2057 1148; x_wconf 85' lang='lat' dir='ltr'>dixit</span> <span class='ocrx_word' id='word_1_176' title='bbox 2100 1094 2470 1149; x_wconf 85' lang='lat' dir='ltr'>distrahenti:</span> <span class='ocrx_word' id='word_1_177' title='bbox 2523 1096 2658 1149; x_wconf 88' lang='lat' dir='ltr'>Ecce</span> <span class='ocrx_word' id='word_1_178' title='bbox 2700 1097 2886 1167; x_wconf 88' lang='lat' dir='ltr'>accipe</span> <span class='ocrx_word' id='word_1_179' title='bbox 2923 1096 3186 1168; x_wconf 88' lang='lat' dir='ltr'>pretium,</span> <span class='ocrx_word' id='word_1_180' title='bbox 3235 1095 3369 1167; x_wconf 90' lang='lat' dir='ltr'>quia</span> 
     </span>
    </p>
   </div>
   <div class='ocr_carea' id='block_1_26' title="bbox 1770 1183 3359 1248">
    <p class='ocr_par' dir='ltr' id='par_1_26' title="bbox 1770 1183 3359 1248">
     <span class='ocr_line' id='line_1_26' title="bbox 1770 1183 3359 1248; baseline 0 -10"><span class='ocrx_word' id='word_1_181' title='bbox 1770 1183 1989 1238; x_wconf 86' lang='lat' dir='ltr'>ostendi</span> <span class='ocrx_word' id='word_1_182' title='bbox 2020 1183 2280 1237; x_wconf 91' lang='lat' dir='ltr'>Codicem</span> <span class='ocrx_word' id='word_1_183' title='bbox 2307 1183 2495 1238; x_wconf 87' lang='lat' dir='ltr'>abbati</span> <span class='ocrx_word' id='word_1_184' title='bbox 2542 1186 2862 1248; x_wconf 83' lang='lat' dir='ltr'>Anastasio,</span> <span class='ocrx_word' id='word_1_185' title='bbox 2904 1192 2962 1240; x_wconf 90' lang='lat' dir='ltr'>et</span> <span class='ocrx_word' id='word_1_186' title='bbox 2989 1185 3128 1239; x_wconf 84' lang='lat' dir='ltr'>dixit</span> <span class='ocrx_word' id='word_1_187' title='bbox 3173 1185 3314 1238; x_wconf 90' lang='lat' dir='ltr'>mihi</span> <span class='ocrx_word' id='word_1_188' title='bbox 3347 1202 3359 1237; x_wconf 91' lang='lat'>:</span> 
     </span>
    </p>
   </div>
   <div class='ocr_carea' id='block_1_27' title="bbox 1772 1272 3369 1344">
    <p class='ocr_par' dir='ltr' id='par_1_27' title="bbox 1772 1272 3369 1344">
     <span class='ocr_line' id='line_1_27' title="bbox 1772 1272 3369 1344; baseline 0.001 -18"><span class='ocrx_word' id='word_1_189' title='bbox 1772 1272 1916 1337; x_wconf 87' lang='lat' dir='ltr'>Quia</span> <span class='ocrx_word' id='word_1_190' title='bbox 1942 1272 2118 1326; x_wconf 91' lang='lat' dir='ltr'>bonus</span> <span class='ocrx_word' id='word_1_191' title='bbox 2139 1278 2224 1326; x_wconf 89' lang='lat' dir='ltr'>est</span> <span class='ocrx_word' id='word_1_192' title='bbox 2254 1273 2458 1338; x_wconf 87' lang='lat' dir='ltr'>Codex,</span> <span class='ocrx_word' id='word_1_193' title='bbox 2505 1280 2562 1328; x_wconf 89' lang='lat' dir='ltr'>et</span> <span class='ocrx_word' id='word_1_194' title='bbox 2589 1275 2737 1328; x_wconf 89' lang='lat' dir='ltr'>valet</span> <span class='ocrx_word' id='word_1_195' title='bbox 2782 1273 2944 1328; x_wconf 82' lang='lat' dir='ltr'>tanti.</span> <span class='ocrx_word' id='word_1_196' title='bbox 2996 1274 3369 1344; x_wconf 83' lang='lat' dir='ltr'>Interrogavit</span> 
     </span>
    </p>
   </div>
   <div class='ocr_carea' id='block_1_28' title="bbox 1770 1361 3370 1417">
    <p class='ocr_par' dir='ltr' id='par_1_28' title="bbox 1770 1361 3370 1417">
     <span class='ocr_line' id='line_1_28' title="bbox 1770 1361 3370 1417; baseline 0 -1"><span class='ocrx_word' id='word_1_197' title='bbox 1770 1367 1962 1416; x_wconf 85' lang='lat' dir='ltr'>autem</span> <span class='ocrx_word' id='word_1_198' title='bbox 1992 1361 2168 1416; x_wconf 80' lang='lat' dir='ltr'>frater</span> <span class='ocrx_word' id='word_1_199' title='bbox 2190 1361 2285 1416; x_wconf 92' lang='lat' dir='ltr'>ille</span> <span class='ocrx_word' id='word_1_200' title='bbox 2327 1362 2373 1415; x_wconf 90' lang='lat' dir='ltr'>si</span> <span class='ocrx_word' id='word_1_201' title='bbox 2423 1361 2563 1416; x_wconf 88' lang='lat' dir='ltr'>nihil</span> <span class='ocrx_word' id='word_1_202' title='bbox 2613 1361 2811 1416; x_wconf 87' lang='lat' dir='ltr'>beatus</span> <span class='ocrx_word' id='word_1_203' title='bbox 2856 1363 3186 1417; x_wconf 88' lang='lat' dir='ltr'>Anastasius</span> <span class='ocrx_word' id='word_1_204' title='bbox 3229 1363 3370 1417; x_wconf 85' lang='lat' dir='ltr'>dixit</span> 
     </span>
    </p>
   </div>
   <div class='ocr_carea' id='block_1_29' title="bbox 1773 1451 3368 1523">
    <p class='ocr_par' dir='ltr' id='par_1_29' title="bbox 1773 1451 3368 1523">
     <span class='ocr_line' id='line_1_29' title="bbox 1773 1451 3368 1523; baseline 0.001 -19"><span class='ocrx_word' id='word_1_205' title='bbox 1773 1451 1944 1505; x_wconf 88' lang='lat' dir='ltr'>aliud.</span> <span class='ocrx_word' id='word_1_206' title='bbox 1971 1452 2072 1505; x_wconf 89' lang='lat' dir='ltr'>Cui</span> <span class='ocrx_word' id='word_1_207' title='bbox 2095 1451 2440 1522; x_wconf 88' lang='lat' dir='ltr'>respondens</span> <span class='ocrx_word' id='word_1_208' title='bbox 2456 1451 2548 1505; x_wconf 91' lang='lat' dir='ltr'>ille</span> <span class='ocrx_word' id='word_1_209' title='bbox 2565 1451 2644 1506; x_wconf 90' lang='lat' dir='ltr'>ait</span> <span class='ocrx_word' id='word_1_210' title='bbox 2671 1470 2682 1505; x_wconf 93' lang='lat'><strong>:</strong></span> <span class='ocrx_word' id='word_1_211' title='bbox 2721 1451 2898 1506; x_wconf 90' lang='lat' dir='ltr'>Crede</span> <span class='ocrx_word' id='word_1_212' title='bbox 2915 1451 3050 1505; x_wconf 89' lang='lat' dir='ltr'>mihi</span> <span class='ocrx_word' id='word_1_213' title='bbox 3063 1451 3196 1523; x_wconf 90' lang='lat' dir='ltr'>quia</span> <span class='ocrx_word' id='word_1_214' title='bbox 3228 1452 3368 1506; x_wconf 89' lang='lat' dir='ltr'>nihil</span> 
     </span>
    </p>
   </div>
   <div class='ocr_carea' id='block_1_30' title="bbox 1770 1537 3371 1612">
    <p class='ocr_par' dir='ltr' id='par_1_30' title="bbox 1770 1537 3371 1612">
     <span class='ocr_line' id='line_1_30' title="bbox 1770 1537 3371 1612; baseline 0.001 -18"><span class='ocrx_word' id='word_1_215' title='bbox 1770 1539 1996 1612; x_wconf 89' lang='lat' dir='ltr'>penitus</span> <span class='ocrx_word' id='word_1_216' title='bbox 2028 1539 2166 1593; x_wconf 89' lang='lat' dir='ltr'>mihi</span> <span class='ocrx_word' id='word_1_217' title='bbox 2191 1537 2345 1594; x_wconf 90' lang='lat' dir='ltr'>aliud</span> <span class='ocrx_word' id='word_1_218' title='bbox 2375 1540 2538 1594; x_wconf 85' lang='lat' dir='ltr'>dixit.</span> <span class='ocrx_word' id='word_1_219' title='bbox 2567 1541 2698 1595; x_wconf 68' lang='lat' dir='ltr'>Haec</span> <span class='ocrx_word' id='word_1_220' title='bbox 2725 1557 2853 1595; x_wconf 92' lang='lat' dir='ltr'>cum</span> <span class='ocrx_word' id='word_1_221' title='bbox 2897 1540 3151 1595; x_wconf 85' lang='lat' dir='ltr'>audisset</span> <span class='ocrx_word' id='word_1_222' title='bbox 3196 1539 3371 1596; x_wconf 79' lang='lat' dir='ltr'>frater</span> 
     </span>
    </p>
   </div>
   <div class='ocr_carea' id='block_1_31' title="bbox 1772 1627 3370 1700">
    <p class='ocr_par' dir='ltr' id='par_1_31' title="bbox 1772 1627 3370 1700">
     <span class='ocr_line' id='line_1_31' title="bbox 1772 1627 3370 1700; baseline 0.003 -18"><span class='ocrx_word' id='word_1_223' title='bbox 1772 1629 1884 1690; x_wconf 82' lang='lat' dir='ltr'>ille,</span> <span class='ocrx_word' id='word_1_224' title='bbox 1916 1629 2054 1683; x_wconf 84' lang='lat' dir='ltr'>dixit</span> <span class='ocrx_word' id='word_1_225' title='bbox 2082 1628 2170 1683; x_wconf 90' lang='lat' dir='ltr'>ei:</span> <span class='ocrx_word' id='word_1_226' title='bbox 2205 1629 2349 1693; x_wconf 88' lang='lat' dir='ltr'>Quia</span> <span class='ocrx_word' id='word_1_227' title='bbox 2381 1629 2500 1700; x_wconf 88' lang='lat' dir='ltr'>jam</span> <span class='ocrx_word' id='word_1_228' title='bbox 2544 1629 2866 1700; x_wconf 77' lang='lat' dir='ltr'>recogitavi,</span> <span class='ocrx_word' id='word_1_229' title='bbox 2905 1627 3098 1697; x_wconf 84' lang='lat' dir='ltr'>frater,</span> <span class='ocrx_word' id='word_1_230' title='bbox 3144 1636 3204 1686; x_wconf 89' lang='lat' dir='ltr'>et</span> <span class='ocrx_word' id='word_1_231' title='bbox 3239 1632 3370 1686; x_wconf 93' lang='lat' dir='ltr'>nolo</span> 
     </span>
    </p>
   </div>
   <div class='ocr_carea' id='block_1_32' title="bbox 1772 1718 3367 1792">
    <p class='ocr_par' dir='ltr' id='par_1_32' title="bbox 1772 1718 3367 1792">
     <span class='ocr_line' id='line_1_32' title="bbox 1772 1718 3367 1792; baseline 0.002 -19"><span class='ocrx_word' id='word_1_232' title='bbox 1772 1719 2086 1773; x_wconf 89' lang='lat' dir='ltr'>distrahere</span> <span class='ocrx_word' id='word_1_233' title='bbox 2107 1718 2368 1772; x_wconf 89' lang='lat' dir='ltr'>Codicem</span> <span class='ocrx_word' id='word_1_234' title='bbox 2389 1733 2606 1786; x_wconf 90' lang='lat' dir='ltr'>meum;</span> <span class='ocrx_word' id='word_1_235' title='bbox 2632 1726 2998 1792; x_wconf 87' lang='lat' dir='ltr'>compunctus</span> <span class='ocrx_word' id='word_1_236' title='bbox 3013 1721 3164 1775; x_wconf 89' lang='lat' dir='ltr'>enim</span> <span class='ocrx_word' id='word_1_237' title='bbox 3180 1722 3367 1787; x_wconf 88' lang='lat' dir='ltr'>corde,</span> 
     </span>
    </p>
   </div>
   <div class='ocr_carea' id='block_1_33' title="bbox 99 1793 3372 1882">
    <p class='ocr_par' dir='ltr' id='par_1_33' title="bbox 99 1793 3372 1882">
     <span class='ocr_line' id='line_1_33' title="bbox 99 1793 3372 1882; baseline 0.002 -19"><span class='ocrx_word' id='word_1_238' title='bbox 99 1816 293 1864; x_wconf 86' lang='lat' dir='ltr'>rantur</span> <span class='ocrx_word' id='word_1_239' title='bbox 320 1809 379 1864; x_wconf 90' lang='lat' dir='ltr'>in</span> <span class='ocrx_word' id='word_1_240' title='bbox 410 1811 769 1865; x_wconf 89' lang='lat' dir='ltr'>monasterio.</span> <span class='ocrx_word' id='word_1_241' title='bbox 793 1811 867 1866; x_wconf 92' lang='lat' dir='ltr'><strong>Ut</strong></span> <span class='ocrx_word' id='word_1_242' title='bbox 893 1819 1084 1866; x_wconf 88' lang='lat' dir='ltr'>autem</span> <span class='ocrx_word' id='word_1_243' title='bbox 1113 1813 1373 1868; x_wconf 82' lang='lat' dir='ltr'>ostendat</span> <span class='ocrx_word' id='word_1_244' title='bbox 1398 1813 1556 1868; x_wconf 91' lang='lat' dir='ltr'>vobis</span> <span class='ocrx_word' id='word_1_245' title='bbox 1579 1793 1692 1869; x_wconf 89' lang='lat' dir='ltr'>Do-</span> <span class='ocrx_word' id='word_1_246' title='bbox 1717 1793 2105 1862; x_wconf 66' lang='lat' dir='ltr'>Biestinantcr‘</span> <span class='ocrx_word' id='word_1_247' title='bbox 2132 1807 2458 1879; x_wconf 73' lang='lat' dir='ltr'>perrexith</span> <span class='ocrx_word' id='word_1_248' title='bbox 2471 1807 2732 1862; x_wconf 74' lang='lat' dir='ltr'>abbatem</span> <span class='ocrx_word' id='word_1_249' title='bbox 2755 1810 3134 1875; x_wconf 79' lang='lat' dir='ltr'>Anastasium,</span> <span class='ocrx_word' id='word_1_250' title='bbox 3160 1817 3218 1865; x_wconf 83' lang='lat' dir='ltr'>et</span> <span class='ocrx_word' id='word_1_251' title='bbox 3245 1827 3372 1882; x_wconf 83' lang='lat' dir='ltr'>pro-</span> 
     </span>
    </p>
   </div>
   <div class='ocr_carea' id='block_1_34' title="bbox 98 1899 1693 1974">
    <p class='ocr_par' dir='ltr' id='par_1_34' title="bbox 98 1899 1693 1974">
     <span class='ocr_line' id='line_1_34' title="bbox 98 1899 1693 1974; baseline 0.004 -22"><span class='ocrx_word' id='word_1_252' title='bbox 98 1899 279 1953; x_wconf 88' lang='lat' dir='ltr'>minus</span> <span class='ocrx_word' id='word_1_253' title='bbox 305 1899 471 1970; x_wconf 89' lang='lat' dir='ltr'>quale</span> <span class='ocrx_word' id='word_1_254' title='bbox 501 1900 766 1955; x_wconf 88' lang='lat' dir='ltr'>meritum</span> <span class='ocrx_word' id='word_1_255' title='bbox 794 1903 984 1967; x_wconf 62' lang='grc' dir='ltr'><strong>δοες</strong></span> <span class='ocrx_word' id='word_1_256' title='bbox 1006 1900 1174 1956; x_wconf 88' lang='lat' dir='ltr'>habet</span> <span class='ocrx_word' id='word_1_257' title='bbox 1200 1901 1320 1974; x_wconf 91' lang='lat' dir='ltr'>ipse</span> <span class='ocrx_word' id='word_1_258' title='bbox 1348 1901 1500 1958; x_wconf 88' lang='lat' dir='ltr'>idem</span> <span class='ocrx_word' id='word_1_259' title='bbox 1519 1902 1693 1958; x_wconf 86' lang='lat' dir='ltr'>frater</span> 
     </span>
    </p>
   </div>
   <div class='ocr_carea' id='block_1_35' title="bbox 100 1989 1694 2061">
    <p class='ocr_par' dir='ltr' id='par_1_35' title="bbox 100 1989 1694 2061">
     <span class='ocr_line' id='line_1_35' title="bbox 100 1989 1694 2061; baseline 0.003 -19"><span class='ocrx_word' id='word_1_260' title='bbox 100 1989 240 2060; x_wconf 91' lang='lat' dir='ltr'>apud</span> <span class='ocrx_word' id='word_1_261' title='bbox 271 1989 473 2057; x_wconf 91' lang='lat' dir='ltr'>Deum,</span> <span class='ocrx_word' id='word_1_262' title='bbox 504 1990 765 2061; x_wconf 66' lang='lat' dir='ltr'>praecipio</span> <span class='ocrx_word' id='word_1_263' title='bbox 790 1991 943 2046; x_wconf 82' lang='lat' dir='ltr'>vobis</span> <span class='ocrx_word' id='word_1_264' title='bbox 955 1997 1020 2046; x_wconf 90' lang='lat' dir='ltr'>ut</span> <span class='ocrx_word' id='word_1_265' title='bbox 1039 1989 1365 2046; x_wconf 84' lang='lat' dir='ltr'>deferantur</span> <span class='ocrx_word' id='word_1_266' title='bbox 1384 1992 1524 2047; x_wconf 89' lang='lat' dir='ltr'>mihi</span> <span class='ocrx_word' id='word_1_267' title='bbox 1554 1998 1694 2048; x_wconf 91' lang='lat' dir='ltr'>mat-</span> 
     </span>
    </p>
   </div>
   <div class='ocr_carea' id='block_1_36' title="bbox 1773 1895 3372 1970">
    <p class='ocr_par' dir='ltr' id='par_1_36' title="bbox 1773 1895 3372 1970">
     <span class='ocr_line' id='line_1_36' title="bbox 1773 1895 3372 1970; baseline 0.002 -18"><span class='ocrx_word' id='word_1_268' title='bbox 1773 1897 1973 1952; x_wconf 87' lang='lat' dir='ltr'>stravit</span> <span class='ocrx_word' id='word_1_269' title='bbox 1989 1914 2048 1950; x_wconf 91' lang='lat' dir='ltr'>se</span> <span class='ocrx_word' id='word_1_270' title='bbox 2065 1897 2123 1950; x_wconf 92' lang='lat' dir='ltr'>in</span> <span class='ocrx_word' id='word_1_271' title='bbox 2146 1901 2357 1951; x_wconf 90' lang='lat' dir='ltr'>terram</span> <span class='ocrx_word' id='word_1_272' title='bbox 2379 1895 2446 1951; x_wconf 85' lang='lat' dir='ltr'>ad</span> <span class='ocrx_word' id='word_1_273' title='bbox 2464 1897 2634 1968; x_wconf 88' lang='lat' dir='ltr'>pedes</span> <span class='ocrx_word' id='word_1_274' title='bbox 2653 1899 2796 1969; x_wconf 86' lang='lat' dir='ltr'>ejus,</span> <span class='ocrx_word' id='word_1_275' title='bbox 2813 1903 2872 1953; x_wconf 89' lang='lat' dir='ltr'>et</span> <span class='ocrx_word' id='word_1_276' title='bbox 2888 1898 3223 1970; x_wconf 89' lang='lat' dir='ltr'>precabatur</span> <span class='ocrx_word' id='word_1_277' title='bbox 3241 1917 3372 1956; x_wconf 90' lang='lat' dir='ltr'>cum</span> 
     </span>
    </p>
   </div>
   <div class='ocr_carea' id='block_1_37' title="bbox 1778 1985 3371 2060">
    <p class='ocr_par' dir='ltr' id='par_1_37' title="bbox 1778 1985 3371 2060">
     <span class='ocr_line' id='line_1_37' title="bbox 1778 1985 3371 2060; baseline 0.003 -20"><span class='ocrx_word' id='word_1_278' title='bbox 1778 1987 1917 2041; x_wconf 83' lang='lat' dir='ltr'>ﬂetu</span> <span class='ocrx_word' id='word_1_279' title='bbox 1949 1991 2006 2041; x_wconf 90' lang='lat' dir='ltr'>et</span> <span class='ocrx_word' id='word_1_280' title='bbox 2034 1986 2296 2058; x_wconf 82' lang='lat' dir='ltr'>lacrymis</span> <span class='ocrx_word' id='word_1_281' title='bbox 2321 1985 2666 2058; x_wconf 78' lang='lat' dir='ltr'>pamitendo,</span> <span class='ocrx_word' id='word_1_282' title='bbox 2696 1993 2761 2041; x_wconf 93' lang='lat' dir='ltr'>ut</span> <span class='ocrx_word' id='word_1_283' title='bbox 2788 1989 3162 2060; x_wconf 87' lang='lat' dir='ltr'>resusciperet</span> <span class='ocrx_word' id='word_1_284' title='bbox 3203 1990 3371 2044; x_wconf 91' lang='lat' dir='ltr'>Codi-</span> 
     </span>
    </p>
   </div>
   <div class='ocr_carea' id='block_1_38' title="bbox 99 2075 3366 2153">
    <p class='ocr_par' dir='ltr' id='par_1_38' title="bbox 99 2075 3366 2153">
     <span class='ocr_line' id='line_1_38' title="bbox 99 2075 3366 2153; baseline 0.003 -21"><span class='ocrx_word' id='word_1_285' title='bbox 99 2078 226 2132; x_wconf 76' lang='lat' dir='ltr'>tulae</span> <span class='ocrx_word' id='word_1_286' title='bbox 254 2079 510 2133; x_wconf 84' lang='lat' dir='ltr'>omnium</span> <span class='ocrx_word' id='word_1_287' title='bbox 540 2079 814 2134; x_wconf 76' lang='lat' dir='ltr'>fratrum:</span> <span class='ocrx_word' id='word_1_288' title='bbox 849 2097 988 2152; x_wconf 88' lang='lat' dir='ltr'>quas</span> <span class='ocrx_word' id='word_1_289' title='bbox 1017 2091 1144 2136; x_wconf 85' lang='lat' dir='ltr'>cum</span> <span class='ocrx_word' id='word_1_290' title='bbox 1173 2080 1697 2153; x_wconf 78' lang='lat' dir='ltr'>detulissent,jussit</span> <span class='ocrx_word' id='word_1_291' title='bbox 1778 2092 1898 2130; x_wconf 88' lang='lat' dir='ltr'>cem</span> <span class='ocrx_word' id='word_1_292' title='bbox 1928 2092 2115 2141; x_wconf 71' lang='lat' dir='ltr'>suum.</span> <span class='ocrx_word' id='word_1_293' title='bbox 2147 2075 2243 2130; x_wconf 85' lang='lat' dir='ltr'>sed</span> <span class='ocrx_word' id='word_1_294' title='bbox 2266 2091 2378 2130; x_wconf 86' lang='lat' dir='ltr'>non</span> <span class='ocrx_word' id='word_1_295' title='bbox 2400 2075 2791 2147; x_wconf 80' lang='lat' dir='ltr'>acquiescebat</span> <span class='ocrx_word' id='word_1_296' title='bbox 2818 2077 2872 2132; x_wconf 87' lang='lat' dir='ltr'>ei</span> <span class='ocrx_word' id='word_1_297' title='bbox 2915 2077 3103 2143; x_wconf 82' lang='lat' dir='ltr'>abbas.</span> <span class='ocrx_word' id='word_1_298' title='bbox 3143 2078 3366 2134; x_wconf 87' lang='lat' dir='ltr'>dicens:</span> 
     </span>
    </p>
   </div>
   <div class='ocr_carea' id='block_1_39' title="bbox 99 2168 1694 2239">
    <p class='ocr_par' dir='ltr' id='par_1_39' title="bbox 99 2168 1694 2239">
     <span class='ocr_line' id='line_1_39' title="bbox 99 2168 1694 2239; baseline 0.003 -18"><span class='ocrx_word' id='word_1_299' title='bbox 99 2168 761 2239; x_wconf 76' lang='lat' dir='ltr'>utaccenderent‘ignem,</span> <span class='ocrx_word' id='word_1_300' title='bbox 794 2175 850 2223; x_wconf 91' lang='lat' dir='ltr'>et</span> <span class='ocrx_word' id='word_1_301' title='bbox 873 2170 1028 2224; x_wconf 89' lang='lat' dir='ltr'>misit</span> <span class='ocrx_word' id='word_1_302' title='bbox 1051 2170 1108 2224; x_wconf 91' lang='lat' dir='ltr'>in</span> <span class='ocrx_word' id='word_1_303' title='bbox 1140 2183 1269 2224; x_wconf 87' lang='lat' dir='ltr'>eum</span> <span class='ocrx_word' id='word_1_304' title='bbox 1299 2171 1552 2225; x_wconf 89' lang='lat' dir='ltr'>omnium</span> <span class='ocrx_word' id='word_1_305' title='bbox 1579 2172 1694 2226; x_wconf 87' lang='lat' dir='ltr'>fra-</span> 
     </span>
    </p>
   </div>
   <div class='ocr_carea' id='block_1_40' title="bbox 100 2259 1696 2332">
    <p class='ocr_par' dir='ltr' id='par_1_40' title="bbox 100 2259 1696 2332">
     <span class='ocr_line' id='line_1_40' title="bbox 100 2259 1696 2332; baseline 0.004 -23"><span class='ocrx_word' id='word_1_306' title='bbox 100 2260 243 2310; x_wconf 88' lang='lat' dir='ltr'>trum</span> <span class='ocrx_word' id='word_1_307' title='bbox 275 2259 563 2324; x_wconf 89' lang='lat' dir='ltr'>mattulas,</span> <span class='ocrx_word' id='word_1_308' title='bbox 597 2267 720 2330; x_wconf 72' lang='lat' dir='ltr'>quae</span> <span class='ocrx_word' id='word_1_309' title='bbox 746 2259 936 2312; x_wconf 87' lang='lat' dir='ltr'>statim</span> <span class='ocrx_word' id='word_1_310' title='bbox 969 2259 1274 2315; x_wconf 74' lang='lat' dir='ltr'>combustze</span> <span class='ocrx_word' id='word_1_311' title='bbox 1299 2265 1450 2327; x_wconf 90' lang='lat' dir='ltr'>sunt,</span> <span class='ocrx_word' id='word_1_312' title='bbox 1488 2266 1696 2332; x_wconf 79' lang='lat' dir='ltr'>praeter</span> 
     </span>
    </p>
   </div>
   <div class='ocr_carea' id='block_1_41' title="bbox 102 2345 1694 2421">
    <p class='ocr_par' dir='ltr' id='par_1_41' title="bbox 102 2345 1694 2421">
     <span class='ocr_line' id='line_1_41' title="bbox 102 2345 1694 2421; baseline 0.004 -23"><span class='ocrx_word' id='word_1_313' title='bbox 102 2345 391 2401; x_wconf 85' lang='lat' dir='ltr'>mattulam</span> <span class='ocrx_word' id='word_1_314' title='bbox 421 2347 611 2402; x_wconf 85' lang='lat' dir='ltr'>fratris</span> <span class='ocrx_word' id='word_1_315' title='bbox 633 2345 851 2412; x_wconf 85' lang='lat' dir='ltr'>Eulalii,</span> <span class='ocrx_word' id='word_1_316' title='bbox 878 2363 1000 2420; x_wconf 73' lang='lat' dir='ltr'>quae</span> <span class='ocrx_word' id='word_1_317' title='bbox 1021 2349 1243 2420; x_wconf 87' lang='lat' dir='ltr'>integra</span> <span class='ocrx_word' id='word_1_318' title='bbox 1262 2354 1487 2421; x_wconf 89' lang='lat' dir='ltr'>reperta</span> <span class='ocrx_word' id='word_1_319' title='bbox 1507 2356 1610 2417; x_wconf 90' lang='lat' dir='ltr'>est,</span> <span class='ocrx_word' id='word_1_320' title='bbox 1637 2355 1694 2406; x_wconf 90' lang='lat' dir='ltr'>et</span> 
     </span>
    </p>
   </div>
   <div class='ocr_carea' id='block_1_42' title="bbox 103 2432 1694 2506">
    <p class='ocr_par' dir='ltr' id='par_1_42' title="bbox 103 2432 1694 2506">
     <span class='ocr_line' id='line_1_42' title="bbox 103 2432 1694 2506; baseline 0.004 -21"><span class='ocrx_word' id='word_1_321' title='bbox 103 2448 206 2485; x_wconf 88' lang='lat' dir='ltr'>non</span> <span class='ocrx_word' id='word_1_322' title='bbox 235 2437 319 2487; x_wconf 87' lang='lat' dir='ltr'>est</span> <span class='ocrx_word' id='word_1_323' title='bbox 337 2432 649 2488; x_wconf 89' lang='lat' dir='ltr'>combusta.</span> <span class='ocrx_word' id='word_1_324' title='bbox 675 2436 929 2506; x_wconf 87' lang='lat' dir='ltr'>Cumque</span> <span class='ocrx_word' id='word_1_325' title='bbox 949 2435 1054 2490; x_wconf 93' lang='lat' dir='ltr'>hoc</span> <span class='ocrx_word' id='word_1_326' title='bbox 1067 2433 1336 2490; x_wconf 85' lang='lat' dir='ltr'>vidissent</span> <span class='ocrx_word' id='word_1_327' title='bbox 1353 2435 1556 2490; x_wconf 88' lang='lat' dir='ltr'>fratres</span> <span class='ocrx_word' id='word_1_328' title='bbox 1577 2453 1694 2491; x_wconf 85' lang='lat' dir='ltr'>om-</span> 
     </span>
    </p>
   </div>
   <div class='ocr_carea' id='block_1_43' title="bbox 101 2521 1687 2594">
    <p class='ocr_par' dir='ltr' id='par_1_43' title="bbox 101 2521 1687 2594">
     <span class='ocr_line' id='line_1_43' title="bbox 101 2521 1687 2594; baseline 0.003 -20"><span class='ocrx_word' id='word_1_329' title='bbox 101 2537 213 2587; x_wconf 87' lang='lat' dir='ltr'>nes,</span> <span class='ocrx_word' id='word_1_330' title='bbox 242 2521 559 2577; x_wconf 84' lang='lat' dir='ltr'>timuerunt</span> <span class='ocrx_word' id='word_1_331' title='bbox 585 2523 761 2590; x_wconf 90' lang='lat' dir='ltr'>valde,</span> <span class='ocrx_word' id='word_1_332' title='bbox 784 2527 840 2577; x_wconf 88' lang='lat' dir='ltr'>et</span> <span class='ocrx_word' id='word_1_333' title='bbox 850 2528 1273 2594; x_wconf 89' lang='lat' dir='ltr'>prostraverunt</span> <span class='ocrx_word' id='word_1_334' title='bbox 1297 2538 1357 2578; x_wconf 91' lang='lat' dir='ltr'>se</span> <span class='ocrx_word' id='word_1_335' title='bbox 1381 2524 1440 2578; x_wconf 88' lang='lat' dir='ltr'>in</span> <span class='ocrx_word' id='word_1_336' title='bbox 1455 2529 1687 2592; x_wconf 89' lang='lat' dir='ltr'>terram,</span> 
     </span>
    </p>
   </div>
   <div class='ocr_carea' id='block_1_44' title="bbox 103 2609 1694 2685">
    <p class='ocr_par' dir='ltr' id='par_1_44' title="bbox 103 2609 1694 2685">
     <span class='ocr_line' id='line_1_44' title="bbox 103 2609 1694 2685; baseline 0.004 -23"><span class='ocrx_word' id='word_1_337' title='bbox 103 2609 314 2664; x_wconf 78' lang='lat' dir='ltr'>veniam</span> <span class='ocrx_word' id='word_1_338' title='bbox 343 2615 402 2666; x_wconf 90' lang='lat' dir='ltr'>et</span> <span class='ocrx_word' id='word_1_339' title='bbox 422 2611 830 2682; x_wconf 84' lang='lat' dir='ltr'>indulgentiam</span> <span class='ocrx_word' id='word_1_340' title='bbox 860 2628 892 2666; x_wconf 92' lang='lat' dir='ltr'>a</span> <span class='ocrx_word' id='word_1_341' title='bbox 919 2611 1141 2667; x_wconf 75' lang='lat' dir='ltr'>Christo</span> <span class='ocrx_word' id='word_1_342' title='bbox 1155 2611 1394 2668; x_wconf 89' lang='lat' dir='ltr'>Domino</span> <span class='ocrx_word' id='word_1_343' title='bbox 1406 2614 1694 2685; x_wconf 87' lang='lat' dir='ltr'>postulan-</span> 
     </span>
    </p>
   </div>
   <div class='ocr_carea' id='block_1_45' title="bbox 103 2701 1692 2774">
    <p class='ocr_par' dir='ltr' id='par_1_45' title="bbox 103 2701 1692 2774">
     <span class='ocr_line' id='line_1_45' title="bbox 103 2701 1692 2774; baseline 0.004 -22"><span class='ocrx_word' id='word_1_344' title='bbox 103 2703 200 2762; x_wconf 84' lang='lat' dir='ltr'>tes,</span> <span class='ocrx_word' id='word_1_345' title='bbox 231 2706 286 2754; x_wconf 94' lang='lat' dir='ltr'><strong>et</strong></span> <span class='ocrx_word' id='word_1_346' title='bbox 313 2701 697 2756; x_wconf 88' lang='lat' dir='ltr'>collaudantes</span> <span class='ocrx_word' id='word_1_347' title='bbox 726 2701 1153 2756; x_wconf 90' lang='lat' dir='ltr'>admirabantur</span> <span class='ocrx_word' id='word_1_348' title='bbox 1172 2701 1338 2756; x_wconf 91' lang='lat' dir='ltr'>nimis</span> <span class='ocrx_word' id='word_1_349' title='bbox 1357 2703 1692 2774; x_wconf 89' lang='lat' dir='ltr'>patientiam</span> 
     </span>
    </p>
   </div>
   <div class='ocr_carea' id='block_1_46' title="bbox 104 2789 1694 2864">
    <p class='ocr_par' dir='ltr' id='par_1_46' title="bbox 104 2789 1694 2864">
     <span class='ocr_line' id='line_1_46' title="bbox 104 2789 1694 2864; baseline 0.004 -22"><span class='ocrx_word' id='word_1_350' title='bbox 104 2792 156 2842; x_wconf 87' lang='lat' dir='ltr'>et</span> <span class='ocrx_word' id='word_1_351' title='bbox 178 2789 550 2845; x_wconf 89' lang='lat' dir='ltr'>humilitatem</span> <span class='ocrx_word' id='word_1_352' title='bbox 580 2791 769 2846; x_wconf 73' lang='lat' dir='ltr'>fl&#39;atris</span> <span class='ocrx_word' id='word_1_353' title='bbox 800 2790 1020 2847; x_wconf 85' lang='lat' dir='ltr'>Eulalii.</span> <span class='ocrx_word' id='word_1_354' title='bbox 1055 2789 1308 2864; x_wconf 86' lang='lat' dir='ltr'>Denique</span> <span class='ocrx_word' id='word_1_355' title='bbox 1329 2809 1394 2847; x_wconf 81' lang='lat' dir='ltr'>ex</span> <span class='ocrx_word' id='word_1_356' title='bbox 1421 2809 1486 2848; x_wconf 91' lang='lat' dir='ltr'>eo</span> <span class='ocrx_word' id='word_1_357' title='bbox 1515 2793 1694 2849; x_wconf 79' lang='lat' dir='ltr'>hono-</span> 
     </span>
    </p>
   </div>
   <div class='ocr_carea' id='block_1_47' title="bbox 104 2878 1694 2953">
    <p class='ocr_par' dir='ltr' id='par_1_47' title="bbox 104 2878 1694 2953">
     <span class='ocr_line' id='line_1_47' title="bbox 104 2878 1694 2953; baseline 0.004 -21"><span class='ocrx_word' id='word_1_358' title='bbox 104 2878 294 2934; x_wconf 90' lang='lat' dir='ltr'>rabant</span> <span class='ocrx_word' id='word_1_359' title='bbox 321 2886 378 2935; x_wconf 90' lang='lat' dir='ltr'>et</span> <span class='ocrx_word' id='word_1_360' title='bbox 424 2879 860 2951; x_wconf 85' lang='lat' dir='ltr'>magniﬁcabant</span> <span class='ocrx_word' id='word_1_361' title='bbox 910 2897 1060 2947; x_wconf 90' lang='lat' dir='ltr'>eum,</span> <span class='ocrx_word' id='word_1_362' title='bbox 1106 2886 1379 2953; x_wconf 88' lang='lat' dir='ltr'>tanquam</span> <span class='ocrx_word' id='word_1_363' title='bbox 1413 2898 1590 2937; x_wconf 90' lang='lat' dir='ltr'>unum</span> <span class='ocrx_word' id='word_1_364' title='bbox 1624 2883 1694 2938; x_wconf 90' lang='lat' dir='ltr'>de</span> 
     </span>
    </p>
   </div>
   <div class='ocr_carea' id='block_1_48' title="bbox 105 2969 1692 3040">
    <p class='ocr_par' dir='ltr' id='par_1_48' title="bbox 105 2969 1692 3040">
     <span class='ocr_line' id='line_1_48' title="bbox 105 2969 1692 3040; baseline 0.003 -17"><span class='ocrx_word' id='word_1_365' title='bbox 105 2970 312 3040; x_wconf 85' lang='lat' dir='ltr'>magnis</span> <span class='ocrx_word' id='word_1_366' title='bbox 339 2969 603 3024; x_wconf 90' lang='lat' dir='ltr'>Patribus</span> <span class='ocrx_word' id='word_1_367' title='bbox 632 2989 644 3037; x_wconf 93' lang='lat'><strong>;</strong></span> <span class='ocrx_word' id='word_1_368' title='bbox 673 2971 810 3025; x_wconf 91' lang='lat' dir='ltr'>istos</span> <span class='ocrx_word' id='word_1_369' title='bbox 834 2976 1020 3025; x_wconf 91' lang='lat' dir='ltr'>autem</span> <span class='ocrx_word' id='word_1_370' title='bbox 1043 2971 1282 3026; x_wconf 89' lang='lat' dir='ltr'>honores</span> <span class='ocrx_word' id='word_1_371' title='bbox 1297 2977 1352 3026; x_wconf 90' lang='lat' dir='ltr'>et</span> <span class='ocrx_word' id='word_1_372' title='bbox 1365 2972 1560 3026; x_wconf 91' lang='lat' dir='ltr'>laudes</span> <span class='ocrx_word' id='word_1_373' title='bbox 1579 2988 1692 3028; x_wconf 90' lang='lat' dir='ltr'>non</span> 
     </span>
    </p>
   </div>
   <div class='ocr_carea' id='block_1_49' title="bbox 104 3057 1691 3128">
    <p class='ocr_par' dir='ltr' id='par_1_49' title="bbox 104 3057 1691 3128">
     <span class='ocr_line' id='line_1_49' title="bbox 104 3057 1691 3128; baseline 0.003 -17"><span class='ocrx_word' id='word_1_374' title='bbox 104 3063 313 3128; x_wconf 84' lang='lat' dir='ltr'>poterat</span> <span class='ocrx_word' id='word_1_375' title='bbox 341 3058 621 3113; x_wconf 89' lang='lat' dir='ltr'>sustinere</span> <span class='ocrx_word' id='word_1_376' title='bbox 649 3059 824 3112; x_wconf 83' lang='lat' dir='ltr'>frater</span> <span class='ocrx_word' id='word_1_377' title='bbox 855 3057 1123 3125; x_wconf 88' lang='lat' dir='ltr'>Eulalius,</span> <span class='ocrx_word' id='word_1_378' title='bbox 1157 3058 1348 3114; x_wconf 90' lang='lat' dir='ltr'>dicens</span> <span class='ocrx_word' id='word_1_379' title='bbox 1380 3077 1392 3114; x_wconf 94' lang='lat'><strong>:</strong></span> <span class='ocrx_word' id='word_1_380' title='bbox 1427 3060 1522 3115; x_wconf 63' lang='lat' dir='ltr'>Vae</span> <span class='ocrx_word' id='word_1_381' title='bbox 1553 3060 1691 3115; x_wconf 89' lang='lat' dir='ltr'>mihi</span> 
     </span>
    </p>
   </div>
   <div class='ocr_carea' id='block_1_50' title="bbox 1777 2165 3377 2236">
    <p class='ocr_par' dir='ltr' id='par_1_50' title="bbox 1777 2165 3377 2236">
     <span class='ocr_line' id='line_1_50' title="bbox 1777 2165 3377 2236; baseline 0.004 -19"><span class='ocrx_word' id='word_1_382' title='bbox 1777 2165 1932 2218; x_wconf 79' lang='lat' dir='ltr'>Vade</span> <span class='ocrx_word' id='word_1_383' title='bbox 1961 2181 2090 2220; x_wconf 89' lang='lat' dir='ltr'>cum</span> <span class='ocrx_word' id='word_1_384' title='bbox 2121 2182 2276 2236; x_wconf 87' lang='lat' dir='ltr'>pace,</span> <span class='ocrx_word' id='word_1_385' title='bbox 2298 2165 2490 2220; x_wconf 83' lang='lat' dir='ltr'>frater:</span> <span class='ocrx_word' id='word_1_386' title='bbox 2515 2181 2643 2221; x_wconf 88' lang='lat' dir='ltr'>ecce</span> <span class='ocrx_word' id='word_1_387' title='bbox 2655 2168 2774 2236; x_wconf 89' lang='lat' dir='ltr'>jam</span> <span class='ocrx_word' id='word_1_388' title='bbox 2796 2183 2925 2221; x_wconf 89' lang='lat' dir='ltr'>cum</span> <span class='ocrx_word' id='word_1_389' title='bbox 2941 2167 3228 2223; x_wconf 85' lang='lat' dir='ltr'>voluntate</span> <span class='ocrx_word' id='word_1_390' title='bbox 3247 2184 3377 2223; x_wconf 85' lang='lat' dir='ltr'>mea</span> 
     </span>
    </p>
   </div>
   <div class='ocr_carea' id='block_1_51' title="bbox 1777 2253 3373 2328">
    <p class='ocr_par' dir='ltr' id='par_1_51' title="bbox 1777 2253 3373 2328">
     <span class='ocr_line' id='line_1_51' title="bbox 1777 2253 3373 2328; baseline 0.003 -20"><span class='ocrx_word' id='word_1_391' title='bbox 1777 2253 1982 2308; x_wconf 89' lang='lat' dir='ltr'>habeto</span> <span class='ocrx_word' id='word_1_392' title='bbox 2006 2255 2192 2326; x_wconf 88' lang='lat' dir='ltr'>ipsum</span> <span class='ocrx_word' id='word_1_393' title='bbox 2219 2255 2500 2310; x_wconf 88' lang='lat' dir='ltr'>Codicem.</span> <span class='ocrx_word' id='word_1_394' title='bbox 2528 2256 2628 2310; x_wconf 90' lang='lat' dir='ltr'>Ille</span> <span class='ocrx_word' id='word_1_395' title='bbox 2653 2261 2841 2310; x_wconf 89' lang='lat' dir='ltr'>autem</span> <span class='ocrx_word' id='word_1_396' title='bbox 2883 2257 3219 2328; x_wconf 88' lang='lat' dir='ltr'>persistebat</span> <span class='ocrx_word' id='word_1_397' title='bbox 3242 2274 3373 2314; x_wconf 89' lang='lat' dir='ltr'>cum</span> 
     </span>
    </p>
   </div>
   <div class='ocr_carea' id='block_1_52' title="bbox 1774 2343 3375 2418">
    <p class='ocr_par' dir='ltr' id='par_1_52' title="bbox 1774 2343 3375 2418">
     <span class='ocr_line' id='line_1_52' title="bbox 1774 2343 3375 2418; baseline 0.003 -21"><span class='ocrx_word' id='word_1_398' title='bbox 1774 2343 2039 2415; x_wconf 84' lang='lat' dir='ltr'>lacrymis</span> <span class='ocrx_word' id='word_1_399' title='bbox 2067 2344 2308 2415; x_wconf 89' lang='lat' dir='ltr'>petendo</span> <span class='ocrx_word' id='word_1_400' title='bbox 2330 2360 2458 2399; x_wconf 90' lang='lat' dir='ltr'>eum</span> <span class='ocrx_word' id='word_1_401' title='bbox 2479 2344 2699 2400; x_wconf 89' lang='lat' dir='ltr'>dicens:</span> <span class='ocrx_word' id='word_1_402' title='bbox 2731 2345 2877 2410; x_wconf 87' lang='lat' dir='ltr'>Quia</span> <span class='ocrx_word' id='word_1_403' title='bbox 2905 2345 2953 2400; x_wconf 89' lang='lat' dir='ltr'>si</span> <span class='ocrx_word' id='word_1_404' title='bbox 2981 2362 3091 2401; x_wconf 89' lang='lat' dir='ltr'>non</span> <span class='ocrx_word' id='word_1_405' title='bbox 3118 2363 3375 2418; x_wconf 77' lang='lat' dir='ltr'>suscepe-</span> 
     </span>
    </p>
   </div>
   <div class='ocr_carea' id='block_1_53' title="bbox 1773 2433 3376 2508">
    <p class='ocr_par' dir='ltr' id='par_1_53' title="bbox 1773 2433 3376 2508">
     <span class='ocr_line' id='line_1_53' title="bbox 1773 2433 3376 2508; baseline 0.004 -22"><span class='ocrx_word' id='word_1_406' title='bbox 1773 2433 1852 2486; x_wconf 89' lang='lat' dir='ltr'>ris</span> <span class='ocrx_word' id='word_1_407' title='bbox 1883 2433 2165 2500; x_wconf 89' lang='lat' dir='ltr'>Codicem,</span> <span class='ocrx_word' id='word_1_408' title='bbox 2199 2433 2425 2488; x_wconf 90' lang='lat' dir='ltr'>domine</span> <span class='ocrx_word' id='word_1_409' title='bbox 2453 2433 2640 2501; x_wconf 86' lang='lat' dir='ltr'>Pater,</span> <span class='ocrx_word' id='word_1_410' title='bbox 2673 2435 2828 2489; x_wconf 92' lang='lat' dir='ltr'>nullo</span> <span class='ocrx_word' id='word_1_411' title='bbox 2866 2435 3031 2490; x_wconf 88' lang='lat' dir='ltr'>modo</span> <span class='ocrx_word' id='word_1_412' title='bbox 3062 2437 3376 2508; x_wconf 88' lang='lat' dir='ltr'>requiescet</span> 
     </span>
    </p>
   </div>
   <div class='ocr_carea' id='block_1_54' title="bbox 1774 2522 3370 2596">
    <p class='ocr_par' dir='ltr' id='par_1_54' title="bbox 1774 2522 3370 2596">
     <span class='ocr_line' id='line_1_54' title="bbox 1774 2522 3370 2596; baseline 0.004 -21"><span class='ocrx_word' id='word_1_413' title='bbox 1774 2522 1966 2576; x_wconf 88' lang='lat' dir='ltr'>anima</span> <span class='ocrx_word' id='word_1_414' title='bbox 1997 2539 2141 2577; x_wconf 88' lang='lat' dir='ltr'>mea.</span> <span class='ocrx_word' id='word_1_415' title='bbox 2181 2523 2319 2578; x_wconf 85' lang='lat' dir='ltr'>Post</span> <span class='ocrx_word' id='word_1_416' title='bbox 2341 2523 2446 2577; x_wconf 89' lang='lat' dir='ltr'>hoc</span> <span class='ocrx_word' id='word_1_417' title='bbox 2473 2524 2567 2577; x_wconf 91' lang='lat' dir='ltr'>ille</span> <span class='ocrx_word' id='word_1_418' title='bbox 2613 2525 2825 2596; x_wconf 89' lang='lat' dir='ltr'>recepit</span> <span class='ocrx_word' id='word_1_419' title='bbox 2867 2525 3128 2581; x_wconf 90' lang='lat' dir='ltr'>Codicem</span> <span class='ocrx_word' id='word_1_420' title='bbox 3165 2543 3370 2596; x_wconf 88' lang='lat' dir='ltr'>suum;</span> 
     </span>
    </p>
   </div>
   <div class='ocr_carea' id='block_1_55' title="bbox 1773 2611 3377 2685">
    <p class='ocr_par' dir='ltr' id='par_1_55' title="bbox 1773 2611 3377 2685">
     <span class='ocr_line' id='line_1_55' title="bbox 1773 2611 3377 2685; baseline 0.003 -19"><span class='ocrx_word' id='word_1_421' title='bbox 1773 2628 1906 2666; x_wconf 89' lang='lat' dir='ltr'>nam</span> <span class='ocrx_word' id='word_1_422' title='bbox 1934 2611 2110 2666; x_wconf 88' lang='lat' dir='ltr'>frater</span> <span class='ocrx_word' id='word_1_423' title='bbox 2138 2612 2232 2667; x_wconf 91' lang='lat' dir='ltr'>ille</span> <span class='ocrx_word' id='word_1_424' title='bbox 2251 2613 2563 2684; x_wconf 83' lang='lat' dir='ltr'>permansit</span> <span class='ocrx_word' id='word_1_425' title='bbox 2599 2614 2749 2685; x_wconf 89' lang='lat' dir='ltr'>apud</span> <span class='ocrx_word' id='word_1_426' title='bbox 2769 2612 2996 2670; x_wconf 89' lang='lat' dir='ltr'>beatum</span> <span class='ocrx_word' id='word_1_427' title='bbox 3013 2616 3377 2671; x_wconf 85' lang='lat' dir='ltr'>Anastasium</span> 
     </span>
    </p>
   </div>
   <div class='ocr_carea' id='block_1_56' title="bbox 1774 2701 3087 2774">
    <p class='ocr_par' dir='ltr' id='par_1_56' title="bbox 1774 2701 3087 2774">
     <span class='ocr_line' id='line_1_56' title="bbox 1774 2701 3087 2774; baseline 0.002 -18"><span class='ocrx_word' id='word_1_428' title='bbox 1774 2702 1834 2757; x_wconf 90' lang='lat' dir='ltr'>in</span> <span class='ocrx_word' id='word_1_429' title='bbox 1863 2702 2065 2756; x_wconf 86' lang='lat' dir='ltr'>cellula</span> <span class='ocrx_word' id='word_1_430' title='bbox 2095 2703 2238 2772; x_wconf 87' lang='lat' dir='ltr'>ejus,</span> <span class='ocrx_word' id='word_1_431' title='bbox 2266 2717 2443 2774; x_wconf 88' lang='lat' dir='ltr'>usque</span> <span class='ocrx_word' id='word_1_432' title='bbox 2472 2701 2531 2756; x_wconf 93' lang='lat' dir='ltr'>in</span> <span class='ocrx_word' id='word_1_433' title='bbox 2560 2703 2770 2758; x_wconf 77' lang='lat' dir='ltr'>exitum</span> <span class='ocrx_word' id='word_1_434' title='bbox 2797 2704 2925 2760; x_wconf 68' lang='lat' dir='ltr'>vita:</span> <span class='ocrx_word' id='word_1_435' title='bbox 2953 2721 3087 2760; x_wconf 64' lang='lat' dir='ltr'>sum.</span> 
     </span>
    </p>
   </div>
   <div class='ocr_carea' id='block_1_57' title="bbox 1849 2789 3376 2863">
    <p class='ocr_par' dir='ltr' id='par_1_57' title="bbox 1849 2789 3376 2863">
     <span class='ocr_line' id='line_1_57' title="bbox 1849 2789 3376 2863; baseline 0.002 -15"><span class='ocrx_word' id='word_1_436' title='bbox 1849 2789 1938 2848; x_wconf 80' lang='lat'>31.</span> <span class='ocrx_word' id='word_1_437' title='bbox 1972 2791 2102 2845; x_wconf 90' lang='lat' dir='ltr'>Fuit</span> <span class='ocrx_word' id='word_1_438' title='bbox 2125 2792 2354 2863; x_wconf 90' lang='lat' dir='ltr'>quidam</span> <span class='ocrx_word' id='word_1_439' title='bbox 2381 2792 2635 2859; x_wconf 83' lang='lat' dir='ltr'>eremita,</span> <span class='ocrx_word' id='word_1_440' title='bbox 2668 2793 2800 2848; x_wconf 92' lang='lat' dir='ltr'>Pior</span> <span class='ocrx_word' id='word_1_441' title='bbox 2835 2795 3083 2861; x_wconf 89' lang='lat' dir='ltr'>nomine,</span> <span class='ocrx_word' id='word_1_442' title='bbox 3113 2795 3183 2850; x_wconf 89' lang='lat' dir='ltr'>de</span> <span class='ocrx_word' id='word_1_443' title='bbox 3225 2795 3376 2850; x_wconf 84' lang='lat' dir='ltr'>anti-</span> 
     </span>
    </p>
   </div>
   <div class='ocr_carea' id='block_1_58' title="bbox 1776 2879 3375 2951">
    <p class='ocr_par' dir='ltr' id='par_1_58' title="bbox 1776 2879 3375 2951">
     <span class='ocr_line' id='line_1_58' title="bbox 1776 2879 3375 2951; baseline 0.004 -18"><span class='ocrx_word' id='word_1_444' title='bbox 1776 2879 1901 2950; x_wconf 91' lang='lat' dir='ltr'>quis</span> <span class='ocrx_word' id='word_1_445' title='bbox 1930 2879 2208 2946; x_wconf 90' lang='lat' dir='ltr'>Patribus,</span> <span class='ocrx_word' id='word_1_446' title='bbox 2234 2897 2400 2951; x_wconf 90' lang='lat' dir='ltr'>quem</span> <span class='ocrx_word' id='word_1_447' title='bbox 2427 2880 2625 2936; x_wconf 89' lang='lat' dir='ltr'>beatus</span> <span class='ocrx_word' id='word_1_448' title='bbox 2663 2883 2940 2938; x_wconf 83' lang='lat' dir='ltr'>Antonius</span> <span class='ocrx_word' id='word_1_449' title='bbox 2970 2883 3375 2940; x_wconf 89' lang='lat' dir='ltr'>adolescentem</span> 
     </span>
    </p>
   </div>
   <div class='ocr_carea' id='block_1_59' title="bbox 1775 2969 3377 3041">
    <p class='ocr_par' dir='ltr' id='par_1_59' title="bbox 1775 2969 3377 3041">
     <span class='ocr_line' id='line_1_59' title="bbox 1775 2969 3377 3041; baseline 0.005 -19"><span class='ocrx_word' id='word_1_450' title='bbox 1775 2969 1834 3022; x_wconf 90' lang='lat' dir='ltr'>in</span> <span class='ocrx_word' id='word_1_451' title='bbox 1854 2974 2046 3024; x_wconf 88' lang='lat' dir='ltr'>sancto</span> <span class='ocrx_word' id='word_1_452' title='bbox 2069 2970 2356 3041; x_wconf 89' lang='lat' dir='ltr'>proposito</span> <span class='ocrx_word' id='word_1_453' title='bbox 2375 2971 2778 3026; x_wconf 85' lang='lat' dir='ltr'>monachorum</span> <span class='ocrx_word' id='word_1_454' title='bbox 2797 2972 3065 3028; x_wconf 83' lang='lat' dir='ltr'>instruxit</span> <span class='ocrx_word' id='word_1_455' title='bbox 3086 2993 3097 3027; x_wconf 92' lang='lat'><strong>:</strong></span> <span class='ocrx_word' id='word_1_456' title='bbox 3122 2975 3377 3030; x_wconf 88' lang='lat' dir='ltr'>demora-</span> 
     </span>
    </p>
   </div>
   <div class='ocr_carea' id='block_1_60' title="bbox 1775 3058 3372 3136">
    <p class='ocr_par' dir='ltr' id='par_1_60' title="bbox 1775 3058 3372 3136">
     <span class='ocr_line' id='line_1_60' title="bbox 1775 3058 3372 3136; baseline 0.004 -24"><span class='ocrx_word' id='word_1_457' title='bbox 1775 3063 1867 3113; x_wconf 87' lang='lat' dir='ltr'>tus</span> <span class='ocrx_word' id='word_1_458' title='bbox 1895 3063 1979 3113; x_wconf 89' lang='lat' dir='ltr'>est</span> <span class='ocrx_word' id='word_1_459' title='bbox 1999 3065 2188 3113; x_wconf 89' lang='lat' dir='ltr'>autem</span> <span class='ocrx_word' id='word_1_460' title='bbox 2205 3058 2354 3131; x_wconf 88' lang='lat' dir='ltr'>apud</span> <span class='ocrx_word' id='word_1_461' title='bbox 2380 3059 2606 3114; x_wconf 86' lang='lat' dir='ltr'>beatum</span> <span class='ocrx_word' id='word_1_462' title='bbox 2623 3062 2930 3117; x_wconf 89' lang='lat' dir='ltr'>Antonium</span> <span class='ocrx_word' id='word_1_463' title='bbox 2948 3079 3124 3118; x_wconf 89' lang='lat' dir='ltr'>annos</span> <span class='ocrx_word' id='word_1_464' title='bbox 3145 3081 3372 3136; x_wconf 88' lang='lat' dir='ltr'>paucos.</span> 
     </span>
    </p>
   </div>
   <div class='ocr_carea' id='block_1_61' title="bbox 107 3146 3414 3222">
    <p class='ocr_par' dir='ltr' id='par_1_61' title="bbox 107 3146 3414 3222">
     <span class='ocr_line' id='line_1_61' title="bbox 107 3146 3414 3222; baseline 0.003 -22"><span class='ocrx_word' id='word_1_465' title='bbox 107 3146 316 3214; x_wconf 84' lang='lat' dir='ltr'>infelici,</span> <span class='ocrx_word' id='word_1_466' title='bbox 334 3148 470 3220; x_wconf 88' lang='lat' dir='ltr'>quia</span> <span class='ocrx_word' id='word_1_467' title='bbox 486 3147 704 3219; x_wconf 88' lang='lat' dir='ltr'>perdidi</span> <span class='ocrx_word' id='word_1_468' title='bbox 716 3149 1097 3203; x_wconf 89' lang='lat' dir='ltr'>humilitatem</span> <span class='ocrx_word' id='word_1_469' title='bbox 1118 3163 1498 3221; x_wconf 88' lang='lat' dir='ltr'>meam,quam</span> <span class='ocrx_word' id='word_1_470' title='bbox 1510 3150 1687 3204; x_wconf 87' lang='lat' dir='ltr'>tantis</span> <span class='ocrx_word' id='word_1_471' title='bbox 1711 3162 1756 3222; x_wconf 74' lang='grc' dir='ltr'>α</span> <span class='ocrx_word' id='word_1_472' title='bbox 1776 3147 2030 3218; x_wconf 87' lang='lat' dir='ltr'>Cumque</span> <span class='ocrx_word' id='word_1_473' title='bbox 2059 3148 2256 3218; x_wconf 89' lang='lat' dir='ltr'>viginti</span> <span class='ocrx_word' id='word_1_474' title='bbox 2285 3153 2344 3203; x_wconf 89' lang='lat' dir='ltr'>et</span> <span class='ocrx_word' id='word_1_475' title='bbox 2371 3149 2618 3220; x_wconf 87' lang='lat' dir='ltr'>quinque</span> <span class='ocrx_word' id='word_1_476' title='bbox 2639 3156 2786 3206; x_wconf 85' lang='lat' dir='ltr'>esset</span> <span class='ocrx_word' id='word_1_477' title='bbox 2809 3167 3108 3217; x_wconf 86' lang='lat' dir='ltr'>annorum,</span> <span class='ocrx_word' id='word_1_478' title='bbox 3141 3151 3282 3208; x_wconf 82' lang='lat' dir='ltr'>abiit</span> <span class='ocrx_word' id='word_1_479' title='bbox 3302 3155 3375 3208; x_wconf 88' lang='lat' dir='ltr'>ad</span> <span class='ocrx_word' id='word_1_480' title='bbox 3411 3209 3414 3213; x_wconf 78' lang='grc'><strong>,</strong></span> 
     </span>
    </p>
   </div>
   <div class='ocr_carea' id='block_1_62' title="bbox 104 3237 1690 3309">
    <p class='ocr_par' dir='ltr' id='par_1_62' title="bbox 104 3237 1690 3309">
     <span class='ocr_line' id='line_1_62' title="bbox 104 3237 1690 3309; baseline 0.003 -19"><span class='ocrx_word' id='word_1_481' title='bbox 104 3237 443 3308; x_wconf 86' lang='lat' dir='ltr'>temporibus</span> <span class='ocrx_word' id='word_1_482' title='bbox 470 3238 780 3308; x_wconf 88' lang='lat' dir='ltr'>acquirere,</span> <span class='ocrx_word' id='word_1_483' title='bbox 814 3239 1119 3292; x_wconf 84' lang='lat' dir='ltr'>auxiliante</span> <span class='ocrx_word' id='word_1_484' title='bbox 1159 3243 1216 3292; x_wconf 88' lang='lat' dir='ltr'>et</span> <span class='ocrx_word' id='word_1_485' title='bbox 1252 3239 1553 3309; x_wconf 84' lang='lat' dir='ltr'>adjuvante</span> <span class='ocrx_word' id='word_1_486' title='bbox 1600 3257 1690 3295; x_wconf 87' lang='lat' dir='ltr'>me</span> 
     </span>
    </p>
   </div>
   <div class='ocr_carea' id='block_1_63' title="bbox 106 3325 1686 3400">
    <p class='ocr_par' dir='ltr' id='par_1_63' title="bbox 106 3325 1686 3400">
     <span class='ocr_line' id='line_1_63' title="bbox 106 3325 1686 3400; baseline 0.003 -21"><span class='ocrx_word' id='word_1_487' title='bbox 106 3325 315 3382; x_wconf 86' lang='lat' dir='ltr'>Christo</span> <span class='ocrx_word' id='word_1_488' title='bbox 331 3327 592 3393; x_wconf 91' lang='lat' dir='ltr'>Domino,</span> <span class='ocrx_word' id='word_1_489' title='bbox 633 3325 908 3381; x_wconf 85' lang='lat' dir='ltr'>festinavi.</span> <span class='ocrx_word' id='word_1_490' title='bbox 931 3329 1289 3398; x_wconf 87' lang='lat' dir='ltr'>Consurgens</span> <span class='ocrx_word' id='word_1_491' title='bbox 1301 3328 1491 3400; x_wconf 88' lang='lat' dir='ltr'>itaque</span> <span class='ocrx_word' id='word_1_492' title='bbox 1504 3335 1686 3398; x_wconf 89' lang='lat' dir='ltr'>nocte,</span> 
     </span>
    </p>
   </div>
   <div class='ocr_carea' id='block_1_64' title="bbox 105 3417 1689 3487">
    <p class='ocr_par' dir='ltr' id='par_1_64' title="bbox 105 3417 1689 3487">
     <span class='ocr_line' id='line_1_64' title="bbox 105 3417 1689 3487; baseline 0.004 -20"><span class='ocrx_word' id='word_1_493' title='bbox 105 3431 350 3485; x_wconf 88' lang='lat' dir='ltr'>egressus</span> <span class='ocrx_word' id='word_1_494' title='bbox 379 3417 450 3471; x_wconf 90' lang='lat' dir='ltr'>de</span> <span class='ocrx_word' id='word_1_495' title='bbox 481 3417 822 3471; x_wconf 80' lang='lat' dir='ltr'>monasterio</span> <span class='ocrx_word' id='word_1_496' title='bbox 851 3417 996 3487; x_wconf 80' lang='lat' dir='ltr'>fugit</span> <span class='ocrx_word' id='word_1_497' title='bbox 1010 3417 1066 3472; x_wconf 92' lang='lat' dir='ltr'>in</span> <span class='ocrx_word' id='word_1_498' title='bbox 1094 3433 1367 3485; x_wconf 89' lang='lat' dir='ltr'>eremum,</span> <span class='ocrx_word' id='word_1_499' title='bbox 1391 3417 1487 3472; x_wconf 91' lang='lat' dir='ltr'>ubi</span> <span class='ocrx_word' id='word_1_500' title='bbox 1501 3417 1689 3473; x_wconf 88' lang='lat' dir='ltr'>nullus</span> 
     </span>
    </p>
   </div>
   <div class='ocr_carea' id='block_1_65' title="bbox 105 3503 1691 3578">
    <p class='ocr_par' dir='ltr' id='par_1_65' title="bbox 105 3503 1691 3578">
     <span class='ocr_line' id='line_1_65' title="bbox 105 3503 1691 3578; baseline 0.003 -20"><span class='ocrx_word' id='word_1_501' title='bbox 105 3521 224 3559; x_wconf 89' lang='lat' dir='ltr'>eum</span> <span class='ocrx_word' id='word_1_502' title='bbox 253 3510 602 3578; x_wconf 85' lang='lat' dir='ltr'>agnosceret,</span> <span class='ocrx_word' id='word_1_503' title='bbox 637 3513 694 3561; x_wconf 92' lang='lat' dir='ltr'>et</span> <span class='ocrx_word' id='word_1_504' title='bbox 722 3503 797 3560; x_wconf 91' lang='lat' dir='ltr'>ibi</span> <span class='ocrx_word' id='word_1_505' title='bbox 820 3507 876 3560; x_wconf 90' lang='lat' dir='ltr'>in</span> <span class='ocrx_word' id='word_1_506' title='bbox 893 3508 1157 3578; x_wconf 85' lang='lat' dir='ltr'>spelunca</span> <span class='ocrx_word' id='word_1_507' title='bbox 1177 3505 1467 3562; x_wconf 85' lang='lat' dir='ltr'>habitavit.</span> <span class='ocrx_word' id='word_1_508' title='bbox 1497 3508 1691 3562; x_wconf 85' lang='lat' dir='ltr'>Noluit</span> 
     </span>
    </p>
   </div>
   <div class='ocr_carea' id='block_1_66' title="bbox 105 3595 1686 3668">
    <p class='ocr_par' dir='ltr' id='par_1_66' title="bbox 105 3595 1686 3668">
     <span class='ocr_line' id='line_1_66' title="bbox 105 3595 1686 3668; baseline 0.003 -20"><span class='ocrx_word' id='word_1_509' title='bbox 105 3595 243 3650; x_wconf 85' lang='lat' dir='ltr'>enim</span> <span class='ocrx_word' id='word_1_510' title='bbox 272 3596 612 3668; x_wconf 88' lang='lat' dir='ltr'>temporales</span> <span class='ocrx_word' id='word_1_511' title='bbox 658 3597 950 3650; x_wconf 88' lang='lat' dir='ltr'>hominum</span> <span class='ocrx_word' id='word_1_512' title='bbox 997 3596 1210 3663; x_wconf 88' lang='lat' dir='ltr'>laudes,</span> <span class='ocrx_word' id='word_1_513' title='bbox 1261 3597 1360 3651; x_wconf 90' lang='lat' dir='ltr'>sed</span> <span class='ocrx_word' id='word_1_514' title='bbox 1405 3597 1686 3652; x_wconf 59' lang='lat' dir='ltr'>caelestem</span> 
     </span>
    </p>
   </div>
   <div class='ocr_carea' id='block_1_67' title="bbox 105 3685 1687 3758">
    <p class='ocr_par' dir='ltr' id='par_1_67' title="bbox 105 3685 1687 3758">
     <span class='ocr_line' id='line_1_67' title="bbox 105 3685 1687 3758; baseline 0.003 -20"><span class='ocrx_word' id='word_1_515' title='bbox 105 3690 472 3758; x_wconf 66' lang='lat' dir='ltr'>aeternamque</span> <span class='ocrx_word' id='word_1_516' title='bbox 491 3685 731 3756; x_wconf 85' lang='lat' dir='ltr'>gloriam</span> <span class='ocrx_word' id='word_1_517' title='bbox 758 3701 793 3739; x_wconf 91' lang='lat' dir='ltr'>a</span> <span class='ocrx_word' id='word_1_518' title='bbox 824 3685 1111 3741; x_wconf 88' lang='lat' dir='ltr'>Salvatore</span> <span class='ocrx_word' id='word_1_519' title='bbox 1145 3691 1337 3741; x_wconf 92' lang='lat' dir='ltr'>nostro</span> <span class='ocrx_word' id='word_1_520' title='bbox 1365 3686 1586 3742; x_wconf 88' lang='lat' dir='ltr'>Christo</span> <span class='ocrx_word' id='word_1_521' title='bbox 1627 3686 1687 3742; x_wconf 88' lang='lat' dir='ltr'>in</span> 
     </span>
    </p>
   </div>
   <div class='ocr_carea' id='block_1_68' title="bbox 105 3773 848 3848">
    <p class='ocr_par' dir='ltr' id='par_1_68' title="bbox 105 3773 848 3848">
     <span class='ocr_line' id='line_1_68' title="bbox 105 3773 848 3848; baseline 0.003 -20"><span class='ocrx_word' id='word_1_522' title='bbox 105 3773 280 3831; x_wconf 85' lang='lat' dir='ltr'>futuro</span> <span class='ocrx_word' id='word_1_523' title='bbox 309 3777 512 3832; x_wconf 81' lang='lat' dir='ltr'>saeculo</span> <span class='ocrx_word' id='word_1_524' title='bbox 543 3775 848 3848; x_wconf 87' lang='lat' dir='ltr'>percipere.</span> 
     </span>
    </p>
   </div>
   <div class='ocr_carea' id='block_1_69' title="bbox 172 3863 1688 3922">
    <p class='ocr_par' dir='ltr' id='par_1_69' title="bbox 172 3863 1688 3922">
     <span class='ocr_line' id='line_1_69' title="bbox 172 3863 1688 3922; baseline 0.001 -1"><span class='ocrx_word' id='word_1_525' title='bbox 172 3863 252 3922; x_wconf 88' lang='lat'>30.</span> <span class='ocrx_word' id='word_1_526' title='bbox 281 3867 442 3921; x_wconf 90' lang='lat' dir='ltr'>Beati</span> <span class='ocrx_word' id='word_1_527' title='bbox 467 3865 683 3921; x_wconf 88' lang='lat' dir='ltr'>abbatis</span> <span class='ocrx_word' id='word_1_528' title='bbox 711 3865 995 3921; x_wconf 82' lang='lat' dir='ltr'>Anastasii</span> <span class='ocrx_word' id='word_1_529' title='bbox 1037 3864 1376 3920; x_wconf 88' lang='lat' dir='ltr'>laudabilem</span> <span class='ocrx_word' id='word_1_530' title='bbox 1405 3866 1688 3922; x_wconf 84' lang='lat' dir='ltr'>humilita-</span> 
     </span>
    </p>
   </div>
   <div class='ocr_carea' id='block_1_70' title="bbox 106 3955 1682 4028">
    <p class='ocr_par' dir='ltr' id='par_1_70' title="bbox 106 3955 1682 4028">
     <span class='ocr_line' id='line_1_70' title="bbox 106 3955 1682 4028; baseline 0.002 -21"><span class='ocrx_word' id='word_1_531' title='bbox 106 3958 210 4008; x_wconf 87' lang='lat' dir='ltr'>tem</span> <span class='ocrx_word' id='word_1_532' title='bbox 237 3960 294 4010; x_wconf 88' lang='lat' dir='ltr'>et</span> <span class='ocrx_word' id='word_1_533' title='bbox 317 3955 602 4028; x_wconf 72' lang='lat' dir='ltr'>patientiae</span> <span class='ocrx_word' id='word_1_534' title='bbox 632 3955 892 4010; x_wconf 87' lang='lat' dir='ltr'>virtutem</span> <span class='ocrx_word' id='word_1_535' title='bbox 923 3960 1144 4027; x_wconf 90' lang='lat' dir='ltr'>oportet</span> <span class='ocrx_word' id='word_1_536' title='bbox 1170 3960 1235 4010; x_wconf 88' lang='lat' dir='ltr'>ut</span> <span class='ocrx_word' id='word_1_537' title='bbox 1263 3972 1682 4026; x_wconf 86' lang='lat' dir='ltr'>cognoscamus,</span> 
     </span>
    </p>
   </div>
   <div class='ocr_carea' id='block_1_71' title="bbox 107 4043 1689 4117">
    <p class='ocr_par' dir='ltr' id='par_1_71' title="bbox 107 4043 1689 4117">
     <span class='ocr_line' id='line_1_71' title="bbox 107 4043 1689 4117; baseline 0.003 -21"><span class='ocrx_word' id='word_1_538' title='bbox 107 4050 369 4113; x_wconf 88' lang='lat' dir='ltr'>quatenus</span> <span class='ocrx_word' id='word_1_539' title='bbox 380 4043 1294 4116; x_wconf 83' lang='lat' dir='ltr'>admirabilemmagnanimitatem</span> <span class='ocrx_word' id='word_1_540' title='bbox 1309 4050 1366 4100; x_wconf 89' lang='lat' dir='ltr'>et</span> <span class='ocrx_word' id='word_1_541' title='bbox 1377 4046 1689 4117; x_wconf 87' lang='lat' dir='ltr'>tranquilli-</span> 
     </span>
    </p>
   </div>
   <div class='ocr_carea' id='block_1_72' title="bbox 106 4135 1688 4207">
    <p class='ocr_par' dir='ltr' id='par_1_72' title="bbox 106 4135 1688 4207">
     <span class='ocr_line' id='line_1_72' title="bbox 106 4135 1688 4207; baseline 0.003 -21"><span class='ocrx_word' id='word_1_542' title='bbox 106 4137 265 4188; x_wconf 87' lang='lat' dir='ltr'>tatem</span> <span class='ocrx_word' id='word_1_543' title='bbox 281 4135 612 4206; x_wconf 71' lang='lat' dir='ltr'>animzeejus</span> <span class='ocrx_word' id='word_1_544' title='bbox 622 4135 1058 4203; x_wconf 82' lang='lat' dir='ltr'>considerantes,</span> <span class='ocrx_word' id='word_1_545' title='bbox 1072 4136 1361 4190; x_wconf 87' lang='lat' dir='ltr'>imitemur</span> <span class='ocrx_word' id='word_1_546' title='bbox 1370 4135 1688 4207; x_wconf 87' lang='lat' dir='ltr'>exemplum</span> 
     </span>
    </p>
   </div>
   <div class='ocr_carea' id='block_1_73' title="bbox 103 4222 1684 4296">
    <p class='ocr_par' dir='ltr' id='par_1_73' title="bbox 103 4222 1684 4296">
     <span class='ocr_line' id='line_1_73' title="bbox 103 4222 1684 4296; baseline 0.003 -21"><span class='ocrx_word' id='word_1_547' title='bbox 103 4222 319 4294; x_wconf 85' lang='lat' dir='ltr'>(Pelag.,</span> <span class='ocrx_word' id='word_1_548' title='bbox 340 4228 508 4280; x_wconf 75' lang='lat' dir='ltr'>libell.</span> <span class='ocrx_word' id='word_1_549' title='bbox 539 4237 654 4291; x_wconf 82' lang='lat' dir='ltr'><strong>XVI,</strong></span> <span class='ocrx_word' id='word_1_550' title='bbox 686 4241 742 4278; x_wconf 87' lang='grc' dir='ltr'><em>η.</em></span> <span class='ocrx_word' id='word_1_551' title='bbox 774 4225 822 4291; x_wconf 83' lang='grc'>1,</span> <span class='ocrx_word' id='word_1_552' title='bbox 850 4228 1072 4280; x_wconf 80' lang='lat' dir='ltr'>nomine</span> <span class='ocrx_word' id='word_1_553' title='bbox 1093 4226 1332 4294; x_wconf 59' lang='lat' dir='ltr'>Gelasio.</span> <span class='ocrx_word' id='word_1_554' title='bbox 1369 4225 1472 4280; x_wconf 85' lang='lat' dir='ltr'>Hic</span> <span class='ocrx_word' id='word_1_555' title='bbox 1493 4225 1684 4296; x_wconf 90' lang='lat' dir='ltr'>itaque</span> 
     </span>
    </p>
   </div>
   <div class='ocr_carea' id='block_1_74' title="bbox 104 4313 1682 4387">
    <p class='ocr_par' dir='ltr' id='par_1_74' title="bbox 104 4313 1682 4387">
     <span class='ocr_line' id='line_1_74' title="bbox 104 4313 1682 4387; baseline 0.003 -22"><span class='ocrx_word' id='word_1_556' title='bbox 104 4313 421 4370; x_wconf 85' lang='lat' dir='ltr'>Anastasius</span> <span class='ocrx_word' id='word_1_557' title='bbox 449 4313 692 4369; x_wconf 85' lang='lat' dir='ltr'>habebat</span> <span class='ocrx_word' id='word_1_558' title='bbox 735 4314 995 4370; x_wconf 84' lang='lat' dir='ltr'>Codicem</span> <span class='ocrx_word' id='word_1_559' title='bbox 1028 4313 1087 4368; x_wconf 88' lang='lat' dir='ltr'>in</span> <span class='ocrx_word' id='word_1_560' title='bbox 1122 4314 1478 4387; x_wconf 80' lang='lat' dir='ltr'>pergamenis</span> <span class='ocrx_word' id='word_1_561' title='bbox 1524 4315 1682 4370; x_wconf 82' lang='lat' dir='ltr'>valde</span> 
     </span>
    </p>
   </div>
   <div class='ocr_carea' id='block_1_75' title="bbox 105 4401 1678 4476">
    <p class='ocr_par' dir='ltr' id='par_1_75' title="bbox 105 4401 1678 4476">
     <span class='ocr_line' id='line_1_75' title="bbox 105 4401 1678 4476; baseline 0.003 -23"><span class='ocrx_word' id='word_1_562' title='bbox 105 4401 315 4472; x_wconf 85' lang='lat' dir='ltr'>Optimis</span> <span class='ocrx_word' id='word_1_563' title='bbox 335 4405 628 4476; x_wconf 87' lang='lat' dir='ltr'>scriptum,</span> <span class='ocrx_word' id='word_1_564' title='bbox 661 4403 756 4475; x_wconf 90' lang='lat' dir='ltr'>qui</span> <span class='ocrx_word' id='word_1_565' title='bbox 788 4403 978 4457; x_wconf 88' lang='lat' dir='ltr'>decem</span> <span class='ocrx_word' id='word_1_566' title='bbox 998 4410 1056 4458; x_wconf 89' lang='lat' dir='ltr'>et</span> <span class='ocrx_word' id='word_1_567' title='bbox 1081 4408 1205 4458; x_wconf 85' lang='lat' dir='ltr'>octo</span> <span class='ocrx_word' id='word_1_568' title='bbox 1225 4403 1447 4458; x_wconf 90' lang='lat' dir='ltr'>valebat</span> <span class='ocrx_word' id='word_1_569' title='bbox 1467 4403 1678 4469; x_wconf 87' lang='lat' dir='ltr'>solidis,</span> 
     </span>
    </p>
   </div>
   <div class='ocr_carea' id='block_1_76' title="bbox 1774 3236 3372 3309">
    <p class='ocr_par' dir='ltr' id='par_1_76' title="bbox 1774 3236 3372 3309">
     <span class='ocr_line' id='line_1_76' title="bbox 1774 3236 3372 3309; baseline 0.004 -20"><span class='ocrx_word' id='word_1_570' title='bbox 1774 3236 1947 3290; x_wconf 89' lang='lat' dir='ltr'>alium</span> <span class='ocrx_word' id='word_1_571' title='bbox 1965 3242 2242 3291; x_wconf 90' lang='lat' dir='ltr'>secretum</span> <span class='ocrx_word' id='word_1_572' title='bbox 2255 3238 2431 3292; x_wconf 90' lang='lat' dir='ltr'>eremi</span> <span class='ocrx_word' id='word_1_573' title='bbox 2450 3239 2655 3306; x_wconf 89' lang='lat' dir='ltr'>locum,</span> <span class='ocrx_word' id='word_1_574' title='bbox 2679 3245 2745 3293; x_wconf 88' lang='lat' dir='ltr'>ut</span> <span class='ocrx_word' id='word_1_575' title='bbox 2763 3239 3048 3294; x_wconf 75' lang='lat' dir='ltr'>solitarius</span> <span class='ocrx_word' id='word_1_576' title='bbox 3068 3241 3372 3309; x_wconf 86' lang='lat' dir='ltr'>habitaret,</span> 
     </span>
    </p>
   </div>
   <div class='ocr_carea' id='block_1_77' title="bbox 1773 3325 3370 3388">
    <p class='ocr_par' dir='ltr' id='par_1_77' title="bbox 1773 3325 3370 3388">
     <span class='ocr_line' id='line_1_77' title="bbox 1773 3325 3370 3388; baseline 0.004 -9"><span class='ocrx_word' id='word_1_577' title='bbox 1773 3325 1878 3380; x_wconf 90' lang='lat' dir='ltr'>hoc</span> <span class='ocrx_word' id='word_1_578' title='bbox 1907 3325 2079 3380; x_wconf 88' lang='lat' dir='ltr'>etiam</span> <span class='ocrx_word' id='word_1_579' title='bbox 2108 3326 2328 3380; x_wconf 88' lang='lat' dir='ltr'>volente</span> <span class='ocrx_word' id='word_1_580' title='bbox 2359 3332 2418 3381; x_wconf 89' lang='lat' dir='ltr'>et</span> <span class='ocrx_word' id='word_1_581' title='bbox 2462 3327 2846 3384; x_wconf 88' lang='lat' dir='ltr'>consentiente</span> <span class='ocrx_word' id='word_1_582' title='bbox 2893 3329 3057 3384; x_wconf 87' lang='lat' dir='ltr'>beato</span> <span class='ocrx_word' id='word_1_583' title='bbox 3103 3331 3370 3388; x_wconf 74' lang='lat' dir='ltr'>Antonio.</span> 
     </span>
    </p>
   </div>
   <div class='ocr_carea' id='block_1_78' title="bbox 1772 3415 3375 3486">
    <p class='ocr_par' dir='ltr' id='par_1_78' title="bbox 1772 3415 3375 3486">
     <span class='ocr_line' id='line_1_78' title="bbox 1772 3415 3375 3486; baseline 0.004 -18"><span class='ocrx_word' id='word_1_584' title='bbox 1772 3415 2034 3486; x_wconf 85' lang='lat' dir='ltr'>Dixitque</span> <span class='ocrx_word' id='word_1_585' title='bbox 2053 3415 2103 3469; x_wconf 90' lang='lat' dir='ltr'>ei</span> <span class='ocrx_word' id='word_1_586' title='bbox 2117 3421 2343 3470; x_wconf 88' lang='lat' dir='ltr'>sanctus</span> <span class='ocrx_word' id='word_1_587' title='bbox 2362 3416 2642 3471; x_wconf 90' lang='lat' dir='ltr'>Antonius</span> <span class='ocrx_word' id='word_1_588' title='bbox 2667 3436 2678 3471; x_wconf 92' lang='lat'><strong>:</strong></span> <span class='ocrx_word' id='word_1_589' title='bbox 2715 3417 2885 3483; x_wconf 81' lang='lat' dir='ltr'>\‘ade,</span> <span class='ocrx_word' id='word_1_590' title='bbox 2909 3419 3059 3485; x_wconf 82' lang='lat' dir='ltr'>PiOr,</span> <span class='ocrx_word' id='word_1_591' title='bbox 3095 3424 3152 3473; x_wconf 92' lang='lat' dir='ltr'>et</span> <span class='ocrx_word' id='word_1_592' title='bbox 3179 3419 3375 3476; x_wconf 85' lang='lat' dir='ltr'>habita</span> 
     </span>
    </p>
   </div>
   <div class='ocr_carea' id='block_1_79' title="bbox 1772 3503 3369 3578">
    <p class='ocr_par' dir='ltr' id='par_1_79' title="bbox 1772 3503 3369 3578">
     <span class='ocr_line' id='line_1_79' title="bbox 1772 3503 3369 3578; baseline 0.004 -20"><span class='ocrx_word' id='word_1_593' title='bbox 1772 3503 1866 3558; x_wconf 91' lang='lat' dir='ltr'>ubi</span> <span class='ocrx_word' id='word_1_594' title='bbox 1894 3504 2134 3558; x_wconf 83' lang='lat' dir='ltr'>volueris</span> <span class='ocrx_word' id='word_1_595' title='bbox 2161 3521 2173 3571; x_wconf 85' lang='lat'><strong>;</strong></span> <span class='ocrx_word' id='word_1_596' title='bbox 2207 3510 2266 3559; x_wconf 85' lang='lat' dir='ltr'>et</span> <span class='ocrx_word' id='word_1_597' title='bbox 2301 3521 2428 3560; x_wconf 90' lang='lat' dir='ltr'>cum</span> <span class='ocrx_word' id='word_1_598' title='bbox 2450 3505 2549 3559; x_wconf 93' lang='lat' dir='ltr'>tibi</span> <span class='ocrx_word' id='word_1_599' title='bbox 2576 3523 2676 3578; x_wconf 90' lang='lat' dir='ltr'>per</span> <span class='ocrx_word' id='word_1_600' title='bbox 2694 3506 2942 3578; x_wconf 88' lang='lat' dir='ltr'>aliquam</span> <span class='ocrx_word' id='word_1_601' title='bbox 2979 3508 3369 3566; x_wconf 89' lang='lat' dir='ltr'>rationabilem</span> 
     </span>
    </p>
   </div>
   <div class='ocr_carea' id='block_1_80' title="bbox 1770 3593 3371 3660">
    <p class='ocr_par' dir='ltr' id='par_1_80' title="bbox 1770 3593 3371 3660">
     <span class='ocr_line' id='line_1_80' title="bbox 1770 3593 3371 3660; baseline 0.006 -13"><span class='ocrx_word' id='word_1_602' title='bbox 1770 3593 2115 3648; x_wconf 86' lang='lat' dir='ltr'>occasionem</span> <span class='ocrx_word' id='word_1_603' title='bbox 2135 3594 2464 3650; x_wconf 87' lang='lat' dir='ltr'>revelaverit</span> <span class='ocrx_word' id='word_1_604' title='bbox 2478 3596 2770 3660; x_wconf 81' lang='lat' dir='ltr'>Dominus,</span> <span class='ocrx_word' id='word_1_605' title='bbox 2792 3597 2978 3652; x_wconf 84' lang='lat' dir='ltr'>venies</span> <span class='ocrx_word' id='word_1_606' title='bbox 2999 3599 3071 3653; x_wconf 90' lang='lat' dir='ltr'>ad</span> <span class='ocrx_word' id='word_1_607' title='bbox 3098 3615 3206 3654; x_wconf 90' lang='lat' dir='ltr'>me.</span> <span class='ocrx_word' id='word_1_608' title='bbox 3227 3601 3371 3656; x_wconf 87' lang='lat' dir='ltr'>Cum</span> 
     </span>
    </p>
   </div>
   <div class='ocr_carea' id='block_1_81' title="bbox 1770 3684 3369 3761">
    <p class='ocr_par' dir='ltr' id='par_1_81' title="bbox 1770 3684 3369 3761">
     <span class='ocr_line' id='line_1_81' title="bbox 1770 3684 3369 3761; baseline 0.006 -24"><span class='ocrx_word' id='word_1_609' title='bbox 1770 3688 1960 3738; x_wconf 90' lang='lat' dir='ltr'>autem</span> <span class='ocrx_word' id='word_1_610' title='bbox 1990 3684 2335 3755; x_wconf 89' lang='lat' dir='ltr'>pervenisset</span> <span class='ocrx_word' id='word_1_611' title='bbox 2365 3685 2453 3738; x_wconf 88' lang='lat' dir='ltr'>hic</span> <span class='ocrx_word' id='word_1_612' title='bbox 2472 3685 2591 3756; x_wconf 90' lang='lat' dir='ltr'>ipse</span> <span class='ocrx_word' id='word_1_613' title='bbox 2611 3686 2744 3740; x_wconf 89' lang='lat' dir='ltr'>Pior</span> <span class='ocrx_word' id='word_1_614' title='bbox 2762 3688 2832 3741; x_wconf 89' lang='lat' dir='ltr'>ad</span> <span class='ocrx_word' id='word_1_615' title='bbox 2869 3686 3054 3743; x_wconf 88' lang='lat' dir='ltr'>locum</span> <span class='ocrx_word' id='word_1_616' title='bbox 3091 3689 3188 3761; x_wconf 90' lang='lat' dir='ltr'>qui</span> <span class='ocrx_word' id='word_1_617' title='bbox 3227 3691 3369 3746; x_wconf 87' lang='lat' dir='ltr'>situs</span> 
     </span>
    </p>
   </div>
   <div class='ocr_carea' id='block_1_82' title="bbox 1769 3773 3368 3850">
    <p class='ocr_par' dir='ltr' id='par_1_82' title="bbox 1769 3773 3368 3850">
     <span class='ocr_line' id='line_1_82' title="bbox 1769 3773 3368 3850; baseline 0.005 -23"><span class='ocrx_word' id='word_1_618' title='bbox 1769 3777 1855 3827; x_wconf 90' lang='lat' dir='ltr'>est</span> <span class='ocrx_word' id='word_1_619' title='bbox 1880 3773 2029 3828; x_wconf 89' lang='lat' dir='ltr'>inter</span> <span class='ocrx_word' id='word_1_620' title='bbox 2054 3773 2296 3828; x_wconf 90' lang='lat' dir='ltr'>Nitriam</span> <span class='ocrx_word' id='word_1_621' title='bbox 2313 3780 2370 3828; x_wconf 92' lang='lat' dir='ltr'>et</span> <span class='ocrx_word' id='word_1_622' title='bbox 2383 3790 2632 3829; x_wconf 89' lang='lat' dir='ltr'>eremum</span> <span class='ocrx_word' id='word_1_623' title='bbox 2654 3777 2866 3848; x_wconf 84' lang='lat' dir='ltr'>Scythi,</span> <span class='ocrx_word' id='word_1_624' title='bbox 2901 3777 3091 3832; x_wconf 74' lang='lat' dir='ltr'>eﬁ‘odit</span> <span class='ocrx_word' id='word_1_625' title='bbox 3110 3784 3368 3850; x_wconf 88' lang='lat' dir='ltr'>puteum,</span> 
     </span>
    </p>
   </div>
   <div class='ocr_carea' id='block_1_83' title="bbox 1768 3863 3368 3941">
    <p class='ocr_par' dir='ltr' id='par_1_83' title="bbox 1768 3863 3368 3941">
     <span class='ocr_line' id='line_1_83' title="bbox 1768 3863 3368 3941; baseline 0.005 -25"><span class='ocrx_word' id='word_1_626' title='bbox 1768 3863 2020 3933; x_wconf 86' lang='lat' dir='ltr'>cogitans</span> <span class='ocrx_word' id='word_1_627' title='bbox 2044 3863 2192 3935; x_wconf 90' lang='lat' dir='ltr'>apud</span> <span class='ocrx_word' id='word_1_628' title='bbox 2207 3863 2598 3935; x_wconf 87' lang='lat' dir='ltr'>semetipsum:</span> <span class='ocrx_word' id='word_1_629' title='bbox 2622 3865 2898 3930; x_wconf 88' lang='lat' dir='ltr'>Quoniam</span> <span class='ocrx_word' id='word_1_630' title='bbox 2919 3867 3368 3941; x_wconf 89' lang='lat' dir='ltr'>qualemcunque</span> 
     </span>
    </p>
   </div>
   <div class='ocr_carea' id='block_1_84' title="bbox 1768 3953 3363 4027">
    <p class='ocr_par' dir='ltr' id='par_1_84' title="bbox 1768 3953 3363 4027">
     <span class='ocr_line' id='line_1_84' title="bbox 1768 3953 3363 4027; baseline 0.005 -21"><span class='ocrx_word' id='word_1_631' title='bbox 1768 3967 1971 4024; x_wconf 86' lang='lat' dir='ltr'>aquam</span> <span class='ocrx_word' id='word_1_632' title='bbox 2001 3953 2285 4019; x_wconf 90' lang='lat' dir='ltr'>invenero,</span> <span class='ocrx_word' id='word_1_633' title='bbox 2318 3959 2540 4026; x_wconf 91' lang='lat' dir='ltr'>oportet</span> <span class='ocrx_word' id='word_1_634' title='bbox 2567 3969 2660 4008; x_wconf 90' lang='lat' dir='ltr'>me</span> <span class='ocrx_word' id='word_1_635' title='bbox 2686 3954 2810 4026; x_wconf 89' lang='lat' dir='ltr'>ipsa</span> <span class='ocrx_word' id='word_1_636' title='bbox 2847 3962 3173 4012; x_wconf 87' lang='lat' dir='ltr'>contentum</span> <span class='ocrx_word' id='word_1_637' title='bbox 3203 3975 3325 4014; x_wconf 88' lang='lat' dir='ltr'>esse</span> <span class='ocrx_word' id='word_1_638' title='bbox 3349 3977 3363 4027; x_wconf 91' lang='lat'><strong>;</strong></span> 
     </span>
    </p>
   </div>
   <div class='ocr_carea' id='block_1_85' title="bbox 1770 4042 3362 4119">
    <p class='ocr_par' dir='ltr' id='par_1_85' title="bbox 1770 4042 3362 4119">
     <span class='ocr_line' id='line_1_85' title="bbox 1770 4042 3362 4119; baseline 0.005 -24"><span class='ocrx_word' id='word_1_639' title='bbox 1770 4042 1918 4112; x_wconf 90' lang='lat' dir='ltr'>quod</span> <span class='ocrx_word' id='word_1_640' title='bbox 1946 4048 2004 4096; x_wconf 88' lang='lat' dir='ltr'>et</span> <span class='ocrx_word' id='word_1_641' title='bbox 2038 4042 2246 4098; x_wconf 88' lang='lat' dir='ltr'>factum</span> <span class='ocrx_word' id='word_1_642' title='bbox 2267 4049 2370 4109; x_wconf 91' lang='lat' dir='ltr'>est,</span> <span class='ocrx_word' id='word_1_643' title='bbox 2396 4043 2467 4098; x_wconf 89' lang='lat' dir='ltr'>ad</span> <span class='ocrx_word' id='word_1_644' title='bbox 2488 4050 2854 4115; x_wconf 88' lang='lat' dir='ltr'>augmentum</span> <span class='ocrx_word' id='word_1_645' title='bbox 2878 4045 3210 4102; x_wconf 90' lang='lat' dir='ltr'>meritorum</span> <span class='ocrx_word' id='word_1_646' title='bbox 3239 4049 3362 4119; x_wconf 89' lang='lat' dir='ltr'>ejus</span> 
     </span>
    </p>
   </div>
   <div class='ocr_carea' id='block_1_86' title="bbox 1769 4132 3365 4200">
    <p class='ocr_par' dir='ltr' id='par_1_86' title="bbox 1769 4132 3365 4200">
     <span class='ocr_line' id='line_1_86' title="bbox 1769 4132 3365 4200; baseline 0.006 -15"><span class='ocrx_word' id='word_1_647' title='bbox 1769 4132 1898 4186; x_wconf 85' lang='lat' dir='ltr'>talis</span> <span class='ocrx_word' id='word_1_648' title='bbox 1929 4133 2181 4200; x_wconf 88' lang='lat' dir='ltr'>occasio;</span> <span class='ocrx_word' id='word_1_649' title='bbox 2214 4138 2437 4188; x_wconf 90' lang='lat' dir='ltr'>tantum</span> <span class='ocrx_word' id='word_1_650' title='bbox 2467 4134 2617 4188; x_wconf 89' lang='lat' dir='ltr'>enim</span> <span class='ocrx_word' id='word_1_651' title='bbox 2639 4135 2788 4189; x_wconf 89' lang='lat' dir='ltr'>salsa</span> <span class='ocrx_word' id='word_1_652' title='bbox 2819 4140 2877 4189; x_wconf 91' lang='lat' dir='ltr'>et</span> <span class='ocrx_word' id='word_1_653' title='bbox 2904 4151 3100 4190; x_wconf 87' lang='lat' dir='ltr'>amara</span> <span class='ocrx_word' id='word_1_654' title='bbox 3135 4137 3365 4194; x_wconf 84' lang='lat' dir='ltr'>inventa</span> 
     </span>
    </p>
   </div>
   <div class='ocr_carea' id='block_1_87' title="bbox 1769 4222 3361 4296">
    <p class='ocr_par' dir='ltr' id='par_1_87' title="bbox 1769 4222 3361 4296">
     <span class='ocr_line' id='line_1_87' title="bbox 1769 4222 3361 4296; baseline 0.006 -21"><span class='ocrx_word' id='word_1_655' title='bbox 1769 4227 1856 4275; x_wconf 90' lang='lat' dir='ltr'>est</span> <span class='ocrx_word' id='word_1_656' title='bbox 1874 4237 2041 4294; x_wconf 86' lang='lat' dir='ltr'>aqua,</span> <span class='ocrx_word' id='word_1_657' title='bbox 2069 4227 2135 4277; x_wconf 91' lang='lat' dir='ltr'>ut</span> <span class='ocrx_word' id='word_1_658' title='bbox 2159 4222 2206 4276; x_wconf 89' lang='lat' dir='ltr'>si</span> <span class='ocrx_word' id='word_1_659' title='bbox 2238 4223 2364 4294; x_wconf 89' lang='lat' dir='ltr'>quis</span> <span class='ocrx_word' id='word_1_660' title='bbox 2383 4223 2452 4277; x_wconf 93' lang='lat' dir='ltr'>ad</span> <span class='ocrx_word' id='word_1_661' title='bbox 2485 4239 2613 4278; x_wconf 89' lang='lat' dir='ltr'>eum</span> <span class='ocrx_word' id='word_1_662' title='bbox 2639 4224 2904 4280; x_wconf 85' lang='lat' dir='ltr'>visitandi</span> <span class='ocrx_word' id='word_1_663' title='bbox 2926 4225 3112 4296; x_wconf 73' lang='lat' dir='ltr'>gratia</span> <span class='ocrx_word' id='word_1_664' title='bbox 3127 4228 3361 4294; x_wconf 88' lang='lat' dir='ltr'>veniret,</span> 
     </span>
    </p>
   </div>
   <div class='ocr_carea' id='block_1_88' title="bbox 1765 4311 3365 4386">
    <p class='ocr_par' dir='ltr' id='par_1_88' title="bbox 1765 4311 3365 4386">
     <span class='ocr_line' id='line_1_88' title="bbox 1765 4311 3365 4386; baseline 0.003 -19"><span class='ocrx_word' id='word_1_665' title='bbox 1765 4311 1824 4367; x_wconf 90' lang='lat' dir='ltr'>in</span> <span class='ocrx_word' id='word_1_666' title='bbox 1845 4312 2072 4383; x_wconf 91' lang='lat' dir='ltr'>proprio</span> <span class='ocrx_word' id='word_1_667' title='bbox 2091 4312 2314 4367; x_wconf 88' lang='lat' dir='ltr'>vasculo</span> <span class='ocrx_word' id='word_1_668' title='bbox 2331 4311 2436 4367; x_wconf 90' lang='lat' dir='ltr'>sibi</span> <span class='ocrx_word' id='word_1_669' title='bbox 2447 4327 2652 4386; x_wconf 86' lang='lat' dir='ltr'>aquam</span> <span class='ocrx_word' id='word_1_670' title='bbox 2667 4313 3008 4386; x_wconf 86' lang='lat' dir='ltr'>deportaret.</span> <span class='ocrx_word' id='word_1_671' title='bbox 3028 4317 3365 4373; x_wconf 86' lang='lat' dir='ltr'>Remoratus</span> 
     </span>
    </p>
   </div>
   <div class='ocr_carea' id='block_1_89' title="bbox 1766 4401 3363 4478">
    <p class='ocr_par' dir='ltr' id='par_1_89' title="bbox 1766 4401 3363 4478">
     <span class='ocr_line' id='line_1_89' title="bbox 1766 4401 3363 4478; baseline 0.005 -23"><span class='ocrx_word' id='word_1_672' title='bbox 1766 4405 1852 4455; x_wconf 91' lang='lat' dir='ltr'>est</span> <span class='ocrx_word' id='word_1_673' title='bbox 1886 4401 1944 4456; x_wconf 90' lang='lat' dir='ltr'>in</span> <span class='ocrx_word' id='word_1_674' title='bbox 1974 4402 2172 4456; x_wconf 89' lang='lat' dir='ltr'>eodem</span> <span class='ocrx_word' id='word_1_675' title='bbox 2200 4403 2321 4456; x_wconf 94' lang='lat' dir='ltr'>loco</span> <span class='ocrx_word' id='word_1_676' title='bbox 2350 4403 2513 4456; x_wconf 89' lang='lat' dir='ltr'>annis</span> <span class='ocrx_word' id='word_1_677' title='bbox 2541 4402 2796 4473; x_wconf 84' lang='lat' dir='ltr'>triginta.</span> <span class='ocrx_word' id='word_1_678' title='bbox 2838 4404 3111 4460; x_wconf 88' lang='lat' dir='ltr'>Dicebant</span> <span class='ocrx_word' id='word_1_679' title='bbox 3138 4423 3272 4478; x_wconf 88' lang='lat' dir='ltr'>ergo</span> <span class='ocrx_word' id='word_1_680' title='bbox 3310 4407 3363 4463; x_wconf 87' lang='lat' dir='ltr'>ei</span> 
     </span>
    </p>
   </div>
   <div class='ocr_carea' id='block_1_90' title="bbox 103 4485 3360 4564">
    <p class='ocr_par' dir='ltr' id='par_1_90' title="bbox 103 4485 3360 4564">
     <span class='ocr_line' id='line_1_90' title="bbox 103 4485 3360 4564; baseline 0.003 -23"><span class='ocrx_word' id='word_1_681' title='bbox 103 4493 270 4546; x_wconf 90' lang='lat' dir='ltr'>totum</span> <span class='ocrx_word' id='word_1_682' title='bbox 298 4493 447 4548; x_wconf 90' lang='lat' dir='ltr'>enim</span> <span class='ocrx_word' id='word_1_683' title='bbox 471 4499 627 4548; x_wconf 87' lang='lat' dir='ltr'>vetus</span> <span class='ocrx_word' id='word_1_684' title='bbox 657 4499 714 4548; x_wconf 91' lang='lat' dir='ltr'>et</span> <span class='ocrx_word' id='word_1_685' title='bbox 742 4509 946 4548; x_wconf 90' lang='lat' dir='ltr'>novum</span> <span class='ocrx_word' id='word_1_686' title='bbox 966 4492 1388 4548; x_wconf 88' lang='lat' dir='ltr'>Testamentum</span> <span class='ocrx_word' id='word_1_687' title='bbox 1409 4493 1679 4564; x_wconf 89' lang='lat' dir='ltr'>scriptum</span> <span class='ocrx_word' id='word_1_688' title='bbox 1695 4485 1744 4544; x_wconf 90' lang='lat' dir='ltr'>D</span> <span class='ocrx_word' id='word_1_689' title='bbox 1767 4492 1969 4546; x_wconf 87' lang='lat' dir='ltr'>fratres</span> <span class='ocrx_word' id='word_1_690' title='bbox 1986 4497 2048 4546; x_wconf 92' lang='lat' dir='ltr'>ut</span> <span class='ocrx_word' id='word_1_691' title='bbox 2066 4492 2353 4546; x_wconf 87' lang='lat' dir='ltr'>recederet</span> <span class='ocrx_word' id='word_1_692' title='bbox 2370 4492 2440 4546; x_wconf 89' lang='lat' dir='ltr'>de</span> <span class='ocrx_word' id='word_1_693' title='bbox 2459 4492 2579 4546; x_wconf 90' lang='lat' dir='ltr'>loco</span> <span class='ocrx_word' id='word_1_694' title='bbox 2595 4491 2718 4563; x_wconf 91' lang='lat' dir='ltr'>ipso</span> <span class='ocrx_word' id='word_1_695' title='bbox 2753 4501 2984 4564; x_wconf 89' lang='lat' dir='ltr'>propter</span> <span class='ocrx_word' id='word_1_696' title='bbox 3025 4495 3360 4552; x_wconf 88' lang='lat' dir='ltr'>amaritudi-</span> 
     </span>
    </p>
   </div>
   <div class='ocr_carea' id='block_1_91' title="bbox 105 4575 1680 4653">
    <p class='ocr_par' dir='ltr' id='par_1_91' title="bbox 105 4575 1680 4653">
     <span class='ocr_line' id='line_1_91' title="bbox 105 4575 1680 4653; baseline 0.004 -24"><span class='ocrx_word' id='word_1_697' title='bbox 105 4575 347 4636; x_wconf 89' lang='lat' dir='ltr'>habebat.</span> <span class='ocrx_word' id='word_1_698' title='bbox 381 4584 524 4638; x_wconf 92' lang='lat' dir='ltr'>Cum</span> <span class='ocrx_word' id='word_1_699' title='bbox 553 4587 742 4636; x_wconf 89' lang='lat' dir='ltr'>autem</span> <span class='ocrx_word' id='word_1_700' title='bbox 757 4581 982 4653; x_wconf 87' lang='lat' dir='ltr'>quidam</span> <span class='ocrx_word' id='word_1_701' title='bbox 996 4581 1170 4636; x_wconf 89' lang='lat' dir='ltr'>frater</span> <span class='ocrx_word' id='word_1_702' title='bbox 1197 4582 1440 4636; x_wconf 86' lang='lat' dir='ltr'>venisset</span> <span class='ocrx_word' id='word_1_703' title='bbox 1468 4583 1538 4636; x_wconf 90' lang='lat' dir='ltr'>ad</span> <span class='ocrx_word' id='word_1_704' title='bbox 1552 4599 1680 4636; x_wconf 89' lang='lat' dir='ltr'>eum</span> 
     </span>
    </p>
   </div>
   <div class='ocr_carea' id='block_1_92' title="bbox 103 4665 1677 4744">
    <p class='ocr_par' dir='ltr' id='par_1_92' title="bbox 103 4665 1677 4744">
     <span class='ocr_line' id='line_1_92' title="bbox 103 4665 1677 4744; baseline 0.003 -24"><span class='ocrx_word' id='word_1_705' title='bbox 103 4665 346 4727; x_wconf 85' lang='lat' dir='ltr'>visitandi</span> <span class='ocrx_word' id='word_1_706' title='bbox 367 4673 572 4744; x_wconf 87' lang='lat' dir='ltr'>gratia,</span> <span class='ocrx_word' id='word_1_707' title='bbox 602 4671 740 4726; x_wconf 81' lang='lat' dir='ltr'>vidit</span> <span class='ocrx_word' id='word_1_708' title='bbox 753 4672 811 4726; x_wconf 90' lang='lat' dir='ltr'>in</span> <span class='ocrx_word' id='word_1_709' title='bbox 826 4671 1026 4726; x_wconf 87' lang='lat' dir='ltr'>cellula</span> <span class='ocrx_word' id='word_1_710' title='bbox 1044 4673 1166 4742; x_wconf 87' lang='lat' dir='ltr'>ejus</span> <span class='ocrx_word' id='word_1_711' title='bbox 1197 4672 1456 4726; x_wconf 90' lang='lat' dir='ltr'>Codicem</span> <span class='ocrx_word' id='word_1_712' title='bbox 1473 4671 1677 4742; x_wconf 88' lang='lat' dir='ltr'>ipsum,</span> 
     </span>
    </p>
   </div>
   <div class='ocr_carea' id='block_1_93' title="bbox 103 4759 1680 4834">
    <p class='ocr_par' dir='ltr' id='par_1_93' title="bbox 103 4759 1680 4834">
     <span class='ocr_line' id='line_1_93' title="bbox 103 4759 1680 4834; baseline 0.005 -27"><span class='ocrx_word' id='word_1_713' title='bbox 103 4759 154 4808; x_wconf 90' lang='lat' dir='ltr'>et</span> <span class='ocrx_word' id='word_1_714' title='bbox 169 4762 493 4834; x_wconf 88' lang='lat' dir='ltr'>concupivit,</span> <span class='ocrx_word' id='word_1_715' title='bbox 516 4762 844 4834; x_wconf 87' lang='lat' dir='ltr'>furatusque</span> <span class='ocrx_word' id='word_1_716' title='bbox 858 4767 945 4816; x_wconf 91' lang='lat' dir='ltr'>est</span> <span class='ocrx_word' id='word_1_717' title='bbox 963 4776 1111 4826; x_wconf 91' lang='lat' dir='ltr'>eum,</span> <span class='ocrx_word' id='word_1_718' title='bbox 1135 4767 1191 4814; x_wconf 90' lang='lat' dir='ltr'>et</span> <span class='ocrx_word' id='word_1_719' title='bbox 1203 4760 1360 4815; x_wconf 89' lang='lat' dir='ltr'>abiit.</span> <span class='ocrx_word' id='word_1_720' title='bbox 1383 4761 1680 4832; x_wconf 89' lang='lat' dir='ltr'>Suprame-</span> 
     </span>
    </p>
   </div>
   <div class='ocr_carea' id='block_1_94' title="bbox 104 4849 1682 4922">
    <p class='ocr_par' dir='ltr' id='par_1_94' title="bbox 104 4849 1682 4922">
     <span class='ocr_line' id='line_1_94' title="bbox 104 4849 1682 4922; baseline 0.004 -24"><span class='ocrx_word' id='word_1_721' title='bbox 104 4856 338 4905; x_wconf 87' lang='lat' dir='ltr'>moratus</span> <span class='ocrx_word' id='word_1_722' title='bbox 367 4857 555 4907; x_wconf 65' lang='lat' dir='ltr'>aumm</span> <span class='ocrx_word' id='word_1_723' title='bbox 583 4851 755 4907; x_wconf 81' lang='lat' dir='ltr'>abbas</span> <span class='ocrx_word' id='word_1_724' title='bbox 796 4851 1148 4916; x_wconf 87' lang='lat' dir='ltr'>Anastasius,</span> <span class='ocrx_word' id='word_1_725' title='bbox 1189 4867 1316 4905; x_wconf 90' lang='lat' dir='ltr'>cum</span> <span class='ocrx_word' id='word_1_726' title='bbox 1354 4849 1682 4922; x_wconf 89' lang='lat' dir='ltr'>requisisset</span> 
     </span>
    </p>
   </div>
   <div class='ocr_carea' id='block_1_95' title="bbox 103 4935 1679 5013">
    <p class='ocr_par' dir='ltr' id='par_1_95' title="bbox 103 4935 1679 5013">
     <span class='ocr_line' id='line_1_95' title="bbox 103 4935 1679 5013; baseline 0.007 -28"><span class='ocrx_word' id='word_1_727' title='bbox 103 4935 285 4994; x_wconf 87' lang='lat' dir='ltr'>eadem</span> <span class='ocrx_word' id='word_1_728' title='bbox 314 4941 404 4996; x_wconf 89' lang='lat' dir='ltr'>die</span> <span class='ocrx_word' id='word_1_729' title='bbox 425 4943 494 4997; x_wconf 90' lang='lat' dir='ltr'>ad</span> <span class='ocrx_word' id='word_1_730' title='bbox 516 4942 815 5013; x_wconf 84' lang='lat' dir='ltr'>legendum</span> <span class='ocrx_word' id='word_1_731' title='bbox 831 4941 1091 4996; x_wconf 90' lang='lat' dir='ltr'>Codicem</span> <span class='ocrx_word' id='word_1_732' title='bbox 1113 4956 1296 5005; x_wconf 90' lang='lat' dir='ltr'>suum,</span> <span class='ocrx_word' id='word_1_733' title='bbox 1321 4944 1380 4994; x_wconf 91' lang='lat' dir='ltr'>et</span> <span class='ocrx_word' id='word_1_734' title='bbox 1409 4940 1679 4996; x_wconf 87' lang='lat' dir='ltr'>noninvc-</span> 
     </span>
    </p>
   </div>
   <div class='ocr_carea' id='block_1_96' title="bbox 103 5023 1682 5103">
    <p class='ocr_par' dir='ltr' id='par_1_96' title="bbox 103 5023 1682 5103">
     <span class='ocr_line' id='line_1_96' title="bbox 103 5023 1682 5103; baseline 0.006 -28"><span class='ocrx_word' id='word_1_735' title='bbox 103 5023 279 5093; x_wconf 79' lang='lat' dir='ltr'>uisset,</span> <span class='ocrx_word' id='word_1_736' title='bbox 313 5029 587 5086; x_wconf 89' lang='lat' dir='ltr'>intellexit</span> <span class='ocrx_word' id='word_1_737' title='bbox 602 5031 733 5103; x_wconf 88' lang='lat' dir='ltr'>quia</span> <span class='ocrx_word' id='word_1_738' title='bbox 763 5030 938 5086; x_wconf 83' lang='lat' dir='ltr'>frater</span> <span class='ocrx_word' id='word_1_739' title='bbox 952 5030 1047 5084; x_wconf 91' lang='lat' dir='ltr'>ille</span> <span class='ocrx_word' id='word_1_740' title='bbox 1061 5030 1278 5085; x_wconf 86' lang='lat' dir='ltr'>furatus</span> <span class='ocrx_word' id='word_1_741' title='bbox 1299 5034 1448 5083; x_wconf 89' lang='lat' dir='ltr'>esset</span> <span class='ocrx_word' id='word_1_742' title='bbox 1467 5033 1682 5096; x_wconf 91' lang='lat' dir='ltr'>eum,et</span> 
     </span>
    </p>
   </div>
   <div class='ocr_carea' id='block_1_97' title="bbox 103 5113 1680 5194">
    <p class='ocr_par' dir='ltr' id='par_1_97' title="bbox 103 5113 1680 5194">
     <span class='ocr_line' id='line_1_97' title="bbox 103 5113 1680 5194; baseline 0.006 -30"><span class='ocrx_word' id='word_1_743' title='bbox 103 5113 270 5172; x_wconf 90' lang='lat' dir='ltr'>noluit</span> <span class='ocrx_word' id='word_1_744' title='bbox 297 5119 518 5176; x_wconf 88' lang='lat' dir='ltr'>mittere</span> <span class='ocrx_word' id='word_1_745' title='bbox 547 5127 673 5194; x_wconf 92' lang='lat' dir='ltr'>post</span> <span class='ocrx_word' id='word_1_746' title='bbox 699 5121 908 5194; x_wconf 87' lang='lat' dir='ltr'>ipsum,</span> <span class='ocrx_word' id='word_1_747' title='bbox 939 5137 1039 5175; x_wconf 89' lang='lat' dir='ltr'>nec</span> <span class='ocrx_word' id='word_1_748' title='bbox 1077 5119 1365 5190; x_wconf 87' lang='lat' dir='ltr'>requirere</span> <span class='ocrx_word' id='word_1_749' title='bbox 1414 5135 1564 5186; x_wconf 87' lang='lat' dir='ltr'>eum,</span> <span class='ocrx_word' id='word_1_750' title='bbox 1608 5135 1680 5174; x_wconf 91' lang='lat' dir='ltr'>ne</span> 
     </span>
    </p>
   </div>
   <div class='ocr_carea' id='block_1_98' title="bbox 107 5206 1678 5282">
    <p class='ocr_par' dir='ltr' id='par_1_98' title="bbox 107 5206 1678 5282">
     <span class='ocr_line' id='line_1_98' title="bbox 107 5206 1678 5282; baseline 0.003 -24"><span class='ocrx_word' id='word_1_751' title='bbox 107 5209 220 5269; x_wconf 82' lang='lat' dir='ltr'>post</span> <span class='ocrx_word' id='word_1_752' title='bbox 246 5206 453 5265; x_wconf 90' lang='lat' dir='ltr'>furtum</span> <span class='ocrx_word' id='word_1_753' title='bbox 482 5211 653 5265; x_wconf 89' lang='lat' dir='ltr'>etiam</span> <span class='ocrx_word' id='word_1_754' title='bbox 683 5216 740 5266; x_wconf 91' lang='lat' dir='ltr'>et</span> <span class='ocrx_word' id='word_1_755' title='bbox 767 5210 1018 5282; x_wconf 87' lang='lat' dir='ltr'>perjuria</span> <span class='ocrx_word' id='word_1_756' title='bbox 1048 5210 1406 5265; x_wconf 87' lang='lat' dir='ltr'>adderentur.</span> <span class='ocrx_word' id='word_1_757' title='bbox 1436 5210 1678 5264; x_wconf 77' lang='lat' dir='ltr'>Descen-</span> 
     </span>
    </p>
   </div>
   <div class='ocr_carea' id='block_1_99' title="bbox 107 5288 1680 5371">
    <p class='ocr_par' dir='ltr' id='par_1_99' title="bbox 107 5288 1680 5371">
     <span class='ocr_line' id='line_1_99' title="bbox 107 5288 1680 5371; baseline 0.004 -27"><span class='ocrx_word' id='word_1_758' title='bbox 107 5288 230 5347; x_wconf 88' lang='lat' dir='ltr'>dens</span> <span class='ocrx_word' id='word_1_759' title='bbox 259 5303 446 5354; x_wconf 86' lang='lat' dir='ltr'>autem</span> <span class='ocrx_word' id='word_1_760' title='bbox 471 5297 645 5354; x_wconf 79' lang='lat' dir='ltr'>frater</span> <span class='ocrx_word' id='word_1_761' title='bbox 673 5299 767 5353; x_wconf 90' lang='lat' dir='ltr'>ille</span> <span class='ocrx_word' id='word_1_762' title='bbox 792 5298 850 5354; x_wconf 89' lang='lat' dir='ltr'>in</span> <span class='ocrx_word' id='word_1_763' title='bbox 880 5315 1004 5353; x_wconf 88' lang='lat' dir='ltr'>eam</span> <span class='ocrx_word' id='word_1_764' title='bbox 1038 5315 1164 5371; x_wconf 66' lang='lat' dir='ltr'>qua:</span> <span class='ocrx_word' id='word_1_765' title='bbox 1192 5299 1252 5352; x_wconf 91' lang='lat' dir='ltr'>in</span> <span class='ocrx_word' id='word_1_766' title='bbox 1279 5297 1530 5370; x_wconf 78' lang='lat' dir='ltr'>proximo</span> <span class='ocrx_word' id='word_1_767' title='bbox 1559 5301 1680 5351; x_wconf 85' lang='lat' dir='ltr'>erat</span> 
     </span>
    </p>
   </div>
   <div class='ocr_carea' id='block_1_100' title="bbox 108 5379 1682 5458">
    <p class='ocr_par' dir='ltr' id='par_1_100' title="bbox 108 5379 1682 5458">
     <span class='ocr_line' id='line_1_100' title="bbox 108 5379 1682 5458; baseline 0.007 -27"><span class='ocrx_word' id='word_1_768' title='bbox 108 5379 394 5456; x_wconf 71' lang='lat' dir='ltr'>civitatem,</span> <span class='ocrx_word' id='word_1_769' title='bbox 423 5388 598 5443; x_wconf 86' lang='lat' dir='ltr'>voluit</span> <span class='ocrx_word' id='word_1_770' title='bbox 624 5388 938 5443; x_wconf 87' lang='lat' dir='ltr'>distrahere</span> <span class='ocrx_word' id='word_1_771' title='bbox 966 5388 1226 5444; x_wconf 90' lang='lat' dir='ltr'>Codicem</span> <span class='ocrx_word' id='word_1_772' title='bbox 1243 5388 1421 5452; x_wconf 89' lang='lat' dir='ltr'>illum,</span> <span class='ocrx_word' id='word_1_773' title='bbox 1457 5386 1682 5458; x_wconf 87' lang='lat' dir='ltr'>petebat</span> 
     </span>
    </p>
   </div>
   <div class='ocr_carea' id='block_1_101' title="bbox 109 5475 1681 5550">
    <p class='ocr_par' dir='ltr' id='par_1_101' title="bbox 109 5475 1681 5550">
     <span class='ocr_line' id='line_1_101' title="bbox 109 5475 1681 5550; baseline 0.004 -27"><span class='ocrx_word' id='word_1_774' title='bbox 109 5475 282 5528; x_wconf 88' lang='lat' dir='ltr'>autem</span> <span class='ocrx_word' id='word_1_775' title='bbox 305 5476 360 5531; x_wconf 90' lang='lat' dir='ltr'>in</span> <span class='ocrx_word' id='word_1_776' title='bbox 387 5479 566 5549; x_wconf 90' lang='lat' dir='ltr'>pretio</span> <span class='ocrx_word' id='word_1_777' title='bbox 596 5480 718 5550; x_wconf 88' lang='lat' dir='ltr'>ejus</span> <span class='ocrx_word' id='word_1_778' title='bbox 747 5478 954 5533; x_wconf 92' lang='lat' dir='ltr'>solidos</span> <span class='ocrx_word' id='word_1_779' title='bbox 999 5477 1262 5531; x_wconf 88' lang='lat' dir='ltr'>sedecim.</span> <span class='ocrx_word' id='word_1_780' title='bbox 1311 5477 1456 5531; x_wconf 90' lang='lat' dir='ltr'>Dicit</span> <span class='ocrx_word' id='word_1_781' title='bbox 1499 5477 1549 5530; x_wconf 90' lang='lat' dir='ltr'>ei</span> <span class='ocrx_word' id='word_1_782' title='bbox 1588 5477 1681 5530; x_wconf 91' lang='lat' dir='ltr'>ille</span> 
     </span>
    </p>
   </div>
   <div class='ocr_carea' id='block_1_102' title="bbox 111 5559 1678 5638">
    <p class='ocr_par' dir='ltr' id='par_1_102' title="bbox 111 5559 1678 5638">
     <span class='ocr_line' id='line_1_102' title="bbox 111 5559 1678 5638; baseline 0.004 -25"><span class='ocrx_word' id='word_1_783' title='bbox 111 5559 197 5626; x_wconf 85' lang='lat' dir='ltr'>qui</span> <span class='ocrx_word' id='word_1_784' title='bbox 222 5577 346 5620; x_wconf 87' lang='lat' dir='ltr'>eum</span> <span class='ocrx_word' id='word_1_785' title='bbox 371 5582 554 5623; x_wconf 87' lang='lat' dir='ltr'>emere</span> <span class='ocrx_word' id='word_1_786' title='bbox 582 5566 838 5624; x_wconf 87' lang='lat' dir='ltr'>volebat:</span> <span class='ocrx_word' id='word_1_787' title='bbox 868 5568 953 5622; x_wconf 88' lang='lat' dir='ltr'>Da</span> <span class='ocrx_word' id='word_1_788' title='bbox 980 5566 1118 5621; x_wconf 89' lang='lat' dir='ltr'>mihi</span> <span class='ocrx_word' id='word_1_789' title='bbox 1149 5567 1430 5633; x_wconf 90' lang='lat' dir='ltr'>Codicem,</span> <span class='ocrx_word' id='word_1_790' title='bbox 1457 5571 1522 5621; x_wconf 91' lang='lat' dir='ltr'>ut</span> <span class='ocrx_word' id='word_1_791' title='bbox 1549 5582 1678 5638; x_wconf 87' lang='lat' dir='ltr'>pos-</span> 
     </span>
    </p>
   </div>
   <div class='ocr_carea' id='block_1_103' title="bbox 110 5648 1682 5734">
    <p class='ocr_par' dir='ltr' id='par_1_103' title="bbox 110 5648 1682 5734">
     <span class='ocr_line' id='line_1_103' title="bbox 110 5648 1682 5734; baseline 0.003 -28"><span class='ocrx_word' id='word_1_792' title='bbox 110 5648 204 5706; x_wconf 68' lang='lat' dir='ltr'>Sim</span> <span class='ocrx_word' id='word_1_793' title='bbox 233 5655 462 5726; x_wconf 89' lang='lat' dir='ltr'>probare</span> <span class='ocrx_word' id='word_1_794' title='bbox 481 5659 527 5716; x_wconf 92' lang='lat' dir='ltr'>si</span> <span class='ocrx_word' id='word_1_795' title='bbox 555 5659 698 5716; x_wconf 87' lang='lat' dir='ltr'>tanti</span> <span class='ocrx_word' id='word_1_796' title='bbox 719 5657 885 5734; x_wconf 85' lang='lat' dir='ltr'>pretii</span> <span class='ocrx_word' id='word_1_797' title='bbox 914 5657 1060 5713; x_wconf 87' lang='lat' dir='ltr'>valet</span> <span class='ocrx_word' id='word_1_798' title='bbox 1081 5673 1094 5724; x_wconf 89' lang='lat'><strong>;</strong></span> <span class='ocrx_word' id='word_1_799' title='bbox 1125 5655 1281 5712; x_wconf 87' lang='lat' dir='ltr'>dedit</span> <span class='ocrx_word' id='word_1_800' title='bbox 1299 5672 1434 5728; x_wconf 84' lang='lat' dir='ltr'>ergo</span> <span class='ocrx_word' id='word_1_801' title='bbox 1451 5655 1502 5712; x_wconf 90' lang='lat' dir='ltr'>ei</span> <span class='ocrx_word' id='word_1_802' title='bbox 1523 5655 1682 5712; x_wconf 77' lang='lat' dir='ltr'>Codi~</span> 
     </span>
    </p>
   </div>
   <div class='ocr_carea' id='block_1_104' title="bbox 1763 4580 3360 4652">
    <p class='ocr_par' dir='ltr' id='par_1_104' title="bbox 1763 4580 3360 4652">
     <span class='ocr_line' id='line_1_104' title="bbox 1763 4580 3360 4652; baseline 0.003 -18"><span class='ocrx_word' id='word_1_803' title='bbox 1763 4596 1894 4634; x_wconf 88' lang='lat' dir='ltr'>nem</span> <span class='ocrx_word' id='word_1_804' title='bbox 1908 4597 2096 4652; x_wconf 71' lang='lat' dir='ltr'>aquae;</span> <span class='ocrx_word' id='word_1_805' title='bbox 2130 4580 2249 4652; x_wconf 90' lang='lat' dir='ltr'>ipse</span> <span class='ocrx_word' id='word_1_806' title='bbox 2270 4585 2460 4634; x_wconf 87' lang='lat' dir='ltr'>autem</span> <span class='ocrx_word' id='word_1_807' title='bbox 2479 4580 2620 4635; x_wconf 87' lang='lat' dir='ltr'>dixit</span> <span class='ocrx_word' id='word_1_808' title='bbox 2641 4580 2747 4635; x_wconf 90' lang='lat' dir='ltr'>eis:</span> <span class='ocrx_word' id='word_1_809' title='bbox 2771 4581 2829 4636; x_wconf 90' lang='lat' dir='ltr'>Si</span> <span class='ocrx_word' id='word_1_810' title='bbox 2852 4582 3289 4639; x_wconf 88' lang='lat' dir='ltr'>amaritudinem</span> <span class='ocrx_word' id='word_1_811' title='bbox 3303 4591 3360 4639; x_wconf 88' lang='lat' dir='ltr'>et</span> 
     </span>
    </p>
   </div>
   <div class='ocr_carea' id='block_1_105' title="bbox 1764 4669 3358 4740">
    <p class='ocr_par' dir='ltr' id='par_1_105' title="bbox 1764 4669 3358 4740">
     <span class='ocr_line' id='line_1_105' title="bbox 1764 4669 3358 4740; baseline 0.003 -17"><span class='ocrx_word' id='word_1_812' title='bbox 1764 4669 2014 4724; x_wconf 91' lang='lat' dir='ltr'>laborem</span> <span class='ocrx_word' id='word_1_813' title='bbox 2051 4669 2296 4740; x_wconf 88' lang='lat' dir='ltr'>fugimus</span> <span class='ocrx_word' id='word_1_814' title='bbox 2325 4669 2697 4736; x_wconf 67' lang='lat' dir='ltr'>abstinentiae,</span> <span class='ocrx_word' id='word_1_815' title='bbox 2745 4673 2802 4724; x_wconf 86' lang='lat' dir='ltr'>et</span> <span class='ocrx_word' id='word_1_816' title='bbox 2847 4669 3104 4726; x_wconf 87' lang='lat' dir='ltr'>volumus</span> <span class='ocrx_word' id='word_1_817' title='bbox 3147 4671 3207 4727; x_wconf 91' lang='lat' dir='ltr'>in</span> <span class='ocrx_word' id='word_1_818' title='bbox 3251 4673 3358 4728; x_wconf 90' lang='lat' dir='ltr'>hoc</span> 
     </span>
    </p>
   </div>
   <div class='ocr_carea' id='block_1_106' title="bbox 1761 4756 3356 4832">
    <p class='ocr_par' dir='ltr' id='par_1_106' title="bbox 1761 4756 3356 4832">
     <span class='ocr_line' id='line_1_106' title="bbox 1761 4756 3356 4832; baseline 0.004 -20"><span class='ocrx_word' id='word_1_819' title='bbox 1761 4758 1972 4812; x_wconf 87' lang='lat' dir='ltr'>mundo</span> <span class='ocrx_word' id='word_1_820' title='bbox 2001 4758 2252 4828; x_wconf 87' lang='lat' dir='ltr'>requiem</span> <span class='ocrx_word' id='word_1_821' title='bbox 2273 4756 2497 4824; x_wconf 88' lang='lat' dir='ltr'>habere,</span> <span class='ocrx_word' id='word_1_822' title='bbox 2530 4761 2656 4828; x_wconf 90' lang='lat' dir='ltr'>post</span> <span class='ocrx_word' id='word_1_823' title='bbox 2673 4757 2884 4812; x_wconf 83' lang='lat' dir='ltr'>exitum</span> <span class='ocrx_word' id='word_1_824' title='bbox 2896 4759 3022 4815; x_wconf 68' lang='lat' dir='ltr'>vita:</span> <span class='ocrx_word' id='word_1_825' title='bbox 3045 4760 3214 4832; x_wconf 89' lang='lat' dir='ltr'>hujus</span> <span class='ocrx_word' id='word_1_826' title='bbox 3241 4778 3356 4818; x_wconf 91' lang='lat' dir='ltr'>non</span> 
     </span>
    </p>
   </div>
   <div class='ocr_carea' id='block_1_107' title="bbox 1763 4847 3358 4920">
    <p class='ocr_par' dir='ltr' id='par_1_107' title="bbox 1763 4847 3358 4920">
     <span class='ocr_line' id='line_1_107' title="bbox 1763 4847 3358 4920; baseline 0.005 -20"><span class='ocrx_word' id='word_1_827' title='bbox 1763 4847 2140 4918; x_wconf 89' lang='lat' dir='ltr'>percipiemus</span> <span class='ocrx_word' id='word_1_828' title='bbox 2170 4847 2268 4901; x_wconf 90' lang='lat' dir='ltr'>illa</span> <span class='ocrx_word' id='word_1_829' title='bbox 2293 4851 2504 4901; x_wconf 69' lang='lat' dir='ltr'>aeterna</span> <span class='ocrx_word' id='word_1_830' title='bbox 2533 4852 2591 4901; x_wconf 90' lang='lat' dir='ltr'>et</span> <span class='ocrx_word' id='word_1_831' title='bbox 2631 4863 2762 4902; x_wconf 88' lang='lat' dir='ltr'>vere</span> <span class='ocrx_word' id='word_1_832' title='bbox 2797 4847 2985 4903; x_wconf 90' lang='lat' dir='ltr'>dulcia</span> <span class='ocrx_word' id='word_1_833' title='bbox 3037 4847 3205 4920; x_wconf 88' lang='lat' dir='ltr'>bona,</span> <span class='ocrx_word' id='word_1_834' title='bbox 3253 4867 3358 4908; x_wconf 84' lang='lat' dir='ltr'>nec</span> 
     </span>
    </p>
   </div>
   <div class='ocr_carea' id='block_1_108' title="bbox 1760 4935 3181 5009">
    <p class='ocr_par' dir='ltr' id='par_1_108' title="bbox 1760 4935 3181 5009">
     <span class='ocr_line' id='line_1_108' title="bbox 1760 4935 3181 5009; baseline 0.005 -20"><span class='ocrx_word' id='word_1_835' title='bbox 1760 4936 2016 4990; x_wconf 76' lang='lat' dir='ltr'>fruemur</span> <span class='ocrx_word' id='word_1_836' title='bbox 2039 4936 2150 4990; x_wconf 90' lang='lat' dir='ltr'>illis</span> <span class='ocrx_word' id='word_1_837' title='bbox 2178 4935 2465 5008; x_wconf 89' lang='lat' dir='ltr'>perpetuis</span> <span class='ocrx_word' id='word_1_838' title='bbox 2493 4935 2642 4991; x_wconf 89' lang='lat' dir='ltr'>beati</span> <span class='ocrx_word' id='word_1_839' title='bbox 2676 4937 2923 5009; x_wconf 88' lang='lat' dir='ltr'>paradisi</span> <span class='ocrx_word' id='word_1_840' title='bbox 2947 4939 3181 4996; x_wconf 90' lang='lat' dir='ltr'>deliciis.</span> 
     </span>
    </p>
   </div>
   <div class='ocr_carea' id='block_1_109' title="bbox 1831 5025 3356 5104">
    <p class='ocr_par' dir='ltr' id='par_1_109' title="bbox 1831 5025 3356 5104">
     <span class='ocr_line' id='line_1_109' title="bbox 1831 5025 3356 5104; baseline 0.006 -24"><span class='ocrx_word' id='word_1_841' title='bbox 1831 5025 2104 5081; x_wconf 85' lang='lat' dir='ltr'>Dicebant</span> <span class='ocrx_word' id='word_1_842' title='bbox 2129 5042 2263 5098; x_wconf 92' lang='lat' dir='ltr'>ergo</span> <span class='ocrx_word' id='word_1_843' title='bbox 2281 5025 2483 5080; x_wconf 89' lang='lat' dir='ltr'>fratres</span> <span class='ocrx_word' id='word_1_844' title='bbox 2513 5027 2646 5099; x_wconf 90' lang='lat' dir='ltr'>quia</span> <span class='ocrx_word' id='word_1_845' title='bbox 2670 5031 2892 5083; x_wconf 85' lang='lat' dir='ltr'>tantum</span> <span class='ocrx_word' id='word_1_846' title='bbox 2906 5046 3082 5085; x_wconf 88' lang='lat' dir='ltr'>unum</span> <span class='ocrx_word' id='word_1_847' title='bbox 3111 5033 3356 5104; x_wconf 81' lang='lat' dir='ltr'>paxima—</span> 
     </span>
    </p>
   </div>
   <div class='ocr_carea' id='block_1_110' title="bbox 1759 5115 3357 5192">
    <p class='ocr_par' dir='ltr' id='par_1_110' title="bbox 1759 5115 3357 5192">
     <span class='ocr_line' id='line_1_110' title="bbox 1759 5115 3357 5192; baseline 0.005 -21"><span class='ocrx_word' id='word_1_848' title='bbox 1759 5115 1904 5171; x_wconf 90' lang='lat' dir='ltr'>tium</span> <span class='ocrx_word' id='word_1_849' title='bbox 1928 5121 1982 5170; x_wconf 90' lang='lat' dir='ltr'>et</span> <span class='ocrx_word' id='word_1_850' title='bbox 2015 5116 2264 5188; x_wconf 88' lang='lat' dir='ltr'>quinque</span> <span class='ocrx_word' id='word_1_851' title='bbox 2301 5116 2472 5171; x_wconf 86' lang='lat' dir='ltr'>olivas</span> <span class='ocrx_word' id='word_1_852' title='bbox 2501 5116 2560 5172; x_wconf 91' lang='lat' dir='ltr'>in</span> <span class='ocrx_word' id='word_1_853' title='bbox 2605 5117 2730 5173; x_wconf 89' lang='lat' dir='ltr'>cibo</span> <span class='ocrx_word' id='word_1_854' title='bbox 2775 5119 3102 5192; x_wconf 86' lang='lat' dir='ltr'>accipiebat,</span> <span class='ocrx_word' id='word_1_855' title='bbox 3150 5127 3207 5177; x_wconf 90' lang='lat' dir='ltr'>et</span> <span class='ocrx_word' id='word_1_856' title='bbox 3251 5123 3357 5179; x_wconf 86' lang='lat' dir='ltr'>hoc</span> 
     </span>
    </p>
   </div>
   <div class='ocr_carea' id='block_1_111' title="bbox 1760 5205 2352 5261">
    <p class='ocr_par' dir='ltr' id='par_1_111' title="bbox 1760 5205 2352 5261">
     <span class='ocr_line' id='line_1_111' title="bbox 1760 5205 2352 5261; baseline -0.003 -1"><span class='ocrx_word' id='word_1_857' title='bbox 1760 5205 2173 5261; x_wconf 85' lang='lat' dir='ltr'>deambulando</span> <span class='ocrx_word' id='word_1_858' title='bbox 2200 5205 2352 5260; x_wconf 88' lang='lat' dir='ltr'>foris.</span> 
     </span>
    </p>
   </div>
   <div class='ocr_carea' id='block_1_112' title="bbox 1837 5295 3352 5358">
    <p class='ocr_par' dir='ltr' id='par_1_112' title="bbox 1837 5295 3352 5358">
     <span class='ocr_line' id='line_1_112' title="bbox 1837 5295 3352 5358; baseline 0.004 -8"><span class='ocrx_word' id='word_1_859' title='bbox 1837 5295 2020 5350; x_wconf 82' lang='lat' dir='ltr'>Etiam</span> <span class='ocrx_word' id='word_1_860' title='bbox 2051 5301 2108 5351; x_wconf 93' lang='lat' dir='ltr'>et</span> <span class='ocrx_word' id='word_1_861' title='bbox 2134 5295 2240 5351; x_wconf 88' lang='lat' dir='ltr'>hoc</span> <span class='ocrx_word' id='word_1_862' title='bbox 2265 5295 2625 5351; x_wconf 78' lang='lat' dir='ltr'>aﬂirmabant</span> <span class='ocrx_word' id='word_1_863' title='bbox 2653 5297 2722 5351; x_wconf 89' lang='lat' dir='ltr'>de</span> <span class='ocrx_word' id='word_1_864' title='bbox 2742 5313 2809 5352; x_wconf 92' lang='lat' dir='ltr'>eo</span> <span class='ocrx_word' id='word_1_865' title='bbox 2837 5297 3000 5354; x_wconf 89' lang='lat' dir='ltr'>multi</span> <span class='ocrx_word' id='word_1_866' title='bbox 3030 5304 3352 5358; x_wconf 85' lang='lat' dir='ltr'>sanctorum</span> 
     </span>
    </p>
   </div>
   <div class='ocr_carea' id='block_1_113' title="bbox 1763 5384 3354 5462">
    <p class='ocr_par' dir='ltr' id='par_1_113' title="bbox 1763 5384 3354 5462">
     <span class='ocr_line' id='line_1_113' title="bbox 1763 5384 3354 5462; baseline 0.004 -21"><span class='ocrx_word' id='word_1_867' title='bbox 1763 5386 2014 5451; x_wconf 86' lang='lat' dir='ltr'>Patrum,</span> <span class='ocrx_word' id='word_1_868' title='bbox 2037 5384 2167 5455; x_wconf 89' lang='lat' dir='ltr'>quia</span> <span class='ocrx_word' id='word_1_869' title='bbox 2187 5384 2422 5456; x_wconf 87' lang='lat' dir='ltr'>triginta</span> <span class='ocrx_word' id='word_1_870' title='bbox 2441 5390 2499 5441; x_wconf 89' lang='lat' dir='ltr'>et</span> <span class='ocrx_word' id='word_1_871' title='bbox 2518 5386 2760 5457; x_wconf 88' lang='lat' dir='ltr'>amplius</span> <span class='ocrx_word' id='word_1_872' title='bbox 2775 5391 2961 5452; x_wconf 54' lang='grc' dir='ltr'>δοκι</span> <span class='ocrx_word' id='word_1_873' title='bbox 2975 5389 3228 5454; x_wconf 82' lang='lat' dir='ltr'>annis,ex</span> <span class='ocrx_word' id='word_1_874' title='bbox 3241 5406 3354 5462; x_wconf 89' lang='lat' dir='ltr'>quo</span> 
     </span>
    </p>
   </div>
   <div class='ocr_carea' id='block_1_114' title="bbox 1763 5475 3354 5551">
    <p class='ocr_par' dir='ltr' id='par_1_114' title="bbox 1763 5475 3354 5551">
     <span class='ocr_line' id='line_1_114' title="bbox 1763 5475 3354 5551; baseline 0.005 -23"><span class='ocrx_word' id='word_1_875' title='bbox 1763 5492 2018 5546; x_wconf 89' lang='lat' dir='ltr'>egressus</span> <span class='ocrx_word' id='word_1_876' title='bbox 2049 5478 2135 5529; x_wconf 89' lang='lat' dir='ltr'>est</span> <span class='ocrx_word' id='word_1_877' title='bbox 2163 5475 2231 5529; x_wconf 90' lang='lat' dir='ltr'>de</span> <span class='ocrx_word' id='word_1_878' title='bbox 2257 5475 2422 5528; x_wconf 86' lang='lat' dir='ltr'>domo</span> <span class='ocrx_word' id='word_1_879' title='bbox 2453 5479 2749 5546; x_wconf 89' lang='lat' dir='ltr'>parentum</span> <span class='ocrx_word' id='word_1_880' title='bbox 2769 5489 3021 5542; x_wconf 88' lang='lat' dir='ltr'>suorum,</span> <span class='ocrx_word' id='word_1_881' title='bbox 3063 5492 3354 5551; x_wconf 89' lang='lat' dir='ltr'>nunquam</span> 
     </span>
    </p>
   </div>
   <div class='ocr_carea' id='block_1_115' title="bbox 1762 5562 3360 5640">
    <p class='ocr_par' dir='ltr' id='par_1_115' title="bbox 1762 5562 3360 5640">
     <span class='ocr_line' id='line_1_115' title="bbox 1762 5562 3360 5640; baseline 0.003 -21"><span class='ocrx_word' id='word_1_882' title='bbox 1762 5567 1813 5619; x_wconf 90' lang='lat' dir='ltr'>ei</span> <span class='ocrx_word' id='word_1_883' title='bbox 1841 5581 2071 5620; x_wconf 86' lang='lat' dir='ltr'>suasum</span> <span class='ocrx_word' id='word_1_884' title='bbox 2093 5564 2280 5631; x_wconf 86' lang='lat' dir='ltr'>fuisse,</span> <span class='ocrx_word' id='word_1_885' title='bbox 2303 5562 2473 5618; x_wconf 82' lang='lat' dir='ltr'>etiam</span> <span class='ocrx_word' id='word_1_886' title='bbox 2493 5579 2621 5618; x_wconf 91' lang='lat' dir='ltr'>cum</span> <span class='ocrx_word' id='word_1_887' title='bbox 2641 5563 2933 5620; x_wconf 86' lang='lat' dir='ltr'>defunctos</span> <span class='ocrx_word' id='word_1_888' title='bbox 2975 5565 3228 5621; x_wconf 84' lang='lat' dir='ltr'>audisset</span> <span class='ocrx_word' id='word_1_889' title='bbox 3253 5584 3360 5640; x_wconf 79' lang='lat' dir='ltr'>pa-</span> 
     </span>
    </p>
   </div>
   <div class='ocr_carea' id='block_1_116' title="bbox 1763 5652 3351 5728">
    <p class='ocr_par' dir='ltr' id='par_1_116' title="bbox 1763 5652 3351 5728">
     <span class='ocr_line' id='line_1_116' title="bbox 1763 5652 3351 5728; baseline 0.002 -16"><span class='ocrx_word' id='word_1_890' title='bbox 1763 5659 1950 5712; x_wconf 83' lang='lat' dir='ltr'>rentes</span> <span class='ocrx_word' id='word_1_891' title='bbox 1987 5671 2136 5723; x_wconf 87' lang='lat' dir='ltr'>suos,</span> <span class='ocrx_word' id='word_1_892' title='bbox 2156 5659 2219 5711; x_wconf 90' lang='lat' dir='ltr'>ut</span> <span class='ocrx_word' id='word_1_893' title='bbox 2239 5657 2496 5728; x_wconf 85' lang='lat' dir='ltr'>pergeret</span> <span class='ocrx_word' id='word_1_894' title='bbox 2509 5653 2578 5710; x_wconf 89' lang='lat' dir='ltr'>ad</span> <span class='ocrx_word' id='word_1_895' title='bbox 2594 5652 2994 5728; x_wconf 84' lang='lat' dir='ltr'>requirendum</span> <span class='ocrx_word' id='word_1_896' title='bbox 3009 5670 3112 5715; x_wconf 88' lang='lat' dir='ltr'>seu</span> <span class='ocrx_word' id='word_1_897' title='bbox 3126 5656 3351 5721; x_wconf 70' lang='lat' dir='ltr'>visitan-</span> 
     </span>
    </p>
   </div>
  </div>
