3876 6376
473 294 578 354 759
1589 297 1684 353 DE
1717 297 1908 358 VlTIS
1944 281 2241 356 PATRUM
2277 293 2493 350 LIBER
2528 293 2629 360 III,
3635 298 3729 359 760

471 422 607 479 dum
635 423 978 496 propinquos
1009 423 1228 492 (Pelag..
1252 425 1418 478 libat.
1449 435 1505 476 Iv
1533 437 1591 477 η.
1634 420 1743 493 34).
1766 419 2391 486 Verumta-Averbum,
2410 435 2494 474 .ne
2517 418 2660 474 forte
2677 423 3034 490 cognosceret
3061 420 3120 474 in
3145 437 3276 476 voce
3291 437 3444 478 eum.
3477 424 3722 482 Monachi

471 528 602 568 men
629 529 789 568 soror
815 514 938 583 ejus
965 529 1091 568 cum
1120 517 1272 567 esset
1289 511 1473 578 vidua,
1506 510 1720 568 habens
1747 514 1888 569 duos
1919 514 2063 568 ﬁlios
2145 527 2274 566 vero
2291 509 2532 581 quicum
2551 509 2671 580 ipso
2695 513 2873 576 erant,
2897 509 3247 565 dixeruntad
3269 528 3420 566 eam:
3447 513 3724 584 Rogamus

465 603 584 673 jam
611 602 1071 668 adolescentulos,
1107 601 1263 657 misit
1290 618 1386 657 eos
1413 601 1472 656 in
1495 617 1746 657 eremum
1769 603 1840 658 ad
1873 604 2062 674 requi-

469 691 708 746 rendum
736 691 970 746 fratrem
999 707 1166 746 suum
1185 691 1335 746 Pior.
1359 690 1609 756 Quicum
1626 691 1846 746 diversa
1872 709 2064 747 mona-

467 779 640 836 steria
667 779 1016 847 circuissent,
1047 779 1399 850 requirentes
1427 796 1575 846 eum,
1608 779 1695 834 vix
1725 780 1952 835 tandem
1981 781 2064 836 in-

466 869 753 923 venientes
780 869 941 924 illum
969 869 1234 924 dixerunt
1256 868 1348 922 ei:
1392 869 1509 924 Nos
1553 867 1660 923 ﬁlii
1702 869 1910 924 sororis
1949 875 2063 925 tuae

463 973 678 1024 sumus,
711 974 834 1028 quae
859 957 1035 1012 nimio
1054 957 1332 1012 desiderio
1359 962 1582 1028 optatte
1601 957 1790 1013 videre
1801 963 1934 1013 ante
1953 959 2063 1013 exi-

463 1053 588 1102 tum
616 1064 802 1103 suum.
835 1047 962 1118 Ipse
990 1063 1120 1102 vero
1134 1063 1247 1102 non
1266 1047 1541 1118 acquievit
1555 1047 1814 1118 petitioni
1842 1065 2058 1104 eorum.

464 1137 843 1192 Perrexerunt
865 1141 1056 1192 autem
1085 1136 1466 1191 adolescentes
1515 1136 1587 1190 ad
1629 1136 1915 1191 hominem
1959 1137 2060 1192 Dei

461 1224 692 1281 beatum
719 1226 1048 1291 Antonium,
1081 1225 1392 1280 indicantes
1415 1225 1468 1279 ei
1493 1241 1596 1297 pro
1626 1241 1738 1297 qua
1763 1240 1933 1280 causa
1961 1241 2060 1281 ve-

470 1319 691 1370 nerant.
709 1314 864 1368 Misit
883 1319 1073 1369 autem
1093 1312 1292 1368 beatus
1310 1313 1607 1380 Antonius,
1627 1319 1685 1368 et
1705 1315 1916 1370 vocavit
1929 1332 2059 1370 eum

469 1403 540 1458 ad
562 1419 642 1469 se,
669 1402 918 1473 dixitque
942 1401 994 1458 ei
1019 1421 1030 1457 :
1051 1403 1258 1468 Quare,
1286 1402 1477 1468 frater,
1501 1407 1659 1458 tanto
1678 1409 1930 1476 tempore
1948 1420 2061 1459 non

468 1492 672 1547 venisti
702 1491 773 1546 ad
803 1491 938 1546 me?
975 1491 1085 1556 Qui
1111 1491 1476 1564 respondens,
1525 1492 1666 1547 dixit
1708 1493 1758 1547 ei
1785 1511 1796 1546 :
1844 1494 2062 1549 Praece-

469 1580 604 1654 pisti
633 1581 793 1648 mihi,
819 1579 1142 1636 beatissime
1161 1581 1347 1648 Pater,
1364 1582 1430 1636 ut
1446 1597 1572 1636 cum
1589 1597 1691 1654 per
1709 1582 1955 1653 aliquam
1976 1600 2064 1638 oc-

470 1670 752 1726 casionem
779 1671 1083 1725 revelasset
1109 1669 1248 1724 mihi
1279 1669 1568 1736 Dominus,
1601 1671 1850 1726 venirem
1883 1672 1954 1726 ad
1984 1677 2059 1738 te,

2144 606 2222 664 te,
2255 599 2484 654 domina
2508 604 2708 666 mater,
2733 604 2799 652 ut
2811 598 3010 668 jubeas
3023 599 3182 653 nobis
3202 617 3408 672 aquam
3423 603 3560 657 dare
3571 605 3640 658 ad
3662 605 3726 659 bi-

2143 689 2406 756 bendum,
2441 690 2574 760 quia
2601 687 2670 742 de
2698 688 2902 742 itinere
2921 687 3138 758 fatigati
3159 706 3376 745 sumus.
3396 691 3535 746 Cum
3551 701 3724 750 autem

2144 779 2507 850 accepissent,
2540 783 2598 832 et
2638 776 2928 843 bibissent,
2979 778 3244 832 facientes
3291 781 3624 846 orationem,
3678 793 3725 839 et

2143 868 2356 938 gratias
2381 871 2612 937 agentes
2643 867 2777 932 Deo,
2806 867 3182 922 discesserunt
3201 873 3258 922 et
3284 871 3493 924 reversi
3523 878 3652 926 sunt
3665 874 3722 927 ad

2142 955 2546 1011 monasterium
2573 972 2758 1010 suum.
2795 956 2929 1009 Post
2957 955 3274 1027 aliquantos
3293 964 3484 1012 autem
3501 960 3621 1015 dies
3640 962 3726 1015 ite

2141 1058 2267 1094 rum
2297 1041 2519 1112 scripsit
2539 1040 2608 1094 ad
2640 1056 2770 1094 eum
2799 1057 2959 1094 soror
2987 1057 3090 1095 sua
3112 1046 3176 1096 ut
3199 1041 3416 1096 veniret
3443 1049 3501 1096 et
3526 1045 3724 1100 videret

2141 1147 2271 1185 eum
2300 1134 2432 1184 ante
2455 1129 2667 1184 exitum
2697 1146 2883 1196 suum,
2911 1135 2966 1184 et
2983 1129 3292 1185 orationem
3309 1131 3519 1186 faceret
3540 1133 3598 1188 in
3619 1151 3726 1189 mo-

2142 1219 2390 1275 nasterio
2428 1221 2568 1290 ejus.
2600 1219 2756 1274 Tunc
2774 1219 2866 1273 ille
2885 1219 3171 1290 rescripsit
3190 1220 3261 1274 ad
3281 1237 3428 1287 eam,
3455 1228 3510 1276 et
3540 1223 3727 1278 direxit

2143 1309 2436 1380 epistolam
2464 1325 2566 1380 per
2584 1309 2921 1362 monachum
2943 1309 3012 1363 de
3034 1310 3371 1364 monasterio
3389 1327 3512 1376 suo,
3526 1311 3720 1366 dicens:

2141 1398 2286 1464 Quia
2315 1402 2612 1470 praestante
2629 1397 2816 1468 gratia
2845 1397 3052 1452 Christi
3081 1415 3184 1468 ego
3205 1399 3331 1453 veni
3350 1399 3422 1454 ad
3436 1405 3513 1465 te,
3541 1409 3598 1454 et
3611 1401 3725 1456 nul-

2145 1487 2234 1541 lus
2257 1503 2348 1542 me
2375 1487 2668 1557 cognovit;
2694 1487 2816 1558 ipsa
2843 1503 2972 1541 vero
2994 1504 3218 1558 egressa
3245 1488 3391 1542 esad
3422 1505 3548 1554 nos,
3580 1495 3636 1544 et
3647 1491 3727 1545 de-

2145 1575 2277 1630 disti
2309 1575 2468 1630 nobis
2485 1591 2711 1646 aquam,
2737 1580 2795 1630 et
2813 1576 2999 1646 accepi
3015 1575 3084 1630 de
3097 1575 3353 1631 manibus
3377 1578 3509 1638 tuis.
3539 1578 3724 1642 etbibi,

2148 1669 2206 1718 et
2228 1665 2442 1736 gratias
2471 1681 2646 1734 agens
2678 1664 2917 1719 Domino
2947 1681 3202 1720 reversus
3226 1682 3351 1720 sum
3380 1666 3439 1720 in
3461 1673 3727 1721 monaste-

469 1764 529 1814 et
555 1775 680 1814 ecce
699 1775 877 1830 usque
896 1759 1166 1814 hactenus
1181 1775 1296 1814 non
1316 1758 1453 1814 mihi
1467 1760 1771 1815 revelatum
1795 1766 1898 1816 est.
1913 1761 2066 1816 Dixit
2083 1739 2292 1809 Brium
2319 1772 2330 1820 ;
2363 1753 2608 1808 ευίῖἶοίδῐ
2637 1770 2770 1824 ergo
2800 1752 2902 1806 tibi
2929 1753 3062 1824 quia
3088 1753 3272 1808 Vidisti
3297 1771 3404 1820 me.
3439 1761 3495 1808 et
3525 1772 3640 1810 ῐιοῐι
3665 1757 3728 1810 Sis

469 1849 523 1904 ei
551 1847 750 1903 beatus
777 1847 1090 1903 Antonius:
1124 1848 1279 1903 Vade
1307 1852 1372 1903 ut
1407 1849 1592 1904 videat
1633 1855 1690 1904 te
1739 1866 1899 1905 soror
1940 1855 2058 1905 tua.

467 1937 624 1992 Tunc
637 1936 942 2009 assumpsit
957 1952 1147 1992 secum
1171 1937 1345 1992 alium
1365 1939 1721 2006 monachum,
1746 1943 1804 1994 et
1821 1939 2066 2011 perrexit

469 2026 539 2082 ad
569 2027 751 2082 locum
765 2031 823 2080 et
840 2026 1071 2082 domum
1114 2027 1324 2082 sororis
1347 2043 1462 2082 suae
1486 2047 1498 2093 ;
1531 2033 1588 2082 et
1606 2033 1763 2084 stans
1775 2027 1910 2083 foris
1941 2045 2065 2100 pro-

468 2133 538 2188 pe
559 2116 796 2186 januam
815 2115 967 2184 atrii,
997 2115 1203 2170 clausis
1230 2116 1423 2182 oculis,
1455 2121 1519 2172 ut
1546 2133 1660 2172 non
1675 2117 1891 2172 videret
1916 2134 2068 2172 soro-

470 2222 592 2260 rem
621 2221 781 2261 suam
807 2205 982 2260 stetit.
1016 2205 1118 2260 Illa
1145 2209 1335 2260 autem
1362 2205 1591 2261 veniens
1626 2207 1865 2278 projecit
1893 2223 1952 2261 se
1995 2207 2066 2262 ad

470 2295 640 2366 pedes
670 2296 814 2366 ejus,
845 2295 916 2350 de
943 2293 1117 2350 nimio
1141 2295 1294 2350 enim
1337 2295 1545 2366 gaudio
1592 2296 1915 2366 angustiata
1959 2301 2061 2351 est.

469 2383 619 2440 Dicit
644 2383 696 2438 ei
718 2383 884 2440 Pior:
918 2384 1057 2439 Ecce
1086 2399 1190 2454 ego
1217 2399 1343 2439 sum
1376 2384 1510 2439 Pior
1537 2384 1715 2440 frater
1742 2391 1893 2453 tuus,
1941 2385 2066 2440 vide

471 2489 604 2544 ergo
622 2490 711 2528 me
739 2477 1012 2544 quantum
1037 2473 1299 2540 volueris,
1325 2478 1384 2528 et
1399 2479 1527 2546 post
1545 2474 1649 2528 hoc
1669 2473 1860 2529 statim
1886 2491 2068 2529 rever-

471 2577 566 2617 sus
591 2567 677 2616 est
703 2561 776 2617 ad
799 2577 1052 2617 eremum
1081 2561 1142 2616 in
1169 2563 1428 2617 cellulam
1453 2579 1634 2618 suam.
1658 2564 1776 2618 Hoc
1791 2569 1981 2618 autem
1993 2563 2068 2619 fe-

472 2650 549 2705 cit
567 2651 638 2705 ad
673 2650 1041 2706 erudiendum
1068 2651 1373 2706 monachos
1404 2656 1469 2706 ut
1492 2668 1604 2706 non
1629 2653 1861 2708 daretur
1888 2653 1968 2707 eis
1996 2653 2064 2708 li-

473 2739 677 2806 centia,
711 2756 837 2794 cum
863 2739 1085 2796 libitum
1116 2740 1198 2794 eis
1215 2739 1386 2795 fuerit
1429 2740 1657 2795 visitare
1703 2747 1963 2813 parentes
1981 2743 2066 2796 vel

471 2829 816 2902 propinquos
839 2845 990 2885 suos.

546 2918 636 2973 23.
681 2918 862 2973 Etiam
909 2917 1083 2974 abbas
1119 2919 1382 2984 Joannes,
1433 2920 1530 2991 qui
1575 2919 1966 2975 commanebat
2009 2920 2067 2974 in

477 3012 669 3064 monte
699 3008 795 3079 qui
816 3012 1046 3064 vocatur
1069 3008 1349 3075 Calamus,
1382 3007 1626 3064 habebat
1655 3026 1923 3075 sororem,
1946 3027 2068 3081 quae

2144 1843 2383 1898 ulterius
2398 1842 2537 1896 mihi
2553 1843 2806 1907 molesta,
2833 1842 2931 1896 sed
2951 1859 3049 1896 ora
3070 1859 3171 1914 pro
3199 1859 3290 1897 me
3305 1843 3652 1899 incessanter
3668 1845 3727 1898 ad

2145 1932 2449 1988 Dominum
2478 1937 2735 1986 nostrum
2763 1932 2955 1987 Jesum
2986 1931 3290 1987 Christum.

2218 2021 2306 2078 33.
2343 2022 2453 2077 Sed
2482 2026 2535 2075 et
2563 2021 2706 2076 alius
2737 2020 2966 2092 quidam
2995 2022 3300 2078 monachus
3328 2021 3472 2078 abiit
3499 2023 3728 2078 adsoro-

2147 2127 2268 2166 rem
2300 2127 2481 2177 suam,
2521 2115 2588 2164 ut
2640 2109 2896 2164 visitaret
2935 2127 3078 2176 eam,
3126 2111 3382 2168 audierat
3423 2113 3582 2167 enim
3619 2129 3728 2168 eam

2147 2205 2512 2272 aegrotantem
2541 2198 2600 2254 in
2629 2200 2970 2254 monasterio
3004 2201 3222 2270 (Pelag.,
3252 2203 3397 2256 libet.
3433 2216 3508 2266 1v,
3536 2219 3596 2256 η.
3631 2202 3727 2272 61).

2147 2291 2281 2346 Erat
2311 2295 2499 2345 autem
2522 2289 2646 2360 ipsa
2670 2289 2882 2344 famula
2899 2289 3001 2345 Dei
3017 2289 3307 2344 nominata
3325 2291 3385 2345 in
3411 2297 3732 2346 sanctacon-

2147 2379 2459 2434 versatione
2483 2397 2497 2447 ;
2519 2379 2710 2452 itaque
2724 2395 2836 2434 non
2863 2379 3139 2450 acquievit
3155 2379 3252 2433 illa
3279 2380 3568 2451 suscipere
3598 2387 3650 2436 et
3668 2382 3731 2434 vi-

2147 2469 2281 2524 dere
2309 2469 2540 2524 fratrem
2569 2485 2752 2533 suum,
2769 2473 2834 2524 ut
2859 2485 2972 2524 non
2987 2485 3088 2540 per
3105 2469 3448 2524 occasionem
3483 2471 3610 2540 ejus
3655 2470 3730 2524 in-

2145 2558 2479 2629 grederetur
2504 2557 2909 2613 monasterium
2945 2557 3300 2625 feminarum,
3331 2559 3429 2612 sed
3455 2559 3732 2613 mandavit

2148 2649 2220 2716 ei,
2253 2648 2474 2703 dicens:
2513 2648 2686 2714 Vade,
2717 2647 2942 2702 domine
2980 2647 3170 2714 frater,
3220 2653 3277 2702 et
3315 2665 3414 2702 ora
3460 2666 3568 2720 pro
3616 2667 3728 2712 me;

2147 2744 2450 2811 praestante
2470 2737 2621 2792 enim
2637 2737 2822 2808 gratia
2843 2737 2942 2792 Dei
2963 2740 3020 2792 et
3049 2737 3351 2792 Salvatoris
3368 2739 3573 2802 nostri,
3602 2738 3732 2792 vide-

2149 2828 2218 2884 bo
2247 2833 2304 2883 te
2331 2827 2392 2882 in
2417 2826 2606 2882 futuro
2634 2826 2836 2881 saeculo
2863 2825 2924 2881 in
2951 2843 3125 2898 regno
3154 2826 3377 2882 Domini
3401 2829 3587 2883 nostri
3615 2829 3642 2883 J
3647 2845 3731 2882 esu

2150 2917 2379 2974 Christi.

2223 3005 2310 3064 34.
2344 3006 2526 3061 Etiam
2541 3005 2611 3060 de
2625 3004 2826 3061 abbate
2844 3005 3134 3062 Theodoro
3172 3011 3391 3078 oportet
3417 3023 3526 3062 nos
3558 3024 3732 3063 exem-

477 3113 544 3154 ex
568 3097 810 3166 infantia
839 3097 898 3153 in
927 3101 1120 3152 sancto
1149 3097 1435 3169 proposito
1463 3098 1916 3164 conversabatur,
1949 3098 2127 3170 ipsaC
2148 3097 2243 3170 pla
2268 3097 2540 3150 virtutum
2571 3095 2840 3168 proferre.
2875 3095 2978 3150 Hic
3008 3095 3198 3166 itaque
3237 3095 3434 3150 beatus
3484 3097 3731 3150 Theodo-

475 3187 626 3242 enim
661 3185 904 3241 erudivit
929 3191 987 3242 et
1013 3185 1204 3241 docuit
1227 3185 1461 3241 fratrem
1491 3203 1656 3242 suum
1678 3188 1940 3243 eumdem
1968 3187 2068 3242 ab-

474 3275 659 3332 batem
671 3277 948 3331 Joannem
958 3280 1024 3332 ut
1040 3275 1386 3348 relinqueret
1393 3276 1667 3332 vanitates
1678 3277 1865 3332 smeuli
1877 3277 2064 3349 hujus,

474 3371 532 3422 et
553 3366 946 3438 ingrederetur
972 3366 1397 3421 monasterium.
1423 3367 1564 3422 Cum
1584 3371 1774 3422 autem
1783 3367 2068 3438 ingressus

472 3455 673 3512 fuisset
699 3455 1124 3521 monasterium,
1157 3471 1260 3528 per
1303 3455 1504 3526 viginti
1533 3460 1591 3510 et
1619 3461 1864 3527 quatuor
1891 3472 2069 3511 annos

471 3560 588 3600 non
615 3549 702 3599 est
726 3559 987 3615 egressus
1015 3543 1086 3598 de
1113 3545 1476 3612 monasterio,
1509 3561 1612 3599 nec
1637 3543 1884 3600 visitavit
1911 3561 2067 3600 soro-

473 3650 594 3688 rem
625 3650 786 3688 suam
809 3652 824 3688 :
849 3634 948 3689 illa
974 3650 1104 3688 vero
1133 3631 1303 3688 nimis
1320 3632 1677 3688 desiderabat
1703 3633 1892 3689 videre
1913 3651 2064 3700 eum;

475 3739 608 3778 nam
631 3723 954 3796 frequenter
989 3721 1268 3778 scribebat
1295 3726 1354 3778 et
1379 3722 1642 3778 mittebat
1663 3723 1736 3778 ad
1785 3740 1914 3778 eum
1943 3723 2069 3796 epi-

474 3813 666 3879 stolas,
686 3812 1022 3885 petebatque
1033 3817 1098 3868 ut
1112 3817 1243 3868 ante
1255 3813 1465 3868 exitum
1485 3813 1609 3884 ejus
1631 3813 1700 3868 de
1719 3813 1824 3868 hoc
1837 3829 2069 3885 corpore

475 3903 694 3958 veniret
711 3903 780 3958 ad
801 3917 948 3970 eam,
967 3908 1034 3958 ut
1051 3901 1110 3957 in
1130 3901 1404 3957 charitate
1440 3900 1650 3958 Christi
1674 3903 1746 3958 de
1769 3903 2070 3975 pmsentia

476 4008 580 4050 sua
604 3992 910 4047 laetaretur.
933 3991 1034 4047 Ille
1061 3997 1253 4046 autem
1283 3990 1601 4058 excusabat,
1635 3991 1971 4065 uolebatque
1999 3993 2069 4049 de

474 4080 820 4136 monasterio
847 4079 1060 4150 egredi.
1077 4079 1426 4134 Venerabilis
1454 4085 1645 4136 autem
1669 4079 1881 4135 famula
1901 4081 1995 4136 Dei
2013 4087 2070 4136 et

475 4185 636 4225 soror
664 4170 788 4240 ejus
815 4169 1022 4223 iterum
1047 4168 1271 4240 scripsit
1297 4169 1370 4224 ad
1397 4185 1525 4224 eum
1576 4169 1765 4224 dicens
1791 4188 1802 4224 :
1849 4169 1992 4234 Quia
2021 4169 2068 4224 si

472 4256 724 4314 nolueris
746 4257 936 4324 venire
964 4256 1035 4311 ad
1054 4272 1164 4324 me,
1184 4273 1409 4312 necesse
1429 4257 1608 4313 habeo
1632 4263 1698 4313 ut
1715 4274 1818 4329 ego
1847 4259 2069 4314 veniam
2087 4325 2096 4332 _

475 4347 548 4402 ad
561 4353 638 4413 te,
663 4351 727 4402 ut
744 4351 872 4419 post
887 4350 1111 4401 tantum
1129 4345 1400 4418 temporis
1437 4347 1674 4402 adorare
1712 4363 1931 4403 merear
1944 4365 2070 4404 san—

2150 3203 2247 3241 rus
2277 3185 2582 3257 discipulus
2609 3185 2718 3239 fuit
2740 3185 2919 3240 sancti
2947 3185 3234 3240 Pachomii
3271 3185 3374 3239 viri
3412 3186 3480 3240 de
3541 3186 3732 3240 sanctis

2149 3274 2430 3343 Patribus,
2465 3274 2562 3346 qui
2587 3273 2694 3329 luit
2719 3274 2888 3329 Pater
2900 3274 3133 3330 infinita:
3148 3274 3531 3330 multitudinis
3559 3292 3732 3330 mona-

2149 3365 2402 3432 chorum,
2432 3364 2851 3435 multorumque
2874 3363 3340 3418 monasteriorum
3355 3369 3522 3435 pater
3541 3365 3603 3418 in
3626 3381 3734 3436 par-

2149 3454 2298 3509 tibus
2323 3453 2619 3510 Thebaidae
2649 3454 2689 3508 ¹.
2721 3455 2863 3508 Cum
2891 3453 3042 3508 enim
3069 3453 3128 3508 in
3152 3451 3410 3508 omnibus
3429 3453 3734 3508 sanctitatis

2148 3543 2391 3615 fulgeret
2415 3541 2732 3609 virtutibus,
2766 3542 2938 3598 etiam
2966 3543 3271 3614 prophetiae
3289 3542 3538 3613 gratiam
3567 3560 3602 3597 a
3630 3544 3730 3598 Do-

2149 3631 2303 3688 mino
2341 3633 2673 3705 promeruit,
2700 3632 2878 3687 multa
2903 3630 3253 3686 enimfutura
3279 3630 3569 3686 revelabat
3581 3633 3732 3687 eiDo-

2149 3723 2356 3778 minus.
2381 3727 2574 3790 505
2593 3721 2848 3786 Quodam
2892 3727 3082 3776 autem
3125 3727 3377 3793 tempore
3432 3721 3731 3794 supradicti

2147 3812 2425 3868 Theodori
2444 3827 2603 3866 soror
2627 3827 2898 3883 germana
2929 3811 3082 3866 venit
3101 3811 3171 3866 ad
3216 3811 3642 3878 monasterium,
3682 3812 3728 3864 in

2151 3919 2260 3974 quo
2290 3902 2439 3957 idem
2479 3901 2676 3956 beatus
2703 3901 3029 3956 Theodorus
3057 3900 3512 3967 conversabatur,
3540 3909 3602 3956 ut
3621 3908 3732 3974 post

2151 3991 2332 4046 multa
2358 3997 2615 4063 tempora
2641 3991 2856 4045 videret
2881 4007 3214 4062 germanum
3249 4007 3434 4046 suum.
3491 3992 3728 4062 Cumque

2151 4080 2506 4136 nuntiassent
2519 4081 2570 4134 ei
2590 4080 2659 4134 de
2678 4081 2920 4135 adventu
2940 4079 3145 4135 sororis
3155 4081 3202 4150 ej
3211 4097 3293 4143 us,
3310 4079 3466 4135 misit
3479 4082 3728 4135 continuo

2150 4171 2290 4226 duos
2318 4170 2637 4236 monachos,
2671 4169 2766 4240 qui
2794 4169 3163 4224 observabant
3191 4169 3261 4224 ad
3283 4170 3522 4240 januam
3545 4186 3728 4224 mona-

2151 4259 2328 4328 sterii,
2349 4259 2747 4330 mandavitque
2767 4277 2868 4331 per
2883 4277 2978 4314 eos
2989 4259 3166 4315 sorori
3187 4276 3320 4326 suae,
3335 4259 3527 4314 dicens
3554 4278 3565 4312 :
3583 4260 3724 4314 Ecce.

2151 4365 2326 4415 soror,
2363 4349 2568 4404 audisti
2601 4354 2656 4402 et
2685 4349 2992 4419 cognovisti
3020 4349 3152 4420 quia
3180 4348 3318 4414 vivo,
3350 4364 3422 4403 ne
3443 4349 3726 4403 contriste-

474 4435 2068 4510 ctamcharitatemtuam.Haeccumaudissetsupradictus
2088 4419 2246 4504 Dris,
2281 4439 2414 4510 quia
2438 4438 2670 4492 minime
2709 4455 2800 4492 me
2827 4419 3049 4502 vidisti,
3082 4438 3180 4492 sed
3225 4438 3408 4508 magis
3449 4438 3725 4493 considera

472 4527 735 4595 Joannes,
775 4525 1140 4582 contristatus
1171 4530 1258 4580 est
1279 4525 1466 4594 nimis,
1497 4531 1554 4582 et
1593 4527 1875 4598 cogitabat
1916 4528 2066 4599 apud
2146 4528 2452 4583 vanitatem
2480 4533 2537 4582 et
2563 4526 2986 4582 instabilitatem
3001 4527 3290 4599 praesentis
3305 4528 3519 4588 mundi.
3541 4533 3599 4582 et
3615 4543 3727 4581 con-

471 4617 859 4688 semetipsum,
893 4615 1118 4671 dicens:
1155 4615 1433 4680 Quoniam
1453 4616 1502 4673 si
1529 4617 1836 4688 permisero
1882 4622 1947 4673 ut
1991 4617 2063 4672 ad
2143 4622 2298 4671 verte
2323 4634 2419 4672 cor
2444 4623 2628 4683 tuum,
2661 4622 2718 4672 et
2739 4617 3095 4688 apprehende
3124 4621 3326 4671 sanctae
3354 4616 3480 4671 vita:
3509 4632 3725 4670 conver-

469 4721 564 4762 me
591 4706 781 4762 veniat
803 4721 963 4761 soror
991 4721 1141 4775 mea,
1160 4704 1231 4760 de
1255 4711 1456 4761 caetero
1482 4705 1711 4762 licentia
1737 4707 1906 4762 datur
1933 4711 1994 4762 ut
2011 4713 2068 4762 et
2147 4706 2444 4773 sationem,
2471 4711 2535 4761 ut
2560 4707 2736 4777 possis
2765 4706 3054 4778 pervenire
3074 4706 3145 4760 ad
3173 4693 3438 4761 aeternam
3467 4707 3656 4773 vitam,
3678 4711 3725 4758 et

471 4795 567 4850 alii
595 4801 858 4866 parentes
879 4799 938 4850 et
964 4794 1265 4866 propinqui
1291 4795 1469 4850 nostri
1488 4797 1717 4851 veniant
1737 4796 1810 4851 ad
1831 4797 2062 4852 visitan-
2147 4796 2219 4850 ad
2246 4796 2495 4850 caelestia
2521 4795 2686 4863 bona,
2729 4813 2851 4867 quae
2888 4795 3220 4867 praeparavit
3265 4794 3628 4866 diligentibus
3673 4809 3722 4846 se

470 4884 608 4938 dum
636 4899 726 4938 me
751 4901 764 4950 ;
786 4884 1022 4955 ideoque
1051 4883 1309 4939 tractavit
1336 4883 1485 4956 apud
1515 4901 1575 4940 se
1612 4889 1678 4940 ut
1717 4885 1897 4956 magis
1943 4885 2064 4956 ipse
2145 4885 2436 4952 Dominus,
2469 4891 2527 4940 et
2553 4885 2885 4939 facientibus
2916 4885 3181 4940 mandata
3202 4886 3340 4956 ejus.
3374 4885 3576 4940 Tracta
3602 4900 3720 4954 ergo

467 4977 732 5046 pergeret
759 4977 816 5028 et
841 4971 1098 5028 visitaret
1123 4989 1373 5028 sororem
1405 4990 1603 5043 suam;
1635 4975 1851 5046 accepit
1890 4975 2062 5030 etiam

467 5062 610 5119 alios
630 5062 771 5117 duos
793 5077 984 5117 secum
1010 5061 1216 5131 fratres
1241 5062 1312 5117 de
1339 5063 1699 5120 monasterio.
1725 5064 1794 5120 Et
1817 5081 1944 5118 cum
1975 5081 2063 5120 ve-

465 5152 646 5208 nisset
672 5151 743 5206 ad
767 5152 1004 5222 januam
1028 5151 1359 5207 monasterii
1392 5153 1598 5208 sororis
1623 5169 1738 5208 suae
1779 5153 2056 5220 clamavit,

467 5243 692 5314 dicens:
735 5240 1077 5308 Benedicite,
1107 5241 1383 5296 et'audite
1428 5243 1771 5314 peregrinos.
1823 5243 2062 5313 Egressa

465 5337 552 5389 est
577 5336 766 5402 autem
796 5346 955 5386 soror
979 5332 1104 5402 ejus
1123 5347 1252 5386 cum
1271 5330 1383 5386 alia
1398 5331 1614 5388 famula
1624 5331 1746 5398 Dei,
1766 5336 1823 5385 et
1841 5331 2062 5403 aperuit

461 5421 716 5491 januam,
740 5425 799 5476 et
817 5419 1040 5493 penitus
1059 5436 1174 5475 non
1193 5419 1452 5492 cognovit
1463 5419 1694 5475 fratrem
1713 5436 1877 5475 suum
1903 5439 1915 5488 ς
1940 5420 2060 5493 ipse

467 5514 656 5564 autem
681 5509 939 5580 cognovit
965 5525 1216 5564 sororem
1245 5525 1428 5576 suam,
1455 5509 1554 5564 sed
1581 5525 1694 5564 non
1719 5513 1806 5564 est
1841 5510 2060 5566 locutus
2085 5568 2090 5576 ,

2146 4975 2293 5046 apud
2323 4981 2399 5040 te,
2435 4975 2568 5046 quia
2595 4975 2712 5030 haec
2732 4981 2818 5028 est
2847 4975 2962 5028 sola
2989 4991 3120 5028 vera
3146 4981 3204 5028 et
3224 4976 3386 5028 ﬁrma
3415 4991 3558 5046 spes,
3583 4974 3721 5030 utra-

2143 5063 2255 5118 ciat
2283 5064 2448 5119 homo
2481 5068 2758 5136 praecepta
2784 5063 2905 5130 Dei,
2939 5069 3003 5117 ut
3032 5069 3314 5118 mereatur
3343 5064 3508 5119 homo
3537 5080 3716 5136 perve-

2143 5153 2265 5208 nire
2293 5154 2365 5208 ad
2394 5153 2640 5224 gloriosa
2665 5159 2721 5208 et
2749 5159 2958 5208 aeterna
2985 5153 3259 5224 promissa
3285 5153 3510 5208 Domini
3538 5154 3718 5212 Salva-

2141 5243 2281 5298 toris
2309 5243 2486 5298 nostri
2513 5243 2741 5298 Christi.
2776 5244 2904 5298 Haec
2931 5248 3120 5298 autem
3154 5260 3279 5297 cum
3319 5233 3578 5302 audisset
3613 5243 3712 5305 illa,

2142 5332 2335 5386 statim
2353 5337 2687 5404 compuncta
2711 5337 2796 5386 est
2813 5333 2996 5398 corde,
3039 5333 3425 5405 lacrymasque
3465 5331 3718 5388 fundebat

2143 5421 2203 5476 in
2230 5428 2531 5493 conspectu
2551 5421 2793 5488 Domini,
2813 5427 2869 5476 et
2893 5427 3020 5494 post
3048 5424 3336 5494 paululum
3365 5424 3615 5495 ingressa
3642 5427 3715 5475 est

2142 5511 2202 5565 in
2226 5512 2633 5566 monasterium
2661 5511 2940 5582 virginum
2970 5513 3308 5570 famularum
3329 5514 3457 5580 Dei,
3485 5513 3628 5584 quod
3665 5511 3713 5564 in

533 5621 801 5697 ﬁ-Sapra,
830 5625 870 5680 ι.
901 5639 941 5694 I,
972 5626 1033 5682 in
1057 5625 1191 5685 Vita
1217 5625 1400 5684 sancti
1429 5624 1736 5695 Pachumii,
1775 5643 1826 5689 c.
1860 5625 1947 5696 28,
1991 5627 2199 5683 dicitur
2226 5628 2296 5687 de
2329 5644 2520 5685 sorore
2546 5628 2852 5686 Pachomii.

3839 4131 3841 4162 1
