3876 6378
137 342 233 402 761

1425 351 1667 408 VERBA
1705 351 2096 409 SENIORUM.

3300 343 3406 401 762

135 474 327 529 eodem
338 472 456 528 vico
486 478 870 529 constructum
887 481 1026 543 erat,
1046 481 1104 531 et
1123 474 1447 548 procedenti
1465 482 1720 550 tempore
1739 480 1784 540 Α
1802 478 1985 532 varias
2012 482 2162 532 artes
2190 492 2342 545 suas,
2373 492 2512 547 quas
2539 480 2731 533 contra
2761 474 3066 529 servientes
3096 470 3231 538 Deo,
3267 486 3392 527 ma-

134 563 604 633 multiplicabatur
628 562 687 617 in
717 570 910 619 sancto
940 566 1224 637 preposito
1252 566 1463 621 famula
1491 568 1719 623 Christi.

202 654 330 707 Haec
357 653 547 723 itaque
574 658 735 722 gesta
750 670 878 707 cum
904 656 1154 709 audisset
1182 660 1362 710 mater
1390 673 1607 723 eorum,
1631 659 1723 713 de-

133 748 358 815 precata
386 747 472 796 est
516 742 823 813 episcopos,
875 749 931 797 et
959 745 1236 799 dederunt
1276 746 1326 799 ei
1357 747 1621 817 epistolas
1650 748 1722 803 ad

133 831 512 902 supradictum
536 837 794 886 sanctum
817 833 1178 888 Pachomium
1204 834 1429 889 Patrem
1445 842 1723 891 monaste-

132 922 339 975 riorum
390 937 490 991 pro
525 920 640 974 ﬁlio
684 922 805 989 ejus
851 922 1083 991 (Supra,
1112 906 1157 977 ἶ.
1205 927 1341 989 1,1'n
1384 927 1495 978 Vita
1542 930 1724 981 sancti

135 1010 428 1075 Pachomii,
462 1026 579 1077 mp.
607 1007 717 1077 3|).
758 1011 1011 1081 Cumque
1054 1011 1314 1080 venisset,
1349 1013 1616 1084 applicuit
1664 1016 1724 1071 in

132 1099 466 1153 monasterio
496 1098 835 1153 famularum
866 1100 986 1167 Dei,
1022 1106 1078 1155 et
1103 1101 1307 1156 direxit
1332 1102 1624 1173 epistolam
1652 1106 1725 1160 ad

131 1188 356 1242 Patrem
372 1188 718 1254 monasterii,
734 1189 1031 1244 obsecrans
1049 1191 1518 1247 utvideretﬁlium
1532 1212 1722 1249 suum.

134 1279 338 1331 Beatus
365 1282 554 1331 autem
588 1278 921 1332 Pachomius
943 1281 1156 1334 vocavit
1184 1282 1306 1351 ejus
1344 1282 1524 1337 ﬁlium
1543 1284 1727 1338 Theo-

134 1366 352 1429 dorum,
403 1369 461 1418 et
505 1366 650 1420 dixit
702 1367 796 1420 ei:
837 1367 1054 1432 Audivi,
1087 1368 1185 1435 ﬁli,
1220 1371 1353 1440 quia
1402 1377 1584 1425 mater
1631 1378 1731 1427 tua

136 1454 362 1509 advenit
374 1460 603 1525 propter
616 1460 689 1509 te.
709 1456 905 1526 Itaque
925 1462 1153 1529 propter
1167 1459 1430 1530 epistolas
1449 1460 1729 1533 episcopo-

137 1560 257 1598 rum
289 1543 387 1614 qui
418 1544 766 1615 scripserunt
792 1546 863 1599 ad
894 1562 1000 1603 me.
1033 1547 1188 1612 vade,
1219 1555 1275 1602 et
1304 1549 1489 1603 videat
1526 1556 1582 1604 te
1606 1568 1728 1606 ma-

135 1638 219 1687 ter
248 1638 367 1688 tua.
392 1632 545 1687 Dixit
561 1634 611 1686 ei
632 1634 987 1688 Theodorus:
1015 1636 1334 1707 Praecepisti
1363 1639 1521 1704 mihi,
1547 1640 1728 1694 domi-

136 1742 221 1791 ne,
246 1728 311 1779 ut
336 1725 557 1779 videam
588 1731 826 1780 matrem
858 1743 1040 1781 meam
1065 1747 1077 1795 ;
1112 1728 1157 1781 si
1181 1746 1313 1799 ergo
1330 1729 1519 1784 abiero
1539 1731 1727 1786 videre

138 1831 258 1868 eam
289 1819 418 1885 post
464 1819 682 1869 tantam
714 1816 1004 1870 scientiam
1036 1818 1406 1887 spiritualem,
1436 1837 1631 1875 vereor
1657 1837 1729 1876 ne

134 1903 424 1975 culpabilis
448 1904 700 1958 inveniar
710 1906 857 1976 apud
881 1906 1080 1975 Deum;
1103 1909 1313 1962 etenim
1334 1910 1627 1980 oportebat
1640 1927 1728 1964 me

134 1992 516 2047 fortitudinem
548 1994 723 2047 animi
753 1995 862 2048 mei
893 1996 961 2049 ad
996 1998 1314 2067 exemplum
1345 1998 1584 2053 aliorum
1614 2000 1728 2054 fra-

133 2088 279 2136 trum
310 2083 719 2138 demonstrare.
742 2084 991 2138 Audiens
1021 2092 1211 2139 autem
1243 2092 1424 2141 mater
1454 2088 1587 2158 quia
1613 2105 1726 2144 non

135 2172 411 2242 acquievit
439 2172 627 2227 videre
678 2190 821 2238 eam,
869 2175 1044 2229 nimio
1083 2176 1284 2230 affectu
1312 2176 1528 2231 fervens
1557 2178 1616 2232 in
1660 2180 1727 2233 ﬁ-

134 2259 289 2325 lium,
312 2260 497 2315 noluit
515 2276 767 2315 remeare
792 2261 863 2314 ad
886 2262 1115 2316 domum
1147 2280 1327 2330 suam,
1354 2266 1447 2318 sed
1471 2282 1730 2336 perman-

136 2349 209 2403 sit
250 2349 308 2403 in
356 2350 696 2405 monasterio
740 2350 1039 2422 virginum,
1081 2352 1314 2406 dicens:
1368 2354 1644 2417 Quoniam
1681 2356 1729 2410 si

136 2455 496 2509 permansere
524 2439 635 2505 hic,
668 2457 813 2511 szepe
843 2441 1012 2494 etiam
1053 2441 1249 2496 videbo
1288 2443 1467 2498 ﬁlium
1514 2460 1726 2513 meum,

135 2545 257 2582 cum
293 2528 446 2582 inter
488 2528 627 2582 alios
665 2529 869 2583 fratres
905 2530 1226 2599 egredietur
1269 2532 1339 2585 ad
1383 2534 1730 2588 necessarias

136 2616 465 2672 monasterii
496 2634 712 2685 causas,
747 2623 804 2672 et
835 2618 1063 2672 monitis
1098 2625 1155 2673 et
1191 2620 1578 2676 exhortatione
1609 2624 1730 2694 ejus

136 2708 403 2778 proﬁcere
425 2723 651 2777 possum
680 2708 737 2761 in
760 2712 955 2761 sancta
984 2710 1423 2775 conversatione,
1456 2712 1731 2767 doctrina-

137 2812 240 2867 que
263 2797 387 2867 ejus
419 2795 725 2867 spiritualis
752 2797 1106 2851 conﬁrmabit
1135 2815 1231 2852 eor
1261 2815 1471 2863 meum,
1503 2806 1569 2855 ut
1609 2819 1729 2856 me-

136 2901 258 2938 rear
284 2884 578 2955 pervenire
607 2884 677 2937 ad
702 2890 970 2937 aeternam
993 2886 1243 2955 requiem
1275 2903 1443 2957 quam
1474 2890 1732 2958 promisit

134 2974 404 3028 Dominus
432 2978 624 3027 noster
646 2974 809 3027 Jesus
839 2972 1096 3027 Christus
1122 2975 1482 3044 diligentibus
1506 2994 1583 3030 se.

199 3063 381 3118 Multa
425 3068 615 3117 autem
646 3066 703 3116 et
746 3062 1045 3132 magniﬁca
1090 3080 1191 3134 per
1218 3070 1476 3119 sanctum
1515 3066 1728 3121 Pacho-

1804 568 2062 639 ximeque
2084 571 2280 622 contra
2300 565 2601 620 monachos
2619 564 2847 619 habent.
2872 563 3114 628 Quidam
3131 563 3282 617 enim
3311 561 3399 616 di-

1804 657 2038 711 cebant:
2075 656 2219 721 Quia
2236 672 2339 726 ego
2373 661 2657 710 certamen
2694 659 2889 709 contra
2912 652 3276 707 durissimum
3306 652 3402 706 ho-

1806 747 2015 801 minem
2038 746 2238 813 habeo,
2265 750 2321 799 et
2340 745 2559 817 quoties
2580 744 2629 798 ei
2650 743 2893 798 immitto
2926 758 3215 815 perversas
3254 741 3401 812 cogi-

1804 837 2066 902 tationes,
2091 836 2184 889 ille
2201 835 2391 889 statim
2409 833 2609 903 surgit,
2633 838 2690 886 et
2712 832 3015 903 prosternit
3040 848 3099 885 se
3110 831 3168 885 in
3197 830 3401 884 oratio-

1805 942 1894 991 ne,
1913 942 2039 979 cum
2054 925 2269 995 gemitu
2287 939 2455 978 orans
2475 924 2544 977 ad
2567 939 2689 976 esse
2711 921 2812 976 sibi
2838 921 3086 975 divinum
3107 919 3398 975 auxilium.

1808 1015 1921 1084 Ego
1951 1019 2138 1068 autem
2166 1014 2396 1067 minime
2427 1012 2523 1066 illo
2549 1016 2852 1081 exurgente
2881 1027 3005 1065 cum
3034 1009 3237 1080 grandi
3266 1024 3399 1062 con-

1807 1103 2027 1157 fusione
2049 1102 2329 1173 egredior.
2354 1103 2498 1156 Item
2512 1101 2655 1154 alius
2674 1100 2893 1154 daemon
2913 1098 3134 1152 dicebat
3157 1115 3168 1151 :
3196 1098 3310 1168 Ego
3330 1096 3402 1151 ad

1810 1191 1969 1246 illum
1999 1209 2165 1263 quem
2197 1191 2446 1255 observo,
2479 1207 2604 1244 cum
2635 1189 2687 1243 ei
2716 1188 3085 1258 cogitationes
3113 1186 3398 1240 immisero

1808 1280 1869 1336 in
1878 1281 2062 1348 corde,
2088 1280 2381 1345 consentit,
2399 1286 2455 1333 et
2466 1278 2716 1349 suscipit,
2733 1284 2791 1331 et
2802 1277 2933 1331 facit
2951 1277 3233 1346 eas.Saepe
3252 1274 3425 1349 enimp

1811 1371 2170 1425 exardescere
2199 1385 2329 1423 eum
2359 1369 2418 1422 in
2462 1367 2754 1422 iracundia
2791 1365 2949 1430 facio,
2984 1371 3041 1418 et
3085 1364 3144 1418 in
3172 1369 3404 1418 conten-

1809 1459 1991 1514 tiones
2018 1460 2168 1526 rixae,
2203 1464 2260 1513 et
2288 1457 2574 1529 pigritiam
2604 1455 2893 1521 orationis,
2922 1459 2981 1509 et
3007 1452 3406 1507 dormitionem

1811 1548 1869 1602 in
1897 1548 2227 1620 psalmodia,
2262 1552 2319 1603 et
2345 1564 2458 1602 non
2481 1544 2814 1600 contradicit
2829 1542 2985 1597 mihi.
3016 1541 3277 1612 Ideoque,
3298 1542 3406 1595 fra-

1810 1641 1926 1692 tres
1957 1638 2067 1691 mei
2096 1636 2463 1702 dilectissimi,
2497 1651 2721 1705 semper
2748 1636 2970 1704 oportet
2990 1636 3054 1685 ut
3079 1630 3408 1685 custodiatis

1810 1743 2038 1781 sensum
2068 1732 2126 1781 et
2152 1727 2406 1781 animum
2432 1730 2701 1790 vestrum,
2722 1723 3046 1777 invocantes
3068 1736 3273 1775 nomen
3301 1716 3409 1774 D04

1753 1798 1791 1861 Β
1813 1816 1954 1870 mini
1983 1816 2162 1870 nostri
2185 1817 2212 1870 J
2218 1832 2317 1869 esu
2347 1814 2574 1879 Christi,
2596 1819 2653 1866 et
2679 1811 2986 1866 secundum
3005 1815 3284 1881 praecepta
3302 1808 3405 1863 Dei

1810 1905 2221 1960 conversamini
2250 1910 2367 1959 tam
2404 1904 2463 1958 in
2497 1900 2843 1958 orationibus
2869 1916 3039 1972 quam
3068 1897 3400 1970 psalmodia,

1811 1995 1955 2049 sicut
1993 1994 2130 2049 dicit
2174 1994 2475 2065 Apostolus
2522 2010 2533 2045 :
2567 1993 2847 2046 Instantes
2885 1988 3145 2055 orationi,
3179 1992 3236 2041 et
3258 1985 3403 2057 vigi-

1811 2084 1994 2138 lantes
2020 2083 2079 2138 in
2104 2100 2189 2140 ea.
2222 2083 2465 2155 Ideoque
2494 2098 2622 2136 cum
2652 2078 3081 2151 compunctione
3109 2082 3167 2131 et
3194 2074 3402 2129 timore

1809 2173 1991 2227 cordis
2004 2172 2362 2243 vigilantibus
2374 2177 2563 2237 δοῦ
2576 2186 2688 2224 non
2704 2166 3084 2241 praevalebunt
3097 2180 3296 2220 nocere
3308 2179 3404 2218 no.

1808 2261 1894 2315 bis
1909 2262 2210 2316 adversarii
2224 2268 2281 2316 et
2299 2258 2734 2315 immundissimi
2751 2258 3031 2312 daemones
3068 2256 3193 2326 Ipse
3211 2258 3401 2307 autem

1810 2350 2009 2406 beatus
2037 2352 2207 2406 Pater
2232 2350 2566 2405 Pachomius
2590 2347 2825 2403 docebat
2849 2346 3072 2412 fratres,
3096 2348 3162 2399 ut
3182 2357 3404 2413 semper

1812 2456 2090 2495 memores
2121 2445 2309 2495 essent
2337 2438 2489 2494 verbi
2534 2437 2656 2500 Dei,
2710 2438 2771 2490 in
2806 2436 3047 2490 salutem
3087 2432 3404 2488 animarum

1812 2546 2062 2584 suarum.
2104 2529 2469 2584 Postmodum
2498 2544 2627 2581 vero
2664 2525 2986 2580 discedebat
3020 2522 3406 2593 unusquisque

1812 2619 2050 2674 fratrum
2079 2620 2137 2673 in
2158 2620 2384 2674 cellulas
2414 2634 2565 2683 suas,
2593 2619 2890 2688 operantes
2909 2612 3170 2668 manibus
3197 2610 3332 2676 suis,
3350 2616 3407 2665 et

1812 2710 2149 2764 meditantes
2175 2726 2297 2780 quae
2325 2708 2394 2762 de
2414 2706 2587 2762 sacris
2617 2704 2920 2777 Scripturis
2947 2703 3277 2758 didicerant.
3301 2701 3409 2755 Im-

1812 2797 2073 2870 possibile
2122 2805 2207 2852 est
2235 2798 2385 2852 enim
2425 2798 2669 2867 aliquem
2699 2794 2848 2866 apud
2879 2809 2974 2847 eos
3002 2791 3233 2846 verbum
3263 2789 3407 2844 otio-

1812 2904 1940 2942 sum
1973 2887 2147 2958 loqui,
2173 2887 2270 2941 sed
2301 2904 2368 2941 ea
2382 2891 2605 2941 tantum
2636 2901 2759 2956 quae
2782 2883 2851 2937 de
2869 2882 3080 2937 sanctis
3106 2878 3409 2951 Scripturis
3446 2948 3453 2951 _

1812 2977 2119 3031 didicerant
2141 2982 2303 3031 erant
2323 2977 2471 3031 inter
2497 2993 2556 3029 se
2587 2973 2956 3039 conferentes,
2989 2975 3047 3026 et
3066 2974 3406 3042 exponentes

1813 3065 1883 3120 de
1909 3066 2169 3138 capitulis
2197 3066 2635 3138 Scripturarum,
2651 3080 2774 3135 quae
2813 3062 2885 3116 ad
2903 3061 3163 3115 timorem
3186 3056 3409 3113 Domini

134 3152 305 3206 mium
335 3152 469 3205 fecit
495 3151 766 3205 Dominus
792 3150 1091 3206 mirabilia.
1124 3153 1270 3206 Nam
1308 3159 1366 3207 et
1390 3170 1426 3208 a
1453 3154 1727 3209 daamoni-
1748 3166 1793 3226 ο
1812 3156 2211 3210 conﬁrmarent
2240 3160 2297 3209 et
2322 3154 2708 3209 illuminarent
2726 3151 2943 3206 animas
2973 3165 3188 3204 eorum.

139 3240 239 3297 bus
294 3241 551 3296 obsessos
597 3240 918 3311 frequenter
947 3240 1201 3295 invocato
1252 3241 1459 3297 Christi
1507 3244 1732 3299 Domini

135 3331 361 3384 nomine
399 3330 630 3384 curavit.
668 3330 859 3383 Multis
894 3330 1064 3384 etiam
1094 3330 1344 3385 diversas
1372 3332 1733 3403 egritudines

139 3419 562 3485 sustinentibus,
596 3424 652 3472 et
698 3418 1039 3489 paralyticis,
1074 3419 1423 3475 orationibus
1462 3422 1585 3493 ejus
1632 3422 1736 3477 mi-

140 3515 319 3564 sertus
349 3515 437 3562 est
463 3508 755 3563 Dominus.

207 3598 296 3653 35.
335 3598 511 3653 Multo
542 3604 794 3668 tempore
818 3595 1017 3650 beatus
1046 3596 1219 3652 abbas
1244 3598 1581 3655 Pachomius
1602 3616 1734 3655 con-

138 3692 227 3741 tra
252 3687 739 3742 immundissimas
783 3686 1103 3740 daemonum
1132 3687 1587 3759 impugnationes
1621 3706 1738 3744 cer-

139 3781 328 3835 tamen
359 3776 570 3831 bonum
608 3775 860 3841 certavit,
899 3775 1044 3829 sicut
1066 3776 1279 3831 athleta
1306 3777 1577 3844 veritatis,
1609 3784 1735 3833 tan-

141 3883 306 3938 quam
334 3871 393 3920 et
419 3865 616 3920 beatus
643 3864 923 3919 Antonius
946 3864 1176 3935 (Supra,
1213 3868 1252 3919 ι.
1278 3879 1351 3932 Iv,
1375 3868 1437 3920 in
1472 3869 1586 3921 Vita
1612 3885 1740 3923 san-

141 3958 213 4008 cti
230 3956 535 4021 Pachumii,
560 3971 674 4024 cap.
708 3952 843 4023 ‘20).-
863 3954 1114 4025 Denique
1154 3954 1546 4009 intentissimis
1566 3957 1741 4027 preci-

139 4042 240 4099 bus
269 4044 522 4099 exoravit
548 4043 850 4098 Dominum
870 4048 935 4098 ut
960 4060 1218 4098 somnum
1242 4060 1355 4099 non
1384 4051 1609 4116 caperet
1638 4063 1742 4117 per

140 4133 365 4205 aliquod
412 4139 654 4204 tempus,
688 4138 965 4205 quatenus
994 4132 1192 4187 diebus
1221 4150 1285 4187 ac
1331 4134 1586 4189 noctibus
1618 4152 1741 4207 per-

140 4224 269 4294 vigil
298 4227 658 4294 permaneret
677 4227 871 4276 contra
897 4222 1249 4277 adversarios
1269 4223 1550 4279 demones
1580 4225 1740 4279 dimi-

141 4313 336 4378 cando,
372 4312 548 4367 donec
582 4316 963 4383 prosterneret
1012 4316 1069 4365 et
1105 4318 1400 4383 superaret
1429 4330 1543 4378 eos,
1594 4314 1741 4369 sicut

141 4401 352 4456 dicitur
378 4400 440 4455 in
461 4401 713 4473 psalmo:
744 4401 814 4456 Et
832 4417 943 4455 non
957 4408 1267 4467 convertar,
1291 4403 1741 4457 donecdeﬁciant

1886 3243 1970 3299 36.
1991 3244 2122 3298 Fuit
2144 3244 2372 3315 quidam
2386 3244 2469 3297 vir
2492 3258 2730 3312 magnus
2750 3241 2819 3295 de
2843 3238 3050 3294 sanctis
3069 3235 3405 3300 senioribus,

1815 3333 1903 3387 cui
1931 3333 2100 3387 talem
2132 3333 2372 3402 gratiam
2405 3332 2712 3386 donaverat
2742 3328 3016 3395 Christus,
3046 3326 3329 3381 revelante
3359 3324 3409 3379 ei

1818 3422 2031 3494 Spiritu
2076 3428 2288 3489 sancto,
2322 3427 2388 3476 ut
2435 3421 2647 3475 videret
2683 3418 2832 3491 quod
2861 3417 2958 3471 alii
2994 3432 3109 3471 non
3148 3413 3411 3468 videbant

1815 3510 2026 3583 (Joan.,
2060 3513 2155 3569 lib.
2184 3529 2219 3577 ι,
2244 3528 2302 3567 η.
2334 3509 2411 3582 3).
2438 3509 2774 3565 Rcferebant
2794 3523 2925 3578 ergo
2955 3504 3135 3560 sancti
3162 3504 3412 3558 seniores

1819 3600 1951 3671 quia
1962 3599 2264 3671 aliquando
2286 3597 2686 3671 quamplurimi
2714 3595 2985 3651 sedebant
3009 3594 3232 3659 fratres,
3256 3598 3315 3646 et
3342 3590 3415 3645 si-
3448 3615 3455 3621 -

1819 3690 1938 3744 mul
1966 3689 2343 3761 loquebantur
2366 3688 2515 3743 inter
2542 3705 2620 3754 se,
2649 3692 2707 3741 et
2727 3684 3089 3741 conferebant
3116 3683 3184 3737 de
3204 3681 3413 3737 sanctis

1820 3778 2121 3850 Scripturis
2141 3795 2262 3849 quae
2279 3779 2348 3832 ad
2370 3778 2609 3832 salutem
2631 3775 2916 3848 pertinent
2930 3773 3267 3828 animarum.
3294 3771 3413 3824 Sta-

1821 3868 1958 3923 bant
1977 3873 2165 3922 autem
2190 3868 2338 3921 circa
2365 3884 2459 3921 eos
2488 3866 2666 3921 sancti
2695 3864 2881 3935 angeli
2901 3864 3155 3918 laetantes
3169 3860 3228 3915 in
3248 3859 3413 3913 hilari

1820 3958 1996 4023 vultu,
2056 3956 2493 4022 considerantes,
2538 3954 2963 4010 delectabantur
3007 3950 3157 4006 enim
3205 3949 3274 4003 de
3303 3948 3413 4002 elo-

1822 4048 1969 4119 quiis
1990 4046 2238 4102 Domini.
2270 4048 2410 4101 Cum
2450 4051 2642 4099 autem
2669 4043 2822 4098 aliud
2857 4041 3228 4114 quodcunque
3266 4038 3415 4091 inter

1820 4153 1881 4191 se
1911 4137 2292 4208 loquerentur,
2323 4136 2515 4190 statim
2542 4134 2721 4189 sancti
2737 4132 2923 4203 angeli
2944 4129 3278 4186 recedebant
3296 4128 3414 4181 lon-

1818 4226 1947 4296 gius
1974 4225 2332 4295 indignantes
2362 4230 2556 4279 contra
2586 4240 2681 4278 eos
2705 4242 2717 4290 ;
2750 4220 3049 4276 veniebant
3071 4224 3260 4274 autem
3288 4232 3413 4289 por-

1821 4315 1871 4369 ci
1899 4314 2269 4370 sordidissimi
2299 4319 2355 4368 et
2381 4312 2575 4369 morbo
2606 4312 2777 4385 pleni,
2809 4316 2865 4366 et
2900 4308 3223 4365 volutabant
3243 4323 3303 4361 se
3325 4306 3414 4359 in-

1820 4409 1908 4458 ter
1937 4421 2057 4458 eos:
2096 4404 2377 4458 daemones
2406 4403 2557 4458 enim
2597 4403 2656 4456 in
2698 4402 2881 4474 specie
2912 4414 3207 4472 porcorum
3232 4395 3414 4449 delec-

144 4494 279 4559 (Psal
329 4492 479 4559 xvn).
512 4491 781 4545 Praestitit
806 4508 961 4561 ergo,
996 4497 1053 4545 et
1081 4493 1357 4546 concessit
1387 4492 1437 4546 ei
1466 4494 1737 4548 Dominus
1760 4484 2089 4548 Dtabantur
2111 4510 2213 4564 per
2230 4494 2517 4564 superflua
2542 4496 2600 4546 et
2627 4490 2946 4561 vaniloquia
2970 4503 3183 4543 eorum.
3211 4485 3414 4541 Beatus

141 4580 471 4651 petitionem
511 4581 652 4650 ejus.
698 4580 1077 4652 Impossibiles
1121 4581 1273 4635 enim
1326 4586 1383 4635 et
1438 4581 1740 4638 imbecilles
1822 4587 2014 4638 autem
2045 4582 2233 4637 senior
2260 4582 2376 4636 haec
2410 4581 2622 4646 videns,
2660 4578 2800 4633 abiit
2834 4579 2895 4632 in
2940 4577 3198 4630 cellulam
3229 4589 3411 4638 suam,

143 4676 274 4724 sunt
318 4670 618 4736 daemones,
662 4686 791 4724 cum
835 4670 960 4741 quis
1002 4674 1261 4725 nostrum
1304 4686 1369 4723 ex
1396 4676 1517 4725 tota
1545 4672 1655 4726 ﬁde
1685 4677 1743 4726 et
1823 4677 1882 4726 et
1897 4688 2000 4742 per
2024 4676 2203 4725 totam
2220 4676 2441 4725 noctem
2468 4685 2595 4724 cum
2613 4667 2816 4738 grandi
2836 4668 2973 4721 ﬂetu
2999 4670 3057 4719 et
3084 4664 3304 4719 ululatu
3321 4678 3417 4732 ge-

144 4775 207 4813 ex
235 4764 361 4813 tota
386 4758 699 4814 intentione
731 4758 913 4813 cordis
939 4759 1186 4813 fervente
1216 4763 1408 4813 sancto
1438 4760 1734 4827 desiderio,

143 4859 199 4907 et
243 4854 547 4923 adjuvante
598 4870 700 4908 nos
753 4853 960 4908 virtute
1010 4852 1314 4908 Salvatoris
1377 4853 1557 4907 nostri
1606 4854 1739 4908 Jesu

144 4942 373 5008 Christi,
408 4942 798 4997 contendimus
824 4947 1019 4997 contra
1047 4957 1160 4996 eos.

212 5030 554 5086 Referebant
580 5036 769 5086 autem
801 5030 961 5085 nobis
989 5030 1191 5085 fratres
1216 5029 1285 5085 de
1311 5029 1506 5085 eodem
1540 5029 1741 5085 beatis-

144 5120 467 5175 simoPatre
496 5120 816 5188 Pachomio,
851 5120 948 5192 qui
970 5120 1094 5187 fuit,
1127 5125 1193 5176 ut
1219 5119 1460 5174 diximus
1501 5122 1590 5184 (In
1623 5122 1741 5174 Vita

142 5210 429 5263 Pachomiz'
451 5226 551 5278 per
571 5211 837 5279 Mctaphr.
869 5227 916 5263 c.
949 5210 1035 5275 55,
1054 5211 1204 5279 apud
1224 5212 1481 5275 Surium,
1508 5215 1635 5263 tam.
1658 5223 1737 5276 III,

146 5298 285 5351 Maii
321 5299 434 5366 14),
460 5299 933 5353 monasteriorum
970 5299 1275 5353 multorum
1308 5298 1367 5352 in
1390 5296 1618 5368 regione
1638 5299 1742 5353 Ta-

145 5384 643 5441 bennensiotarum
675 5388 1025 5459 praepositus.
1057 5386 1397 5442 Referebant
1415 5404 1547 5458 ergo
1578 5387 1646 5442 de
1676 5403 1741 5442 eo

146 5475 414 5545 quoniam
426 5475 751 5547 frequenter
769 5476 991 5531 dicebat
1004 5476 1289 5531 fratribus:
1305 5477 1448 5541 Quia
1465 5477 1630 5544 (sicut
1642 5474 1744 5531 mi-

147 5562 205 5617 hi
224 5564 387 5618 testis
407 5571 495 5620 est
523 5566 795 5622 Dominus
835 5568 1005 5635 Deus)
1036 5582 1181 5638 saepe
1208 5566 1393 5621 audivi
1422 5567 1743 5622 immundos

148 5652 389 5725 spiritus
414 5655 732 5726 daemonum
757 5657 1057 5730 loquentes
1098 5655 1247 5729 inter
1287 5672 1347 5711 se
1391 5655 1636 5712 diversas
1678 5673 1742 5712 ac

1822 4761 2026 4815 mendo
2056 4759 2299 4814 deﬂebat
2317 4758 2572 4813 miserias
2592 4762 2833 4811 nostras.
2854 4752 3267 4810 Exhortabatur
3281 4767 3414 4823 ergo

1821 4854 2045 4904 sanctos
2065 4849 2260 4903 Patres
2286 4864 2387 4920 per
2412 4845 2774 4914 monasteria,
2816 4850 2873 4901 et
2901 4841 3294 4899 commonebat
3306 4841 3415 4896 fra-

1819 4943 1956 5005 tres,
1984 4938 2174 4994 dicens
2206 4956 2217 4990 :
2267 4939 2489 4998 Cavete,
2529 4937 2753 5002 fratres,
2782 4952 2817 4990 a
2844 4934 3219 5006 multiloquio,
3255 4936 3311 4986 et
3343 4929 3413 4985 ab

1823 5027 2014 5083 otiosis
2057 5026 2409 5082 sermonibus
2447 5026 2701 5103 linguam
2757 5024 3068 5098 prohibete,
3110 5038 3210 5095 per
3246 5036 3415 5092 quam

1824 5118 2007 5172 malus
2034 5116 2298 5171 interitus
2326 5117 2527 5172 anima:
2571 5120 2896 5187 generatur,
2929 5120 2986 5169 et
3013 5130 3125 5168 non
3145 5108 3417 5178 intelligi-

1824 5224 1950 5263 mus
1988 5205 2265 5278 quoniam,
2304 5224 2406 5278 per
2451 5207 2570 5261 haec
2615 5210 2674 5261 et
2701 5207 2816 5261 Deo
2859 5210 2917 5259 et
2960 5202 3166 5257 sanctis
3201 5197 3417 5269 angelis

1824 5296 2057 5353 odibiles
2083 5312 2299 5351 sumus.
2347 5295 2494 5350 Dicit
2531 5295 2679 5350 enim
2721 5294 3009 5365 Scriptura
3040 5311 3051 5346 :
3088 5292 3195 5346 Per
3230 5285 3417 5341 multi-

1823 5386 2075 5458 loquium
2101 5400 2214 5439 non
2245 5384 2478 5455 effugies
2505 5388 2794 5456 peccatum
2824 5385 3001 5449 (Prov.
3019 5382 3095 5451 x).
3117 5379 3246 5434 Haec
3265 5376 3416 5432 enim

1825 5476 2109 5531 inﬁrmam
2157 5480 2214 5529 et
2243 5490 2473 5529 vacuam
2517 5472 2766 5528 efﬁciunt
2807 5474 3054 5526 mentem
3093 5473 3261 5540 atque
3290 5466 3414 5522 ani-

1825 5582 1977 5621 mam
2006 5569 2278 5621 nostram.

1865 5725 1874 5733 α
1896 5653 1985 5713 37.
2013 5656 2144 5712 Fuit
2163 5654 2393 5729 quidam
2420 5653 2500 5709 vir
2521 5652 2579 5729 in
2598 5652 2805 5728 palatio
2826 5649 3109 5725 sublimis,
3128 5646 3232 5705 sub
3241 5647 3418 5705 Theo-
3438 5719 3445 5725 δ
