3876 6380
448 347 553 407 763

1548 353 1640 409 DE
1676 354 1864 410 VITIS
1900 346 2201 411 PATRUM
2236 350 2451 410 LIBER
2488 356 2589 411 III.

3610 358 3711 414 ’164

447 476 605 534 dosio
632 475 991 551 imperatore,
1023 481 1249 538 nomine
1276 480 1567 548 Arsenius,
1597 483 1759 553 cujus
1787 482 1949 548 ﬁlios,
1975 481 2032 536 id
2049 483 2099 542 Α
2116 480 2444 554 quisquam
2470 478 2543 536 de
2565 480 2695 535 lacu
2720 479 3041 547 hauriebat,
3081 481 3269 546 ωσι
3304 479 3474 535 homo
3501 484 3589 535 est
3612 481 3710 552 qui

448 570 537 622 est
582 568 884 624 Arcadium
914 574 972 625 et
996 568 1308 627 Honorium
1336 570 1626 643 Augustus
1667 571 1737 626 de
1763 572 2038 645 baptismo

447 656 694 727 suscepit
718 656 902 728 (Pelag
930 699 944 725 ,
980 661 1147 715 lr'belt.
1180 677 1269 727 xv,
1308 677 1365 716 η.
1398 658 1478 730 6).
1529 661 1632 715 Hic
1656 660 1846 733 itaque
1875 665 2039 719 Arse-

448 744 574 799 nius
585 744 864 801 desiderio
875 747 1046 804 divini
1058 750 1266 806 amoris
1283 767 1567 817 accensus,
1584 752 1907 823 relinquens
1921 770 2037 808 om-

447 846 576 889 nem
592 834 778 890 saeculi
789 836 1029 907 gloriam
1040 840 1427 911 temporalem,
1442 841 1687 911 perrexit
1701 841 1771 896 ad
1782 859 2038 899 eremum

448 921 660 991 Scythi,
680 928 745 978 ut
760 924 911 979 inter
936 933 1161 982 sanctos
1190 928 1385 983 Patres
1409 934 1683 984 secretam
1707 936 1765 985 et
1790 932 2039 1003 quietam

445 1008 516 1064 ab
542 1011 697 1067 omni
724 1014 964 1085 strepitu
995 1015 1166 1087 hujus
1193 1017 1389 1072 mundi
1417 1024 1611 1088 ageret
1637 1019 1831 1087 vitam,
1862 1027 1929 1076 ut
1956 1039 2040 1077 se-

444 1104 674 1171 paratus
695 1101 767 1157 ab
785 1101 1064 1159 illecebris
1079 1111 1135 1160 et
1152 1106 1615 1162 delectationibus
1634 1110 2034 1180 corporalibus,

444 1204 572 1243 cum
595 1194 717 1245 tota
742 1193 949 1248 mentis
972 1193 1283 1249 intentione
1311 1196 1623 1251 adhaereret
1651 1198 1891 1254 Domino
1914 1200 2040 1256 Sal-

444 1278 644 1345 vatori,
668 1278 814 1335 sicut
835 1282 1106 1354 scriptum
1138 1290 1258 1339 est:
1284 1285 1535 1341 Adhaesit
1555 1286 1744 1342 anima
1765 1305 1891 1343 mea
1914 1296 2042 1362 post

445 1370 523 1432 te,
568 1383 661 1422 me
706 1373 952 1443 suscepit
980 1371 1210 1427 dextera
1252 1378 1352 1429 tua
1381 1377 1544 1437 (Psal.
1580 1378 1735 1446 an).
1770 1377 2041 1435 Dicebant

447 1470 583 1526 ergo
611 1455 682 1511 de
710 1473 777 1512 eo
805 1460 983 1515 sancti
1014 1461 1261 1517 seniores
1293 1463 1425 1535 quia
1451 1464 1597 1519 sicut
1625 1482 1752 1520 cum
1773 1466 1831 1521 in
1850 1469 2039 1524 saeculi

447 1546 870 1603 conversatione
900 1555 1066 1618 esset,
1085 1552 1253 1606 nimis
1273 1553 1533 1624 pretiosis
1562 1555 1908 1612 vestimentis
1922 1575 2037 1629 prae

449 1633 712 1690 omnibus
737 1637 1022 1706 utebatur,
1060 1639 1141 1694 ita
1168 1642 1544 1713 postmodum,
1575 1642 1635 1697 in
1678 1660 1866 1699 eremo
1904 1646 2041 1718 Scy-

446 1721 581 1777 thiae
618 1723 847 1795 degens,
878 1726 1140 1783 studebat
1166 1734 1231 1783 ut
1252 1729 1323 1783 ab
1353 1731 1612 1786 omnibus
1640 1734 1931 1788 monachis
1959 1737 2041 1789 vi-

448 1810 590 1866 liora
618 1817 675 1867 et
702 1813 1052 1886 despectiora
1079 1818 1414 1874 vestimenta
1441 1820 1689 1876 haberet.

519 1898 609 1957 38.
641 1901 875 1959 Dicebat
894 1905 1067 1961 etiam
1096 1906 1267 1963 abbas
1297 1909 1494 1964 Daniel
1521 1912 1785 1982 quoniam
1815 1918 2043 1969 sanctus

445 1990 716 2048 Arsenius
763 1993 1043 2051 referebat
1071 1997 1339 2053 fratribus
1380 1999 1590 2068 dicens,
1624 2002 1786 2073 quasi
1824 2002 1895 2058 de
1932 2003 2044 2058 alio

447 2078 713 2146 audisset,
746 2083 846 2137 sed
883 2091 1157 2155 quantum
1193 2087 1363 2143 datur
1404 2088 1662 2161 intelligi,
1708 2091 1827 2163 ipse
1872 2092 2042 2147 talem

445 2167 585 2223 vidit
608 2168 876 2227 visionem
906 2176 1136 2243 (Pelag.,
1168 2178 1337 2231 libell.
1370 2192 1524 2244 xvrn,
1557 2193 1623 2235 η.
1652 2176 1706 2248 2)
1734 2196 1747 2232 :
1781 2180 2040 2250 Sedebat,

444 2255 646 2328 inquit,
664 2259 892 2331 quidam
910 2262 978 2317 de
989 2263 1305 2320 senioribus
1320 2267 1678 2323 monachisin
1698 2269 1899 2324 cellula
1917 2287 2040 2338 sua,

446 2350 505 2402 et
518 2345 703 2403 subito
718 2350 873 2405 venit
885 2351 957 2406 ad
975 2369 1104 2408 eum
1125 2369 1229 2409 vox
1248 2355 1439 2411 dicens
1463 2375 1475 2409 :
1502 2357 1780 2429 Egredere
1802 2360 1970 2426 foras,
1987 2365 2045 2415 et

445 2436 738 2492 ostendam
763 2438 867 2494 tibi
887 2456 1060 2513 opera
1086 2441 1398 2499 hominum.
1434 2445 1502 2499 Et
1529 2447 1788 2515 surrexit,
1833 2448 2039 2520 inquit,

446 2528 505 2578 et
523 2540 783 2596 egressus
811 2534 898 2583 est
924 2528 1091 2585 foras.
1119 2530 1294 2587 Duxit
1320 2538 1507 2588 autem
1529 2550 1679 2603 eum,
1709 2542 1767 2590 et
1793 2538 2044 2592 ostendit

446 2612 500 2668 ei
526 2613 852 2688 1Ethiopem
873 2617 1097 2689 nigrum
1112 2637 1239 2676 cum
1252 2622 1436 2677 securi
1456 2624 1765 2680 credentem
1778 2626 1951 2697 ligna,
1984 2633 2042 2683 et

444 2701 744 2759 facientem
763 2707 1035 2776 grandem
1066 2709 1368 2776 sarcinam,
1398 2716 1455 2766 et
1482 2713 1740 2769 tentabat
1752 2715 2042 2771 sublevare

446 2792 728 2849 sarcinam
748 2793 924 2862 illam,
941 2801 998 2851 et
1017 2814 1130 2868 pm
1144 2799 1536 2869 magnitudine
1554 2818 1668 2857 non
1688 2809 1909 2874 poterat
1920 2822 2044 2878 por-

445 2885 571 2939 tare
591 2898 746 2955 eam;
769 2885 864 2939 sed
900 2885 1139 2954 redibat,
1163 2892 1219 2943 et
1254 2889 1503 2945 caedebat
1522 2891 1849 2948 iterumalia
1864 2894 2038 2965 ligna,

451 2975 509 3026 et
536 2971 780 3028 addebat
801 2990 974 3046 super
996 2976 1274 3032 sarcinam
1303 2979 1479 3033 illam.
1498 2981 1710 3036 Iterum
1739 2989 1929 3037 autem
1950 3002 2042 3039 os-

447 3059 631 3116 tendit
658 3062 709 3116 ei
739 3062 911 3118 alium
954 3065 1244 3122 hominem
1279 3072 1525 3123 stantem
1563 3087 1732 3143 super
1760 3073 1963 3139 lacum,
1988 3078 2045 3129 et

2119 571 2308 643 aliqua
2333 570 2483 626 bona
2508 574 2793 642 operatur,
2816 569 2914 624 sed
2940 569 3075 641 quia
3099 569 3251 624 mala
3277 570 3448 624 etiam
3468 569 3709 641 amplius

2119 677 2221 733 per
2245 665 2473 732 peccata
2500 664 2786 732 operatur,
2819 663 2877 713 et
2916 658 3043 713 ideo
3085 662 3324 730 pereunt
3367 662 3426 713 et
3451 658 3710 714 delentur

2120 749 2291 804 etiam
2316 749 2463 804 bona
2482 762 2653 821 opera
2680 764 2804 820 qure
2826 748 2975 803 facit.
2998 748 3236 820 Oportet
3254 763 3386 820 ergo
3404 748 3712 815 hominem,

2120 840 2266 894 sicut
2294 839 2376 893 ait
2401 838 2720 911 Apostolus,
2741 853 2869 893 cum
2896 837 3100 893 timore
3127 841 3186 892 et
3210 841 3456 893 tremore
3474 838 3715 893 salutem

2119 945 2280 984 suam
2305 928 2525 1000 operari
2551 929 2820 997 (Philipp.
2852 932 2934 993 ιι).

2192 1016 2280 1073 39.
2304 1014 2537 1072 Dicebat
2554 1022 2745 1071 autem
2766 1014 2938 1069 abbas
2957 1014 3157 1070 Daniel
3174 1014 3244 1069 de
3264 1014 3464 1070 abbate
3483 1016 3717 1071 Arsenio

2124 1106 2322 1175 (Pelag.
2355 1108 2522 1161 libeu.
2565 1119 2637 1171 rv,
2672 1121 2729 1159 η.
2764 1105 2837 1170 5|,
2866 1104 2999 1176 quia
3041 1118 3169 1159 cum
3198 1110 3530 1176 operaretur
3555 1121 3719 1176 spor-

2120 1200 2209 1250 tas
2238 1211 2304 1249 ex
2333 1196 2649 1267 palmarum
2677 1193 2846 1259 foliis,
2880 1192 3142 1248 mittebat
3166 1209 3370 1264 aquam
3400 1194 3459 1248 in
3488 1194 3712 1266 pelvim,

2122 1290 2186 1339 ut
2212 1284 2643 1339 infunderentur
2661 1284 2879 1355 palmae;
2907 1288 2964 1337 et
2976 1298 3103 1338 cum
3118 1283 3319 1337 feteret
3345 1282 3613 1338 brumosa
3641 1283 3721 1352 (9)

2120 1390 2267 1445 aqua
2294 1374 2483 1439 odore,
2517 1388 2629 1427 non
2657 1372 3019 1444 permittebat
3056 1376 3121 1425 ut
3148 1372 3317 1425 aliam
3347 1387 3557 1443 aquam
3588 1388 3716 1426 mu-

2121 1467 2328 1528 tarent,
2380 1463 2477 1517 sed
2519 1478 2691 1533 super
2736 1461 2893 1515 illam
2948 1459 3199 1526 fetidam,
3253 1460 3423 1514 aliam
3477 1459 3722 1516 addebat

2120 1568 2346 1623 aquam,
2378 1557 2443 1606 ut
2468 1567 2690 1623 semper
2709 1551 2925 1605 feteret.
2950 1548 3382 1621 Interrogabant
3402 1554 3594 1604 autem
3611 1550 3722 1604 fra-

2123 1646 2239 1695 tres
2268 1657 2419 1708 eum,
2460 1641 2709 1695 dicentes
2744 1659 2755 1695 :
2788 1641 2903 1695 Cur
2940 1654 3056 1695 non
3099 1638 3401 1711 permittis,
3434 1640 3626 1707 Pater,
3658 1644 3723 1695 ut

2123 1745 2272 1802 aqua
2298 1735 2567 1796 mutetur,
2599 1730 2697 1784 sed
2734 1730 2976 1801 pessimo
3018 1728 3195 1783 fetore
3236 1732 3365 1783 tota
3396 1726 3601 1783 cellula
3622 1733 3721 1783 tua

2055 1806 2102 1865 Β
2124 1820 2401 1891 repletur?
2419 1819 2783 1891 Respondens
2805 1823 2995 1874 autem
3012 1816 3211 1873 beatus
3234 1817 3423 1873 senior
3442 1818 3554 1873 ait:
3576 1820 3725 1883 Quo-

2124 1909 2279 1964 niam
2299 1914 2530 1981 propter
2550 1908 2944 1981 thymiamata,
2994 1912 3054 1962 et
3082 1912 3335 1962 muscata
3364 1906 3490 1975 (10),
3523 1912 3584 1962 et
3612 1907 3724 1962 alia

2125 1998 2346 2053 diversa
2370 1998 2574 2069 quibus
2594 1998 2654 2053 in
2683 1997 2938 2053 mulari
2957 1997 3381 2052 conversatione
3400 1996 3524 2052 sine
3542 1995 3723 2052 inter-

2128 2088 2393 2142 missione
2413 2087 2657 2154 fruebar,
2684 2091 2906 2159 oportet
2922 2101 3075 2141 nunc
3095 2101 3205 2153 me,
3228 2085 3363 2141 dum
3385 2084 3446 2140 in
3470 2085 3578 2141 hoc
3605 2102 3724 2141 cor-

2125 2193 2260 2249 pore
2286 2192 2433 2243 sum,
2465 2176 2743 2232 sustinere
2762 2175 3078 2231 istiusmodi
3108 2174 3364 2241 fetorem,
3384 2190 3486 2246 pro
3504 2174 3723 2231 suavis-

2126 2266 2268 2320 simo
2296 2266 2393 2320 illo
2424 2266 2613 2333 odore,
2646 2271 2711 2320 ut
2752 2266 2810 2320 in
2853 2265 2945 2320 die
2968 2264 3168 2336 judicii
3215 2263 3286 2319 de
3325 2264 3421 2319 illo
3444 2264 3721 2335 gehennae

2124 2354 2489 2410 inenarrabili
2515 2355 2692 2410 fetore
2711 2354 2911 2409 liberet
2934 2369 3025 2409 me
3049 2353 3341 2419 Dominus,
3361 2357 3419 2408 et
3449 2368 3565 2409 non
3594 2369 3718 2409 cum

2124 2444 2220 2499 illo
2247 2445 2436 2510 divite,
2479 2444 2575 2516 qui
2606 2442 2942 2517 epulabatur
2975 2442 3035 2497 in
3068 2442 3178 2497 isto
3206 2441 3418 2497 mundo
3455 2442 3718 2498 deliciose

2125 2539 2182 2588 et
2209 2534 2518 2605 splendide,
2545 2533 2950 2588 condemnetur
2992 2532 3183 2586 anima
3212 2546 3339 2587 mea
3374 2531 3555 2604 (Luca
3585 2532 3713 2602 ενι).

2192 2622 2281 2680 40.
2306 2623 2547 2687 Quidam
2572 2623 2641 2678 de
2669 2622 2938 2677 fratribus
2966 2620 3107 2676 dixit
3148 2619 3313 2675 beato
3340 2620 3579 2676 Arsenio
3614 2624 3721 2692 (Pe-

2125 2715 2258 2781 lag.,
2288 2715 2459 2769 lr’bell.
2482 2730 2536 2778 v,
2565 2729 2626 2768 η.
2656 2711 2742 2781 32)
2768 2729 2780 2765 :
2810 2712 2968 2777 Ecce,
2997 2708 3320 2765 beatissime
3341 2709 3526 2777 Pater,
3545 2709 3722 2765 medi.

2123 2801 2234 2856 tari
2264 2801 2466 2856 festino
2487 2802 2557 2855 de
2578 2800 2879 2873 Scripturis
2896 2799 3124 2865 sanctis,
3155 2815 3277 2871 qua
3310 2798 3498 2866 didici,
3521 2804 3582 2854 et
3608 2814 3722 2855 non

2125 2891 2309 2945 sentio
2339 2890 2829 2962 compunctionem
2858 2889 2918 2944 in
2945 2888 3111 2944 corde
3140 2902 3286 2954 meo,
3310 2887 3578 2959 quoniam
3608 2903 3724 2943 non

2124 2978 2377 3050 intelligo
2404 2979 2668 3034 virtutem
2710 2978 2910 3033 divinae
2938 2978 3255 3050 Scriptum,
3304 2977 3453 3032 unde
3477 2982 3535 3032 et
3556 2978 3725 3033 valde

2125 3068 2490 3124 contristatur
2515 3068 2704 3123 anima
2731 3082 2876 3122 mea.
2908 3066 3271 3139 Respondeas
3301 3070 3493 3121 autem
3520 3065 3726 3121 beatus

452 3150 805 3207 haurientem
843 3168 1049 3226 aquam
1093 3155 1163 3210 de
1209 3155 1352 3223 lacu,
1389 3163 1445 3212 et
1482 3158 1799 3215 mittentem
1829 3178 1953 3217 eam
1982 3163 2042 3218 in
2061 3164 2103 3229 α
2121 3158 2394 3213 Arsenius
2423 3158 2503 3212 ait
2535 3176 2546 3212 :
2575 3158 2813 3231 Oportet
2840 3161 2916 3224 te,
2947 3156 3047 3223 fili,
3079 3154 3428 3211 incessanter
3453 3155 3725 3211 meditari

443 3240 885 3309 collectaculum,
918 3248 976 3298 et
1004 3243 1073 3298 de
1096 3244 1206 3299 alia
1226 3251 1384 3317 parte
1412 3264 1515 3319 per
1534 3248 1813 3305 foramina
1834 3251 2043 3306 deﬂue-

442 3329 543 3385 bat
570 3347 718 3403 aqua
741 3330 1007 3388 desubter
1030 3333 1089 3388 in
1129 3336 1325 3391 eodem
1356 3337 1495 3392 loco.
1528 3339 1739 3394 Iterum
1771 3338 1912 3394 dixit
1939 3341 1991 3394 ei
2025 3357 2038 3393 :

444 3419 608 3486 Veni,
643 3437 880 3493 sequere
908 3439 1017 3489 me,
1053 3428 1109 3478 et
1141 3426 1431 3480 ostendam
1465 3426 1570 3482 tibi
1602 3428 1773 3485 aliud.
1801 3429 1870 3484 Et
1904 3428 2043 3485 vidit

446 3505 609 3578 quasi
637 3506 917 3578 quoddam
946 3510 1244 3566 mdiﬁcium
1274 3512 1488 3585 templi,
1513 3520 1571 3569 et
1605 3514 1745 3569 duos
1782 3515 2041 3570 sedentes

442 3595 504 3652 in
535 3595 711 3666 equis,
744 3601 1034 3669 portantes
1061 3616 1233 3672 super
1258 3603 1514 3673 scapulas
1541 3619 1672 3659 suas
1697 3609 1936 3676 uterque
1968 3604 2041 3660 li-

442 3700 617 3757 gnum
647 3701 844 3755 unum,
879 3687 934 3742 id
964 3694 1066 3756 est,
1097 3691 1369 3762 perticam
1399 3692 1644 3763 longam,
1677 3694 1923 3749 volentes
1948 3710 2041 3766 pa-

443 3775 586 3829 riter
604 3774 820 3847 ingredi
852 3783 1075 3849 portam
1104 3781 1300 3852 templi
1329 3780 1499 3849 illius,
1525 3786 1580 3837 et
1604 3798 1718 3838 non
1748 3783 2041 3855 permitte-

445 3863 541 3919 bat
561 3882 656 3920 eos
684 3865 902 3938 lignum
932 3868 1081 3940 quod
1108 3885 1173 3923 ex
1199 3870 1431 3926 adverso
1468 3871 1787 3943 portabant,
1820 3873 2041 3945 ingredi

444 3971 546 4027 per
563 3960 783 4027 portam
803 3956 979 4025 illam;
994 3974 1106 4013 non
1118 3957 1267 4014 enim
1288 3960 1621 4016 humiliabat
1630 3978 1690 4017 se
1701 3963 1845 4017 alter
1854 3963 2034 4029 alteri,

444 4043 544 4098 sed
564 4045 980 4100 contendebant
1008 4046 1251 4119 utrique,
1279 4050 1490 4121 pariter
1508 4050 1729 4122 ingredi
1757 4053 2036 4121 volentes;

445 4138 504 4188 et
545 4149 661 4187 non
688 4134 1082 4205 praevalebant,
1126 4152 1230 4192 nec
1266 4138 1415 4193 enim
1446 4140 1781 4196 humiliabat
1808 4158 1868 4197 se
1891 4159 2041 4198 unus

445 4238 663 4289 eorum,
688 4227 753 4277 ut
778 4223 942 4278 alteri
970 4224 1153 4281 locum
1192 4226 1373 4282 daret.
1406 4229 1646 4300 Exponit
1687 4247 1825 4302 ergo
1856 4231 1907 4286 ei
1935 4232 2039 4286 has

444 4310 707 4379 visiones,
730 4312 920 4368 dicens
945 4332 957 4368 :
982 4314 1054 4370 Hi
1074 4315 1170 4387 qui
1189 4314 1404 4388 lignum
1424 4323 1653 4390 portant
1670 4319 1730 4374 hi
1774 4325 1906 4375 sunt
1942 4322 2038 4393 qui

444 4398 656 4456 habent
668 4402 869 4475 jugum
885 4409 1141 4460 sanctum
1162 4407 1592 4477 monachorum;
1617 4409 1713 4463 sed
1728 4409 2041 4481 justiﬁcan-

2123 3246 2343 3318 eloquia
2363 3246 2619 3317 Domini;
2644 3245 2831 3301 audivi
2856 3244 3005 3300 enim
3019 3244 3153 3316 quia
3170 3244 3312 3298 dixit
3330 3243 3526 3299 beatus
3544 3244 3725 3299 abbas

2123 3337 2353 3390 Pcemen
2381 3340 2440 3390 et
2467 3335 2563 3390 alii
2597 3334 2760 3389 multi
2798 3338 3119 3389 sanctorum
3166 3333 3418 3400 Patrum,
3450 3334 3725 3405 quoniam

2122 3424 2500 3480 incantatores
2529 3423 2609 3479 illi
2626 3424 2722 3496 qui
2749 3428 3041 3495 serpentes
3062 3422 3245 3477 solent
3271 3422 3580 3489 incantare,
3609 3438 3725 3478 non

2121 3513 2449 3585 intelligunt
2467 3512 2573 3585 ipsi
2597 3511 2763 3567 verba
2781 3512 2877 3566 illa
2898 3528 3023 3583 quae
3037 3512 3361 3583 loquuntur,
3385 3511 3728 3584 sedserpen-

2122 3609 2209 3658 tes
2227 3603 2522 3658 audientes
2536 3602 2861 3673 intelligunt
2877 3600 3139 3656 virtutem
3157 3599 3452 3656 verborum
3467 3600 3721 3667 illorum,

2122 3699 2179 3749 et
2206 3692 2625 3765 conquiescunt,
2657 3695 2718 3747 et
2742 3690 3063 3746 subduntur
3080 3690 3181 3745 eis.
3212 3690 3305 3746 Sic
3330 3688 3502 3745 etiam
3531 3695 3593 3745 et
3619 3705 3725 3746 nos

2124 3783 2391 3837 iaciamus
2423 3798 2437 3838 :
2470 3780 2724 3853 quamvis
2751 3779 2903 3835 enim
2933 3794 3047 3835 non
3071 3772 3357 3834 valeamus
3399 3778 3724 3851 intelligere

2122 3870 2438 3926 divinarum
2468 3870 2886 3942 Scripturarum
2913 3867 3196 3945 virtutem,
3215 3872 3407 3923 tamen
3433 3868 3722 3923 daemones

2122 3960 2434 4028 audientes,
2462 3959 2633 4015 divini
2654 3958 2808 4013 verbi
2838 3958 3045 4014 virtute
3071 3962 3378 4023 terrentur,
3407 3961 3463 4012 et
3482 3956 3721 4029 elﬁrgati

2122 4049 2417 4105 discedunt
2441 4066 2477 4105 a
2503 4048 2667 4104 nobis
2714 4063 2826 4104 non
2855 4047 3197 4104 sustinentes
3223 4045 3447 4119 eloquia
3470 4047 3722 4119 Spiritus

2123 4139 2322 4206 sancti,
2356 4155 2479 4212 quae
2502 4155 2605 4211 per
2638 4153 2826 4195 servos
2852 4152 2983 4195 suos
3012 4137 3314 4211 prophetas
3346 4140 3404 4192 et
3431 4137 3722 4209 apostolos

2121 4229 2339 4284 locutus
2369 4233 2473 4284 est.

2190 4318 2281 4375 41.
2305 4317 2560 4384 Quodam
2589 4322 2843 4391 tempore
2860 4332 2986 4374 cum
3001 4315 3060 4372 in
3086 4314 3286 4373 vieinio
3307 4315 3457 4371 beati
3483 4314 3721 4371 Macarii

2120 4407 2486 4463 homicidium
2502 4407 2701 4464 fuisset
2711 4411 3115 4481 perpetratum,
3128 4405 3416 4461 et'cuidam
3426 4404 3720 4461 innocenti

444 4495 531 4545 tes
551 4491 762 4564 seipsos
788 4492 849 4547 in
880 4493 1140 4551 cordibus
1176 4496 1292 4551 suis
1321 4513 1450 4552 cum
1470 4498 1808 4553 exaltatione
1836 4515 2036 4571 super-
2049 4488 2100 4550 Β
2122 4496 2336 4553 homini
2354 4497 2764 4571 impingeretur
2779 4496 2994 4553 crimen
3013 4494 3323 4551 admissum
3334 4493 3590 4565 (Ra/ﬁm,
3609 4498 3716 4561 (.11,

444 4579 567 4645 bire,
600 4598 713 4637 non
741 4581 1117 4641 humiliantur
1132 4585 1391 4653 invicem,
1424 4587 1729 4642 noluerunt
1748 4587 1898 4642 enim
1924 4604 2041 4642 am-

443 4668 641 4726 bulare
671 4671 731 4726 in
757 4672 1078 4730 humilitate
1105 4674 1253 4730 viam
1284 4676 1590 4731 Salvatoris
1618 4676 1843 4732 Domini
1862 4676 2040 4733 nostri

442 4759 577 4815 Jesu
594 4760 824 4829 Christi,
856 4762 954 4834 qui
982 4763 1157 4819 dixit:
1185 4764 1392 4819 Discite
1421 4780 1457 4819 a
1475 4781 1566 4821 me
1594 4766 1726 4838 quia
1748 4766 1901 4822 mitis
1915 4783 2041 4822 sum

445 4854 503 4904 et
548 4849 781 4906 humilis
825 4852 1011 4920 corde,
1047 4858 1106 4908 et
1133 4853 1429 4909 invenietis
1457 4855 1710 4927 requiem
1746 4855 2041 4911 animabus

445 4938 645 4995 vestris
664 4940 883 5011 (Matth.
915 4944 1018 5012 x1).
1050 4942 1297 5016 Ideoque
1313 4950 1545 5017 propter
1570 4944 1892 5018 superbiam
1914 4963 2039 5002 cor-

445 5028 531 5085 dis
560 5029 647 5084 sui
676 5037 1071 5088 remanserunt
1095 5033 1251 5101 foris,
1284 5034 1354 5089 de
1381 5050 1555 5106 regno
1576 5035 1746 5107 Regis
1765 5036 2039 5092 ccalorum

446 5118 655 5175 Christi
685 5120 910 5176 exclusi.
950 5120 1059 5186 Qui
1088 5127 1281 5176 autem
1310 5122 1558 5179 caedebat
1585 5124 1755 5197 ligna,
1791 5130 1848 5180 et
1872 5142 2043 5197 super

443 5210 726 5265 sarcinam
747 5209 933 5267 adhuc
953 5209 1214 5278 addebat,
1245 5211 1414 5267 homo
1442 5218 1529 5269 est
1547 5214 1643 5287 qui
1670 5219 1935 5270 oneratus
1956 5219 2044 5271 est

445 5299 639 5355 multis
666 5300 927 5372 peccatis,
952 5304 1012 5355 et
1036 5316 1205 5373 super
1231 5302 1511 5358 sarcinam
1541 5308 1896 5376 peccatorum
1914 5320 2040 5359 suo-

448 5404 574 5443 rum
619 5388 779 5445 addit
812 5405 1041 5463 semper
1082 5389 1194 5446 alia
1235 5397 1462 5465 peccata
1496 5412 1507 5447 :
1543 5409 1711 5464 quem
1749 5391 2043 5465 oportebat

446 5478 627 5549 magis
646 5484 713 5534 ut
730 5479 1119 5552 paenitentiam
1139 5487 1345 5554 ageret
1361 5483 1435 5537 de
1456 5480 1735 5555 prioribus
1764 5482 2036 5554 peccatis;

451 5566 549 5621 sed
576 5568 867 5639 negligens
894 5569 1032 5627 vitia
1051 5572 1351 5627 emendare
1380 5577 1735 5645 peccatorum
1764 5573 2034 5647 priorum,

451 5655 629 5728 magis
659 5662 719 5713 et
742 5658 854 5714 alia
872 5658 1035 5716 addit
1059 5676 1230 5733 supra
1250 5661 1439 5735 priora
1456 5665 1707 5735 peccata.
1730 5662 1833 5719 Ille
1850 5668 2040 5720 autem

2122 4602 2220 4657 cap
2269 4584 2358 4653 28,
2392 4590 2455 4641 in
2482 4587 2726 4643 Macario
2744 4587 3011 4657 ﬁgyptio,
3038 4600 3175 4656 pene
3201 4586 3278 4639 ad
3302 4584 3573 4651 verbum),
3597 4598 3721 4638 sur-

2119 4692 2259 4748 gens
2277 4676 2373 4731 ille
2392 4675 2838 4749 quicalumniam
2858 4673 3196 4748 patiebatur,
3217 4673 3359 4744 fugit
3372 4672 3443 4727 ad
3453 4671 3719 4728 cellulam

2122 4765 2271 4821 beati
2290 4765 2518 4821 Macarii
2551 4783 2563 4819 :
2597 4765 2899 4821 adfuerunt
2921 4764 3095 4818 etiam
3123 4768 3180 4818 et
3209 4762 3291 4817 illi
3313 4761 3408 4834 qui
3431 4776 3563 4816 eum
3592 4776 3722 4833 per-

2121 4854 2417 4927 urgebant,
2450 4859 2509 4911 et
2553 4853 2863 4925 alligabant
2904 4866 3052 4919 eum,
3103 4852 3369 4918 dicentes,
3409 4848 3718 4922 periclitari

2121 4944 2353 5017 seipsos,
2376 4943 2486 5000 nisi
2523 4942 3066 5016 comprehenderent
3094 4946 3152 4997 et
3179 4939 3397 5012 legibus
3421 4938 3717 4994 traderent

2120 5033 2488 5102 homicidam;
2512 5034 2605 5088 ille
2632 5047 2765 5088 vero
2789 5032 2879 5087 cui
2896 5032 3110 5087 crimen
3129 5028 3560 5101 impingebatur,
3585 5043 3715 5083 cum

2122 5124 2490 5179 sacramentis
2510 5122 2828 5178 afﬁrmabat
2844 5121 3129 5177 conscium
3147 5135 3208 5174 se
3220 5134 3331 5174 non
3351 5133 3473 5175 esse
3488 5115 3716 5188 sangui-

2122 5214 2210 5271 nis
2238 5213 2411 5269 illius.
2461 5214 2533 5269 Et
2561 5228 2689 5268 cum
2738 5211 2835 5267 diu
2864 5210 2935 5266 ab
2962 5213 3202 5282 utraque
3231 5212 3390 5280 parte
3426 5210 3712 5263 certamen

2121 5302 2445 5371 haberetur,
2468 5300 2838 5373 interrogavit
2854 5304 3081 5355 sanctus
3108 5296 3385 5354 Macarius
3406 5294 3502 5351 ubi
3528 5295 3713 5367 sepul-

2121 5398 2215 5449 tus
2246 5398 2413 5458 esset,
2437 5390 2534 5465 qui
2555 5390 2847 5447 dicebatur
2866 5389 3107 5456 occisus;
3142 5400 3380 5459 cumque
3414 5384 3711 5455 designas-

2120 5487 2248 5538 sent
2267 5482 2317 5537 ei
2336 5482 2540 5548 locum,
2570 5496 2698 5536 cum
2719 5479 2855 5552 ipsis
2880 5478 3065 5552 pergit
3091 5477 3160 5531 ad
3181 5475 3518 5549 sepulcrum,
3540 5478 3710 5544 atque

2120 5572 2197 5628 ibi
2228 5571 2351 5627 ﬁxis
2379 5570 2613 5642 genibus
2634 5570 2889 5625 invocato
2910 5566 3119 5624 Christi
3142 5564 3391 5633 nomine,
3415 5564 3496 5619 ait
3517 5560 3586 5618 ad
3613 5575 3708 5616 eos

2120 5661 2218 5736 qui
2262 5659 2603 5718 assistebant
2634 5678 2644 5714 :
2679 5660 2841 5717 Nunc
2882 5658 3154 5715 Dominus
3194 5654 3459 5712 ostendet
3503 5652 3547 5709 si
3576 5665 3711 5708 vere
