3876 6378
155 354 256 414 765

1453 376 1692 433 VERBA
1730 377 2123 436 SENIORUM.

3326 366 3428 425 ’766

154 497 281 535 reus
308 486 394 537 est
424 482 511 537 hic
540 484 635 555 qui
656 501 690 541 a
718 486 873 543 vobis
896 495 1264 562 perurgetur;
1295 501 1353 552 et
1371 498 1587 556 elevata
1613 518 1742 558 voce
1756 504 1808 563 Α
1828 503 2066 559 oscitare
2085 517 2216 558 eum
2234 501 2528 558 faciebant.
2562 503 2704 558 Item
2733 504 2858 571 post
2868 498 3169 570 psalmum,
3199 510 3331 552 cum
3353 494 3426 549 ad

154 587 217 624 ex
244 570 475 626 nomine
511 573 790 630 clamabat
818 577 1160 635 defunctum.
1195 583 1449 658 Cumque
1479 589 1531 645 ei
1557 589 1629 645 de
1658 608 1751 645 se-

154 659 346 730 pulcro
374 666 600 717 vocatus
627 665 1026 735 respondisset,
1049 670 1211 725 aitad
1234 689 1363 730 eum
1386 683 1614 733 sanctus
1634 680 1748 734 Ma-

154 748 337 803 carius
360 766 371 800 :
401 750 508 804 Per
536 751 704 806 fidem
738 754 946 809 Christi
977 761 1032 811 te
1062 758 1313 818 obtestor
1341 770 1403 819 ut
1424 766 1578 822 dicas
1602 785 1750 824 nunc

155 836 199 890 si
222 836 291 891 ab
320 837 429 892 isto
458 838 686 896 homine
721 843 817 913 qui
844 842 904 899 in
931 850 986 899 te
1024 846 1383 908 insimulatur
1411 857 1625 912 occisus
1667 874 1744 913 es.

154 927 307 981 Tunc
335 926 427 981 ille
453 929 606 983 clara
635 948 763 985 voce
794 932 864 986 de
898 937 1153 1006 sepulcro
1183 944 1492 1013 respondit,
1528 946 1745 1014 dicens,

156 1030 271 1069 non
290 1032 351 1069 se
382 1033 502 1071 esse
529 1017 600 1071 ab
638 1036 703 1074 eo
733 1020 1109 1081 interfectum.
1140 1027 1210 1082 Et
1228 1046 1354 1085 cum
1379 1032 1747 1105 obstupefacti

157 1119 349 1158 omnes
360 1105 702 1162 decidissent
730 1110 801 1164 ad
825 1116 1058 1181 terram,
1082 1132 1146 1170 ac
1166 1118 1402 1188 pedibus
1427 1123 1549 1193 ejus
1571 1124 1750 1178 volve-

156 1198 372 1258 rentur,
394 1210 595 1265 rogare
617 1214 742 1252 eum
757 1209 1066 1272 coeperunt,
1091 1211 1155 1259 ut
1182 1206 1560 1281 interrogaret
1588 1212 1750 1268 illum

158 1299 192 1336 a
218 1299 329 1353 quo
362 1290 510 1339 esset
541 1288 782 1355 occisus;
815 1296 949 1345 tunc
977 1300 1204 1350 sanctus
1234 1297 1319 1351 vir
1352 1300 1459 1354 ait:
1495 1301 1613 1356 Hoc
1646 1318 1749 1373 ego

159 1387 269 1425 non
296 1371 688 1455 interrogabo;
722 1378 927 1433 sufﬁcit
955 1382 1106 1436 enim
1138 1386 1277 1440 mihi
1297 1393 1360 1442 ut
1379 1388 1650 1445 liberetur
1669 1371 1751 1446 in-

158 1476 381 1528 nocens,
414 1478 528 1517 non
557 1470 642 1518 est
660 1472 849 1521 autem
869 1485 1056 1525 meum
1085 1478 1149 1526 ut
1176 1491 1306 1529 reus
1328 1478 1616 1547 prodatur,
1644 1478 1753 1534 for-

158 1551 305 1604 sitan
344 1550 496 1606 enim
532 1562 941 1627 compungetur
979 1561 1161 1616 adhuc
1198 1581 1298 1635 pro
1354 1567 1560 1622 scelere
1601 1568 1751 1639 quod

159 1639 456 1709 commisit,
500 1646 557 1696 et
592 1650 723 1714 aget
753 1646 1161 1719 paenitentiam,
1194 1658 1259 1707 ut
1284 1655 1530 1710 salvetur
1560 1657 1751 1713 anima

160 1743 298 1798 ejus.

1830 592 2105 648 orandum
2142 609 2202 647 se
2228 591 2596 664 projecissent
2621 590 2842 656 fratres,
2883 585 3288 661 percm‘rebant
3319 583 3425 639 ite-

1832 697 1955 736 rum
1978 681 2246 752 singulos,
2271 686 2328 734 et
2339 685 2469 735 ante
2484 680 2658 734 alium
2680 677 2904 749 quidem
2924 677 3207 747 jacentem
3225 673 3284 729 in
3304 688 3427 728 ora-

1830 770 2003 838 tione,
2037 770 2196 841 quasi
2227 769 2286 824 in
2325 768 2577 824 mulieris
2606 767 2846 839 speciem
2885 763 3266 828 vertebantur,
3294 766 3427 818 ante

1830 858 2007 913 alium
2033 858 2193 930 quasi
2221 858 2579 923 aedificantes,
2627 862 2685 911 et
2730 860 3020 927 portantes
3059 852 3291 923 aliquid,
3327 854 3428 906 aut

1829 948 2047 1003 diversa
2068 963 2303 1019 quaeque
2323 953 2554 1017 agentes
2574 944 2951 1017 apparebant;
2982 948 3041 997 et
3078 954 3426 1013 quaecunque

1831 1037 2110 1091 daemones
2134 1038 2295 1108 quasi
2319 1037 2577 1091 ludentes
2597 1033 3073 1099 formassent,hzas
3092 1035 3319 1086 orantes
3341 1027 3424 1083 illi

1832 1126 1892 1180 in
1917 1126 2100 1181 cordis
2128 1127 2216 1181 sui
2262 1125 2598 1196 cogitatione
2627 1123 2942 1179 versabant.
2996 1120 3081 1176 Ab
3119 1118 3424 1192 aliquantis

1830 1220 2023 1269 tamen
2041 1213 2327 1280 fratribus,
2342 1214 2436 1268 ubi
2450 1214 2661 1285 aliquid
2686 1214 2890 1267 horum
2905 1226 3075 1281 agere
3099 1210 3420 1280 coepissent,

1831 1304 1992 1375 quasi
2018 1303 2291 1358 violenter
2301 1302 2530 1374 repulsi,
2556 1298 3325 1374 precipitatidejiciebantur,
3346 1297 3430 1351 ita

1830 1398 1896 1448 ut
1922 1410 2025 1448 nec
2063 1400 2197 1448 ante
2250 1409 2346 1447 eos
2388 1397 2539 1447 stare
2569 1397 2669 1446 aut
2702 1389 2947 1446 transire
2977 1388 3271 1451 auderent,
3301 1385 3431 1440 aliis

1831 1498 1964 1537 vero
1991 1482 2162 1536 etiam
2210 1498 2382 1553 supra
2410 1481 2650 1535 cervices
2681 1485 2739 1535 et
2783 1479 2951 1534 dorsa
2975 1476 3263 1533 ludebant.
3298 1475 3431 1530 Haec

1832 1588 1959 1626 cum
1976 1571 2205 1626 vidisset
2221 1576 2448 1626 sanctus
2473 1569 2770 1635 Macarius,
2798 1567 3076 1638 ingemuit
3090 1565 3355 1637 graviter,
3373 1567 3432 1619 et

1832 1661 2108 1733 lacrymas
2130 1660 2471 1732 profundens
2500 1659 2570 1713 ad
2600 1660 2801 1721 Deum,
2832 1656 3008 1712 dixit:
3042 1654 3295 1726 Respice,
3325 1654 3433 1709 Do-

1831 1750 2000 1815 mine,
2027 1755 2084 1803 et
2111 1767 2181 1804 ne
2210 1749 2394 1815 sileas,
2415 1765 2599 1819 neque
2624 1747 2900 1817 mitigeris
2914 1747 3083 1813 Deus;
3111 1744 3210 1799 sed
3230 1759 3427 1798 exsur-

223 1816 313 1874 4?.
345 1818 473 1874 Alio
502 1820 698 1877 itidem
718 1829 989 1897 tempore,
1017 1847 1143 1884 cum
1162 1838 1354 1888 sancto
1375 1835 1620 1890 Macario
1633 1822 1810 1907 qui-B
1829 1856 1920 1910 ge,
1934 1844 1991 1894 et
2010 1839 2407 1910 dispergantur
2423 1816 2636 1892 inimici
2658 1816 2773 1903 tui,
2784 1841 2842 1890 et
2860 1834 3127 1905 fugianta
3144 1832 3286 1887 facie
3307 1837 3427 1897 tua,

153 1905 280 1961 dam
304 1906 481 1963 frater
500 1927 663 1966 uvam
685 1914 995 1983 detulisset,
1026 1918 1144 1990 ipse
1168 1922 1262 1992 qui
1285 1925 1593 1979 secundum
1623 1905 1752 1979 cha-

151 1994 372 2051 ritatem
386 2013 502 2053 non
519 2017 641 2071 quae
658 2019 762 2057 sua
775 2011 926 2070 sunt,
948 2008 1047 2061 sed
1066 2025 1191 2079 quia
1217 2011 1447 2068 alterius
1477 2014 1749 2085 cogitaret

154 2084 371 2154 {Philip
398 2089 571 2157 II),ad
600 2091 772 2146 alium
802 2094 1034 2150 fratrem
1065 2114 1192 2153 eam
1215 2100 1434 2169 detulit,
1464 2102 1560 2173 qui
1588 2103 1751 2158 infir-

153 2173 294 2228 mior
312 2192 429 2246 prae
458 2179 791 2249 aagritudine
814 2184 1110 2241 videbatur
1132 2190 1382 2257 (Rufﬁn.,
1412 2194 1430 2246 ι
1474 2206 1532 2255 1r,
1557 2191 1755 2261 cap.20

155 2264 217 2316 in
243 2264 490 2320 Macario
516 2269 919 2331 Alexandrino.
947 2290 1083 2343 pene
1100 2279 1473 2348 verbotenusj.
1494 2281 1653 2335 Tunc
1669 2280 1754 2335 in-

157 2352 348 2409 ﬁrmus
370 2356 590 2424 gratias
618 2358 733 2429 egit
760 2361 875 2415 Deo
904 2379 1006 2433 pro
1027 2366 1218 2420 fratris
1246 2367 1445 2433 ofﬁcio,
1477 2374 1535 2423 et
1568 2385 1753 2424 susce-

156 2440 239 2530 pit
255 2458 400 2507 eam,
432 2449 490 2499 et
512 2445 633 2517 ipse
657 2448 1023 2507 nihilominus
1055 2455 1181 2524 plus
1212 2456 1281 2509 de
1309 2457 1561 2527 proximo
1581 2475 1751 2530 quam

158 2529 223 2583 de
235 2532 538 2604 semetipso
549 2536 819 2607 cogitans,
841 2540 910 2593 ad
924 2540 1098 2595 alium
1111 2542 1314 2598 detulit
1324 2561 1449 2598 eam
1461 2529 1752 2601 infirmum

159 2618 382 2674 fratrem
414 2638 428 2688 ;
460 2627 518 2676 et
560 2623 766 2679 iterum
796 2627 890 2681 ille
919 2629 990 2682 ad
1023 2630 1217 2698 alium,
1265 2639 1322 2686 et
1369 2633 1449 2688 sic
1483 2651 1611 2689 cum
1652 2651 1755 2707 per

160 2731 346 2772 omnes
366 2718 620 2787 cellulas,
655 2739 777 2793 quae
820 2724 985 2795 longe
1015 2744 1049 2780 a
1077 2729 1395 2800 semetipsis
1444 2736 1607 2786 erant
1652 2749 1753 2804 per

160 2820 410 2861 eremum
439 2807 722 2879 dispersae,
757 2829 862 2867 uva
900 2815 997 2869 illa
1041 2816 1367 2872 circumlata
1396 2825 1543 2874 esset
1588 2821 1753 2891 igno-

160 2894 415 2951 rantibus
444 2897 543 2963 eis,
578 2900 674 2970 qui
703 2918 828 2955 eam
858 2903 1072 2974 primus
1101 2906 1364 2974 misisset,
1390 2908 1459 2961 ad
1490 2909 1754 2966 ultimum

162 2983 407 3040 defertur
443 2985 548 3057 ipsi
595 2989 692 3059 qui
724 3007 850 3045 eam
900 2993 1149 3048 miserat.
1204 2996 1534 3053 Gratulatus
1561 2992 1754 3054 autem

161 3079 381 3129 sanctus
413 3076 713 3147 Macarius,
744 3081 893 3151 quod
918 3086 1137 3138 tantam
1164 3083 1381 3141 videret
1407 3086 1468 3141 in
1486 3086 1754 3144 fratribus

1832 1928 2098 2000 quoniam
2127 1928 2316 1982 anima
2331 1932 2525 1981 nostra
2534 1927 2750 1997 repleta
2771 1930 2858 1979 est
2876 1922 3232 1979 illusionibus
3251 1921 3424 1993 (Psal.

1832 2032 2045 2083 Lxxxn,
2066 2028 2326 2086 LXXXVII).
2356 2017 2491 2071 Post
2503 2015 2815 2070 orationem
2834 2018 3023 2069 autem
3045 2011 3430 2066 examinanda;

1831 2106 2083 2161 veritatis
2111 2106 2317 2177 gratia,
2349 2121 2601 2161 seorsum
2615 2103 2826 2159 vocatis
2853 2101 3089 2173 singulis
3110 2099 3427 2172 quibusque

1830 2194 2120 2263 fratribus,
2154 2200 2285 2250 ante
2313 2211 2553 2267 quorum
2583 2194 2781 2249 faciem
2806 2193 3024 2248 viderat
3052 2187 3431 2245 dmmonesdi-

1831 2300 1992 2340 verso
2017 2284 2214 2341 habitu
2239 2290 2297 2340 et
2332 2284 2502 2339 variis
2530 2282 2874 2354 imaginibus
2902 2281 3161 2336 ludentes
3188 2276 3435 2350 requirit

1834 2373 1904 2429 ab
1928 2374 2009 2429 eis
2034 2374 2084 2429 si
2102 2374 2161 2429 in
2181 2374 2434 2429 oratione
2462 2373 2548 2428 vel
2575 2371 2886 2429 aedificandi
2915 2368 3285 2441 cogitationes
3314 2367 3422 2421 ha-

1834 2463 2079 2531 buerint,
2113 2464 2197 2518 vel
2222 2464 2333 2519 iter
2360 2463 2582 2534 agendi,
2616 2463 2704 2516 vel
2722 2461 2835 2516 alia
2868 2459 3112 2525 diversa,
3142 2473 3267 2528 quae
3295 2454 3427 2511 uni-

1834 2553 2035 2625 cuique
2063 2570 2165 2625 per
2193 2553 2475 2608 daemones
2503 2552 2814 2623 imaginata
2841 2549 3086 2603 viderat:
3135 2551 3193 2601 et
3220 2544 3429 2616 singuli

1835 2659 2030 2698 eorum
2052 2643 2133 2698 ita
2158 2642 2572 2698 confitebantur
2605 2641 2666 2696 in
2690 2640 2858 2696 corde
2888 2655 2990 2693 suo
3018 2637 3193 2692 fuisse
3213 2633 3427 2705 cogita—

1833 2732 2037 2798 tiones,
2069 2732 2216 2787 sicut
2241 2732 2336 2786 ille
2360 2731 2650 2803 arguebat.
2678 2731 2747 2785 Et
2771 2735 2908 2784 tunc
2934 2743 3063 2782 vere
3080 2725 3432 2781 intellectum

1835 2826 1940 2888 est,
1959 2822 2107 2893 quod
2128 2838 2324 2876 omnes
2342 2822 2504 2876 malae
2527 2825 2586 2875 et
2608 2821 2927 2892 superfluae,
2954 2823 3013 2872 et
3036 2831 3194 2871 vana:
3222 2812 3430 2884 cogita-

1834 2910 2037 2977 tiones,
2057 2927 2180 2982 quae
2193 2911 2279 2966 vel
2290 2911 2613 2983 psallentes,
2636 2910 2724 2964 vel
2738 2907 3088 2965 somniorum
3108 2909 3208 2960 aut
3225 2902 3434 2958 oratio.

1834 3016 1970 3054 num
2000 3006 2252 3072 tempore
2272 3000 2660 3071 unusquisque
2687 2999 2749 3054 in
2776 2997 2944 3052 corde
2972 3012 3074 3051 suo
3088 2991 3428 3065 conceperit,

1836 3088 2179 3145 illusione'et
2203 3090 2477 3144 instinctu
2506 3089 2826 3143 daemonum
2852 3087 3011 3141 ﬁant.
3053 3086 3200 3139 Nam
3240 3080 3312 3136 ab
3342 3080 3432 3134 his

163 3160 580 3233 abstinentiam,
605 3173 937 3241 tantamque
960 3171 1313 3241 charitatem,
1341 3174 1415 3230 ad
1433 3176 1651 3231 acriora
1670 3193 1754 3232 se-
1768 3182 1812 3244 ο
1837 3177 1933 3250 qui
1953 3178 2107 3233 omni
2126 3178 2380 3234 custodia
2398 3176 2692 3232 servantia
2708 3176 2915 3230 timore
2931 3179 2990 3229 et
3001 3188 3194 3227 amore
3208 3168 3434 3225 Domini

162 3252 464 3324 metipsum
492 3255 799 3326 spiritualis
819 3259 942 3315 vitae
971 3261 1238 3317 exercitia
1263 3264 1528 3318 extendit.

1836 3283 1933 3321 cor
1958 3266 2534 3331 suum,illitenebrosi
2561 3266 2872 3336 Ethiopes,
2910 3268 2968 3318 et
2993 3263 3081 3316 hie
3099 3276 3239 3332 quas
3265 3257 3432 3312 emit~
3478 3300 3481 3303 .

229 3338 313 3397 43.
347 3343 495 3398 Illud
525 3344 694 3402 etiam
714 3347 786 3401 ad
799 3348 967 3403 fidem
988 3352 1382 3408 confirmatum
1407 3352 1569 3408 nobis
1594 3354 1665 3409 de
1688 3371 1754 3410 eo
1835 3360 1964 3410 tunt
2007 3356 2373 3426 cogitationes
2411 3355 2797 3427 repelluntur;
2831 3352 3057 3408 Christo
3097 3349 3247 3404 enim
3274 3362 3434 3401 mens

167 3435 249 3483 est
263 3429 332 3484 ab
348 3431 441 3487 his
454 3434 549 3505 qui
570 3450 636 3489 ex
657 3452 753 3491 ore
769 3438 890 3508 ejus
906 3439 1500 3514 audierunt,quoniam
1511 3444 1756 3515 quodam
1838 3446 2154 3515 conjuncta,
2175 3450 2232 3499 et
2252 3445 2528 3517 praecipue
2543 3444 2604 3498 in
2622 3448 2878 3514 tempore
2897 3439 3169 3496 orationis
3190 3438 3430 3502 intenta,

162 3523 410 3592 tempore
440 3529 604 3579 nocte
628 3524 686 3580 in
715 3527 897 3597 specie
919 3530 1178 3586 monachi
1205 3531 1427 3588 daemon
1454 3532 1756 3588 adostium
1838 3531 1979 3586 nihil
2008 3531 2241 3597 malum,
2274 3530 2527 3623 nihilque
2554 3530 2913 3623 superfluum.
2933 3525 3149 3623 recipit.
3170 3613 3222 3623 Μ
3297 3610 3309 3623 .

168 3609 373 3665 cellula;
406 3613 531 3682 ejus
559 3615 1114 3685 pulsaverit,dicens:
1146 3620 1343 3693 Surge,
1362 3621 1507 3677 abba
1526 3622 1754 3690 Macari,
1912 3618 2000 3675 44.
2033 3618 2275 3683 Quidam
2321 3618 2497 3673 frater
2536 3618 2830 3689 requisivit
2863 3615 3123 3671 abbatem
3169 3610 3434 3677 Sisoium,

169 3703 223 3752 et
237 3715 432 3756 eamus
444 3702 515 3757 ad
535 3704 847 3774 collectam,
866 3706 962 3761 ubi
983 3708 1185 3764 fratres
1203 3710 1275 3765 ad
1290 3710 1504 3782 vigilias
1523 3728 1760 3784 congre-
1843 3709 2314 3782 quemadmodum
2372 3709 2430 3763 in
2481 3706 2899 3802 cellaA_Pf‘9Pria
2950 3706 3156 3802 desere
3206 3700 3440 3802 ἀῗίξθξξθί

169 3795 370 3857 gantur
385 3791 648 3862 (Rufﬁn.,
680 3797 720 3849 Ι.
751 3809 813 3863 II,
846 3812 963 3866 cap.
996 3798 1085 3864 29,
1115 3801 1189 3854 ad
1214 3800 1484 3868 verbum).
1530 3801 1639 3856 Sed
1667 3802 1761 3856 ille
1846 3799 2073 3889 (Perseia,
2102 3814 2220 3867 cap.
2251 3813 2289 3865 ι,
2323 3815 2483 3853 num.
2516 3800 2593 3869 4).
2620 3796 2726 3852 Cui
2752 3796 2849 3889 ille
2875 3793 3222 3889 respondens
3251 3791 3440 3889 dixit“:

169 3878 347 3947 gratia
375 3880 479 3935 Dei
510 3882 758 3954 repletus
784 3883 902 3940 falli
922 3901 1035 3941 non
1059 3887 1244 3960 potuit
1267 3907 1280 3956 ;
1308 3888 1585 3945 intellexit
1612 3890 1762 3945 enim
1845 3887 2088 3941 Comede
2107 3902 2310 3980 panem
2341 3891 2661 3980 cum
2689 3884 2808 3980 sale
2818 3888 2893 3980 .et
2911 3898 3080 3980 aqua,
3112 3883 3311 3980 etnon
3330 3878 3442 3933 erit

172 3967 507 4025 diaboliesse
534 3971 830 4040 fallaciam,
854 3979 911 4029 et
929 3976 1049 4032 ait:
1083 3977 1482 4047 Omendax,et
1507 3979 1759 4035 veritatis
1842 3975 1945 4030 tibi
1971 3975 2273 4032 necessitas
2312 3975 2524 4047 aliquid
2559 3972 2855 4046 coquendi,
2896 3977 3000 4027 aut
3042 3969 3264 4041 longius
3310 3982 3439 4023 eva-

170 4055 419 4127 inimice;
455 4060 589 4132 quid
618 4062 768 4116 enim
796 4062 898 4118 tibi
918 4066 1202 4134 consortii,
1220 4068 1353 4139 quid
1384 4069 1666 4124 societatis
1678 4074 1765 4124 est
1842 4066 2035 4137 gandi-

171 4160 293 4201 cum
321 4149 555 4204 collecta
584 4155 641 4206 et
653 4154 1085 4225 congregatione
1094 4157 1445 4212 sanctorum?
1461 4161 1535 4213 At
1548 4158 1643 4213 ille
1660 4159 1758 4214 ait:
1916 4154 2004 4248 45Ἰ
2026 4153 2347 4248 Requisitus
2360 4153 2532 4209 abbas
2540 4154 2776 4248 Pmmen
2790 4149 3266 4248 quemadmodum
3283 4162 3444 4248 oper-

173 4235 331 4292 Latet
358 4254 493 4310 ergo
516 4244 593 4307 te,
626 4257 658 4295 o
679 4242 909 4311 Macari,
947 4245 1097 4315 quod
1126 4245 1248 4301 sine
1278 4246 1437 4303 nobis
1466 4248 1623 4303 nulla
1651 4248 1765 4304 col-
1846 4248 1966 4299 teat
1984 4245 2250 4316 jejunare
2279 4247 2501 4314 (Pclag.,
2525 4247 2696 4300 libell.
2718 4261 2770 4311 κ,
2804 4241 3093 4312 nam“),
3116 4237 3436 4311 respondit:

173 4324 941 4400 lectamsagiturmullave
961 4336 1323 4407 congregatio
1334 4337 1767 4394 monachorum?
1848 4335 1964 4405 Ego
1990 4335 2116 4389 volo
2145 4334 2483 4430 monachum
2502 4334 2583 4389 ita
2602 4350 2726 4389 esse
2754 4332 3005 4430 quotidie
3032 4342 3445 4430 parum.come-

175 4416 295 4470 veni
324 4418 586 4490 denique,
620 4426 678 4475 et
699 4420 913 4477 videbis
950 4422 1028 4477 ibi
1054 4440 1283 4497 Operam
1313 4432 1582 4483 nostram.
1607 4428 1824 4521 Dixit“
1845 4424 2091 4491 dentem,
2123 4429 2190 4479 ut
2215 4440 2331 4480 non
2358 4424 2615 4490 satietur,
2644 4439 2777 4521 nam
2806 4422 3054 4521 biduana
3081 4427 3141 4475 et
3163 4419 3448 4521 .triduana

177 4510 361 4561 autem
372 4513 601 4565 sanctus
622 4510 929 4566 Macarius:
962 4514 1208 4586 Imperet
1233 4515 1336 4570 tibi
1349 4516 1763 4585 Dominus,dae-
1778 4506 1827 4566 D
1840 4514 2063 4585 jejunia
2073 4530 2229 4569 vana:
2240 4514 2433 4585 gloriae
2450 4518 2666 4568 vacant.
2694 4514 2823 4567 Haec
2842 4511 2995 4566 enim
3024 4508 3215 4564 omnia
3228 4506 3446 4563 exami-

177 4609 305 4650 mon
333 4596 624 4654 immunde
651 4601 826 4668 (Judaa
873 4604 1069 4672 epist).
1090 4603 1160 4658 Et
1187 4620 1488 4660 conversus
1532 4606 1605 4663 ad
1651 4624 1772 4662 ora-

177 4684 407 4755 tionem,
447 4687 611 4759 petiit
635 4705 671 4743 a
697 4690 936 4746 Domino
962 4696 1028 4746 ut
1055 4691 1162 4748 sibi
1205 4694 1526 4750 ostenderet
1563 4696 1611 4751 si
1665 4697 1771 4752 hoc

181 4789 370 4830 verum
403 4782 570 4844 esset,
594 4777 740 4849 quod
770 4780 1045 4850 gloriatus
1077 4785 1164 4836 est
1186 4781 1427 4838 daemon.
1454 4783 1610 4839 Abiit
1637 4802 1771 4858 ergo

184 4863 251 4917 ad
272 4865 683 4932 collectam,ubi
693 4869 815 4940 jam
836 4869 1041 4940 vigiliae
1067 4887 1101 4925 a
1122 4870 1391 4928 fratribus
1410 4873 1773 4931 celebraban-

184 4957 293 5021 tur,
326 4959 380 5009 et
409 4955 617 5011 iterum
640 4957 700 5012 in
732 4958 986 5015 oratione
1015 4961 1319 5017 Dominum
1343 4962 1769 5035 deprecabatur,

181 5047 246 5097 ut
258 5044 310 5098 ei
338 5045 633 5101 veritatem
652 5047 807 5102 verbi
822 5048 995 5119 hujus
1014 5052 1336 5107 ostenderet
1360 5071 1372 5121 ;
1397 5058 1452 5108 et
1471 5070 1598 5109 ecce
1624 5054 1774 5109 videt

186 5133 339 5202 quasi
352 5136 613 5207 parvulos
630 5138 899 5210 quosdam
931 5155 1136 5211 pueros
1152 5141 1442 5215 JEthiopes
1464 5143 1655 5215 nigros
1674 5161 1776 5216 per

183 5225 354 5278 totam
386 5225 676 5280 ecclesiam
696 5228 1010 5284 discurrere
1032 5230 1141 5285 huc
1169 5239 1340 5304 atque
1366 5233 1518 5299 illuc,
1542 5238 1599 5288 et
1622 5234 1776 5289 velut

184 5312 459 5369 volitando
489 5314 712 5371 deferri.
744 5317 1131 5375 Discurrentes
1161 5326 1352 5377 autem
1378 5322 1461 5377 illi
1485 5323 1773 5396 Ethiopes

188 5402 362 5471 pueri,
394 5402 632 5475 singulis
650 5406 964 5479 quibusque
989 5408 1256 5464 fratribus
1281 5410 1342 5466 in
1362 5412 1614 5467 oratione
1632 5414 1777 5485 posi-

186 5489 257 5546 tis
283 5497 453 5565 atque
491 5495 861 5567 psallentibus
889 5498 1231 5566 alludebant,
1279 5505 1336 5556 et
1375 5501 1424 5556 si
1470 5502 1560 5557 cui
1589 5503 1659 5558 de
1696 5503 1779 5559 eis

190 5581 373 5637 oculos
403 5582 619 5639 duobus
646 5584 898 5657 digitulis
923 5588 1403 5659 compressissent.
1436 5592 1626 5647 statim
1652 5592 1779 5648 dor-i

192 5670 431 5743 miebat;
470 5674 520 5732 si
542 5673 635 5732 cui
672 5692 805 5733 vero
844 5677 904 5739 in
950 5693 1014 5735 os
1053 5677 1464 5738 immersisseut
1507 5681 1776 5755 digitum,

1852 4608 2129 4659 naverunt
2154 4603 2335 4658 sancti
2373 4602 2591 4669 Patres,
2622 4607 2680 4656 et
2706 4601 3043 4655 invenerunt
3081 4597 3217 4669 quia
3234 4596 3445 4651 bonum

1852 4698 1939 4748 est
1962 4692 2212 4764 quotidie
2231 4693 2494 4764 jejunare
2522 4696 2581 4746 et
2607 4705 2809 4762 parum
2837 4688 3147 4755 comedere,
3184 4692 3251 4741 ut
3270 4684 3449 4758 possit

1854 4785 1913 4836 et
1939 4782 2189 4854 quotidie
2212 4780 2446 4837 esurire.
2479 4781 2639 4835 Hanc
2664 4779 2816 4837 enim
2846 4778 2993 4833 viam
3024 4777 3240 4849 regiam
3267 4776 3445 4831 levem

1852 4869 2014 4926 nobis
2042 4887 2165 4925 esse
2189 4871 2735 4926 demonstraverunt.

1923 4959 2013 5017 46.
2044 4959 2230 5015 Abbas
2251 4960 2506 5016 Silvanus
2528 4959 2663 5015 dum
2677 4974 2805 5015 cum
2827 4958 3103 5032 discipulo
3122 4973 3225 5014 suo
3244 4955 3449 5012 Zacha-

1855 5050 1942 5105 ria
1950 5051 2021 5106 ad
2038 5050 2321 5122 quoddam
2332 5050 2739 5106 monasterium
2750 5049 3117 5122 pervenisset,
3141 5053 3447 5118 antequam

1857 5140 2278 5211 egrederentur,
2304 5140 2560 5196 fecerunt
2577 5156 2673 5196 eos
2693 5139 2954 5195 monachi
2967 5153 3167 5211 parum
3196 5135 3450 5191 comede-

1856 5247 1920 5285 re
1936 5232 2136 5299 (Pelag.
2148 5230 2336 5294 ,libcll.
2350 5243 2426 5295 ιν,
2451 5245 2613 5284 num.
2628 5227 2740 5297 40).
2759 5230 3064 5300 Postquam
3085 5243 3219 5297 ergo
3238 5224 3448 5296 egressi

1857 5324 2007 5386 sunt,
2037 5318 2251 5373 invenit
2267 5318 2575 5390 discipulus
2586 5320 2709 5390 ejus
2727 5333 2954 5390 aquam,
2977 5321 3037 5375 et
3061 5314 3283 5370 volebat
3302 5313 3450 5369 bibe-

1858 5427 1938 5466 re.
1973 5409 2077 5465 Cui
2104 5407 2275 5464 abbas
2316 5407 2609 5463 Silvanus:
2644 5405 2929 5473 Zacharia,
2974 5404 3141 5460 hodie
3166 5403 3449 5475 jejunium

1861 5505 1964 5556 est.
1988 5498 2175 5555 Atille
2211 5497 2379 5553 dixit:
2410 5496 2683 5569 Nunquid
2723 5495 2892 5551 hodie
2938 5511 3051 5550 non
3081 5494 3446 5559 comedimus,

1858 5590 2064 5646 Pater?
2093 5590 2163 5645 Et
2180 5587 2321 5643 dixit
2347 5586 2398 5641 ei
2427 5602 2597 5642 senex
2621 5603 2633 5640 :
2685 5585 2791 5641 Illa
2827 5601 2956 5641 esca
2984 5583 3275 5640 charitatis
3302 5589 3446 5650 erat,

1858 5680 1958 5752 fili,
1991 5697 2095 5737 nos
2117 5683 2308 5737 autem
2327 5680 2585 5735 nostrum
2607 5675 2891 5750 jejunium
2918 5679 3234 5737 teneamus.
