3876 6376
383 357 492 417 767
1491 370 1584 425 DE
1620 371 1810 427 vms
1848 371 2142 428 PATRUM
2180 373 2394 428 LIBER
2432 375 2531 429 111.
3545 367 3652 426 768

453 484 544 544 47.
577 489 818 555 Quidam
846 493 916 548 de
935 493 1202 549 fratribus
1235 494 1292 548 in
1322 493 1588 567 Panepho
1612 496 1682 550 ad
1711 495 1970 552 abbatem
1993 499 2038 560 Α
2057 497 2228 552 dixit:
2264 499 2421 566 Ecce,
2453 497 2616 565 abba,
2648 497 2796 553 bona
2824 503 2974 566 sunt,
3011 501 3068 553 et
3094 513 3197 568 ego
3223 496 3457 553 comedo
3479 495 3648 568 exip—

383 577 591 650 Joseph
619 588 1004 650 perrexerunt,
1038 588 1104 639 ut
1122 601 1253 638 eum
1291 583 1647 656 requirerent
1663 585 1732 640 de
1761 603 1980 658 suscep-
2062 587 2168 655 sis;
2201 593 2258 642 et
2289 593 2584 660 postquam
2603 587 2868 660 gustavit,
2891 593 2949 644 et
2973 586 3149 642 sensit
3161 603 3280 642 rem
3303 602 3475 658 quam
3506 585 3646 640 fece-

383 665 538 720 tione
582 666 843 734 fratrum,
876 671 924 725 si
953 672 1150 728 liceret
1195 689 1324 727 cum
1351 672 1439 727 his
1469 673 1563 726 illo
1613 680 1864 746 tempore
1893 675 1979 729 vel
2063 682 2169 743 rat,
2193 677 2392 732 cecidit
2418 677 2477 731 in
2497 677 2956 743 faciem,dicens:
2992 677 3087 732 νω
3111 675 3264 744 mihi,
3288 674 3480 741 abbas,
3512 690 3652 746 quo-

275 772 286 782 ·
383 753 643 809 fiduciam
675 757 900 826 habere,
959 761 1040 814 vel
1068 761 1320 816 laetitiam
1375 763 1605 830 (Pclag.,
1639 765 1806 818 libcll.
1857 778 1974 829 x111,
2063 765 2216 818 niam
2237 765 2412 820 occidi
2439 771 2496 820 te
2530 767 2542 818 ε
2575 765 2724 820 istud
2751 771 3040 838 peccatum
3069 763 3306 837 posuisti
3334 780 3506 836 super
3535 779 3649 826 me,

387 859 544 897 num.
588 843 652 914 Ι).
691 847 768 900 At
791 847 884 902 ille
913 855 1218 922 antequam
1263 850 1613 921 requirerent
1652 868 1802 918 eum,
1845 852 1982 907 dicit
2065 855 2428 926 quialocutus
2449 855 2818 910 nones.Dicit
2837 855 2888 909 ei
2905 871 3073 909 senex
3096 872 3108 907 :
3135 855 3259 908 Non
3281 851 3650 917 contristeris,

383 929 655 1030 discipulo
685 951 788 990 suo
803 937 1001 1030 :‘Quod
1021 939 1270 993 facturus
1291 956 1418 992 sum
1438 940 1624 1006 hodie,
1654 941 1752 1007 ﬁli,
1778 958 1850 995 ne
1872 943 1977 996 mi-
2063 943 2162 1024 ﬁli,
2197 949 2427 1015 propter
2456 944 2560 998 hoc
2583 963 2596 1011 ;
2630 943 2676 998 si
2706 943 2856 998 enim
2884 942 3154 998 voluisset
3179 942 3330 997 Deus
3348 945 3415 996 ut
3440 941 3654 995 bonum

379 1025 560 1088 reris;
593 1027 652 1076 et
677 1025 866 1094 posuit
886 1026 997 1080 duo
1043 1028 1240 1082 sedilia
1287 1027 1396 1082 illis
1445 1028 1541 1100 qui
1579 1036 1869 1097 venerant,
1922 1037 1980 1085 et
2059 1033 2432 1100 comederem,
2465 1038 2528 1088 tu
2558 1033 2668 1087 mel
2699 1033 2965 1099 misisses,
3011 1038 3068 1087 et
3094 1048 3206 1087 non
3234 1032 3339 1086 hoc
3363 1030 3514 1104 quod
3542 1029 3652 1084 mi-

383 1107 521 1164 dicit
546 1110 628 1165 eis
653 1129 665 1164 :
703 1113 924 1168 Sedete.
949 1115 1017 1170 Et
1041 1116 1229 1187 posuit
1257 1133 1433 1171 unum
1467 1134 1500 1171 a
1521 1117 1730 1172 dextris
1751 1119 1885 1184 suis,
1919 1126 1976 1174 et

381 1197 620 1254 alterum
650 1217 685 1254 a
703 1201 948 1258 sinistris
966 1222 979 1270 ;
997 1209 1054 1258 et
1069 1205 1355 1276 ingressus
1371 1207 1626 1262 cellulam
1644 1225 1802 1262 suam
1823 1209 1976 1264 misit

381 1285 491 1340 sibi
517 1288 856 1346 vestimenta
877 1297 1158 1365 corrupta,
1183 1299 1239 1348 et
1261 1311 1518 1365 egressus
1543 1297 1770 1351 transiit
1789 1296 1844 1351 in
1864 1315 1975 1352 me-

381 1373 474 1430 dio
503 1393 700 1432 eorum
723 1397 735 1432 :
771 1384 830 1434 et
853 1380 1062 1436 iterum
1093 1383 1560 1454 ingressusmisit
1583 1385 1696 1438 alia
1721 1387 1972 1453 meliora,

383 1463 586 1534 quibus
615 1467 834 1523 solebat
852 1469 944 1524 die
972 1471 1117 1526 festo
1147 1471 1251 1538 uti,
1287 1478 1344 1526 et
1386 1489 1645 1543 egressus
1667 1480 1754 1528 est
1782 1481 1976 1546 postea

382 1551 454 1606 ad
478 1570 574 1608 eos
605 1573 618 1608 :
652 1555 860 1613 iterum
885 1564 1074 1614 autem
1111 1560 1398 1632 ingressus
1436 1562 1764 1632 quotidiana
1806 1565 1974 1618 vesti-

381 1645 574 1696 mento
602 1659 705 1698 suo
722 1647 974 1715 vestitus,
1008 1649 1160 1702 venit
1187 1654 1244 1703 et
1270 1649 1416 1704 sedit
1433 1649 1584 1704 inter
1610 1667 1722 1704 eos.
1758 1649 1846 1704 Illi
1879 1668 1976 1707 au-

378 1733 498 1784 tem
509 1729 696 1787 mirati
707 1739 841 1789 sunt
860 1740 917 1790 et
935 1737 1350 1809 obstupuerunt
1368 1745 1598 1810 propter
1615 1739 1720 1794 hoc
1736 1739 1968 1794 factum.

379 1816 528 1872 Dicit
557 1820 638 1875 eis
666 1839 873 1878 senex:
908 1825 1140 1881 Vidistis
1171 1827 1304 1898 quid
1328 1827 1478 1882 feci?
1508 1828 1647 1883 Cum
1679 1833 1864 1882 autem
1896 1830 1976 1884 illi

379 1907 731 1979 annuissent,
783 1912 921 1969 dicit
949 1915 1064 1969 eis:
1109 1916 1178 1970 Et
1205 1917 1339 1987 quid
1385 1915 1535 1970 feci?
1567 1917 1636 1971 Et
1667 1917 1861 1972 dicunt
1885 1919 1972 1973 ei:

378 1993 632 2053 Primum
657 2001 991 2058 vestimento
1019 2011 1284 2076 corrupto
1310 2022 1446 2060 usus
1475 2022 1554 2073 es,
1579 2012 1637 2060 et
1653 2012 1848 2078 postea
1867 2007 1998 2062 alio

379 2085 616 2141 meliori.
650 2089 720 2144 Et
742 2091 878 2146 dicit
897 2092 1012 2146 eis:
1051 2095 1318 2165 Nunquid
1350 2099 1602 2150 mutatus
1635 2112 1761 2150 sum
1790 2112 1856 2149 ex
1883 2097 1979 2150 iUo

377 2172 695 2245 inhonesto,
730 2185 830 2234 aut
855 2181 1032 2247 exillo
1045 2183 1277 2237 meliore
1298 2183 1322 2236 ?
1342 2183 1544 2238 Dicunt
1566 2185 1652 2239 ei:
1686 2185 1831 2239 Non.
1850 2185 1981 2250 Qui-

379 2261 483 2318 bus
513 2281 681 2321 senex
704 2268 816 2323 ait:
840 2269 898 2324 Si
929 2287 1062 2342 ergo
1091 2271 1242 2326 idem
1256 2289 1360 2343 ego
1391 2290 1516 2328 sum
1545 2273 1604 2328 in
1632 2274 1904 2345 utrisque,
1923 2280 1980 2329 et

377 2365 489 2406 non
510 2369 637 2409 sum
667 2362 936 2425 mutatus,
958 2365 1016 2414 et
1041 2359 1192 2416 sicut
1213 2361 1350 2416 illud
1371 2362 1614 2434 primum
1631 2380 1742 2418 non
1768 2380 1856 2418 me
1878 2380 1975 2418 no-

379 2441 517 2508 cuit,
549 2443 630 2499 ita
653 2461 757 2500 nec
773 2449 1082 2504 secundum
1111 2451 1378 2506 mutavit:
1425 2451 1502 2506 sic
1544 2469 1676 2524 ergo
1703 2453 1972 2508 debemus

321 2593 324 2597 ,
377 2528 561 2586 facere
581 2533 641 2588 in
671 2537 996 2592 occursione
1024 2539 1354 2606 tratrum,ut
1373 2541 1598 2612 quando
1618 2558 1812 2598 eorum
1835 2559 1972 2614 prae-

381 2619 567 2674 sentia
580 2625 684 2688 est,
701 2639 830 2678 cum
854 2625 1061 2680 ﬁducia
1081 2632 1138 2682 et
1157 2629 1355 2683 laetitia
1382 2630 1754 2702 suscipiamus
1785 2638 1978 2696 εἴθε)

381 2723 495 2776 eos,
530 2711 754 2781 quando
774 2719 966 2768 autem
985 2716 1089 2770 soli
1117 2733 1331 2785 sumus,
1364 2735 1504 2790 opus
1523 2725 1610 2774 est
1630 2725 1694 2774 ut
1719 2720 1901 2775 luctus
1922 2727 1978 2776 et

379 2795 722 2854 abstinentia
733 2811 1104 2873 permaneant
1129 2805 1187 2860 in
1214 2806 1395 2863 nobis.
1412 2809 1500 2863 Illi
1521 2825 1652 2864 vero
1681 2809 1976 2864 audientes

381 2901 506 2958 quae
531 2887 590 2942 in
609 2889 870 2946 cordibus
898 2892 1016 2948 suis
1034 2893 1332 2962 habebant,
1375 2902 1678 2969 antequam
1731 2899 1978 2970 require-

379 2980 509 3030 rent
525 2993 678 3044 eum,
692 2979 1150 3050 glorificaverunt
1164 2984 1427 3049 Deum,et
1445 2986 1556 3041 laeti
1578 2987 1973 3042 discesserunt.

450 3063 540 3121 48.
567 3065 956 3126 Dicebatunus
975 3088 1040 3126 ex
1059 3073 1339 3128 Patribus:
1363 3075 1800 3138 Quiainvenitur
1810 3077 1978 3132 homo

2057 1120 2200 1175 sisti.

2129 1245 2218 1299 52.
2243 1246 2393 1300 Dixit
2412 1245 2582 1300 abbas
2601 1246 2848 1301 Poemen:
2862 1247 2984 1302 Nisi
2999 1246 3369 1302 Nabuzardan
3392 1244 3652 1316 princeps

2060 1351 2318 1389 cocorum
2336 1335 2578 1390 venisset
2596 1336 2654 1389 in
2667 1335 3276 1406 Jerusalem,templum
3290 1332 3516 1388 Domini
3535 1349 3649 1387 non

2059 1423 2290 1477 arsisset
2317 1424 2447 1494 igne
2489 1426 2588 1494 (IV
2617 1425 2740 1492 Reg.
2785 1427 2934 1493 xxv).
2974 1425 3092 1478 Hoc
3133 1429 3322 1478 autem
3371 1427 3474 1487 est,
3520 1418 3654 1492 quia

2057 1511 2167 1566 nisi
2180 1513 2520 1567 desiderium
2536 1513 2944 1584 gastrimargize
2955 1513 3013 1567 in
3029 1512 3278 1566 animam
3287 1509 3655 1570 veniret,sen-

2058 1617 2154 1656 sus
2166 1601 2413 1656 hominis
2427 1617 2538 1654 non
2559 1601 2990 1656 succenderetur
3006 1599 3427 1673 impugnatione
3445 1597 3656 1652 diaboli

2063 1690 2288 1759 (Pc!ag.,
2317 1691 2460 1744 libet.
2488 1703 2563 1753 Iv,
2587 1707 2643 1743 η.
2676 1687 2787 1756 '29).

2137 1813 2224 1868 53.
2263 1812 2450 1867 Abbas
2470 1812 2749 1867 Macarius
2773 1811 3214 1883 quotiescunque
3231 1825 3355 1865 cum
3386 1809 3658 1864 fratribus

2061 1901 2210 1956 facta
2235 1902 2509 1956 charitate
2538 1901 2841 1967 reﬁciebat,
2872 1901 2976 1954 hoc
3007 1901 3067 1954 in
3086 1899 3312 1972 proprio
3331 1899 3499 1954 corde
3536 1905 3656 1954 sta-

2059 1995 2268 2056 tuerat,
2286 1996 2351 2045 ut
2370 1996 2610 2062 quantos
2627 1990 2741 2045 vini
2754 1989 2953 2044 calices
2965 1989 3180 2044 oblatos
3195 1987 3493 2048 hausisset,
3517 1994 3658 2042 tan-

2060 2079 2135 2134 tis
2164 2079 2362 2134 diebus
2390 2096 2494 2134 nec
2520 2079 2770 2150 etipsam
2789 2094 2999 2150 aquam
3021 2082 3280 2148 gustaret
3297 2077 3656 2146 omnino(Pe-

2063 2171 2178 2236 (ag.
2209 2171 2336 2224 libet
2366 2208 2380 2229 .
2436 2183 2518 2237 1v,
2547 2185 2605 2222 η.
2645 2168 2760 2238 96).
2807 2169 2948 2223 Cum
2985 2183 3120 2237 ergo
3150 2165 3202 2221 ei
3225 2166 3429 2220 fratres
3462 2165 3660 2220 vinum

2059 2257 2434 2329 porrigerent,
2463 2274 2588 2312 cum
2616 2257 2823 2328 gaudio
2845 2255 3120 2322 sumebat,
3151 2261 3217 2310 ut
3245 2261 3441 2326 postea
3469 2271 3532 2308 se
3562 2253 3656 2308 siti

2061 2351 2391 2401 maceraret.
2416 2347 2572 2411 Quod
2609 2362 2737 2400 cum
2757 2345 3065 2417 discipulus
3090 2345 3214 2416 ejus
3238 2343 3544 2409 didicisset,
3563 2359 3661 2415 pa-

2059 2436 2263 2490 tefacto
2293 2435 2444 2490 senis
2473 2435 2725 2501 consilio,
2757 2450 2829 2488 ne
2859 2433 2912 2488 ei
2939 2433 3132 2489 vinum
3150 2433 3660 2505 porrigerent,con-

2053 2525 2302 2596 jurabat,
2334 2529 2618 2579 tormenta
2653 2523 2736 2578 illi
2766 2523 2951 2595 potius
2971 2539 3092 2576 esse
3121 2538 3288 2594 quam
3318 2522 3515 2594 pocula
3537 2537 3660 2576 ma-

2061 2615 2352 2670 nifestans.

2133 2737 2220 2796 54.
2235 2739 2404 2794 Facta
2418 2737 2848 2810 congregatione
2863 2736 2922 2792 in
2939 2735 3173 2792 ecclesia
3191 2733 3318 2791 cum
3339 2741 3487 2792 esset
3501 2736 3659 2792 festi-

2061 2827 2288 2894 vitas,et
2303 2828 2489 2883 caeteri
2501 2827 2759 2882 monachi
2775 2827 3154 2893 comederent,
3165 2843 3314 2882 unus
3331 2825 3660 2880 ministran-

2058 2915 2206 2970 tibus
2225 2915 2361 2970 dicit
2385 2932 2397 2969 :
2426 2915 2570 2980 Quia
2587 2915 2728 2970 nihil
2747 2921 2968 2971 coctum
2993 2915 3243 2982 comedo,
3267 2915 3349 2969 sal
3379 2913 3518 2969 mihi
3563 2915 3660 2970 de'

2060 3006 2192 3060 ferri
2212 3005 2499 3078 praecipito
2523 3008 2748 3074 (Pelag.,
2777 3007 3062 3072 libel.\n11,
3096 3022 3154 3060 η.
3187 3003 3302 3075 2|).
3334 3003 3455 3068 Quo
3482 3002 3657 3058 verbo

2061 3095 2320 3150 minister
2337 3095 2686 3160 audito,cum
2699 3094 2944 3148 clamore
2958 3092 3316 3147 audientibus
3327 3091 3544 3147 caeteris
3558 3091 3657 3146 alii

380 3154 622 3210 multum
661 3159 980 3226 comedens,
1014 3167 1071 3216 et
1101 3162 1288 3217 adhuc
1315 3164 1568 3219 esuriens
1621 3182 1682 3219 se
1726 3167 1968 3222 continet

2059 3183 2372 3256 imperavit,
2405 3184 2626 3239 dicens:
2655 3183 2929 3248 Quoniam
2953 3187 3170 3237 coctum
3198 3181 3291 3236 ille
3331 3180 3510 3236 frater
3539 3197 3653 3236 non

378 3257 450 3348 ξιξ
479 3247 734 3348 ξδῐίθξιξξὲ
750 3247 906 3348 Elter
932 3255 1122 3348 aut?”
1145 3269 1344 3348 1:81:11!“
1371 3254 1632 3348 Comefﬁtv
1660 3259 1718 3308 et
1735 3256 1976 3348 satia???
2057 3247 2319 3340 comedit,
2343 3247 2544 3346 parum
2571 3273 2649 3328 illi
2683 3247 2815 3328 salis
2835 3273 3051 3327 afferte.
3074 3273 3230 3326 Tunc
3249 3269 3446 3326 beatus
3464 3270 3652 3326 Theo-

380 3332 608 3433 (Dcla‘qq
634 3337 883 3433 IﬂwlL-X,
913 3354 971 3392 n.
1006 3338 1116 3410 99).
1153 3341 1259 3433 Qui
1285 3357 1418 3412 ergo
1439 3343 1681 3433 multum
1711 3343 1970 3410 comedit,
2056 3363 2227 3416 dorus
2247 3332 2402 3416 digit;
2427 3361 2757 3433 οροινιιιίιιε
2779 3361 2976 3432 magis,
2999 3359 3192 3427 frater,
3213 3375 3409 3414 carnes
3427 3357 3487 3412 in
3511 3359 3650 3414 cella

379 3423 435 3474 et
467 3421 652 3476 adhuc
679 3425 933 3481 esuriens
958 3444 1018 3482 se
1037 3429 1308 3494 continet,
1357 3432 1631 3502 majorem
1653 3433 1968 3487 mercedem

377 3507 562 3575 habet,
600 3529 770 3583 quam
812 3514 908 3569 ille
953 3517 1048 3588 qui
1082 3534 1284 3589 parum
1340 3519 1584 3574 comedit
1627 3526 1686 3574 et
1735 3522 1977 3576 satietur

380 3597 618 3665 (Pasch,
645 3617 690 3655 ο.
731 3600 784 3659 1.
816 3619 873 3658 η.
897 3603 972 3672 3).

445 3685 535 3744 49.
569 3689 723 3745 Dixit
742 3692 972 3764 quidam
1013 3711 1218 3750 senex:
1253 3697 1336 3752 Ne
1379 3698 1527 3769 quod
1569 3698 1973 3754 desideraveris

374 3775 676 3848 aliquando
718 3782 1041 3838 manduces.
1097 3785 1411 3840 Comedens
1457 3791 1652 3842 autem
1691 3789 1838 3859 quod
1866 3788 1970 3842 tibi

375 3881 410 3918 a
424 3865 662 3923 Domino
683 3872 1080 3928 transmissum
1100 3872 1288 3942 fuerit,
1314 3876 1527 3946 gratias
1545 3893 1649 3946 age
1662 3877 1783 3932 sine
1799 3878 1971 3932 inter-

373 3953 640 4012 missione
665 3959 900 4028 (Pasch.,
925 3977 972 4019 ο.
1008 3961 1057 4028 1,
1091 3978 1149 4017 η.
1181 3961 1258 4035 4).

441 4040 530 4100 50.
565 4045 645 4099 De
667 4048 910 4118 quodam
936 4066 1070 4105 sene
1094 4051 1412 4107 referebant
1429 4051 1650 4121 fratres,
1669 4054 1804 4126 quia
1822 4055 1969 4110 desi-

371 4131 623 4187 derasset
634 4150 1006 4192 cucumerem:
1039 4156 1205 4211 quem
1217 4157 1346 4196 cum
1366 4141 1966 4214 attulisset,suspendit

370 4225 503 4275 ante
532 4222 722 4276 oculos
742 4240 872 4279 suos
895 4244 912 4290 ;
943 4232 1002 4281 et
1020 4243 1091 4282 ne
1111 4229 1430 4284 vinceretur
1445 4247 1480 4284 a
1506 4231 1835 4302 cupiditate,
1851 4249 1965 4288 non

371 4309 562 4380 tetigit
579 4327 731 4379 eum,
755 4313 853 4368 sed
865 4315 1045 4386 magis
1065 4316 1269 4388 agebat
1291 4318 1697 4388 pcenitentiam,
1724 4321 1964 4392 puniens

373 4399 744 4517 semetipsum
765 4401 835 4456 ob
853 4403 979 4517 ἓξὲξ,
999 4405 1132 4477 quia
1158 4405 1342 4478 ipsum
1361 4407 1735 4464 desiderasset
1752 4410 1960 4480 (Pelag.
1983 4455 2034 4517 D

369 4489 538 4544 libell.
571 4503 645 4556 1v,
671 4507 828 4546 num.
853 4491 964 4565 60).

441 4575 527 4632 51.
563 4579 803 4644 Quidam
828 4597 894 4636 ex
913 4583 1230 4640 senioribus
1267 4585 1448 4642 factus
1476 4591 1563 4642 est
1591 4587 1869 4658 inﬁrmus,
1905 4593 1963 4645 et

367 4681 468 4737 per
485 4669 694 4724 multos
719 4670 838 4726 dies
867 4688 980 4728 non
1009 4679 1232 4746 poterat
1258 4691 1443 4732 escam
1460 4677 1634 4732 ullam
1654 4679 1956 4752 percipere.

369 4757 654 4829 Compulit
680 4765 870 4817 autem
889 4779 1018 4818 eum
1038 4765 1344 4838 discipulus
1372 4783 1528 4834 suus,
1560 4767 1774 4824 dicens:
1795 4769 1853 4824 Si
1867 4771 1958 4841 ju-

366 4842 484 4912 bes,
516 4847 703 4915 Pater,
735 4849 876 4906 facio
907 4852 1010 4907 tibi
1048 4870 1248 4925 parum
1274 4856 1562 4927 placentae;
1583 4863 1641 4912 et
1662 4863 1728 4912 ut
1755 4859 1959 4914 annuit

369 4934 440 5002 ei,
472 4935 606 4990 fecit
623 4939 853 5008 (Pelag.,
887 4943 1034 4998 libel.
1063 4957 1140 5009 1v,
1173 4959 1230 5000 η.
1267 4945 1375 5016 59).
1405 4946 1740 5002 Eratautem
1759 4948 1810 5003 ei
1837 4965 1956 5004 vas-

365 5024 555 5080 culum
583 5042 821 5098 parvum
847 5028 1061 5086 habens
1088 5033 1218 5098 mel,
1255 5038 1314 5088 et
1337 5034 1488 5092 aliud
1516 5053 1612 5092 vas
1650 5036 1832 5093 simile
1862 5039 1958 5093 ha-

366 5113 503 5170 bens
532 5115 720 5172 oleum
749 5116 821 5172 de
849 5117 950 5173 lini
974 5124 1189 5176 semine
1215 5139 1558 5195 expressum,
1593 5130 1652 5181 et
1679 5132 1803 5182 erat
1829 5127 1958 5182 feti-

367 5205 522 5273 dum,
555 5207 697 5261 etin
742 5223 804 5262 re
845 5208 1002 5264 nulla
1049 5210 1160 5266 alia
1197 5212 1542 5284 proficiebat,
1595 5214 1705 5269 nisi
1729 5215 1872 5270 forte
1901 5215 1960 5270 in

360 5292 626 5352 lucerna:
657 5301 715 5350 et
731 5297 999 5369 deceptus
1027 5298 1206 5356 frater
1223 5301 1380 5357 misit
1406 5302 1466 5357 in
1495 5319 1681 5358 escam
1711 5303 1860 5359 senis
1888 5305 1958 5359 de

360 5380 476 5450 illo,
505 5400 738 5455 sperans
753 5387 886 5458 quia
900 5387 1012 5444 mel
1023 5389 1286 5457 misisset;
1301 5407 1429 5447 cum
1459 5397 1651 5448 autem
1673 5398 1959 5463 gustasset

363 5485 551 5537 senex,
583 5472 724 5528 nihil
753 5474 976 5532 locutus
1003 5482 1110 5544 est,
1141 5479 1240 5534 sed
1268 5484 1460 5535 tacens
1489 5479 1733 5536 comedit
1755 5483 1958 5537 :tertia

363 5573 494 5612 vero
520 5559 638 5616 vice
667 5579 793 5618 cum
851 5565 904 5620 ei
932 5565 1112 5635 daret,
1141 5567 1282 5624 dixit
1309 5569 1364 5624 ei
1391 5585 1402 5622 :
1434 5570 1561 5625 Non
1602 5585 1832 5641 possum
1859 5588 1956 5627 co-

367 5647 609 5716 medere,
636 5650 731 5706 ﬁli.
753 5652 854 5708 Ille
864 5669 996 5711 vero
1007 5659 1279 5728 tanquam
1290 5657 1480 5715 volens
1496 5658 1786 5717 adhortari
1801 5677 1950 5722 eum.

2056 3455 2154 3506 tua
2182 3450 2494 3518 comedere,
2523 3466 2692 3521 quam
2712 3450 2860 3503 hunc
2875 3447 3242 3521 praesentibus
3254 3446 3524 3502 fratribus
3547 3463 3652 3502 au-

2055 3539 2177 3595 dire
2206 3555 2543 3595 sermonem.

2129 3659 2215 3717 55.
2248 3661 2490 3726 Quidam
2532 3661 2862 3734 peregrinus
2892 3661 3065 3717 frater
3109 3660 3262 3716 venit
3289 3659 3361 3715 ad
3387 3658 3649 3714 abbatem

2055 3749 2340 3806 Silvanum
2368 3750 2426 3804 in
2459 3756 2649 3805 monte
2681 3751 3054 3821 Sina(Pelag.,
3088 3752 3257 3806 libell.
3286 3766 3337 3813 x,
3358 3765 3416 3804 η.
3447 3746 3562 3819 69),
3591 3753 3649 3803 et

2050 3838 2188 3892 vidit
2209 3839 2359 3910 quod
2405 3839 2609 3894 fratres
2635 3844 3024 3912 operarentur,
3056 3843 3114 3894 et
3151 3838 3286 3893 dicit
3313 3837 3429 3892 eis:
3461 3837 3650 3902 Quare

2052 3927 2362 4000 operamini
2389 3945 2576 3983 escam
2597 3945 2720 4000 qua:
2733 3928 2906 4001 perit?
2929 3927 3108 3984 Maria
3127 3927 3278 3983 enim
3297 3926 3501 3982 bonam
3522 3942 3650 3998 par-

2051 4021 2167 4072 tem
2197 4018 2368 4088 elegit
2402 4019 2574 4088 (Lucaa
2603 4021 2670 4086 x).
2699 4018 2856 4074 Tunc
2877 4034 3047 4073 senex
3073 4016 3211 4072 dicit
3235 4015 3508 4088 discipulo
3542 4032 3645 4070 suo

2048 4107 2356 4163 Zachariae:
2381 4107 2465 4162 Da
2493 4106 2575 4161 illi
2605 4106 2866 4162 Codicem
2888 4112 2956 4162 ut
2973 4107 3141 4178 legat,
3197 4110 3256 4160 et
3280 4105 3442 4160 mitte
3483 4103 3646 4159 illum

2049 4193 2108 4248 in
2137 4195 2416 4260 cellulam,
2439 4211 2562 4266 qua
2584 4193 2725 4250 nihil
2753 4193 2941 4250 habet.
2977 4194 3130 4249 Hora
3154 4198 3345 4248 autem
3364 4207 3514 4248 nona
3543 4191 3647 4246 cir~

2047 4283 2452 4355 cumspiciebat
2479 4283 2654 4339 frater
2681 4283 2773 4338 ille
2820 4283 2989 4351 viam,
3019 4283 3068 4339 si
3096 4282 3240 4338 forte
3264 4285 3487 4337 vocaret
3513 4297 3645 4337 eum

2047 4389 2216 4428 senex
2243 4373 2314 4428 ad
2333 4373 2760 4430 comedendum.
2793 4374 3098 4445 Postquam
3113 4387 3246 4427 vero
3266 4370 3492 4426 transiit
3502 4370 3646 4426 hora

2049 4479 2219 4531 nona,
2253 4463 2404 4518 venit
2416 4463 2486 4518 ad
2501 4479 2713 4528 senem,
2733 4463 2924 4518 dicens
2943 4461 3024 4517 ei:
3049 4461 3316 4534 Nunquid
3331 4459 3497 4515 hodie
3526 4476 3640 4515 non

2041 4553 2407 4608 comederunt
2421 4553 2642 4619 fratres,
2667 4550 2849 4607 abba?
2871 4552 3126 4623 Cumque
3155 4566 3322 4606 senex
3339 4549 3634 4614 fateretur,

2043 4643 2126 4698 ait
2152 4642 2248 4696 ille
2271 4660 2283 4695 :
2317 4642 2502 4707 Quare
2534 4658 2626 4696 me
2649 4657 2764 4696 non
2793 4640 3040 4696 vocasti?
3057 4641 3215 4696 Tunc
3234 4637 3372 4694 dixit
3391 4637 3444 4693 ei
3467 4637 3638 4693 abbas

2047 4731 2305 4788 Silvanus
2331 4749 2341 4784 :
2364 4731 2450 4787 Tu
2478 4731 2647 4786 homo
2676 4729 2984 4803 spiritualis
3012 4745 3090 4796 es,
3121 4734 3179 4784 et
3205 4743 3319 4783 non
3343 4725 3515 4782 habes
3541 4743 3635 4782 ne-

2037 4837 2192 4877 cesse
2205 4821 2350 4875 hanc
2371 4837 2557 4874 escam
2577 4838 2589 4873 :
2613 4836 2715 4875 nos
2730 4824 2921 4876 autem
2942 4824 3213 4890 tanquam
3225 4817 3475 4871 carnales
3497 4831 3634 4888 opus

2039 4910 2313 4965 habemus
2341 4909 2656 4978 comedere;
2680 4909 2806 4964 ideo
2823 4912 3212 4981 Operamur,tu
3227 4910 3418 4962 autem
3428 4905 3632 4961 bonam

2038 5005 2256 5072 partem
2289 4998 2698 5070 elegisti.Legis
2718 4997 2867 5054 enim
2886 4997 3040 5052 omni
3060 4996 3170 5064 die,
3189 5000 3246 5050 et
3273 5011 3388 5051 non
3409 4993 3492 5050 vis
3519 5010 3632 5049 car-

2041 5089 2226 5144 nalem
2256 5105 2440 5144 escam
2474 5088 2744 5160 accipere.
2796 5086 2955 5152 Quod
3002 5102 3131 5141 cum
3171 5084 3436 5150 audisset,
3468 5081 3632 5154 οωρῆ

2041 5178 2314 5252 poenitere
2347 5194 2412 5232 ac
2439 5177 2655 5232 dicere:
2709 5176 2943 5248 Indulge
2973 5173 3130 5241 mihi,
3163 5172 3325 5229 abba.
3359 5173 3515 5228 Tunc
3541 5187 3628 5226 re-

2041 5267 2268 5341 spondit
2319 5266 2400 5322 illi
2431 5266 2726 5322 Silvanus:
2759 5263 2908 5336 Ergo
2956 5261 3271 5320 necessaria
3298 5265 3383 5317 est
3412 5261 3629 5317 Martha

2039 5357 2248 5424 Mariae,
2284 5359 2516 5429 propter
2541 5354 2820 5411 Martham
2865 5353 3018 5409 enim
3049 5356 3106 5408 et
3131 5351 3310 5408 Maria
3335 5350 3618 5408 laudatur.

2107 5480 2198 5538 56.
2229 5479 2416 5536 Abbas
2435 5479 2680 5535 Joannes
2697 5479 2745 5548 (1
2761 5477 2806 5550 l)
2839 5475 3061 5533 dicebat
3084 5475 3245 5531 fratri
3265 5491 3367 5530 suo
3393 5473 3622 5546 majori:

2037 5572 2251 5627 Vellem
2268 5569 2418 5626 enim
2434 5585 2664 5624 securus
2677 5585 2818 5636 esse,
2835 5568 2983 5624 sicut
2993 5572 3054 5622 et
3067 5565 3254 5637 angeli
3266 5563 3448 5620 securi
3473 5567 3618 5628 sunt,

2039 5661 2179 5720 nihil
2201 5665 2519 5734 operantes,
2533 5659 2632 5716 sed
2660 5659 2838 5716 Deum
2858 5673 3082 5731 semper
3091 5654 3482 5712 tantummodo
3505 5652 3619 5708 col-
