3876 6380
236 308 340 365 769
1530 306 1769 364 VERBA
1805 302 2197 359 SENIORUM.
3406 304 3512 363 770

232 428 581 484 laudantes’.
615 429 684 485 Et
713 432 958 503 projecto
991 433 1159 505 pallio
1198 450 1320 499 suo,
1359 447 1621 505 egressus
1652 432 1739 482 est
1776 426 1834 480 in
1850 425 2235 498 Arespondit:
2269 426 2456 481 Unum
2485 427 2675 483 habeo
2693 428 2956 497 amicum,
2980 429 3064 485 vel
3092 430 3212 502 ipse
3231 432 3512 487 consentit

232 533 524 585 eremum;
557 517 813 590 factaque
836 520 949 574 illic
977 522 1309 592 septimana,
1344 536 1634 592 regressus
1655 521 1741 571 cst
1761 513 1831 569 ad
1916 514 2073 578 mihi,
2098 520 2155 569 et
2178 516 2397 586 quoties
2415 510 2505 571 me
2526 518 2745 585 viderit,
2770 519 2879 574 huc
2898 523 3069 591 atque
3088 520 3223 575 illuc
3250 521 3360 575 cito
3384 537 3511 577 con-

231 605 467 661 fratrem
492 624 678 663 suum.
713 608 854 663 Cum
884 615 1075 664 autem
1105 611 1357 681 pulsaret
1385 610 1611 673 ostium,
1634 611 1692 662 et
1718 621 1831 659 non
1915 604 2171 659 vertitur.
2190 605 2444 677 Cumque
2468 624 2671 661 nomen
2697 609 2819 679 ejus
2838 607 2908 663 ab
2932 626 2997 663 eo
3022 610 3369 681 requisisset,
3395 611 3508 666 ait:

231 695 317 750 illi
347 695 594 768 aperiret
621 696 813 764 frater,
837 698 1027 752 dicens
1051 717 1062 753 :
1088 699 1172 754 Tu
1193 699 1318 771 quis
1338 699 1436 752 es?
1454 698 1635 753 Atille
1657 694 1828 749 dixit:
1917 693 2059 757 Quia
2085 694 2499 766 Theopemptus
2526 694 2627 766 (1‘2)
2651 697 2870 752 dicitur.
2900 698 3234 755 Discedente
3259 699 3356 754 illo
3381 714 3511 755 mox

230 785 347 856 Ego
364 802 489 839 sum
509 786 775 841 Joannes.
791 787 893 842 Illo
909 792 1098 842 autem
1119 804 1230 843 non
1250 788 1559 859 aperiente,
1576 784 1828 856 rogabat,
1915 783 2159 837 surrexit
2177 782 2348 837 abbas
2378 783 2674 851 Macarius,
2700 792 2757 841 et
2785 787 3073 843 descendit
3091 789 3164 843 ad
3186 788 3510 844 inferiorem

228 873 421 929 dicens
455 892 467 927 :
498 874 610 945 Ego
639 892 782 929 sum.
818 876 888 930 Et
915 877 1096 931 noluit
1123 876 1203 931 illi
1233 876 1439 932 ostium
1468 876 1705 948 aperire,
1735 891 1828 928 us-
1916 887 2187 928 cremum.
2222 872 2379 936 Quod
2410 890 2538 928 cum
2566 875 2856 930 audissent
2886 876 3105 944 fratres,
3142 878 3355 948 egressi
3379 883 3512 933 sunt

230 979 454 1035 quequo
473 963 837 1019 illucesceret.
858 966 1020 1020 Mane
1041 971 1231 1021 autem
1249 966 1393 1020 facto
1410 965 1547 1020 dixit
1566 965 1638 1019 ad
1659 980 1821 1018 eum:
1907 959 1989 1013 illi
2023 959 2260 1025 obviam,
2292 967 2350 1016 et
2396 963 2783 1035 unusquisque
2821 981 3052 1035 sperans
3083 966 3232 1037 quod
3261 966 3411 1038 apud
3449 982 3511 1020 se

226 1051 411 1106 Homo
432 1069 510 1119 es,
529 1063 586 1107 et
602 1070 827 1108 necesse
847 1053 1019 1109 habes
1040 1055 1279 1127 operari,
1297 1061 1365 1110 ut
1382 1054 1825 1127 pascaris.Tunc
1909 1055 2180 1115 maneret,
2213 1052 2547 1122 praeparavit
2584 1070 2662 1107 se.
2715 1055 2789 1108 At
2835 1054 2930 1109 ille
2978 1055 3270 1125 requirens
3306 1055 3509 1111 cellam

223 1138 321 1195 ille
350 1141 587 1213 projecit
605 1160 664 1197 se
691 1142 760 1197 ad
783 1143 951 1215 pedes
973 1144 1113 1214 ejus,
1142 1150 1198 1199 et
1216 1144 1383 1199 dixit:
1404 1144 1639 1213 Indulge
1662 1140 1819 1202 mihi,
1904 1138 2291 1211 Theopempti,
2309 1139 2377 1193 ad
2400 1157 2530 1195 eum
2551 1141 2831 1212 profectus
2843 1147 2945 1197 est.
2964 1144 3218 1215 Cumque
3230 1161 3359 1200 cum
3373 1161 3510 1215 gau-

226 1228 390 1284 abba.
1905 1226 1998 1281 dio
2035 1227 2195 1283 illum
2224 1229 2581 1300 suscepisset,
2616 1235 2673 1285 et
2701 1237 2889 1286 essent
2924 1232 3152 1304 utrique
3180 1233 3351 1288 simul
3380 1234 3505 1301 soli,

298 1317 384 1374 57.
405 1319 643 1384 Quidam
659 1320 1555 1394 fraterimpugnabaturaspiritu
1567 1321 1824 1393 blasphe-
1905 1315 2045 1371 dixit
2073 1317 2124 1371 ei
2154 1333 2323 1373 senex
2355 1337 2366 1372 ε
2402 1318 2888 1382 QuemadmOdum
2917 1326 3005 1375 est
3045 1326 3252 1391 tecum,
3286 1322 3407 1377 ﬁli?
3436 1323 3512 1377 At

222 1408 367 1474 mia,
394 1413 451 1463 et
479 1409 842 1466 erubescebat
880 1412 1084 1479 dicere,
1108 1417 1165 1466 et
1189 1428 1550 1484 quoscunque
1577 1411 1827 1466 audisset
1906 1404 2001 1459 ille
2032 1406 2350 1480 respondit:
2384 1406 2745 1462 Orationibus
2769 1410 2881 1463 tuis
2907 1408 3049 1465 bene
3076 1428 3223 1467 sum.
3248 1412 3319 1466 Et
3338 1412 3418 1466 ait
3431 1427 3514 1467 se-

218 1513 459 1568 magnos
483 1515 664 1566 senes,
696 1500 965 1572 pergebat
984 1506 1045 1564 τί
1058 1506 1093 1566 ι
1110 1506 1174 1565 θ
1199 1501 1270 1556 ad
1288 1518 1383 1556 eos
1408 1507 1472 1556 ut
1499 1501 1624 1555 illos
1649 1501 1828 1555 decla.
1907 1510 2038 1548 nex:
2067 1495 2194 1550 Non
2218 1501 2273 1549 te
2297 1495 2372 1550 im
2379 1502 2635 1568 pugnant
2655 1497 3061 1569 cogitationes?
3077 1501 3154 1555 At
3171 1500 3264 1555 ille
3285 1517 3514 1573 respon-

218 1592 393 1653 raret,
419 1586 519 1641 sed
538 1604 667 1642 mox
695 1605 821 1643 cum
852 1590 1214 1659 pervenisset,
1245 1590 1449 1644 iterum
1482 1588 1823 1643 verecunda-
1908 1582 1993 1637 dit
2023 1601 2033 1637 :
2065 1583 2286 1639 Interea
2313 1584 2455 1640 bene
2484 1586 3014 1644 sum.Erubescebat
3038 1590 3186 1644 enim
3219 1590 3431 1660 dicere;
3456 1597 3513 1647 et

212 1673 388 1729 batur
414 1675 523 1729 illis
553 1676 757 1732 dicere.
782 1677 922 1732 Cum
951 1694 1084 1748 ergo
1110 1678 1437 1749 frequenter
1463 1677 1534 1732 ad
1562 1677 1823 1732 abbatem
1852 1744 1887 1749 _
1908 1672 2048 1727 dixit
2077 1673 2128 1727 ei
2160 1690 2327 1728 senex
2355 1692 2366 1726 :
2400 1675 2536 1729 Ecce
2566 1681 2704 1747 quot
2730 1693 2909 1731 annos
2937 1694 3064 1733 sum
3092 1677 3153 1733 in
3183 1679 3507 1747 solitudine,

216 1763 546 1819 Poemenem
572 1765 804 1832 veniret,
836 1766 974 1822 vidit
1003 1783 1133 1821 eum
1161 1784 1330 1822 senex
1351 1766 1651 1821 habentem
1678 1766 1824 1836 cogi-
1848 1744 1892 1802 Β
1909 1765 1967 1814 et
1990 1761 2060 1815 ab
2089 1761 2346 1817 omnibus
2372 1763 2636 1830 honoror,
2664 1773 2723 1819 et
2748 1765 2808 1819 in
2832 1765 2937 1820 hac
2963 1771 3129 1821 aetate
3152 1784 3282 1822 cum
3302 1768 3409 1823 sim
3429 1786 3514 1824 se-

214 1852 484 1919 tationes,
518 1859 575 1908 et
618 1853 754 1909 dicit
782 1854 832 1909 ei
869 1873 880 1908 :
915 1856 1070 1921 Ecce,
1109 1856 1430 1927 frequenter
1457 1855 1702 1910 venisad
1734 1872 1822 1909 me
1907 1866 2033 1910 neri.
2069 1851 2372 1906 molestant
2422 1869 2512 1907 me
2569 1853 2938 1924 cogitationes
2997 1872 3156 1911 meai.
3203 1857 3515 1929 Respondit

211 1940 432 1998 habens
456 1943 839 2014 cogitationes,
874 1950 931 1999 et
958 1945 1036 1998 sic
1057 1945 1265 1999 iterum
1294 1960 1514 1999 remeas
1542 1943 1721 1997 tristis
1746 1948 1826 1998 te-
1907 1937 2322 2010 Theopemptus
2355 1958 2366 1992 :
2400 1941 2577 1995 Crede
2608 1942 2766 2009 mihi,
2798 1942 2961 2011 abba,
2995 1945 3130 2015 quia
3157 1944 3420 2000 similiter
3455 1950 3513 1999 et

215 2046 351 2084 cum
380 2030 504 2085 illas
532 2037 855 2103 reportans;
888 2032 977 2087 dic
1005 2049 1138 2103 ergo
1167 2032 1323 2098 mihi,
1347 2031 1447 2098 ﬁli,
1473 2032 1607 2103 quid
1624 2031 1819 2085 habes.

216 2119 300 2173 At
329 2119 422 2174 ille
443 2119 579 2174 dixit
606 2123 837 2186 (Pass/1.,
869 2138 913 2176 ο.
948 2121 996 2187 1,
1031 2138 1087 2176 η.
1124 2120 1173 2193 5)
1208 2140 1219 2174 :
1248 2122 1313 2176 In
1345 2120 1697 2192 blasphemia
1726 2121 1828 2174 im-

217 2215 441 2280 pugnat
465 2226 556 2263 me
575 2209 847 2276 diabolus,
872 2216 929 2265 et
948 2210 1344 2265 erubescebam
1375 2210 1590 2277 dicere;
1625 2214 1681 2263 et
1701 2226 1827 2264 mox

221 2303 295 2353 ut
322 2298 543 2369 aperuit
562 2315 809 2366 causam,
833 2299 1007 2354 levior
1028 2299 1381 2371 impugnatio
1405 2301 1454 2370 ej
1464 2316 1527 2353 us
1543 2297 1821 2370 apparuit.

224 2386 304 2441 Et
331 2387 465 2441 dicit
489 2387 540 2441 ei
561 2405 759 2442 senex:
786 2390 910 2443 Non
933 2388 1300 2451 contristeris,
1326 2388 1425 2442 fili.
1457 2387 1691 2452 Quando
1710 2388 1829 2443 haec

223 2474 498 2546 cogitatio
528 2476 600 2531 ad
617 2481 672 2531 te
700 2477 872 2543 venit,
907 2477 1029 2531 dic:
1067 2478 1180 2549 Ego
1221 2493 1447 2531 causam
1475 2493 1587 2531 non
1625 2476 1822 2542 habeo,

219 2563 579 2635 blasphemia
613 2570 716 2619 tua
752 2582 923 2637 super
956 2572 1013 2620 te
1043 2566 1134 2632 sit,
1190 2566 1446 2631 Satanas,
1498 2565 1643 2619 hanc
1675 2565 1825 2620 enim

216 2669 451 2708 causam
499 2653 689 2708 anima
720 2671 846 2708 mea
878 2671 990 2709 non
1039 2655 1176 2708 vult.
1206 2654 1607 2725 Quamcunque
1637 2660 1827 2708 autem

220 2758 458 2797 causam
488 2743 678 2797 anima
702 2759 816 2798 non
844 2743 1100 2810 voluerit,
1127 2760 1237 2798 non
1250 2744 1346 2798 diu
1368 2742 1737 2815 permanebit,
1771 2749 1829 2799 et

219 2834 310 2888 ita
332 2849 502 2887 sanus
524 2833 705 2888 factus
734 2833 910 2888 frater
936 2832 1032 2887 ille
1070 2833 1343 2887 discessit.

299 2921 386 2978 Si".
409 2921 562 2977 Dixit
587 2920 757 2977 abbas
786 2922 1007 2995 Moyses
1032 2923 1171 2977 :Per
1194 2923 1296 2976 has
1328 2928 1570 2993 quatuor
1588 2939 1677 2977 res
1705 2939 1828 2994 pas~

217 3011 312 3066 sio
340 3010 626 3080 gignitur:
655 3027 758 3082 per
784 3009 1185 3067 abundantiam
1215 3028 1351 3065 escae
1366 3016 1423 3065 et
1450 3015 1634 3081 potus,
1652 3016 1708 3066 et
1730 3027 1830 3082 per

1910 2026 2049 2081 mihi
2073 2026 2304 2083 faciunt.
2330 2030 2485 2085 Tunc
2505 2046 2672 2085 senex
2689 2031 2938 2101 singulas
2964 2033 3331 2104 cogitationes
3351 2032 3512 2105 quasi

1914 2132 1972 2169 se
1992 2116 2387 2187 impugnantes
2416 2118 2681 2189 fingebat,
2704 2137 2996 2192 usquequo
3022 2126 3206 2177 totum
3236 2122 3317 2176 illi
3335 2124 3512 2178 Theo-

1910 2212 2170 2276 pemptus
2190 2207 2568 2262 confiteretur.
2585 2208 2720 2263 Post
2737 2209 2854 2264 haec
2874 2210 3015 2265 dixit
3033 2211 3085 2265 ei
3107 2228 3119 2264 :
3140 2210 3512 2276 Quemadmo-

1909 2293 2042 2348 dum
2066 2294 2331 2365 jejunas?
2356 2296 2541 2350 Atille
2569 2296 2706 2351 dicit
2724 2297 2807 2352 ei:
2833 2298 3021 2369 Usque
3052 2299 3123 2353 ad
3152 2315 3380 2355 nonam.
3406 2300 3511 2356 Cui

1912 2398 2080 2437 senex
2095 2383 2175 2437 ait
2200 2403 2211 2437 :
2239 2385 2427 2456 Usque
2449 2384 2518 2439 ad
2548 2402 2836 2457 vesperam
2852 2388 3070 2458 jejuna,
3094 2393 3148 2442 et
3173 2388 3242 2443 de
3264 2389 3514 2461 Evange-

1909 2471 1985 2525 lio
2006 2473 2089 2526 vel
2122 2473 2190 2526 de
2220 2473 2344 2527 aliis
2366 2474 2670 2545 Scripturis
2685 2476 2807 2530 sine
2835 2476 3146 2531 cessatione
3167 2494 3392 2549 semper
3413 2479 3512 2535 ali-

1910 2559 2043 2630 quid
2065 2560 2368 2629 meditare;
2393 2567 2448 2616 et
2464 2563 2683 2633 quoties
2711 2563 2812 2618 tibi
2836 2565 3027 2636 aliqua
3054 2566 3347 2621 immunda
3365 2568 3514 2638 cogi-

1909 2647 2047 2702 tatio
2075 2650 2478 2720 supervenerit,
2503 2668 2793 2724 nunquam
2823 2654 3086 2709 deorsum
3120 2655 3377 2726 aspicias,
3411 2657 3511 2712 sed

1908 2753 2153 2805 sursum,
2189 2744 2245 2793 et
2294 2756 2419 2793 mox
2448 2741 2722 2796 Dominus
2755 2741 2857 2796 tibi
2896 2743 3123 2814 adjutor
3150 2750 3255 2798 est.
3283 2745 3352 2799 Et
3380 2762 3514 2800 mox

1908 2825 1989 2880 ita
2010 2827 2265 2882 discessit
2277 2827 2448 2883 abbas
2465 2830 2741 2884 Macarius
2756 2830 2816 2885 in
2827 2832 3113 2903 propriam
3124 2833 3486 2889 solitudinem
3495 2875 3507 2890 .

1909 2915 2234 2988 Iterumque
2249 2917 2397 2972 viam
2424 2918 2896 2991 circumspiciens,
2923 2920 3064 2976 vidit
3090 2922 3402 2979 daamonem
3427 2940 3513 2979 re-

1909 3004 2194 3072 deuntem,
2234 3011 2290 3060 et
2317 3006 2556 3078 requirit
2583 3025 2713 3064 eum
2746 3026 2759 3061 :
2803 3010 2924 3073 Quo
2953 3010 3157 3064 vadis?
3194 3012 3270 3065 At
3303 3011 3399 3067 ille
3427 3028 3515 3068 re-

217 3098 548 3155 satiemtem
573 3099 775 3165 somni,
810 3104 869 3154 et
895 3115 996 3171 per
1023 3099 1200 3153 otium
1224 3104 1280 3153 et,
1301 3099 1512 3169 jocum,
1537 3105 1595 3154 et
1614 3099 1828 3154 ornatis
1846 3100 1888 3160 Ο
1909 3092 2164 3164 spondit:
2186 3093 2368 3148 Simili
2383 3095 2548 3149 modo
2561 3112 2908 3152 commovere
2923 3098 3143 3153 fratres.
3159 3100 3301 3154 Cum
3320 3105 3513 3156 autem

225 3186 481 3243 vestibus
510 3187 817 3243 incedendo
849 3188 1079 3258 (Pasch.,
1106 3206 1151 3242 ο.
1181 3188 1235 3254 1,
1269 3205 1326 3242 η.
1351 3187 1427 3257 6).

299 3276 388 3333 59.
407 3276 561 3332 Dixit
588 3276 760 3332 abbas
786 3278 1014 3332 Poemen
1037 3294 1049 3330 :
1075 3276 1560 3341 Quemadmodum
1592 3277 1832 3348 impera-

215 3366 367 3423 toris
388 3366 710 3437 spatharius
733 3383 955 3437 semper
982 3366 1063 3420 illi
1095 3366 1308 3420 assistit
1344 3374 1615 3431 armatus,
1651 3365 1731 3420 ita
1776 3372 1832 3420 et

108 3516 128 3525 φ
219 3456 477 3511 animam
501 3454 767 3510 adversus
785 3454 1095 3509 daemonem
1116 3454 1442 3526 hujusmodi
1466 3459 1689 3526 oportet
1708 3473 1830 3510 esse

215 3561 451 3616 semper
469 3548 725 3616 paratam
760 3547 984 3614 (Pelag.,
1018 3546 1185 3599 libell.
1215 3562 1265 3611 v,
1308 3560 1366 3597 η.
1399 3541 1479 3613 8).

301 3630 388 3690 60.
420 3632 572 3688 Dixit
590 3632 818 3704 quidam
845 3648 1016 3691 senex
1044 3652 1055 3687 :
1080 3633 1237 3687 Sicut
1254 3638 1533 3687 venenata
1563 3633 1830 3688 animalia

215 3722 487 3778 fortiores
516 3721 703 3777 herbae
736 3722 822 3776 vel
855 3725 1141 3794 pigmenta
1171 3722 1479 3792 expellunt,
1505 3721 1586 3776 ita
1612 3723 1826 3793 cogita-

215 3813 409 3868 tiones
433 3811 687 3867 sordidas
707 3811 886 3865 oratio
916 3827 1043 3866 cum
1059 3809 1277 3882 jejunio
1299 3810 1537 3882 repellit.

295 3900 386 3959 61.
407 3900 592 3957 Abbas
612 3901 909 3967 Macarius,
935 3901 1071 3955 dum
1091 3900 1149 3955 in
1171 3900 1270 3955 illa
1289 3900 1591 3956 solitudine
1615 3899 1691 3970 (in
1714 3918 1825 3973 qua

216 3990 379 4047 solus
408 3994 549 4060 erat)
580 3996 836 4046 maneret
865 3992 1089 4060 (Pelag.,
1131 3992 1299 4044 libell.
1333 4004 1485 4057 xvm,
1520 4008 1577 4045 η.
1612 3992 1821 4058 Pasch,

217 4097 267 4136 ο.
299 4081 350 4147 1,
376 4097 535 4135 num.
562 4079 635 4150 8),
666 4078 900 4134 inferior
927 4086 1115 4134 autem
1148 4078 1315 4150 plena
1341 4085 1488 4134 esset
1508 4078 1702 4134 multis
1719 4080 1828 4135 fra-

212 4168 426 4237 tribus,
460 4185 586 4224 sero
619 4185 721 4241 per
748 4168 894 4223 viam
925 4167 1425 4240 circumspiciebat,
1449 4174 1507 4222 et
1542 4168 1682 4223 vidit
1710 4169 1824 4224 dte-

214 4274 447 4316 monem
471 4256 787 4313 venientem
802 4257 862 4311 in
883 4259 1062 4328 ﬁgura
1078 4257 1341 4323 hominis,
1357 4257 1620 4312 vestitum
1634 4257 1826 4313 tunica

216 4348 377 4403 linea
404 4346 704 4418 perforata,
721 4350 779 4400 et
798 4363 898 4417 per
909 4345 1132 4416 singula
1145 4343 1440 4412 foramina,
1456 4346 1681 4401 vascula
1702 4364 1828 4418 par-

217 4452 294 4491 va
316 4434 724 4506 dependebant,
753 4439 810 4489 et
839 4434 978 4488 dixit
1004 4435 1087 4488 illi
1118 4451 1284 4503 senex
1310 4452 1321 4487 :
1355 4435 1476 4499 Quo
1506 4435 1681 4500 vadis,
1715 4452 1830 4491 ma-

215 4524 417 4597 ligne?
444 4523 513 4579 Et
536 4524 827 4596 respondit
853 4523 933 4578 ei:
956 4523 1113 4578 Vado
1134 4540 1483 4579 commovere
1502 4523 1705 4579 fratres
1728 4524 1833 4579 hos

224 4613 332 4687 qui
360 4618 493 4668 sunt
524 4612 776 4668 inferius.
809 4612 913 4667 Cui
938 4629 1106 4667 senex
1133 4612 1273 4667 dixit
1306 4632 1319 4667 :
1343 4612 1416 4667 Et
1443 4619 1673 4685 propter
1696 4613 1831 4684 quid

220 4708 317 4758 tot
340 4702 562 4757 vaseula
587 4702 698 4757 fers
725 4707 908 4757 tecum
944 4702 968 4754 ?
998 4702 1072 4755 At
1108 4701 1201 4755 ille
1226 4700 1367 4755 dixit
1401 4719 1412 4752 :
1446 4702 1685 4755 Gustum
1713 4701 1830 4755 fero

222 4791 518 4856 fratribus,
544 4796 599 4846 et
618 4791 743 4846 ideo
759 4796 919 4845 tanta
939 4789 1076 4858 fero,
1094 4795 1159 4845 ut
1183 4789 1230 4844 si
1254 4806 1429 4844 unum
1459 4788 1827 4861 displicuerit,

224 4880 521 4935 ostendam
537 4879 709 4947 aliud,
726 4885 783 4935 et
793 4879 839 4934 si
851 4879 987 4934 illud
1001 4896 1110 4934 non
1125 4879 1325 4951 placet,
1341 4878 1627 4950 porrigam
1642 4877 1795 4933 aliud
1813 4898 1825 4945 ;

223 4975 287 5025 et
308 4968 431 5024 fieri
455 4986 567 5024 non
587 4973 789 5041 potest,
806 4967 915 5023 nisi
935 4985 1111 5023 unum
1131 4986 1195 5023 ex
1216 4967 1353 5040 ipsis
1375 4966 1601 5038 aliquod
1614 4967 1831 5039 placeat

226 5059 335 5114 eis.
364 5058 433 5113 Et
451 5059 568 5114 haec
590 5056 781 5113 dicens
806 5056 1085 5116 discessit.
1110 5058 1427 5112 Permansit
1450 5062 1640 5112 autem
1660 5075 1831 5112 senex

224 5147 440 5203 iterum
466 5147 613 5202 viam
651 5144 1125 5219 circumspiciens,
1182 5163 1475 5219 usquequo
1515 5144 1742 5214 rediret,
1775 5151 1832 5201 et

226 5253 364 5292 cum
388 5234 611 5302 rediret,
636 5234 773 5290 dicit
792 5235 842 5289 ei
863 5255 874 5291 :
907 5233 1166 5290 Salveris.
1192 5235 1337 5291 Dicit
1358 5241 1415 5291 et
1434 5234 1526 5290 ille
1556 5253 1567 5287 :
1593 5235 1833 5300 Quomo-

227 5325 307 5381 do
328 5324 478 5380 istud
501 5324 640 5379 mihi
659 5323 889 5380 verbum
911 5324 1068 5392 dicis,
1093 5324 1225 5396 quia
1243 5342 1439 5381 omnes
1460 5324 1597 5379 mihi
1619 5329 1836 5379 contra-

226 5414 306 5470 rii
332 5412 464 5469 facti
488 5417 639 5482 sunt,
665 5419 721 5469 et
744 5414 932 5469 nullus
962 5411 1103 5469 meis
1130 5413 1376 5468 consiliis
1400 5413 1746 5485 acquiescit?
1769 5414 1836 5469 Et

232 5502 374 5560 dicit
400 5503 453 5558 ei
482 5519 649 5558 senex
672 5522 684 5558 :
719 5503 866 5575 Ergo
892 5503 1113 5558 nullum
1144 5502 1314 5557 habes
1339 5502 1619 5558 amicum?
1648 5504 1836 5560 Atille

1912 3187 2306 3248 reverteretur,
2323 3183 2614 3253 requisxvit
2624 3200 2774 3249 eum,
2792 3187 3267 3255 quemadmodum
3278 3194 3514 3259 agerent

1912 3269 2131 3325 fratres.
2157 3271 2228 3324 At
2241 3271 2335 3325 ille
2356 3272 2496 3326 dixit
2521 3291 2532 3325 :
2566 3273 2727 3337 Male,
2755 3275 3023 3345 quoniam
3043 3292 3239 3332 omnes
3258 3284 3512 3348 agrestes

1913 3359 2093 3414 effecti
2115 3364 2264 3427 sunt,
2280 3366 2337 3414 et
2356 3361 2503 3431 quod
2519 3361 2587 3415 de
2608 3362 2867 3418 omnibus
2886 3366 3048 3436 pejus
3072 3370 3176 3432 est,
3191 3382 3320 3421 eum
3340 3383 3510 3439 quem

1912 3446 2084 3503 habui
2103 3449 2345 3503 amicum
2367 3455 2423 3503 et
2451 3449 2805 3505 obedientem
2833 3452 2990 3520 mihi,
3027 3454 3147 3526 ipse
3168 3455 3357 3511 nescio
3378 3473 3514 3529 quo-

1911 3537 2077 3592 modo
2105 3554 2404 3593 conversus
2434 3546 2537 3606 est,
2574 3545 2631 3594 et
2681 3540 2942 3597 omnibus
2988 3545 3232 3616 amplius
3260 3546 3514 3617 asperior

1912 3626 2049 3680 mihi
2069 3626 2219 3681 visus
2240 3632 2343 3681 est.
2365 3628 2434 3682 Et
2455 3629 2670 3698 juravit
2688 3645 2801 3684 non
2829 3629 2905 3684 ibi
2933 3632 3215 3701 accedere,
3246 3634 3356 3689 nisi
3385 3642 3513 3707 post

1909 3718 2151 3772 multum
2176 3723 2430 3789 tempus:
2461 3724 2518 3773 et
2547 3719 2662 3774 haec
2690 3719 2900 3788 dicens,
2935 3721 3211 3777 discessit.

1976 3896 2064 3951 6‘2.
2097 3895 2339 3961 Quidam
2363 3897 2538 3952 frater
2560 3898 2855 3970 requisivit
2875 3901 3176 3972 quemdam
3193 3918 3407 3971 senem,
3429 3904 3512 3959 di-

1907 4001 2037 4040 cens
2061 4004 2072 4039 :
2098 3985 2245 4050 Quid
2268 3986 2489 4053 faciam,
2508 3988 2692 4054 Pater,
2715 3989 2847 4060 quia
2877 4007 2991 4045 non
3019 4007 3246 4062 possum
3273 3993 3507 4048 sufferre

1907 4074 2309 4146 cogitationes?
2359 4077 2461 4131 Cui
2512 4094 2681 4132 senex
2722 4078 2863 4133 dixit
2894 4097 2904 4131 :
2962 4080 3076 4152 Ego
3104 4081 3164 4135 in
3197 4082 3303 4137 hac
3337 4099 3508 4139 causa

1908 4181 2197 4235 nunquam
2228 4165 2593 4236 impugnatus
2612 4183 2737 4221 sum
2766 4172 2997 4237 (Pelag.,
3032 4172 3179 4225 libet.
3213 4188 3263 4239 v,
3296 4188 3360 4231 n.
3395 4171 3505 4241 31).

1909 4254 2327 4309 Scandalizatus
2356 4262 2546 4311 autem
2576 4256 2769 4323 frater,
2801 4257 2921 4329 ipse
2961 4259 3117 4314 venit
3164 4260 3235 4315 ad
3265 4261 3509 4317 alterum

1908 4359 2118 4409 senem,
2152 4348 2210 4398 et
2236 4344 2377 4398 dixit
2393 4344 2445 4399 ei
2471 4363 2482 4393 :
2516 4345 2653 4400 Ecce
2682 4346 2817 4417 quid
2844 4346 2988 4401 dixit
3012 4347 3153 4403 mihi
3179 4366 3348 4405 senex
3373 4350 3508 4406 ille?

1856 4430 2330 4520 DScandalizatus
2349 4450 2474 4488 sum
2504 4433 2562 4488 in
2591 4434 2730 4505 ipso,
2756 4435 3024 4506 quoniam
3049 4453 3220 4508 super
3248 4442 3513 4495 naturam

1913 4521 2220 4575 humanam
2250 4522 2468 4577 locutus
2489 4528 2591 4577 est.
2625 4522 2776 4577 Dixit
2799 4523 2852 4577 ei
2881 4523 2975 4578 ille
3005 4540 3174 4580 senex
3201 4529 3509 4585 secundus:

1913 4609 2040 4665 Non
2068 4610 2396 4681 simpliciter
2419 4610 2520 4664 tibi
2541 4611 2681 4666 dixit
2707 4612 2800 4665 ille
2822 4611 2988 4666 homo
3009 4613 3109 4667 Dei
3126 4614 3275 4670 hunc
3293 4632 3512 4674 sermo-

1914 4716 2062 4753 nem.
2092 4698 2246 4752 Vade
2266 4714 2419 4769 ergo,
2444 4704 2502 4752 et
2520 4714 2626 4769 age
2647 4699 3036 4770 paenitentiam
3054 4702 3203 4773 apud
3222 4703 3430 4776 ipsum,
3448 4713 3515 4763 ut

1913 4786 2063 4841 dicat
2077 4785 2180 4841 tibi
2208 4786 2473 4841 virtutem
2487 4786 2637 4841 verbi
2659 4788 2830 4843 illius.
2864 4789 3140 4846 Reversus
3160 4809 3294 4865 ergo
3314 4794 3512 4865 frater,

1910 4875 2064 4930 venit
2099 4874 2171 4930 ad
2202 4892 2415 4943 senem,
2448 4881 2505 4930 et
2537 4875 2706 4948 coepit
2733 4877 2785 4931 ei
2818 4878 3005 4935 dicere
3039 4899 3052 4935 :
3084 4881 3320 4954 Indulge
3348 4884 3510 4954 mihi,

1911 4963 2070 5031 abba,
2106 4964 2370 5035 quoniam
2390 4964 2721 5037 insipienter
2747 4967 2936 5039 egi,ut
2950 4968 3056 5024 tibi
3070 4971 3192 5027 vale
3222 4989 3334 5027 non
3362 4974 3514 5029 dice-

1913 5070 2051 5120 rem,
2086 5058 2144 5107 et
2180 5053 2258 5107 sic
2304 5053 2618 5123 egrederer.
2653 5055 2762 5109 Sed
2801 5072 2937 5128 rogo
2976 5063 3051 5124 te,
3085 5060 3324 5130 explana
3368 5061 3511 5118 mihi

1914 5140 2192 5215 quomodo
2221 5158 2334 5196 non
2353 5159 2412 5197 es
2434 5140 2833 5215 impugnatus?
2849 5145 3003 5201 Dixit
3018 5147 3069 5201 ei
3084 5164 3252 5202 senex
3269 5167 3280 5202 :
3298 5149 3376 5204 Ex
3401 5167 3513 5223 quo

1915 5233 2093 5287 factus
2113 5248 2239 5286 sum
2256 5232 2581 5299 monachus,
2596 5250 2709 5288 non
2733 5251 2856 5288 sum
2880 5236 3118 5290 satiatus
3138 5252 3320 5308 neque
3341 5255 3508 5311 pane,

1917 5338 2099 5393 neque
2121 5337 2285 5392 aqua,
2299 5337 2480 5392 neque
2508 5339 2723 5389 somno,
2744 5328 2800 5377 et
2813 5324 3013 5379 horum
3032 5326 3284 5381 omnium
3305 5329 3515 5399 cogita-

1918 5412 1998 5466 tio
2015 5427 2125 5465 non
2149 5427 2240 5465 me
2255 5409 2513 5481 permisit
2531 5418 2593 5477 εἰ
2606 5417 2646 5476 ι
2673 5418 2706 5477 |
2735 5411 2941 5467 habere
2970 5429 3237 5485 pugnam,
3258 5432 3428 5487 quam
3448 5423 3513 5476 tu

1919 5498 2125 5556 dixisti.
2151 5501 2218 5554 Et
2233 5516 2490 5570 egressus
2511 5504 2598 5553 est
2616 5499 2686 5554 ab
2707 5516 2773 5556 eo
2793 5499 2968 5557 frater
2980 5501 3074 5558 ille
3092 5505 3322 5575 juvatus
3339 5506 3410 5563 ab
3425 5525 3511 5567 eo.

314 5618 332 5655 ¹
366 5621 572 5695 Pelag.,
604 5622 753 5676 libet.
786 5634 841 5689 x,
873 5636 931 5676 η.
963 5619 1051 5675 27.
1085 5621 1149 5676 In
1179 5618 1355 5675 Editis
1384 5625 1472 5676 est
1501 5619 1593 5676 hic
1626 5624 1813 5677 textus
1842 5618 2074 5690 Pelagii.
2110 5615 2278 5672 Posui
2307 5620 2372 5671 ut
2399 5615 2458 5669 in
2481 5615 2613 5672 Mss.
