3876 6378
440 316 534 375 771

1534 311 1627 367 DE
1664 307 1854 366 VITIS
1892 304 2192 364 PAT'RUM
2230 308 2443 366 LIBER
2481 312 2580 367 III.

3611 315 3708 373 77'!

506 447 598 502 63.
615 442 987 514 Interroganti
1000 442 1203 495 iterum
1220 438 1441 495 cuidam
1456 453 1631 509 super
1644 437 2026 507 cogitationes,
2044 434 2100 497 Α
2122 437 2420 491 Dominum
2441 439 2789 509 deprecatur.
2808 437 3020 502 Quibus
3038 436 3220 493 verbis
3243 439 3444 495 mulier
3461 448 3708 496 recreata

437 537 579 592 dixit
607 535 776 591 abbas
801 534 1027 588 Poemen
1058 549 1069 583 :
1102 530 1407 585 Monachus
1427 529 1475 583 si
1503 533 1755 583 ventrem
1782 542 1947 581 suum
1977 530 2035 579 et

440 626 688 697 linguam
712 622 975 687 tenuerit,
999 626 1056 675 et
1078 620 1432 692 vagationem
1452 635 1563 673 non
1577 616 1746 672 fuerit
1765 620 2028 679 sectatus,

2117 531 2220 580 est.

2186 613 2273 670 66.
2304 615 2535 671 Dicebat
2556 616 2727 672 abbas
2756 618 2975 690 Moyses
3013 636 3024 671 :
3059 617 3117 674 Si
3142 619 3381 674 voluerit
3407 619 3708 691 imperator

440 714 685 769 conﬁdat
698 712 830 784 quia
858 726 970 765 non
1001 710 1293 774 morietur,
1318 709 1415 763 sed
1436 708 1581 761 vivet
1610 707 1669 761 in
1698 712 2031 777 perpetuum
2114 703 2470 761 inimicorum
2527 706 2809 761 civitatem
2864 707 3109 780 aliquam
3164 725 3503 780 expugnare,
3561 710 3707 780 prius

445 804 674 869 (Pasch,
706 818 751 855 ο.
795 801 843 865 1,
880 815 935 853 η.
970 800 1041 869 9).

507 889 596 947 64.
633 892 755 945 Duo
786 890 989 944 fratres
1016 889 1087 943 ad
1124 888 1384 943 abbatem
1414 886 1592 941 Eliam
1621 888 1896 939 venerunt
1924 884 2033 936 im-

436 980 671 1053 pugnati
701 997 733 1034 a
762 978 1193 1050 cogitationibus
1226 976 1341 1031 suis
1358 977 1649 1043 (Pasch.,c.
1670 974 1718 1039 l,
1745 990 1903 1027 num.
1934 969 2037 1040 10);

439 1074 498 1125 et
527 1070 718 1124 videns
738 1085 832 1123 eos
852 1084 1021 1123 senex
1036 1067 1184 1139 quod
1207 1070 1395 1121 essent
1416 1063 1749 1136 corpulenti,
1770 1068 2042 1133 tanquam

438 1159 510 1214 ad
538 1158 877 1230 discipulum
915 1173 1078 1213 suum
1128 1155 1441 1219 subridens,
1474 1154 1597 1208 ait:
1640 1153 1803 1218 Vere,
1846 1152 2039 1217 frater,

438 1265 542 1320 ego
567 1247 834 1303 erubesco
860 1263 960 1319 pro
980 1253 1056 1313 te,
1078 1246 1211 1317 quia
1237 1245 1317 1299 sic
1338 1242 1601 1299 enutristi
1631 1258 1833 1313 corpus
1857 1246 2038 1306 tuum,

439 1353 568 1392 cum
599 1342 755 1392 certe
780 1336 1099 1408 proﬁtearis
1127 1341 1183 1389 te
1212 1334 1569 1399 monachum,
1602 1331 1782 1403 pallor
1812 1330 1962 1384 enim
1990 1335 2046 1385 et

437 1427 646 1482 macies
676 1441 804 1480 cum
841 1424 1164 1479 humilitate
1195 1423 1365 1477 decus
1398 1427 1483 1476 est
1512 1419 1793 1475 monachi.

512 1518 654 1571 Item
667 1515 835 1569 dixit:
860 1513 1005 1579 Quia
1022 1512 1333 1567 monachus
1352 1511 1523 1565 edens
1551 1508 1813 1573 multum,
1838 1510 1896 1560 et
1913 1519 2047 1576 ope-

438 1621 574 1660 rans
594 1605 858 1671 multum,
884 1619 996 1658 non
1019 1602 1290 1665 conﬁdat;
1324 1600 1419 1671 qui
1450 1605 1641 1653 autem
1670 1612 1872 1669 parum
1903 1592 2036 1659 edit,

436 1695 611 1751 etiam
639 1694 687 1748 si
710 1710 909 1765 parum
929 1698 1210 1763 operetur,
1236 1690 1499 1754 conﬁdat,
1530 1694 1587 1741 et
1616 1686 1857 1741 viriliter
1883 1688 2035 1753 agat.

514 1783 601 1839 65.
620 1782 807 1838 Abbas
836 1780 1105 1836 Arsenius
1129 1781 1263 1835 dum
1295 1779 1517 1833 sederet
1542 1778 1600 1831 in
1624 1791 1823 1846 campo
1843 1775 2033 1843 (Pall.,

438 1878 693 1945 canopo),
737 1872 993 1943 quaedam
1037 1870 1242 1925 mulier
1282 1868 1458 1939 virgo,
1501 1867 1673 1931 dives,
1722 1864 2042 1933 timensque

438 1963 640 2030 Deum,
667 1978 732 2016 ac
759 1966 1060 2033 propterea
1080 1958 1297 2014 abbatis
1318 1956 1541 2012 Arsenii
1558 1955 1710 2009 fama
1732 1956 2039 2023 comperta,

440 2054 511 2108 de
528 2052 784 2107 Romana
808 2050 1056 2114 civitate,
1080 2053 1147 2104 ut
1174 2063 1303 2103 eum
1336 2045 1525 2100 videre
1553 2048 1866 2099 mereretur
1882 2040 2044 2095 adve-

437 2143 527 2197 nit
553 2142 612 2196 in
640 2139 1039 2196 Alexandriam
1062 2140 1288 2206 (Pelag.,
1322 2138 1490 2191 li'bcll.
1508 2148 1569 2198 ιι,
1589 2149 1643 2188 η.
1672 2132 1890 2201 7).Quac
1914 2146 2042 2184 cum

437 2232 744 2287 honoriﬁce
764 2246 798 2285 a
811 2227 1120 2299 Theophilo
1144 2226 1341 2280 fuisset
1361 2228 1638 2295 suscepta,
1660 2222 1837 2293 ipsius
1859 2219 2046 2273 civita-

436 2321 513 2377 tis
528 2320 965 2393 archiepiscopo,
985 2316 1205 2387 rogavit
1219 2331 1367 2381 eum,
1387 2319 1664 2385 quatenus
1684 2309 2046 2382 persuaderet

438 2409 668 2465 beatum
691 2407 990 2464 Arsenium
1007 2412 1073 2460 ut
1092 2421 1216 2460 eam
1245 2404 1527 2475 suscipere
1557 2402 1904 2472 dignaretur.
1920 2398 2043 2469 Ipse

437 2500 614 2571 igitur
633 2498 705 2553 ad
725 2514 853 2553 eum
878 2494 1161 2569 profectus
1181 2499 1284 2560 est,
1310 2493 1500 2547 dicens
1520 2510 1532 2544 :
1558 2491 1822 2556 Quaedam
1841 2487 2045 2542 mulier

438 2588 713 2653 Romana,
740 2592 798 2642 et
824 2585 1118 2655 dignitate,
1145 2589 1201 2638 et
1219 2581 1434 2654 opibus.
1459 2587 1514 2636 et
1533 2580 1793 2652 opinione
1813 2583 2042 2633 caeteras

441 2676 802 2742 antecellens,
832 2673 1020 2728 videre
1039 2678 1098 2727 te
1112 2689 1177 2727 ac
1202 2670 1454 2726 benedici
1476 2669 1801 2724 desiderans
1834 2668 1903 2721 de
1924 2672 2041 2721 tam

440 2764 752 2836 longinqua
781 2763 1009 2833 regione
1038 2761 1308 2833 pervenit,
1358 2759 1447 2814 cui
1489 2774 1746 2813 occurras
1785 2772 2039 2827 exposco.

444 2854 554 2910 Sed
576 2869 705 2908 cum
730 2868 842 2907 non
873 2851 1238 2923 acquievisset
1263 2865 1555 2904 occurrere
1576 2848 1626 2901 ei
1642 2845 1929 2911 Arsenius,
1949 2844 2047 2899 illa

442 2958 782 3015 cognoscens
810 2941 933 3007 hoc,
962 2939 1226 2994 animalia
1259 2954 1361 2993 sua
1382 2943 1632 2992 sternere
1661 2934 1943 3008 praecepit,
1968 2934 2047 2988 di-

444 3049 575 3089 cens
600 3051 612 3085 :
646 3031 877 3086 Conﬁdo
906 3030 964 3084 in
981 3031 1096 3084 Deo
1120 3045 1263 3091 meo,
1279 3028 1411 3098 quia
1430 3026 1627 3081 videbo
1657 3026 1836 3089 illum,
1857 3040 1961 3078 nec
1976 3022 2046 3077 ab

2116 810 2303 849 escam
2330 812 2525 850 eorum
2554 801 2612 850 et
2635 813 2840 868 aquam
2866 797 3237 863 interdicit,et
3258 798 3338 853 ita
3358 798 3574 853 inimici
3596 800 3708 868 ejus

2118 883 2266 938 fame
2298 902 2362 939 ac
2393 886 2628 957 penuria
2658 886 2931 957 compulsi
2969 887 3273 959 subjiciunt
3302 904 3363 943 se
3397 905 3574 959 regno
3602 890 3711 958 ejus

2127 974 2350 1043 (Pelag.,
2385 977 2553 1029 Iz’bcll.
2585 990 2657 1035 xv,
2694 993 2750 1030 η.
2783 974 2895 1043 19).
2924 976 2991 1030 Et
3023 976 3103 1031 ita
3129 977 3413 1048 passiones
3444 978 3709 1039 carnales,

2125 1062 2171 1116 si
2190 1063 2248 1116 in
2274 1064 2492 1133 jejunio
2507 1070 2564 1118 et
2582 1066 2730 1118 tame
2755 1065 2891 1119 velis
2918 1065 3119 1131 vivere,
3135 1066 3511 1132 deterescunt,
3537 1073 3595 1121 et
3610 1083 3712 1121 non

2125 1157 2261 1206 sunt
2287 1152 2458 1207 fortes
2487 1154 2752 1208 adversus
2781 1155 3050 1208 animam.
3083 1154 3218 1219 Quis
3245 1156 3397 1209 enim
3424 1161 3546 1210 tam
3566 1156 3712 1209 fortis

2127 1248 2191 1296 ut
2218 1242 2343 1296 leo?
2372 1243 2441 1296 Et
2485 1248 2676 1297 tamen
2706 1250 2937 1314 propter
2963 1250 3215 1299 ventrem
3248 1262 3415 1299 suum
3444 1245 3625 1299 intrat
3662 1245 3713 1299 in

2128 1347 2372 1398 caveam,
2402 1336 2460 1385 et
2487 1332 2671 1386 omnis
2708 1332 2883 1387 virtus
2916 1334 3038 1403 ejus
3068 1334 3419 1388 humiliatur.

2202 1418 2287 1475 67.
2310 1420 2551 1484 Quidam
2575 1422 2798 1491 juvenis
2822 1422 3043 1477 volebat
3067 1424 3393 1477 renuntiare
3423 1422 3715 1489 mundo,et

2129 1509 2453 1580 frequenter
2489 1527 2776 1581 egressum
2817 1511 3151 1567 revocabant
3177 1528 3307 1567 eum
3335 1513 3713 1583 cogitationes,

2130 1598 2474 1654 involventes
2521 1616 2651 1655 eum
2685 1601 2856 1655 variis
2902 1602 3163 1672 negotiis,
3218 1607 3340 1656 erat
3385 1603 3544 1656 enim
3578 1602 3716 1656 dives

2123 1686 2354 1756 (Pelag.,
2386 1692 2557 1743 libell.
2588 1706 2694 1756 xiv,
2726 1707 2781 1747 η.
2814 1689 2873 1757 4;
2914 1693 3125 1757 Pavo/1.,
3154 1708 3197 1745 c.
3231 1690 3283 1757 2,
3314 1708 3470 1745 num.
3498 1690 3573 1761 1).
3604 1691 3715 1745 Una

2126 1794 2258 1848 ergo
2280 1778 2369 1832 die
2387 1795 2676 1849 egressum
2698 1796 2828 1834 eum
2840 1780 3121 1835 daemones
3146 1780 3711 1845 circumdederunt,et

2125 1868 2365 1921 multum
2395 1869 2680 1939 pulverem
2710 1875 2840 1924 ante
2868 1885 2996 1924 eum
3027 1870 3429 1925 excitaverunt.
3461 1870 3569 1925 Ille
3599 1886 3717 1923 vero

2124 1957 2418 2011 confestim
2446 1958 2764 2029 exspolians
2795 1976 2872 2025 se,
2922 1965 2979 2014 et
2999 1960 3221 2030 jactans
3265 1959 3602 2014 vestimenta
3628 1975 3719 2013 sua

2124 2046 2385 2100 currebat
2418 2047 2603 2101 nudus
2633 2048 2704 2103 ad
2733 2048 3156 2103 monasterium.
3187 2049 3507 2103 Declaravit
3535 2054 3713 2103 autem

2128 2134 2277 2189 Deus
2307 2136 2405 2190 uni
2457 2135 2597 2202 seni,
2634 2137 2823 2191 dicens
2860 2155 2871 2189 :
2914 2138 3092 2209 Surge
3122 2144 3180 2192 et
3228 2138 3414 2209 accipe
3452 2138 3719 2192 athletam

2127 2240 2335 2279 meum.
2363 2226 2678 2296 Exsurgens
2708 2242 2841 2296 ergo
2870 2242 3055 2291 senex,
3094 2224 3334 2280 obviavit
3353 2226 3434 2279 illi
3463 2226 3639 2289 nudo,
3670 2231 3720 2279 et

2127 2329 2464 2383 cognoscens
2494 2331 2720 2369 causam
2741 2315 3050 2370 admiratus
3070 2319 3172 2380 est,
3195 2320 3251 2369 et
3279 2314 3434 2369 dedit
3464 2315 3550 2369 illi
3579 2314 3719 2368 habi-

2126 2408 2248 2457 tum
2293 2404 2685 2458 monachilem.
2720 2404 2953 2468 Quando
2992 2410 3181 2459 autem
3222 2402 3525 2458 veniebant
3557 2404 3716 2475 aliqui

2124 2491 2327 2546 fratres
2347 2492 2416 2547 ad
2438 2493 2622 2564 ipsum
2650 2510 2862 2559 senem,
2877 2494 3201 2565 perquirere
3222 2509 3351 2547 eum
3367 2494 3439 2547 de
3459 2492 3720 2547 conditio-

2124 2581 2289 2636 nibus
2316 2582 2502 2647 variis,
2537 2582 2911 2653 respondebat
2938 2583 3048 2649 eis;
3084 2582 3153 2636 de
3179 2582 3602 2637 renuntiatione
3625 2599 3717 2636 au-

2123 2676 2239 2724 tem
2273 2670 2682 2725 sciscitantibus
2707 2671 2927 2726 dicebat
2955 2688 2966 2723 :
2992 2671 3151 2725 Hunc
3173 2670 3443 2743 requirite
3471 2670 3715 2732 fratrem,

2127 2759 2259 2831 quia
2288 2777 2390 2829 ego
2412 2760 2481 2813 ad
2510 2760 2988 2815 renuntiationem
3008 2760 3182 2832 ipsius
3206 2760 3454 2815 nondum
3479 2760 3715 2832 perveni.

2198 2847 2287 2903 68.
2318 2849 2557 2912 Quidam
2586 2849 2761 2903 frater
2782 2849 3128 2905 renuntiavit
3156 2851 3386 2905 saeculo:
3413 2855 3473 2903 et
3493 2866 3621 2904 cum
3647 2848 3719 2902 di-

2129 2937 2424 3007 spersisset
2443 2954 2532 2992 res
2558 2955 2687 2993 suas
2714 2938 3076 3011 pauperibus,
3092 2939 3343 3010 quaedam
3364 2938 3477 3017 sibi
3497 2937 3719 2992 retinuit

2128 3026 2187 3080 in
2221 3027 2447 3099 propria
2477 3029 2711 3093 ratione,
2750 3035 2805 3083 et
2833 3030 2985 3083 venit
3014 3029 3084 3083 ad
3113 3027 3372 3083 abbatem
3417 3027 3716 3082 Antonium

440 3123 546 3177 hac
582 3120 895 3175 intentione
935 3116 1253 3173 fraudabor.
1282 3117 1406 3171 Non
1437 3115 1587 3170 enim
1630 3114 1888 3171 homines
1918 3112 2045 3166 veni
2065 3103 2110 3163 C
2131 3118 2354 3184 (Pelag.,
2376 3120 2542 3172 li'bell.
2568 3131 2641 3184 vl,
2661 3134 2717 3171 η.
2741 3119 2814 3179 ‘ll.
2834 3118 2993 3183 Quod
3015 3134 3142 3172 cum
3155 3134 3320 3172 senex
3340 3116 3712 3188 comperisset,

444 3208 931 3282 conspicere,quia
957 3213 1013 3262 et
1040 3207 1099 3261 in
1128 3212 1322 3261 nostra
1350 3210 1654 3277 supersunt
1674 3203 1915 3269 civitate,
1946 3202 2044 3256 sed

439 3300 771 3373 prophetam
800 3298 989 3351 videre
1014 3295 1345 3351 desideravi.
1374 3296 1512 3349 Cum
1544 3310 1678 3364 ergo
1706 3292 1952 3346 venisset
1972 3290 2043 3344 ad

439 3390 636 3444 cellam
658 3387 807 3442 beati
832 3386 1073 3449 Arsenii,
1090 3384 1326 3455 contigit
1348 3391 1413 3439 ut
1432 3384 1567 3438 foris
1587 3383 1747 3437 illum
1777 3379 2044 3435 deambu-

438 3478 651 3533 lantem
663 3476 1021 3547 conspiceret.
1040 3477 1117 3528 Ac
1138 3491 1265 3528 mox
1282 3478 1413 3527 ante
1429 3473 1598 3545 pedes
1618 3473 1739 3542 ejus
1760 3470 1816 3524 in
1844 3470 2045 3524 faciem

436 3581 618 3640 prona
641 3564 1037 3637 prosternitur.
1071 3563 1253 3627 Quam
1278 3561 1373 3616 ille
1390 3578 1517 3616 cum
1546 3559 1903 3614 festinatione
1928 3575 2047 3613 sus-

437 3657 635 3721 citans,
668 3654 750 3710 ita
789 3651 1179 3725 compellebat,
1211 3650 1405 3707 dicens
1458 3667 1470 3702 :
1516 3650 1574 3704 Si
1617 3648 1817 3703 faciem
1857 3664 2045 3702 meam

437 3751 661 3801 tantum
687 3743 879 3799 videre
900 3742 1206 3809 desideras,
1227 3756 1373 3806 ecce,
1395 3740 1636 3795 intuere.
1663 3739 1763 3794 Illa
1776 3754 1906 3792 vero
1933 3754 2047 3809 prae

438 3834 775 3889 verecundia
797 3833 985 3888 oculos
1006 3848 1119 3886 non
1146 3830 1391 3885 audebat
1417 3829 1696 3884 attollere.
1714 3828 1861 3882 Dicit
1884 3827 1936 3881 ei
1963 3844 2047 3881 se-

440 3941 546 3980 nex
569 3942 581 3977 :
604 3923 664 3979 Si
693 3922 829 3994 quid
856 3922 926 3976 de
951 3921 1091 3976 meis
1112 3919 1327 3975 actibus
1353 3918 1694 3990 comperisti,
1717 3918 1823 3972 hoc
1844 3915 2049 3971 debue-

441 4030 534 4067 ras
561 4010 792 4066 intueri.
825 4009 1118 4074 Quomodo
1133 4025 1267 4081 ergo
1289 4013 1346 4064 et
1371 4013 1597 4063 tantum
1626 4007 1859 4079 pelagus
1888 4005 2048 4060 navi-

438 4114 575 4171 gare
614 4098 1057 4170 praesumpsisti?
1088 4098 1173 4151 An
1202 4098 1430 4167 ignoras
1457 4102 1514 4151 te
1555 4095 1852 4150 mulierem
1898 4111 2037 4161 esse,

441 4187 645 4259 quibus
675 4201 1027 4258 quocumque
1056 4200 1168 4239 non
1192 4185 1325 4239 licet
1353 4184 1538 4239 exire?
1548 4186 1633 4239 An
1655 4184 1781 4239 ideo
1811 4184 1920 4239 huc
1945 4200 2041 4239 ve-

2126 3205 2265 3259 dixit
2293 3206 2343 3259 ei
2382 3224 2393 3259 :
2430 3206 2488 3261 Si
2518 3206 2618 3272 vis,
2652 3208 2788 3262 vade
2810 3208 2869 3261 in
2898 3208 3035 3273 vico,
3064 3213 3116 3261 et
3138 3224 3259 3261 eme
3288 3205 3389 3261 tibi
3421 3222 3640 3270 carnes,
3668 3210 3717 3258 et

2125 3294 2351 3365 impone
2382 3295 2485 3350 tibi
2523 3296 2740 3369 corpori
2769 3302 2867 3351 tuo
2899 3297 3068 3361 nudo,
3102 3302 3159 3350 et
3187 3295 3313 3349 veni
3346 3294 3417 3349 ad
3439 3313 3553 3349 me.
3586 3295 3715 3350 Cum

2126 3402 2259 3455 ergo
2284 3386 2389 3440 hoc
2427 3386 2647 3441 fecisset
2668 3386 2861 3453 frater,
2883 3391 3000 3440 tam
3024 3402 3189 3441 canes
3210 3401 3378 3457 quam
3399 3402 3534 3439 aves
3564 3399 3714 3439 omne

2126 3491 2327 3547 corpus
2348 3492 2512 3530 suum
2535 3481 2764 3548 propter
2782 3492 3006 3529 carnem
3029 3474 3375 3547 rapiendam,
3396 3479 3518 3528 tam
3550 3473 3716 3527 denti-

2125 3563 2230 3617 bus
2262 3581 2430 3635 quam
2460 3564 2745 3635 unguibus
2775 3564 3125 3635 diruperunt.
3150 3565 3291 3618 Cum
3322 3579 3453 3634 ergo
3483 3563 3715 3616 venisset

2128 3653 2199 3707 ad
2229 3654 2557 3721 Antonium,
2576 3654 2878 3725 requisitus
2906 3659 2991 3707 est
3020 3653 3067 3707 si
3089 3652 3310 3707 fecisset
3338 3651 3484 3723 quod
3513 3652 3566 3705 ei
3592 3666 3715 3723 prae-

2129 3749 2372 3814 ceperat.
2395 3744 2496 3798 Illo
2524 3747 2713 3798 autem
2738 3743 3159 3797 demonstrante
3180 3759 3380 3814 corpus
3398 3758 3566 3795 suum
3586 3741 3713 3794 lace-

2130 3838 2337 3899 ratum,
2392 3832 2528 3887 dicit
2580 3832 2632 3887 ei
2696 3837 2921 3887 sanctus
2978 3832 3255 3887 Antonius
3320 3849 3333 3885 :
3393 3830 3713 3900 Quicunque

2130 3921 2461 3977 renuntiant
2495 3927 2686 3989 512
2735 3921 2956 3988 saeculo,
3000 3926 3057 3976 et
3084 3921 3277 3977 volunt
3304 3919 3486 3975 adhuc
3518 3918 3711 3974 habere

2132 4012 2417 4085 pecunias,
2451 4010 2531 4066 sic
2556 4025 2593 4066 α
2618 4010 2964 4066 daemonibus
2992 4011 3329 4067 lacerantur.

2196 4100 2283 4157 69.
2317 4100 2558 4166 Quidam
2587 4100 2761 4154 frater
2797 4100 3091 4172 requisivit
3113 4116 3324 4167 senem,
3355 4098 3548 4153 dicens
3578 4116 3589 4149 :
3623 4094 3709 4149 Vis

2123 4194 2191 4245 ut
2218 4189 2492 4245 retineam
2523 4189 2663 4243 mihi
2694 4188 2833 4244 duos
2855 4187 3061 4243 solidos
3081 4193 3309 4261 pr0pter
3334 4186 3708 4241 inﬁrmitatem

438 4277 595 4337 nisti.
616 4281 682 4330 ut
696 4275 931 4329 Romam
953 4274 1195 4341 rediens},
1209 4273 1334 4328 aliis
1358 4279 1415 4329 te
1439 4273 1662 4328 feminis
1686 4273 1945 4345 glorieris
1968 4273 2046 4327 Vi-
2126 4281 2373 4351 corporis
2389 4282 2611 4350 (Pelag.,
2644 4282 2812 4337 libell.
2832 4293 2905 4347 Vl,
2939 4295 3096 4333 num.
3120 4276 3240 4340 2‘2)?
3258 4276 3328 4331 Et
3348 4275 3541 4330 videns
3555 4288 3707 4329 senex

440 4366 588 4421 disse
615 4363 1013 4431 Arsenillmmt
1034 4364 1134 4417 fiat
1153 4363 1405 4434 perVium
1434 4380 1590 4417 mare
1612 4363 1680 4417 ad
1707 4380 1796 4417 me
1824 4361 2047 4417 venien-
2126 4369 2494 4440 cogitationes
2529 4370 2671 4440 ejus,
2715 4369 2863 4441 quod
2895 4368 3061 4422 vellet
3089 4367 3331 4421 retinere
3372 4381 3485 4431 eos,
3533 4363 3668 4418 dixit
3693 4378 3704 4413 :

438 4456 582 4510 tium
611 4453 982 4508 feminarum?
1010 4455 1084 4508 At
1128 4452 1226 4507 illa
1253 4452 1617 4524 respondens,
1649 4453 1730 4507 ait
1764 4470 1775 4505 :
1811 4452 1869 4507 Si
1917 4452 2036 4506 vult
2058 4458 2349 4528 “Retine,
2382 4460 2656 4514 Reversus
2702 4475 2833 4528 ergo
2864 4461 2923 4512 in
2952 4457 3147 4512 cellam
3175 4456 3365 4521 frater,
3398 4453 3567 4525 coepit
3591 4466 3704 4507 cum

437 4546 607 4609 Deus,
639 4543 853 4599 nullam
883 4542 994 4597 huc
1023 4542 1212 4597 venire
1250 4502 1559 4613 perit—uiuat
1596 4543 1703 4597 Sed
1727 4547 1791 4597 ιη
1816 4558 1917 4614 Ι)Γο
1948 4558 2039 4600 me
2058 4502 2111 4565 Β
2129 4506 2560 4619 cogitationibus
2590 4502 2828 4619 Propriis
2854 4502 3161 4604 colluctari.
3183 4502 3371 4599 dicens

439 4651 581 4700 ores,
612 4640 669 4690 et
696 4634 753 4688 in
782 4632 1057 4688 memoria
1084 4648 1176 4687 me
1207 4630 1413 4686 habere
1434 4632 1702 4703 digneris,
1732 4650 1917 4689 exoro.
1941 4635 2047 4690 Cui
2129 4637 2339 4692 nedixit
2368 4636 2506 4691 mihi
2534 4653 2701 4691 senex
2729 4653 2803 4690 an
2823 4635 2979 4690 non?
3010 4635 3323 4705 Exsurgens
3345 4648 3476 4703 ergo
3512 4632 3702 4685 iterum

437 4724 709 4779 Arsenius
731 4722 903 4777 dixit:
925 4722 1037 4778 Oro
1065 4723 1246 4777 Deum
1269 4739 1479 4789 meum,
1507 4729 1571 4777 ut
1598 4723 1784 4778 deleat
1801 4730 1956 4779 tuam
1981 4742 2047 4778 ex
2128 4728 2281 4781 venit
2308 4726 2377 4780 ad
2407 4743 2617 4789 senem,
2650 4742 2854 4797 rogans
2894 4730 2950 4779 et
2978 4724 3169 4778 dicens
3205 4740 3216 4775 :
3261 4724 3496 4793 Propter
3535 4721 3701 4775 Deum

438 4812 605 4868 corde
636 4828 760 4866 meo
791 4811 1141 4866 memoriam.
1180 4811 1302 4877 Quo
1332 4811 1430 4866 illa
1470 4811 1640 4867 verbo
1669 4818 1952 4885 percepto,
1986 4814 2045 4869 in
2126 4816 2215 4871 dic
2244 4816 2384 4870 mihi
2410 4816 2721 4883 veritatem,
2754 4813 2886 4886 quia
2910 4812 3212 4869 conturbor
3235 4829 3269 4867 a
3287 4808 3700 4882 cogitationibus

434 4902 719 4957 civitatem
750 4900 1094 4971 regrediens,
1146 4900 1478 4972 aegritudine
1524 4918 1636 4972 pm
1680 4902 2044 4958 tribulatione
2126 4906 2285 4973 meis,
2334 4910 2563 4978 propter
2609 4905 2735 4959 illos
2772 4904 2912 4958 duos
2954 4903 3179 4957 solidos.
3218 4901 3355 4956 Dicit
3389 4899 3471 4953 illi
3514 4911 3694 4954 senex:

438 4996 698 5062 correpta
717 4994 819 5044 est.
837 4989 921 5043 Ad
940 5006 1109 5061 quam
1124 5006 1250 5045 cum
1268 4990 1602 5046 visitationis
1624 5007 1791 5046 causa
1803 4992 2041 5047 venisset
2125 4995 2270 5060 Quia
2298 4994 2413 5049 vidi
2441 4994 2839 5064 cogitationem
2862 4997 3020 5047 tuam
3038 4992 3315 5046 volentem
3336 4990 3577 5044 retinere
3594 5002 3693 5047 eos,

370 5104 373 5107 ·
438 5082 755 5153 episcopus,
775 5085 833 5136 et
844 5079 981 5151 quid
1000 5080 1081 5134 rei
1105 5085 1251 5134 esset
1264 5080 1591 5151 inquireret,
1609 5081 1705 5135 illa
1724 5097 2041 5136 sermonem

439 5172 608 5238 senis,
629 5185 797 5242 quem
828 5169 1091 5224 ultimum
1119 5170 1188 5224 de
1218 5171 1491 5225 memoria
1508 5170 1594 5225 sui
1619 5170 1854 5237 dixerat,
1881 5187 2041 5225 enar-

2123 5085 2236 5139 dixi
2265 5084 2367 5138 tibi
2397 5089 2461 5139 ut
2489 5084 2777 5147 retineres,
2813 5098 2945 5136 nam
2980 5097 3092 5135 non
3130 5086 3216 5134 est
3267 5078 3473 5133 bonum
3521 5083 3696 5132 tenere

2121 5175 2247 5246 plus
2265 5190 2434 5246 quam
2462 5189 2687 5229 necesse
2716 5177 2801 5226 est
2824 5170 3060 5242 corpori.
3084 5169 3207 5225 Duo
3228 5185 3359 5240 ergo
3389 5166 3551 5222 solidi
3579 5167 3695 5219 sunt

440 5261 603 5328 ravit,
638 5276 704 5315 ac
722 5264 1021 5332 propterea
1048 5274 1107 5314 se
1128 5260 1268 5314 velle
1297 5259 1443 5314 mori
1467 5276 1580 5331 prae
1608 5260 1844 5314 tristitia
1870 5261 2041 5314 conﬁ-

438 5355 609 5417 tetur,
642 5350 745 5405 sed
777 5349 1068 5421 episcopus
1094 5349 1195 5403 tali
1228 5365 1353 5403 eam
1385 5350 1705 5404 consolatur
1745 5349 1989 5421 alloquio
2024 5369 2035 5403 :

439 5439 706 5510 Nunquid
731 5439 913 5493 nescis
938 5444 995 5492 te
1016 5455 1137 5493 esse
1166 5437 1500 5493 mulierem?
1520 5439 1589 5493 Et
1609 5438 1741 5510 quia
1770 5454 1871 5510 per
1885 5438 2041 5494 femi-

442 5542 575 5582 nam
589 5526 1001 5583 soletinimicus
1014 5528 1300 5583 hominem
1312 5528 1666 5600 impugnare,
1683 5528 1808 5583 ideo
1824 5530 2040 5585 vultum

442 5621 605 5674 tuum
633 5616 703 5674 de
731 5616 897 5675 corde
926 5633 1029 5674 suo
1051 5617 1239 5675 delere
1267 5617 1426 5674 dixit.
1452 5619 1597 5673 Nam
1617 5634 1718 5692 pro
1734 5620 1924 5677 anima
1940 5628 2041 5681 tua

2120 5282 2246 5335 spes
2272 5270 2398 5331 tua;
2431 5267 2489 5317 et
2516 5264 2562 5317 si
2591 5262 2891 5331 contigerit
2919 5265 2984 5313 ut
3000 5263 3247 5331 pereant,
3282 5256 3535 5328 nunquid
3560 5255 3692 5309 Deus

2120 5370 2233 5409 non
2256 5353 2466 5424 cogitat
2493 5352 2563 5406 de
2590 5349 2788 5406 nobis?
2807 5351 2966 5405 Jacta
2990 5365 3121 5420 ergo
3142 5347 3533 5418 cogitationem
3550 5350 3693 5397 tuam

2120 5460 2289 5516 super
2317 5444 2513 5509 Deum,
2548 5440 2815 5513 quoniam
2840 5439 2948 5512 ipsi
2974 5455 3110 5494 cura
3150 5442 3236 5491 est
3262 5436 3330 5491 de
3355 5435 3533 5490 nobis.

2191 5532 2278 5590 70.
2312 5532 2552 5597 Quidam
2576 5530 2978 5585 monachorum
3000 5526 3268 5599 Serapion
3286 5530 3507 5580 tantum
3538 5523 3692 5578 Evan-

2123 5622 2333 5698 gelium
2362 5619 2670 5695 possidens,
2694 5618 2945 5674 vendidit
2963 5617 3120 5685 illud,
3148 5604 3592 5671 etesurientibus
3609 5609 3691 5663 de-
