3876 6378
198 308 299 365 Τ⁴73

1505 312 1745 368 VERBA
1779 308 2173 366 SENIORUM.

3364 319 3462 374 77’:

190 434 292 501 dit,
316 433 550 504 dignum
577 433 862 489 memoriae
876 449 1194 491 sermonem
1205 434 1454 491 imitans:
1478 437 1501 493 Ι
1504 439 1787 508 psum,in-
1800 440 1848 498 Α
1865 443 2109 507 quatuor
2123 434 2318 490 modos
2338 433 2531 490 habet:
2550 434 2803 493 Primum
2814 453 2880 491 ex
2891 438 3389 507 corde,secundum
3400 461 3466 500 ex

187 522 331 593 quit,
366 521 596 580 verbum
616 523 946 589 venundavi,
966 524 1116 595 quod
1137 524 1274 579 mihi
1297 541 1518 597 semper
1532 526 1777 582 dicebat:

189 611 380 668 Vende
400 629 522 684 qua:
533 613 802 684 possides,
827 618 884 668 et
911 613 984 667 da
998 613 1335 684 pauperibus
1357 616 1582 683 (Pelag.,
1611 619 1778 671 libell.

186 714 258 767 vi,
294 718 452 756 num.
487 701 562 762 5).

254 787 313 845 7t
332 832 343 843 .
374 792 515 846 Cum
545 791 774 863 quidam
789 790 871 846 vir
881 797 1111 861 rogaret
1127 790 1389 846 abbatem
1407 795 1778 865 Agathonem,

183 884 246 934 ut
288 880 585 951 pecuniam
625 880 778 937 illius
815 881 1122 951 susciperet.
1167 882 1225 935 in
1263 884 1491 954 prOpria
1542 885 1776 951 ratione,

181 967 410 1024 nolebat
429 969 542 1033 ille,
566 969 757 1024 dicens
777 988 791 1025 :
809 971 937 1025 Non
950 976 1036 1025 est
1050 987 1276 1025 necesse
1288 971 1444 1039 mihi,
1461 973 1593 1044 quia
1611 991 1782 1046 Opera

179 1071 453 1112 manuum
510 1075 763 1114 mearum
811 1075 901 1114 me
941 1063 1180 1129 pascunt
1228 1061 1450 1128 (Pelag.,
1498 1064 1666 1116 libell.
1705 1078 1774 1129 v1,

180 1159 236 1196 η.
249 1143 276 1198 1
289 1144 510 1209 7).Cum
533 1151 721 1203 autem
741 1146 836 1201 ille
853 1146 1160 1217 persistens
1173 1147 1408 1202 diceret:
1429 1148 1529 1202 Vel
1548 1157 1779 1222 propter

175 1229 492 1303 indigentes
515 1234 747 1304 dignare
766 1235 1068 1306 suscipere,
1095 1236 1410 1306 respondit:
1447 1238 1660 1309 Duplex
1688 1257 1776 1294 ve-

172 1326 442 1381 recundia
471 1332 574 1394 est,
608 1328 742 1399 quia
782 1345 895 1383 non
925 1329 1184 1400 indigens
1211 1330 1473 1402 suscipio,
1507 1337 1564 1388 et
1590 1333 1775 1388 aliena

174 1422 463 1485 praestans,
486 1433 641 1472 vanae
668 1419 859 1488 gloria;
892 1417 1212 1489 subjacebo.

243 1505 330 1560 72.
359 1506 593 1562 Dicebat
612 1507 785 1564 abbas
805 1510 1012 1564 Paulus
1046 1523 1058 1558 :
1091 1510 1149 1564 Si
1170 1510 1388 1582 aliquas
1415 1529 1504 1567 res
1532 1514 1772 1570 voluerit

172 1596 480 1650 monachus
499 1596 557 1650 in
577 1597 720 1651 cella
738 1614 842 1652 sua
859 1597 1296 1669 habere,praater
1309 1617 1406 1656 eas
1421 1602 1544 1657 sine
1565 1603 1768 1674 quibus

1867 525 2024 591 facie,
2058 527 2289 579 tertium
2319 541 2384 579 ex
2407 525 2619 598 lingua,
2651 532 2918 598 quartum
2955 545 3022 584 ex
3048 529 3212 586 facto.
3246 532 3304 588 Si
3332 550 3465 605 ergo

1866 614 2112 684 potuerit
2123 615 2246 686 quis
2263 615 2343 670 ita
2359 621 2582 687 portare
2599 617 2830 684 malum,
2864 624 2927 673 ut
2946 635 3017 674 ne
3038 619 3390 691 ingrediatur
3403 624 3463 679 in

1864 719 1978 769 cor,
2015 721 2124 758 non
2146 704 2397 776 pervenit
2417 722 2594 776 usque
2617 706 2686 760 ad
2705 707 2900 762 faciem
2926 727 2938 762 :
2969 709 3219 766 siautem
3247 713 3464 769 venerit

1862 790 1920 844 in
1941 791 2160 860 faciem,
2185 793 2464 848 custodiat
2481 793 2731 865 linguam
2745 812 2814 849 ne
2835 796 3100 868 loquatur
3117 799 3276 855 illud.
3302 801 3463 865 Quod

1863 879 1909 933 si
1931 881 2150 936 locutus
2174 883 2363 949 fuerit,
2376 883 2461 938 vel
2483 883 2587 938 hoc
2601 885 2880 939 custodiat
2899 903 2969 941 ne
2988 888 3188 942 reddat
3202 889 3260 943 in
3288 890 3455 957 facto,

1862 970 1960 1023 sed
1975 987 2102 1025 mox
2123 971 2390 1026 dimittat.
2409 973 2544 1026 Tres
2564 973 2715 1027 enim
2727 975 2941 1044 gradus
2950 975 3242 1032 hominum
3254 979 3457 1034 suntin

1860 1059 2246 1129 passioneirze.
2266 1063 2406 1115 Nam
2432 1061 2523 1115 cui
2547 1062 2858 1119 voluntarie
2871 1071 3104 1120 nocetur
3131 1073 3188 1122 et
3217 1068 3455 1139 injuria-

1859 1153 1971 1213 tur,
2007 1153 2064 1203 et
2100 1149 2281 1220 parcit
2309 1150 2559 1221 proximo
2598 1167 2718 1218 suo,
2733 1151 2824 1206 hic
2851 1154 3159 1210 secundum
3193 1163 3455 1212 naturam

1859 1236 2069 1291 Christi
2099 1245 2204 1293 est.
2236 1239 2342 1302 Qui
2373 1245 2561 1294 autem
2586 1257 2700 1294 non
2720 1241 3019 1308 laedit;nec
3047 1244 3174 1299 laedi
3201 1247 3338 1314 vult,
3363 1248 3455 1304 hic

1855 1326 2165 1382 secundum
2193 1333 2456 1382 naturam
2485 1328 2666 1383 Adam
2695 1335 2797 1384 est.
2831 1331 2937 1395 Qui
2984 1349 3115 1388 vero
3149 1340 3313 1390 nocet
3355 1343 3456 1392 aut

1854 1414 2177 1485 injuriatur,
2191 1422 2292 1472 aut
2314 1417 2653 1472 calumniam
2676 1418 2900 1489 ingerit,
2913 1427 3014 1476 aut
3036 1439 3237 1478 usuras
3260 1424 3449 1496 exigit,

1854 1503 1946 1558 hic
1981 1506 2288 1561 secundum
2327 1505 2612 1561 diabolum
2637 1513 2743 1562 est.

1924 1591 2010 1648 77.
2042 1593 2282 1658 Quidam
2307 1612 2370 1648 ex
2400 1595 2665 1651 fratribus
2694 1613 2890 1668 passus
2923 1597 2993 1652 ab
3018 1599 3128 1655 alio
3159 1601 3447 1673 injuriam,

170 1699 280 1739 non
308 1689 497 1755 potest
541 1686 745 1752 vivere,
781 1687 1106 1758 frequenter
1143 1689 1361 1759 cogitur
1389 1691 1458 1746 de
1488 1693 1630 1747 cella
1665 1712 1831 1777 suaB
1851 1681 2089 1777 Ῡθηίῒςδά
2110 1683 2634 1777 αδξδίθπξδίδοίυω
2671 1688 2892 1777 (Palatia
2919 1689 3090 1743 ίίὸειι·
3115 1704 3230 1757 Χνῖι
3258 1709 3316 1746 η·
3342 1693 3408 1748 10
3433 1713 3446 1762 ἰ

169 1774 380 1843 egredi,
403 1780 461 1830 et
484 1774 564 1829 ita
593 1792 627 1829 ει
653 1776 908 1832 daemone
926 1778 1504 1847 decipitup(pagch,,c,
1529 1781 1581 1847 2,
1610 1799 1665 1836 η,
1689 1783 1762 1855 2),
1784 1773 1824 1777 ⁷
1848 1773 2058 1839 Pasch.,
2092 1789 2137 1825 ο.
2174 1775 2224 1839 7,
2260 1790 2317 1828 η.
2355 1773 2423 1842 l),
2465 1779 2523 1828 et
2546 1775 2899 1830 contumeliae
2934 1793 3113 1847 genus
3143 1795 3444 1852 exponens,

169 1863 297 1918 Hec
323 1870 516 1919 autem
547 1865 668 1936 ipse
696 1865 904 1920 Paulus
925 1865 1226 1920 observans
1242 1867 1297 1921 in
1317 1885 1432 1923 una
1456 1871 1765 1944 quadrage-

167 1951 326 2016 sima,
341 1968 474 2007 cum
500 1953 748 2009 sextario
769 1954 1046 2009 lenticula:
1075 1960 1131 2011 et
1159 1973 1328 2026 parvo
1347 1975 1507 2030 aqua:
1538 1962 1762 2016 vasculo

165 2040 507 2110 perduravit,
524 2048 584 2096 ot
595 2059 765 2099 unam
778 2049 1015 2100 mattam
1029 2044 1520 2112 faciens,eamdem
1541 2050 1764 2106 texebat

163 2137 218 2186 et
245 2131 549 2198 retexebat,
582 2149 652 2189 ne
681 2135 1072 2189 tantummodo
1098 2134 1232 2190 foris
1261 2137 1456 2193 exiret.

233 2219 318 2278 73.
362 2222 553 2278 Abbas
602 2223 881 2280 Macarius
935 2241 1062 2281 cum
1113 2231 1263 2280 esset
1297 2226 1357 2282 in
1399 2227 1656 2299 Egypto,
1705 2235 1762 2283 et

163 2325 420 2379 egressus
443 2311 644 2368 fuisset
662 2312 732 2366 de
749 2313 894 2368 cella
908 2329 1027 2378 sua,
1049 2329 1304 2369 reversus
1337 2314 1550 2370 invenit
1566 2333 1760 2388 quem-

160 2398 288 2454 dam
315 2399 603 2456 furantem
635 2402 690 2456 id
716 2402 864 2473 quod
891 2403 952 2456 in
973 2403 1113 2457 cella
1133 2420 1235 2458 sua
1257 2403 1500 2459 habebat
1527 2407 1754 2472 (Pelag.,

161 2489 324 2543 lz’bell.
353 2503 465 2555 va,
485 2506 642 2547 num.
667 2487 735 2557 6;
769 2491 981 2556 Pasch.,
1005 2509 1049 2545 c.
1077 2490 1129 2557 3,
1152 2508 1210 2546 η.
1239 2491 1304 2560 ι).
1341 2493 1509 2547 Stetit
1537 2509 1670 2563 ergo
1700 2499 1758 2548 et

158 2574 274 2646 ipse
283 2581 559 2649 tanquam
573 2579 984 2651 peregrinus,et
995 2580 1310 2648 carricavit(
1321 2580 1338 2637 ι
1349 2579 1613 2639 3lanimal
1624 2599 1754 2637 cum

156 2663 248 2718 illo
271 2681 402 2722 cum
433 2667 612 2722 multa
625 2668 823 2738 requie
846 2673 902 2723 et
923 2669 1180 2740 perduxit
1191 2669 1574 2735 eum,dicens:
1600 2672 1754 2726 Nihil

155 2752 210 2810 in
229 2753 378 2810 hunc
397 2755 674 2810 mundum
694 2755 1289 2812 intulimusDominus
1301 2757 1752 2825 dedit,Dominus

153 2840 405 2909 abstulit,
433 2843 579 2900 sicut
605 2851 664 2898 et
689 2845 812 2916 ipse
843 2845 1034 2909 voluit,
1067 2846 1148 2900 ita
1177 2846 1386 2902 factum
1414 2854 1501 2902 est
1533 2850 1642 2919 (Job
1676 2851 1711 2919 ι)
1729 2895 1741 2906 .

152 2931 484 2990 Benedictus
503 2934 777 2992 Dominus
807 2935 866 2991 in
896 2934 1156 2991 omnibus
1183 2935 1346 3008 (Tim.
1378 2940 1476 3005 Vl).

1845 1859 2090 1915 addebat
2123 1861 2336 1934 :Cupio
2369 1880 2458 1917 me
2495 1863 2797 1930 vindicare,
2823 1863 3008 1920 Pater.
3049 1867 3228 1922 Senex
3255 1877 3448 1927 autem

1845 1965 2042 2020 rogare
2064 1968 2191 2006 eum
2223 1952 2408 2023 cmpit,
2427 1958 2490 2006 ut
2509 1952 2856 2024 relinqueret
2885 1953 3001 2010 Deo
3026 1955 3353 2016 vindictam.
3369 1962 3447 2016 At

1846 2038 1940 2094 ille
1959 2039 2142 2111 inquit
2173 2057 2188 2094 ε
2220 2043 2348 2096 Non
2378 2042 2665 2106 desistam,
2685 2043 2793 2096 nisi
2822 2042 3043 2098 fortiter
3069 2044 3440 2104 vindicavero.

1845 2128 1947 2182 Cui
1957 2146 2126 2184 senex
2145 2130 2252 2184 ait:
2277 2131 2565 2195 Quatenus
2586 2131 2758 2185 semel
2774 2131 2877 2186 hoc
2895 2132 2955 2186 in
2969 2133 3158 2189 animo
3171 2137 3438 2205 statuisti,

1841 2217 1925 2270 vel
1957 2235 2108 2273 nunc
2133 2235 2375 2276 oremus.
2401 2221 2716 2292 Exsurgens
2736 2225 2926 2276 autem
2949 2238 3138 2291 senex,
3151 2223 3238 2279 his
3257 2226 3441 2284 verbis

1843 2307 2010 2378 coepit
2032 2325 2194 2363 orare
2227 2328 2238 2363 :
2269 2309 2436 2375 Deus,
2447 2311 2570 2379 jam
2589 2326 2703 2364 non
2728 2327 2791 2365 es
2807 2309 2968 2366 nobis
2983 2314 3352 2381 necessarius,
3376 2324 3440 2374 ut

1839 2411 1940 2466 pro
1970 2396 2131 2451 nobis
2159 2398 2237 2452 sis
2267 2399 2554 2465 sollicitus,
2598 2399 2732 2470 quia
2765 2416 2867 2454 nos
2904 2407 3094 2467 5'3
3139 2402 3248 2474 ipsi
3291 2404 3439 2461 sicut

1837 2484 2012 2540 frater
2030 2486 2137 2540 iste
2159 2487 2312 2553 dicit,
2345 2493 2402 2542 et
2430 2488 2685 2542 volumus
2717 2494 2774 2542 et
2802 2505 3099 2560 possumus
3130 2507 3232 2547 nos
3256 2493 3438 2549 vindi-

1836 2589 1984 2627 care.
2008 2574 2168 2638 Quod
2190 2592 2316 2629 cum
2349 2576 2442 2630 ille
2459 2576 2634 2631 frater
2652 2577 2920 2645 audisset,
2937 2583 3068 2634 ante
3083 2580 3255 2651 pedes
3284 2583 3436 2639 senis

1835 2663 2044 2718 ell‘usus
2073 2664 2293 2718 veniam
2334 2665 2672 2736 postulabat,
2705 2667 3041 2738 promittens
3083 2685 3144 2724 se
3179 2686 3308 2726 cum
3336 2672 3434 2727 illo

1835 2753 1928 2806 cui
1955 2752 2301 2808 irascebatur
2320 2771 2609 2826 nunquam
2641 2761 3010 2812 certaturum.

1905 2840 1994 2897 78.
2028 2843 2268 2907 Quidam
2296 2843 2488 2910 frater,
2523 2845 2658 2900 dum
2699 2845 2770 2900 ab
2815 2846 2994 2901 altero
3038 2847 3428 2918 injuriaretur,

1831 2931 1986 2986 venit
2019 2938 2076 2986 et
2110 2932 2392 2987 nuntiavit
2431 2933 2552 2988 seni
2586 2936 2815 3002 (Pasch.,
2861 2953 2906 2990 ο.
2942 2935 2992 3002 7,
3029 2953 3188 2992 num.
3220 2937 3295 3006 2).
3329 2941 3434 2996 Cui

220 3021 304 3076 74.
338 3022 583 3086 Quidam
625 3023 798 3080 frater
841 3025 1071 3080 veniens
1110 3025 1179 3079 ad
1218 3026 1416 3080 cellam
1453 3027 1747 3097 cujusdam
1771 3081 1810 3097 Α
1831 3021 1927 3075 ille
1947 3022 2518 3092 respondit:Satisfac
2535 3023 2858 3094 cogitationi
2877 3029 3010 3091 tuae,
3030 3027 3297 3096 quoniam
3317 3044 3432 3085 non

149 3110 334 3180 magni
362 3111 532 3177 senis,
565 3110 1003 3183 ingrediebatur,
1038 3118 1095 3168 et
1121 3113 1416 3169 iurabatur
1444 3115 1496 3170 ei
1538 3116 1747 3171 victum

147 3199 362 3267 (Pelag,
392 3201 560 3254 libell.
592 3215 706 3268 xw,
740 3217 795 3255 η.
842 3201 942 3269 19;
986 3204 1195 3269 Pasch.,
1226 3220 1271 3257 c.
1318 3201 1369 3269 3,
1401 3221 1459 3258 η.
1492 3202 1568 3274 2).
1603 3206 1745 3260 Cum

147 3291 332 3344 autem
353 3287 566 3344 videret
579 3305 884 3357 senex,non
901 3291 1176 3362 arguebat
1187 3293 1364 3358 illum,
1377 3293 1476 3348 sed
1500 3294 1743 3364 amplius

147 3376 502 3446 operabatur,
532 3378 722 3432 dicens
750 3397 760 3432 :
784 3380 946 3445 Puto,
963 3381 1138 3434 frater
1160 3381 1254 3435 ille
1273 3381 1621 3438 necessarius
1633 3389 1736 3438 est.

148 3463 399 3521 Habebat
421 3472 611 3523 autem
639 3468 912 3537 grandem
933 3469 1351 3525 tribulationem
1379 3487 1546 3525 senex
1571 3489 1636 3525 ex
1651 3489 1743 3542 pe-

144 3554 306 3608 nuria
330 3555 512 3628 panis.
545 3557 688 3612 Cum
718 3563 909 3612 autem
937 3559 1086 3614 idem
1105 3559 1293 3613 senior
1321 3566 1654 3626 moreretur,
1686 3567 1744 3615 et

144 3641 587 3701 circumdassent
615 3662 744 3703 eum
776 3647 996 3712 fratres,
1020 3648 1112 3701 ille
1138 3648 1331 3703 videns
1351 3665 1482 3703 eum
1510 3649 1740 3704 fratrem

147 3732 239 3802 qui
268 3733 486 3790 solebat
506 3733 683 3791 furari
716 3734 767 3790 ei
792 3753 996 3806 panem
1016 3753 1200 3801 suum,
1232 3737 1368 3790 dicit
1394 3737 1450 3790 ei
1479 3755 1489 3790 :
1527 3738 1742 3792 Accede

145 3819 250 3878 huc
276 3822 347 3878 ad
375 3841 486 3890 me,
529 3823 738 3892 frater;
769 3830 826 3880 et
853 3825 1224 3897 apprehendit
1251 3842 1482 3881 manum
1511 3827 1653 3896 ejus,
1687 3831 1744 3881 et

144 3912 426 3968 osculatus
446 3919 550 3980 est,
570 3914 759 3970 dicens
782 3934 793 3968 :
815 3915 1042 3970 Gratias
1061 3931 1167 3986 ago
1189 3915 1448 3972 manibus
1466 3915 1610 3982 istis,
1633 3915 1743 3970 fra-

143 4003 273 4068 tres,
311 4003 449 4074 quia
475 4019 577 4074 per
593 4019 688 4058 eas
703 4003 1046 4058 arbitrorme
1064 4004 1276 4058 intrare
1306 4004 1611 4074 inregnum
1634 4021 1739 4060 caa-

141 4087 339 4148 lorum.
356 4091 458 4147 Ille
479 4097 669 4148 autem
690 4099 1055 4164 compunctus
1073 4094 1143 4148 de
1163 4094 1267 4148 hoc
1286 4093 1473 4161 verbo,
1491 4100 1550 4148 et
1566 4111 1738 4166 agens

142 4179 549 4250 paenitentiam,
581 4181 760 4238 factus
791 4190 877 4237 est
901 4183 1020 4254 ipse
1039 4187 1303 4238 strenuus
1333 4184 1639 4240 monachus
1669 4201 1735 4239 ex

140 4268 352 4324 actibus
375 4269 528 4325 senis
555 4286 695 4342 quos
716 4272 875 4326 vidit.

1830 3111 1950 3164 vult
1975 3115 2034 3164 te'
2062 3111 2238 3164 frater
2265 3111 2543 3182 injuriari,
2596 3113 2695 3166 sed
2733 3118 2963 3184 peccata
3011 3119 3128 3168 tua.
3180 3115 3326 3170 Nam
3371 3118 3430 3173 in

1830 3200 1986 3254 omni
2020 3200 2332 3254 tentatione
2381 3217 2502 3272 quae
2547 3201 2651 3256 tibi
2676 3202 2950 3272 contingit
2990 3219 3091 3274 per
3119 3203 3425 3275 hominem,

1828 3305 1942 3343 non
1971 3305 2178 3358 arguas
2220 3305 2368 3355 eum,
2400 3290 2498 3343 sed
2529 3291 2922 3345 tantummodo
2951 3291 3040 3346 dic
3073 3310 3087 3346 :
3122 3292 3268 3356 Quia
3293 3312 3427 3367 pro-

1825 3382 1951 3448 pter
1975 3383 2203 3448 peccata
2231 3394 2356 3432 mea
2384 3377 2720 3449 contingunt
2747 3378 2886 3432 mihi
2915 3379 3052 3435 haec.

1898 3465 1984 3520 79.
2034 3465 2266 3521 Dicebat
2301 3466 2624 3537 frequenter
2674 3467 2845 3522 abbas
2887 3468 3160 3524 Poemen:
3210 3470 3428 3528 Malitia

1825 3569 2113 3624 nunquam
2135 3561 2190 3609 te
2211 3561 2525 3626 exsuperet.
2542 3555 2598 3610 Si
2612 3556 2737 3627 quis
2762 3556 2866 3610 tibi
2886 3557 3100 3612 malum
3124 3557 3336 3627 fecerit,
3361 3565 3425 3616 tu

1824 3642 1904 3696 illi
1935 3643 2143 3698 bonum
2168 3644 2358 3708 redde,
2383 3650 2448 3700 ut
2475 3661 2576 3716 per
2612 3645 2826 3701 bonum
2851 3646 3037 3702 vincas
3065 3648 3279 3704 malum
3307 3651 3425 3722 (Pc-

1825 3735 1958 3800 lag.,
1993 3735 2162 3788 libell.
2195 3749 2246 3798 x,
2283 3750 2339 3787 η.
2372 3733 2472 3800 53;
2506 3736 2717 3797 Paw/1.,
2751 3751 2798 3790 c.
2822 3733 2874 3802 7,
2904 3751 3064 3792 num.
3095 3739 3172 3807 3).

1892 3819 1982 3878 80.
2011 3821 2252 3884 Quidam
2282 3821 2475 3889 frater,
2507 3829 2718 3894 quanto
2748 3824 2871 3894 plus
2895 3840 3025 3880 eum
3037 3825 3241 3896 aliquis
3269 3826 3422 3898 inju-

1823 3909 2078 3964 riabatur
2119 3916 2220 3965 aut
2256 3911 2546 3966 deridebat
2609 3914 2830 3982 (Pelag.,
2878 3915 3048 3969 libell.
3081 3931 3186 3982 xvr,
3221 3932 3278 3969 η.
3315 3915 3417 3986 1'2;

1821 4000 2034 4066 Pasch.,
2067 4017 2118 4059 ε,
2159 4002 2211 4065 7,
2234 4017 2292 4054 η.
2325 4002 2398 4067 4),
2425 4006 2582 4055 tanto
2611 4001 2736 4072 plus
2753 4001 2848 4056 ille
2873 4002 3176 4072 gaudebat,
3191 4004 3412 4060 dicens:

1819 4088 1919 4144 Isti
1939 4095 2072 4144 sunt
2088 4089 2183 4162 qui
2197 4089 2359 4144 nobis
2383 4090 2729 4145 occasionem
2752 4091 3003 4163 praebent
3021 4093 3091 4147 ad
3110 4094 3421 4164 profectum

1818 4183 2074 4233 nostrum
2098 4197 2110 4246 ;
2137 4178 2233 4251 qui
2257 4186 2446 4234 autem
2462 4179 2785 4235 beatificant
2804 4197 2926 4248 nos,
2949 4181 3288 4238 conturbant
3303 4183 3417 4238 ani-

1817 4283 1938 4322 mas
1968 4273 2210 4323 nostras.
2245 4269 2526 4340 Scriptum
2557 4275 2645 4324 est
2673 4271 2824 4324 enim
2856 4289 2867 4324 :
2912 4271 3192 4335 Quoniam
3232 4272 3292 4327 hi
3323 4273 3419 4345 qui

138 4354 148 4361 ’
205 4355 296 4418 75.
315 4357 504 4416 Abba:
522 4361 782 4430 Agathon
801 4360 1162 4432 dispensabat
1177 4362 1564 4434 semetipsum,
1601 4363 1731 4418 etin
1813 4354 2138 4413 beatificant
2157 4375 2272 4424 vos,
2305 4358 2593 4430 decipiunt
2620 4375 2717 4412 vos
2746 4361 2928 4428 (Isaia:
2947 4361 3056 4429 ΙΙΙ).

136 4447 394 4504 omnibus
421 4465 551 4506 cum
578 4449 910 4505 discretione
941 4451 1204 4522 pollebat,
1215 4455 1332 4506 tam
1353 4451 1412 4506 in
1433 4469 1601 4524 opere
1614 4439 1798 4507 ma-D
1879 4442 1969 4502 8L
1986 4447 2146 4501 Alter
2173 4463 2359 4512 seneX,
2391 4447 2438 4500 si
2468 4447 2593 4518 quis
2610 4447 2944 4502 detraxisset
2968 4448 3040 4516 ei,
3059 4448 3152 4503 ille
3181 4447 3415 4505 festina-

135 4549 308 4592 nuum
331 4555 564 4594 suarum
579 4555 749 4610 quam
769 4539 829 4594 in
851 4540 1206 4596 vestimento.
1220 4540 1450 4596 Talibus
1471 4541 1622 4596 enim
1641 4558 1730 4597 ve-

1811 4533 1909 4588 bat
1931 4535 2003 4601 (si
2030 4535 2241 4590 vicinus
2271 4535 2322 4590 ei
2353 4541 2490 4603 erat)
2540 4553 2641 4606 per
2676 4536 2924 4606 seipsum
2953 4535 3095 4591 bene
3132 4536 3293 4592 illum
3322 4555 3413 4595 re-

134 4624 309 4681 stibus
333 4626 614 4693 utebatur,
647 4633 834 4685 utnec
863 4629 1000 4685 satis
1027 4629 1204 4696 bonae,
1240 4645 1343 4684 nec
1386 4630 1524 4685 satis
1565 4631 1728 4686 mala;
1809 4625 2131 4678 munerari:
2167 4623 2314 4695 quod
2356 4625 2403 4678 si
2425 4625 2649 4694 longius
2679 4624 2962 4691 manebat,
2991 4625 3413 4684 transmittebat

134 4713 391 4786 cuiquam
421 4723 779 4788 apparerent.

202 4803 288 4860 76.
320 4803 473 4860 Dixit
499 4805 729 4876 quidam
758 4823 925 4862 senex
960 4825 972 4861 :
1005 4807 1094 4863 Ira
1123 4823 1224 4878 per
1250 4806 1353 4861 has
1372 4812 1614 4878 quatuor
1635 4823 1726 4861 res

133 4895 415 4965 exsurgit:
448 4911 549 4966 per
579 4895 943 4967 cupiditatem
977 4896 1244 4961 avaritias,
1268 4895 1453 4950 dando
1495 4901 1552 4950 et
1578 4895 1724 4950 acci-

131 4982 330 5051 piendo
347 5002 362 5051 ;
381 4989 436 5039 et
452 4983 501 5038 si
522 4985 648 5055 quis
660 4985 945 5056 propriam
961 4985 1302 5040 sententiam
1318 4989 1607 5049 amans,ut
1622 5000 1725 5038 nec

1809 4713 1860 4766 ei
1889 4729 2126 4768 munera
2157 4713 2384 4782 (Pasch.,
2413 4731 2466 4770 ο.
2507 4713 2557 4779 7,
2586 4729 2643 4767 η.
2666 4713 2743 4783 5).

1877 4799 1966 4853 82.
1995 4800 2235 4864 Quidam
2262 4801 2435 4854 frater
2463 4799 2698 4871 rogabat
2720 4799 2981 4857 abbatem
3023 4801 3288 4873 Sisoium,
3321 4805 3411 4861 di-

1806 4904 1937 4943 cens
1971 4907 1982 4941 :
2021 4889 2078 4944 Si
2123 4890 2368 4945 latrones
2404 4895 2504 4945 aut
2538 4889 2761 4946 barbari
2790 4908 2959 4964 super
2994 4909 3085 4948 me
3114 4892 3405 4965 irruerint,

1809 4979 2059 5032 occidere
2081 4995 2170 5033 me
2201 4979 2470 5046 volentes,
2512 4985 2569 5034 et
2594 4996 2698 5052 ego
2727 4979 2775 5037 si
2811 4983 3118 5053 praevalere
3146 4989 3403 5056 potuero,

129 5072 262 5128 satis
275 5071 424 5129 bona
437 5089 539 5129 nec
557 5075 693 5129 satis
714 5074 863 5129 mala
876 5075 1136 5146 cuiquam
1149 5073 1722 5146 appareat,defendat;
1802 5067 1967 5138 jubes
1997 5066 2246 5123 occidam
2277 5068 2409 5122 eos?
2453 5069 2556 5124 Cui
2610 5069 2704 5124 ille
2732 5071 3024 5142 respondit
3059 5091 3071 5127 :
3103 5072 3188 5126 Ne
3233 5073 3406 5128 facias

129 5166 185 5217 et
204 5162 252 5216 si
274 5162 401 5234 quis
414 5163 532 5218 vult
542 5179 604 5218 se
616 5163 924 5219 honoribus
933 5163 1227 5218 sublimari
1244 5183 1256 5232 ;
1279 5170 1336 5219 et
1348 5163 1395 5218 si
1417 5163 1543 5234 quis
1561 5179 1621 5217 se
1631 5162 1726 5217 do-

128 5253 334 5307 ctorem
360 5267 482 5306 esse
509 5251 661 5319 velit,
695 5257 754 5308 et
781 5253 906 5324 plus
924 5251 1185 5307 omnibus
1205 5252 1518 5324 sapientem
1534 5256 1726 5324 sperat

130 5337 405 5407 (Pasch.,c.
419 5338 542 5408 6,11.
564 5342 635 5413 l).
648 5342 744 5399 Ira
755 5343 928 5397 etiam
949 5357 1050 5413 per
1059 5341 1176 5398 hac
1192 5347 1434 5414 quatuor
1444 5341 1722 5397 humanos

126 5441 324 5486 sensus.
345 5427 608 5488 obscurat
639 5453 653 5487 :
685 5431 745 5487 Si
765 5429 893 5486 odio
922 5429 1186 5498 habuerit.
1209 5431 1378 5486 homo
1405 5430 1722 5502 proximum

126 5519 468 5586 suum,autsi
479 5520 559 5576 illi
575 5519 856 5588 inviderit,
871 5519 1334 5592 autsipronihilo
1357 5520 1598 5586 duxerit,
1622 5525 1723 5578 aut

127 5603 494 5667 sidetraxerit
509 5608 587 5665 ei.
603 5609 940 5667 Ideoautem
949 5608 1222 5682 passionis
1237 5608 1406 5680 huius
1427 5608 1722 5670 retributio

1807 5157 2035 5212 omnino
2062 5176 2076 5223 ;
2102 5157 2201 5211 sed
2220 5163 2404 5212 totum
2418 5159 2533 5213 Deo
2555 5163 2611 5213 te
2626 5160 2932 5214 committe.
2957 5159 3237 5232 Quidquid
3254 5162 3406 5217 enim

1804 5245 1907 5300 tibi
1923 5247 2139 5301 adversi
2159 5247 2472 5318 contigerit,
2498 5249 2760 5318 promere
2782 5249 2886 5303 hoc
2905 5248 3006 5302 tibi
3034 5254 3264 5321 propter
3275 5267 3404 5322 pec-

1804 5340 1932 5391 cata
1958 5340 2058 5390 tua
2078 5336 2286 5403 venire,
2305 5335 2504 5391 divinae
2533 5337 2685 5393 enim
2703 5337 3106 5408 dispensationi
3133 5337 3303 5394 debes
3321 5344 3406 5396 to-

1804 5430 1930 5480 tum
1954 5424 2250 5480 ascribere.

1874 5514 1963 5572 83.
2004 5517 2141 5572 Erat
2165 5513 2395 5588 quidam
2425 5515 2661 5572 eremita
2690 5531 2948 5587 magnus,
2997 5515 3055 5571 in
3083 5521 3276 5572 monte
3305 5521 3402 5592 qui

1803 5606 2012 5663 dicitur
2038 5605 2356 5678 Athlibeus,
2384 5611 2442 5661 et
2480 5611 2754 5662 venerunt
2783 5623 2952 5678 super
2990 5620 3123 5690 eum
3154 5605 3402 5671 latrones
