3876 6372
515 317 618 374 775

1643 310 1738 365 DE
1761 309 1952 365 VITIS
1990 305 2286 362 PATRUM
2325 306 2539 363 LIBER
2575 309 2675 364 III.

3677 317 3760 374 Τῖὸ

513 445 746 515 (Pasch,
769 460 813 498 ο.
837 441 890 509 8,
920 457 976 496 η.
1007 437 1083 510 2).
1116 439 1257 494 Cum
1295 442 1485 492 autem
1509 437 1603 492 ille
1643 452 1834 491 vocem
1865 434 2171 500 fecisset,A
2191 434 2443 504 quamvis
2469 433 2672 490 habeat
2699 435 3015 506 ingressum
3035 442 3438 511 ornatum,per
3457 439 3684 512 posticis
3697 449 3760 496 ta-

514 535 583 588 de
601 533 794 587 vicinis
809 529 945 585 locis
963 529 1164 583 fratres
1185 527 1280 582 alii
1301 529 1648 582 conﬂuentes
1667 523 2108 597 comprehende-

510 627 645 677 runt
681 638 794 676 eos.
819 621 970 684 Quos
987 617 1349 672 transmissos
1369 617 1427 670 in
1445 616 1727 671 civitatem
1754 614 1928 686 judex
1958 612 2110 667 misit

511 713 569 766 in
599 726 898 765 carcerem.
922 709 1147 763 Fratres
1169 723 1302 778 ergo
1331 706 1412 760 illi
1434 705 1618 761 moesti
1638 705 1767 760 facti
1797 709 1949 770 sunt,
1975 702 2108 774 quia

510 805 740 872 propter
773 799 926 870 ipsos
967 798 1215 851 latrones
1243 795 1435 849 traditi
1465 800 1652 849 essent
1685 792 1895 864 judici;
1929 797 1987 846 et
2018 808 2107 845 ve-

509 889 729 944 nientes
749 887 818 941 ad
843 885 1103 940 abbatem
1124 886 1464 950 Pmmenem,
1483 882 1947 937 renuntiaverunt
1957 881 2006 934 ei
2030 880 2107 934 fa-

507 977 794 1041 ctum.Qui
808 974 1112 1046 scripsitad
1127 973 1439 1038 eremitam,
1465 972 1656 1026 dicens
1674 991 1684 1025 :
1705 971 2103 1036 Reminiscere,

507 1065 692 1138 prima
704 1065 947 1137 proditio
967 1063 1116 1119 unde
1137 1062 1284 1117 facta
1311 1063 1432 1116 est?
1447 1068 1504 1116 et
1525 1069 1661 1116 tunc
1673 1061 1882 1114 videbis
1912 1076 2106 1113 secun-

507 1155 657 1210 dam.
681 1154 803 1210 Nisi
817 1154 967 1208 enim
986 1153 1241 1225 proditus
1260 1151 1460 1206 fuisses
1487 1151 1558 1206 ab
1581 1149 1944 1205 interioribus
1967 1148 2100 1216 tuis,

501 1244 810 1300 secundam
840 1242 1215 1315 proditionem
1240 1257 1528 1311 nunquam
1548 1244 1948 1312 perpetrasses.
1983 1237 2104 1302 Quo

506 1333 602 1388 ille
631 1349 892 1388 sermone
907 1348 1034 1386 cum
1054 1335 1420 1402 compunctus
1445 1336 1612 1395 esset,
1632 1330 1690 1383 in
1709 1329 1863 1384 omni
1889 1328 1986 1382 illa
2014 1343 2105 1380 re-

507 1423 674 1494 gione
699 1421 1042 1488 nominatus,
1059 1426 1116 1475 et
1130 1437 1232 1492 per
1259 1421 1499 1474 multum
1523 1425 1746 1490 tempus
1763 1435 1874 1472 non
1894 1417 2101 1482 exiens,

507 1511 754 1567 surrexit
771 1510 964 1565 statim
984 1515 1041 1564 et
1054 1509 1205 1563 venit
1219 1509 1276 1563 in
1299 1509 1607 1574 civitatem,
1631 1513 1687 1562 et
1715 1507 2000 1562 excutiens
2029 1507 2108 1560 la-

510 1607 702 1657 trones
729 1599 948 1674 publice
977 1600 1046 1654 de
1067 1615 1308 1664 carcere,
1334 1597 1591 1652 liberavit
1618 1615 1712 1652 eos
1737 1614 1771 1651 a
1787 1597 2102 1652 tormentis.

581 1690 670 1746 84.
741 1689 1048 1759 Cujusdam
1105 1687 1419 1759 philosophi
1481 1687 1790 1758 discipulus
1858 1687 2107 1758 peccavit

2191 538 2320 576 men
2367 539 2402 577 a
2437 523 2749 580 latronibus
2807 532 3163 598 expugnatur
3197 530 3420 597 (Pelag.,
3455 531 3624 585 libell.
3661 545 3756 590 πη,

2191 630 2251 668 n.
2294 613 2365 668 2i.

2294 619 2326 666 ἳ
2355 655 2365 666 .

2262 619 2348 758 89).
2383 704 2622 769 Quidam
2670 705 2844 762 frater
2871 709 3161 779 requisivit
3201 707 3462 762 abbatem
3492 709 3662 768 Isaac.
3691 711 3758 764 di-

2190 808 2360 847 cens:
2395 793 2572 861 Abba,
2605 812 2780 866 quare
2827 802 2883 850 te
2921 797 3002 852 ita
3029 799 3309 852 daemones
3329 799 3536 852 timent
3565 801 3757 866 (Pelag..

2189 879 2382 944 libell.,
2419 895 2576 934 num.
2598 880 2689 948 22,
2718 885 2942 936 nomine
2969 882 3220 952 Isidori)?
3249 882 3562 954 Respondit
3581 899 3756 937 senex:

2190 965 2267 1019 Ex
2306 983 2416 1037 quo
2446 967 2624 1022 factus
2671 986 2797 1024 sum
2843 971 3168 1030 monachus.
3201 971 3378 1024 statui
3414 971 3566 1042 apud
3599 988 3680 1025 me
3711 981 3757 1026 ut

2188 1054 2478 1110 iracundia
2507 1074 2634 1112 mea
2661 1058 2798 1112 foris
2839 1066 3038 1130 guttur
3066 1076 3253 1114 meum
3284 1076 3398 1114 non
3423 1062 3754 1131 procederet:

2187 1150 2402 1212 514;
2436 1151 2492 1199 et
2520 1146 2645 1201 ideo
2674 1148 2880 1202 timent
2909 1166 2998 1203 me
3029 1150 3336 1204 daemones.

2259 1232 2348 1290 90.
2382 1235 2523 1289 Cum
2547 1237 2792 1291 venisset
2812 1238 3040 1308 quidam
3061 1239 3130 1293 de
3160 1238 3417 1310 patribus
3437 1239 3510 1292 ad
3534 1237 3759 1294 abbatem

2185 1324 2462 1378 Achillam
2481 1326 2707 1394 (Pelag.,
2743 1329 2912 1381 libell.
2941 1342 3012 1394 1v,
3047 1344 3087 1381 η
3138 1327 3210 1395 9),
3236 1327 3378 1380 vidit
3409 1343 3542 1382 eum
3571 1330 3762 1398 sangui-

2187 1429 2315 1467 nem
2345 1420 2726 1485 exspuentem,
2745 1422 2803 1470 et
2821 1417 3113 1488 requisivit
3132 1416 3266 1487 quid
3289 1416 3395 1470 hoc
3413 1423 3564 1470 esset
3595 1419 3664 1472 At
3685 1418 3758 1472 ille

2185 1503 2475 1574 respondit
2496 1523 2506 1556 :
2528 1505 2724 1559 Sermo
2744 1512 2867 1560 erat
2892 1505 3080 1560 fratris
3101 1506 3195 1577 qui
3216 1522 3306 1560 me
3334 1506 3754 1570 contristaverat,

2187 1599 2244 1647 et
2262 1595 2569 1665 repugnavi
2591 1601 2657 1650 ut
2679 1611 2793 1650 non
2820 1597 2981 1650 illum
3000 1596 3263 1659 dicerem,
3279 1597 3378 1650 sed
3399 1597 3571 1667 petivi
3595 1597 3755 1651 Domi-

2187 1699 2341 1748 num,
2373 1690 2438 1738 ut
2459 1685 2685 1738 tolleret
2703 1701 2737 1739 a
2763 1702 2873 1747 me,
2906 1692 2964 1740 et
2993 1685 3169 1740 factus
3198 1692 3285 1740 est
3312 1687 3408 1740 ille
3439 1702 3623 1740 sermo
3649 1703 3755 1740 san-

508 1783 782 1850 (Joannes,
824 1779 992 1832 libelt.
1035 1777 1086 1843 4,
1121 1794 1184 1836 η,
1235 1776 1314 1838 l2)
1345 1795 1356 1843 ;
1399 1782 1456 1831 et
1491 1793 1619 1830 cum
1664 1776 1770 1830 sibi
1824 1773 2310 1847 indulgeriBguis
2337 1773 2396 1827 in
2423 1790 2519 1827 ore
2545 1790 2688 1839 meo,
2716 1780 2774 1828 et
2802 1781 3098 1845 postquam
3129 1775 3342 1846 exspui,
3374 1776 3650 1846 requievi;
3679 1777 3754 1830 sed

508 1869 694 1934 vellet,
727 1866 861 1920 dicit
888 1866 940 1920 ei
970 1865 1337 1938 philosophus
1371 1885 1381 1920 :
1412 1867 1537 1920 Non
1567 1865 1668 1920 tibi
1697 1865 2104 1935 indulgeo,nisi

507 1959 567 2013 in
595 1957 686 2012 his
709 1954 888 2011 tribus
910 1955 1072 2010 annis
1091 1955 1401 2026 portaveris
1428 1971 1602 2010 onera
1620 1955 1882 2009 aliorum.
1899 1953 2002 2008 Cui
2021 1971 2106 2008 re-

505 2062 666 2101 verso
688 2050 818 2116 post
845 2049 961 2098 tres
990 2061 1184 2111 annos,
1219 2061 1346 2100 cum
1380 2045 1500 2116 jam
1529 2050 1758 2115 peccato
1805 2043 2104 2098 satisfecis-

503 2141 610 2204 set,
649 2134 786 2189 dicit
811 2133 863 2188 ei
901 2134 1268 2205 philosophus
1300 2151 1310 2187 :
1345 2134 1460 2188 Nec
1491 2149 1640 2188 nunc
1667 2133 1770 2187 tibi
1804 2133 1988 2186 adhuc
2015 2132 2103 2186 in-

501 2226 726 2296 dulgeo,
755 2222 862 2276 nisi
891 2223 1016 2277 aliis
1036 2223 1216 2278 tribus
1245 2223 1408 2277 annis
1437 2223 1658 2276 dederis
1678 2222 1764 2276 his
1789 2222 2104 2276 mercedem

503 2315 600 2388 qui
627 2321 684 2369 te
712 2312 934 2388 injuriis
960 2319 1017 2368 et
1029 2313 1292 2368 conviciis
1310 2311 1588 2382 afﬂigunt.
1609 2311 1767 2376 Quod
1790 2311 1960 2365 etiam
1976 2327 2102 2364 cum

500 2404 597 2460 ille
617 2405 972 2476 complesset,
989 2402 1226 2456 remisso
1250 2406 1474 2471 peccato
1507 2403 1649 2471 ejus,
1683 2400 1820 2454 dicit
1848 2401 1898 2454 ei
1930 2399 2104 2470 magi-

503 2500 621 2549 ster
643 2510 778 2548 suus
809 2511 820 2547 :
855 2491 996 2546 Veni
1043 2491 1209 2546 modo
1247 2496 1304 2544 et
1339 2490 1634 2561 ingredere
1671 2489 2102 2543 Atheniensium

505 2583 807 2646 civitatem,
827 2586 893 2635 ut
910 2580 1024 2634 illic
1033 2579 1366 2651 sapientiam
1387 2578 1566 2650 possis
1585 2578 1820 2632 discere.
1837 2579 1972 2632 Erat
1999 2595 2101 2632 au-

502 2676 620 2726 tem
647 2671 726 2725 ibi
748 2669 977 2742 quidam
993 2685 1160 2723 senex
1176 2667 1452 2739 sapientia
1471 2668 1776 2732 studiosus,
1795 2673 1853 2721 et
1872 2667 2102 2722 sedebat

502 2760 573 2815 ad
603 2765 844 2832 portam,
872 2774 1177 2828 omnesque
1197 2757 1577 2827 ingredientes
1591 2756 1911 2827 experiendi
1932 2773 2102 2810 causa

502 2849 764 2904 conviciis
793 2845 1079 2917 afﬂigebat
1109 2846 1214 2918 (14)
1243 2863 1257 2913 ;
1291 2845 1384 2917 qui
1425 2861 1552 2900 cum
1596 2845 1745 2899 idem
1771 2846 1961 2916 juveni
1991 2846 2105 2900 illic

503 2937 842 3010 ingredienti
880 2936 1104 3001 faceret,
1153 2934 1248 2988 ille
1283 2940 1474 2988 exorto
1516 2934 1788 2990 cachinno
1817 2935 1959 2990 risit.
2000 2935 2102 2990 Cui

505 3043 672 3082 senex
701 3025 816 3080 ait:
852 3023 999 3090 Quid
1029 3029 1114 3078 est
1136 3023 1241 3076 hoc
1271 3022 1418 3094 quod
1445 3022 1602 3093 agis?
1631 3039 1733 3092 ego
1761 3028 1818 3077 te
1841 3023 2098 3094 injurior,

503 3122 558 3172 et
575 3121 639 3171 tu
668 3113 857 3168 rides?
888 3111 992 3167 Cui
1012 3112 1234 3182 juvenis
1263 3111 1344 3165 ait
1371 3129 1382 3164 :
1413 3111 1482 3166 Et
1516 3128 1629 3166 non
1661 3111 1742 3165 vis
1767 3117 1832 3165 ut
1861 3111 2097 3179 rideam,

501 3222 629 3261 cum
656 3203 838 3259 tribus
867 3201 1030 3256 annis
1052 3201 1364 3256 mercedem
1393 3200 1645 3255 dederim
1666 3206 1730 3255 ut
1748 3201 1852 3256 hoc
1877 3207 2102 3272 paterer

502 3294 650 3368 quod
681 3293 848 3348 hodie
868 3309 903 3346 a
929 3297 986 3346 te
1015 3292 1193 3362 gratis
1224 3290 1446 3362 patior?
1473 3291 1628 3346 Tunc
1657 3307 1826 3345 senex
1845 3290 1986 3345 dixit
2007 3291 2058 3345 ei
2084 3310 2096 3346 :

499 3383 801 3455 Ingredere
821 3399 954 3452 ergo
983 3380 1286 3445 civitatem,
1303 3379 1435 3451 quia
1453 3379 1657 3451 dignus
1673 3397 1750 3434 es.
1767 3381 1884 3434 Hoc
1904 3385 2096 3435 autem

498 3472 716 3529 solebat
743 3469 914 3526 abbas
941 3470 1184 3524 Joannes
1212 3468 1438 3533 referre,
1471 3474 1527 3522 et
1567 3469 1656 3522 his
1683 3469 1802 3540 ipse
1833 3468 2092 3536 addebat,

497 3563 687 3618 dicens
717 3580 729 3616 :
767 3561 897 3614 Haec
925 3565 1012 3613 est
1038 3564 1201 3630 porta
1227 3558 1349 3625 Dei,
1382 3574 1484 3628 per
1505 3575 1674 3630 quam
1702 3564 1889 3629 patres
1918 3558 2096 3613 nostri

2187 1869 2243 1918 et
2271 1863 2449 1934 ipsam
2475 1864 2763 1918 tristitiam
2785 1871 2842 1918 et
2870 1881 3186 1920 sermonem
3212 1870 3384 1919 istum
3407 1865 3616 1919 oblitus
3633 1882 3752 1919 sum.

2257 1953 2346 2008 91.
2380 1953 2619 2018 Quidam
2657 1953 2860 2008 fratres
2911 1960 3185 2008 venerunt
3211 1953 3283 2008 ad
3323 1954 3632 2024 quemdam
3657 1971 3759 2007 san-

2187 2047 2336 2097 ctum
2356 2059 2568 2108 senem,
2583 2043 2870 2098 sedentem
2886 2044 2942 2097 in
2963 2045 3264 2099 solitudine
3295 2047 3526 2112 (Pelag.,
3543 2047 3676 2098 libet.
3689 2061 3756 2108 xv,

2189 2149 2246 2186 η.
2279 2131 2393 2202 14);
2429 2138 2486 2186 et
2513 2133 2846 2187 invenerunt
2878 2133 3119 2188 infantes
3145 2150 3349 2204 pecora
3383 2139 3688 2204 pascentes,
3718 2139 3759 2186 et

2187 2222 2484 2292 aliquoties
2502 2222 2650 2276 inter
2669 2240 2728 2277 se
2744 2223 3036 2294 loquentes
3064 2223 3230 2277 verba
3251 2223 3464 2294 turpia.
3485 2223 3759 2294 Postquam

2187 2317 2378 2365 autem
2399 2312 2468 2366 de
2493 2312 2731 2382 singulis
2746 2311 3177 2382 cogitationibus
3199 2313 3572 2384 requirentes,
3595 2330 3626 2366 a
3652 2329 3759 2366 sene

2185 2408 2522 2472 acceperunt
2549 2419 2900 2473 responsum,
2937 2403 3134 2457 dicunt
3156 2403 3208 2456 ei
3243 2420 3255 2454 :
3299 2403 3757 2466 Quemadmodum

2187 2496 2346 2562 potes
2375 2491 2676 2555 sustinere,
2707 2491 2869 2558 abba,
2901 2509 3060 2564 voces
3108 2491 3408 2546 infantium
3439 2493 3689 2556 istorum,
3717 2497 3760 2544 et

2187 2595 2290 2634 nec
2317 2580 2571 2651 praecipis
2593 2580 2674 2634 eis
2695 2585 2758 2634 ut
2778 2597 2890 2634 non
2917 2581 2998 2634 ita
3019 2581 3396 2636 vociferentur
3410 2581 3436 2634 ?
3469 2581 3541 2635 Et
3558 2579 3684 2634 dicit
3699 2579 3760 2632 eis

2187 2685 2355 2723 senex
2387 2687 2398 2722 :
2434 2670 2499 2724 In
2534 2669 2789 2732 veritate,
2840 2669 3058 2735 fratres,
3112 2670 3385 2741 plurimos
3421 2670 3550 2725 dies
3596 2668 3762 2723 habuit

2186 2758 2450 2828 cogitatio
2507 2775 2634 2812 mea
2689 2759 2876 2813 volens
2923 2759 3034 2813 illis
3078 2758 3291 2829 aliquid
3330 2759 3542 2824 dicere,
3575 2758 3667 2812 sed
3691 2774 3760 2811 re-

2185 2847 2387 2917 dargui
2405 2847 2820 2918 memetipsum,
2846 2852 3114 2919 reputans
3141 2847 3280 2901 mihi
3312 2865 3323 2900 :
3359 2847 3417 2902 Si
3446 2864 3647 2919 parum
3674 2847 3754 2899 hoc

2186 2953 2298 2991 non
2321 2942 2501 3008 porto,
2527 2937 2825 3008 quomodo.
2854 2938 2902 2991 si
2933 2938 3115 3007 major
3130 2937 3268 2990 mihi
3290 2937 3532 2991 tentatio
3555 2936 3756 2991 advene-

2186 3027 2278 3091 rit,
2309 3025 2576 3097 portabo?
2606 3027 2674 3081 Et
2719 3025 2844 3080 ideo
2891 3027 3002 3080 illis
3032 3025 3174 3080 nihil
3205 3025 3345 3092 dico,
3400 3031 3471 3080 ut
3517 3026 3617 3080 fiat
3646 3023 3758 3078 mihi

2185 3115 2531 3170 consuetudo
2561 3115 2842 3186 portendi.

2252 3205 2396 3260 Item
2427 3204 2594 3258 dixit:
2625 3204 2824 3276 Siquis
2853 3204 3104 3275 linguam
3125 3220 3286 3259 suam
3313 3219 3426 3258 non
3455 3203 3696 3259 tenuerit
3712 3201 3755 3255 in

2181 3299 2435 3366 tempore
2462 3293 2580 3357 iraa,
2628 3310 2731 3348 nec
2761 3293 3079 3366 passionem
3109 3293 3294 3348 carnis
3335 3309 3454 3348 suae
3484 3291 3754 3364 aliquando

2182 3384 2392 3455 poterit
2418 3383 2724 3438 continere.

2249 3473 2339 3528 9'2.
2357 3472 2542 3528 Abbas
2571 3474 2815 3527 Joannes
2843 3472 2978 3526 dum
3003 3472 3226 3526 sederet
3252 3471 3403 3526 inter
3433 3471 3632 3526 fratres
3663 3471 3753 3534 (Pc-

2181 3566 2314 3630 lag.,
2352 3565 2524 3617 libell.
2553 3578 2666 3625 xvr,
2697 3578 2755 3616 η.
2786 3561 2927 3628 3),et
2954 3561 3160 3631 singuli
3187 3577 3313 3614 eum
3329 3560 3399 3614 de
3425 3560 3660 3632 propriis
3677 3573 3751 3611 co-

499 3670 600 3725 per
625 3650 832 3706 multas
853 3647 1246 3704 tribulationes
1276 3653 1333 3702 et
1376 3647 1613 3718 injurias
1651 3647 1963 3718 gaudentes
2008 3649 2097 3703 in-
2177 3651 2546 3723 gitationibus
2567 3651 2937 3722 inquirerent,
2953 3656 3122 3721 atque
3142 3649 3234 3703 ille
3255 3665 3590 3719 responsum
3607 3645 3754 3702 omni-

499 3741 680 3813 gressi
708 3744 842 3796 sunt
869 3738 1152 3808 civitatem
1190 3736 1310 3792 Dei.

568 3830 658 3888 85.
692 3829 933 3895 Quidam
959 3828 1136 3882 frater
1162 3825 1456 3898 requisivit
1501 3842 1713 3893 senem,
1749 3827 1939 3882 dicens
1970 3846 1981 3881 :
2015 3828 2094 3882 Da

501 3919 667 3985 mihi,
726 3924 918 3990 pater,
978 3932 1149 3971 unam
1212 3932 1335 3970 rem
1383 3932 1553 3987 quam
1609 3917 1922 3971 custodiam
1951 3957 1964 3982 ,
2042 3921 2099 3970 et

498 4009 680 4063 salver
703 4023 804 4077 per
832 4021 981 4060 eam.
1031 4005 1336 4076 Respondit
1375 4004 1428 4059 ei
1473 4021 1642 4060 senex
1677 4024 1688 4059 :
1741 4006 1801 4060 Si
1843 4006 2098 4077 potueris

498 4095 759 4168 injuriari
787 4105 846 4149 et
863 4093 1010 4148 aﬂici
1033 4093 1312 4160 conviciis,
1337 4099 1395 4148 et
1419 4099 1644 4165 portare
1671 4111 1737 4148 ac
1756 4100 1964 4162 tacere,
1982 4112 2100 4151 ma-

495 4201 610 4257 gna
637 4189 724 4239 est
750 4184 869 4238 haec
892 4198 1002 4248 res,
1034 4187 1091 4236 et
1119 4198 1290 4253 super
1317 4183 1428 4237 alia
1459 4183 1729 4238 mandata
1775 4185 1994 4254 (Pelag.,
2031 4187 2100 4241 li-

503 4276 627 4329 bell.
664 4288 753 4340 xv,
789 4289 843 4326 η.
869 4268 980 4338 83).

570 4359 661 4420 86.
683 4357 1166 4430 Interrogantibus
1187 4359 1520 4430 quibusdam
1541 4359 1806 4415 fratribus
1834 4360 2091 4416 abbatem

2178 3740 2283 3795 bus
2311 3740 2401 3796 dai
2415 3746 2490 3807 et,
2515 3741 2746 3812 quidam
2775 3756 2941 3794 senex
2962 3756 3028 3793 ex
3056 3738 3266 3793 invidia
3290 3738 3430 3792 dicit
3457 3739 3512 3793 ei
3539 3758 3551 3792 :
3581 3737 3664 3792 Sic
3687 3739 3753 3788 est

2179 3830 2270 3884 hic
2288 3831 2531 3885 Joannes
2550 3830 2829 3902 quomodo
2845 3828 3326 3884 muliermeretrix
3343 3843 3555 3882 ornans
3579 3830 3751 3880 semet-

2179 3919 2383 3992 ipsam,
2411 3925 2478 3974 ut
2503 3925 2806 3990 congreget
2834 3917 2940 3972 sibi
2960 3923 3262 3972 amatores.
3287 3916 3390 3971 Cui
3420 3915 3592 3970 abbas
3615 3915 3751 3969 Joan-

2179 4025 2280 4064 nes
2299 4009 2380 4064 ait
2407 4028 2418 4062 :
2451 4009 2664 4064 Verum
2685 4009 2841 4073 dicis,
2867 4007 3028 4072 abba,
3069 4012 3127 4060 et
3154 4023 3266 4061 non
3295 4001 3575 4060 est‘aliter
3599 4023 3612 4070 ;
3639 4017 3748 4057 nam

2179 4104 2236 4154 et
2255 4099 2358 4153 hoc
2386 4098 2572 4170 ipsum
2600 4098 2749 4152 Deus
2776 4096 2879 4151 tibi
2909 4095 3189 4150 revelavit.
3221 4095 3534 4166 Respondit
3562 4093 3638 4147 illi
3653 4094 3741 4146 ite-

2177 4203 2304 4242 rum
2325 4187 2421 4242 ille
2443 4204 2630 4254 senex,
2655 4187 2876 4242 dicens.
2912 4187 3057 4240 Nam
3088 4189 3145 4240 et
3171 4200 3268 4238 vas
3287 4189 3471 4249 tuum,
3507 4185 3737 4242 Joannes.

2179 4293 2390 4332 veneno
2432 4277 2662 4348 plenum
2702 4281 2808 4332 est.
2852 4277 2927 4330 At
2961 4276 3204 4330 Joannes
3242 4273 3322 4328 ait
3348 4273 3432 4326 illi
3469 4290 3482 4326 :
3531 4273 3616 4328 Sic
3655 4275 3738 4327 est.

2179 4366 2340 4434 abba,
2369 4371 2434 4420 ut
2455 4366 2661 4432 dixisti,
2686 4371 2744 4420 et
2767 4366 2872 4418 hoc
2898 4364 3054 4431 dicis,
3087 4363 3220 4434 quia
3259 4362 3357 4416 illa
3378 4358 3739 4416 tantummodo

497 4451 720 4525 Moysen
740 4465 1076 4513 sermonem,
1097 4447 1458 4503 illehortatus
1469 4455 1556 4504 est
1574 4449 1908 4521 discipulum
1930 4467 2094 4506 suum
2111 4437 2160 4498 Ῑ)
2179 4472 2302 4527 quae
2328 4455 2534 4510 deforis
2559 4460 2693 4510 sunt
2720 4454 2896 4521 vides;
2931 4469 3062 4508 nam
3092 4453 3140 4506 si
3171 4469 3238 4507 ea
3266 4467 3390 4522 quae
3429 4451 3738 4506 intrinsecus

495 4541 820 4598 Zachariam
848 4545 914 4594 ut
943 4539 1024 4593 eis
1040 4537 1250 4610 aliquid
1279 4538 1508 4593 diceret.
1561 4540 1716 4594 Tunc
1745 4541 1838 4594 ille
1859 4540 2094 4612 pallium

497 4648 662 4688 suum
691 4630 953 4702 deposuit
981 4628 1180 4684 subtus
1208 4629 1376 4699 pedes
1405 4645 1554 4696 suos,
1583 4636 1639 4684 et
1666 4630 2095 4684 conculcavitil-

499 4722 616 4788 lud,
653 4727 711 4775 et
728 4720 869 4774 dixit
894 4737 905 4772 :
939 4718 1059 4773 Nisi
1081 4717 1207 4790 quis
1217 4718 1294 4773 sic
1313 4718 1483 4773 fuerit
1496 4720 1872 4787 conculcatus,
1896 4737 2092 4774 mona-

497 4809 634 4864 chus
659 4825 778 4864 esse
804 4824 917 4863 non
945 4813 1130 4879 potest
1153 4809 1373 4878 (Pelag.,
1409 4810 1552 4863 libet.
1577 4825 1665 4876 xv,
1702 4826 1760 4864 η.
1792 4810 1902 4876 17).

568 4897 659 4954 87.
693 4895 926 4952 Dicebat
955 4895 1125 4951 abbas
1153 4897 1430 4952 Macarius
1457 4915 1469 4951 :
1504 4897 1603 4953 Ille
1629 4915 1758 4953 vere
1795 4904 1882 4952 est
1902 4914 2096 4953 mona-

499 4987 659 5055 chus,
692 4985 788 5058 qui
813 5002 873 5040 se
901 4984 961 5039 in
990 4983 1247 5040 omnibus
1276 4987 1466 5041 vincit.
1496 4988 1641 5042 Nam
1673 4987 1720 5042 si
1759 4988 1883 5060 quis
1918 4987 2092 5042 alium

497 5091 742 5150 arguens
767 5075 838 5130 ad
865 5074 1214 5129 iracundiam
1243 5081 1516 5143 movetur,
1562 5077 1847 5148 prapriam
1877 5075 2089 5149 passio-

2177 4551 2312 4614 sunt
2341 4546 2576 4612 videres,
2610 4548 2821 4616 quanto
2850 4544 2977 4616 plus
2997 4541 3234 4596 haberes
3254 4541 3402 4612 quod
3425 4539 3668 4595 diceres?
3689 4535 3740 4588 Et

2177 4641 2304 4708 post
2333 4636 2440 4690 hoc
2471 4634 2704 4706 quidam
2733 4650 2800 4688 ex
2840 4631 3128 4704 discipulis
3169 4631 3293 4701 ejus
3326 4629 3469 4683 dixit
3496 4629 3548 4683 ei
3584 4647 3595 4680 :
3637 4627 3737 4681 Non

2178 4742 2238 4779 es
2263 4723 2627 4779 conturbatus
2652 4722 2909 4789 interius,
2924 4720 3086 4787 abba,
3101 4721 3161 4774 in
3179 4717 3360 4772 verbis
3385 4719 3536 4772 senis
3550 4718 3700 4788 hujus
3716 4709 3737 4762 ?

2177 4813 2280 4868 Cui
2314 4813 2407 4867 ille
2436 4811 2756 4884 respondit:
2782 4813 2908 4866 Non
2939 4829 2950 4864 :
2992 4810 3090 4864 sed
3117 4809 3263 4864 sicut
3287 4823 3416 4864 sum
3433 4807 3650 4872 deforis,
3673 4803 3735 4857 ita

2177 4919 2301 4957 sum
2328 4902 2571 4956 deintus.

2245 4989 2336 5048 93.
2367 4991 2501 5045 Erat
2532 4990 2760 5062 quidam
2798 5006 2966 5045 senex
3000 4989 3061 5044 in
3086 4989 3345 5060 Egypto,
3378 4995 3436 5044 et
3464 4993 3733 5056 antequam

2175 5080 2390 5134 veniret
2409 5080 2541 5134 illuc
2561 5079 2730 5134 abbas
2751 5080 2997 5144 Pcemen,
3010 5079 3210 5149 grandi
3230 5078 3582 5132 veneratione
3599 5072 3733 5128 habe-

495 5182 627 5224 nem
653 5165 872 5238 implet.
915 5165 1032 5219 Nec
1061 5165 1212 5219 enim
1243 5170 1307 5220 ut
1349 5165 1590 5220 alterum
1639 5166 1816 5221 salvet
1853 5167 2101 5237 seipsum
2184 5169 2354 5224 batur
2399 5168 2469 5223 ab
2497 5169 2758 5223 omnibus
2787 5171 3017 5236 (Pelag,
3049 5170 3385 5232 libell.~xm,
3421 5183 3476 5220 η.
3517 5163 3590 5229 8).
3619 5162 3731 5215 Cum

497 5257 664 5312 debet
691 5253 943 5328 perdere.

2178 5263 2368 5314 autem
2392 5257 2564 5313 abbas
2585 5259 2813 5312 Puamen
2843 5257 2912 5311 de
2943 5256 3133 5328 Scythi
3154 5256 3286 5310 illuc
3299 5247 3729 5318 subiisset,multi,

566 5345 662 5402 88.
690 5345 1002 5410 Quemdam
1030 5343 1262 5398 fratrem
1283 5343 1387 5398 sub
1415 5343 1714 5415 praesentia
1732 5341 1949 5398 abbatis
1975 5345 2092 5399 An-
2172 5348 2378 5403 relicto
2399 5348 2496 5402 illo
2531 5365 2682 5413 sene,
2729 5345 3028 5402 veniebant
3067 5345 3139 5400 ad
3176 5345 3342 5410 hunc,
3382 5349 3440 5398 et
3474 5347 3731 5415 propterea

496 5435 638 5490 tonii
657 5434 754 5488 alii
773 5434 976 5488 fratres
992 5432 1405 5499 collaudabant;
1419 5434 1516 5486 sed
1537 5450 1664 5488 cum
1676 5438 1951 5488 tentasset
1961 5451 2091 5488 eum
2172 5437 2341 5508 coapit
2370 5438 2452 5491 illi
2475 5437 2727 5492 invidere
2753 5436 3134 5491 etdetrahere.
3160 5434 3319 5498 Quod
3337 5434 3564 5488 audiens
3589 5426 3729 5483 abbas

498 5537 686 5592 senex,
716 5523 926 5595 reperit
941 5522 1091 5594 quod
1111 5539 1224 5577 non
1253 5522 1514 5577 suﬂerret
1549 5523 1626 5594 inj
1636 5523 1836 5578 uriam.
1862 5523 1931 5578 Et
1959 5523 2093 5578 dicit
2172 5526 2424 5593 Paemen,
2439 5527 2804 5582 contristatus
2816 5531 2900 5580 est
2919 5530 2976 5581 et
2995 5525 3140 5580 dixit
3164 5522 3435 5578 fratribus
3450 5521 3588 5576 suis:
3611 5510 3729 5581 Quid

497 5612 549 5669 ei
573 5628 744 5668 senex
763 5629 776 5668 :
794 5613 880 5669 Tu
909 5611 1136 5685 quidem
1155 5610 1330 5668 frater
1357 5609 1556 5667 similis
1585 5627 1645 5668 es
1674 5612 1908 5668 aediﬁcio
1941 5613 2090 5686 quod

2175 5616 2462 5672 facimus?
2491 5616 2626 5688 quia
2659 5616 2719 5673 in
2747 5615 3174 5674 tribulationem
3212 5614 3488 5668 miserunt
3513 5624 3607 5666 nos
3645 5605 3726 5659 ho-
