3876 6382
90 408 177 465 777

1368 409 1603 465 VERBA
1642 404 2031 463 SENIORUM.

3255 417 3358 474 778

84 535 270 595 mines,
303 538 365 585 ut
385 532 544 585 illum
573 548 765 585 senem
813 539 930 587 tam
974 540 1229 587 sanctum
1260 534 1661 605 relinquerent,
1692 537 1735 593 A
1758 533 1892 586 Ecce
1924 548 2027 601 ego
2076 546 2222 601 pono
2279 531 2513 586 laterem
2552 534 2610 587 in
2657 535 2862 603 medio,
2895 542 2951 591 et
2997 538 3120 594 dico
3155 558 3165 594 :
3213 542 3360 605 Quia

86 632 135 678 et
164 640 261 675 nos
291 622 385 691 qui
416 621 555 674 nihil
583 638 777 675 sumus
799 623 1184 693 respicerent?
1203 624 1491 687 Quomodo
1511 641 1670 678 sana-

86 714 256 766 bimus
290 711 437 764 hunc
468 710 647 764 virum
668 728 934 779 magnum
960 712 1201 765 ?V’enite
1229 730 1378 780 ergo,
1400 712 1669 767 faciamus

85 818 270 873 parvas
297 818 470 857 escas.
505 805 560 853 et
588 806 875 871 portantes
905 817 1204 871 pergamus
1235 803 1305 855 ad
1322 818 1470 862 eum,
1497 809 1553 856 et
1576 819 1668 872 pa-

84 908 200 944 rum
222 889 352 955 vini,
385 906 447 943 ac
499 890 709 961 pariter
737 906 865 943 cum
896 906 960 943 eo
999 896 1310 959 gustemus,
1340 891 1573 945 forsitan
1611 892 1668 945 in

84 982 179 1033 hoc
215 996 508 1049 possumus
536 979 785 1033 animum
831 980 953 1048 ejus
1000 980 1238 1050 placare.
1271 980 1508 1034 Profecti
1536 997 1669 1049 ergo

84 1070 436 1139 pulsaverunt
448 1068 654 1121 ostium
677 1069 817 1138 ejus.
851 1068 1100 1122 Audiens
1128 1086 1257 1122 vero
1282 1069 1588 1140 discipulus
1608 1069 1671 1122 il-

85 1158 183 1211 lius
204 1156 348 1209 senis
372 1156 510 1210 dixit
532 1175 542 1208 :
570 1156 675 1220 Qui
715 1157 848 1210 estis
870 1158 893 1209 ?
914 1160 985 1211 At
1024 1158 1106 1211 illi
1123 1158 1385 1213 dixerunt
1409 1178 1419 1211 :
1445 1158 1544 1212 Dic
1568 1158 1667 1211 ab-

88 1246 189 1299 bati
212 1252 307 1299 tuo
329 1245 594 1316 quoniam
622 1247 851 1299 Poemen
882 1247 1049 1312 venit,
1094 1254 1159 1301 ut
1201 1247 1563 1301 benedicatur
1600 1247 1669 1300 ab

86 1353 163 1389 eo.
180 1335 333 1398 Quod
366 1351 493 1389 cum
512 1335 605 1388 ille
627 1353 727 1405 per
746 1335 1082 1406 discipulum
1104 1353 1267 1390 suum
1291 1337 1558 1399 audisset,
1578 1354 1669 1391 re-

84 1424 301 1495 spondit
322 1424 389 1478 ad
416 1441 543 1478 eum
579 1440 591 1478 :
624 1424 796 1489 Vade,
829 1426 917 1479 die
946 1426 1027 1479 eis
1053 1443 1065 1480 :
1098 1428 1180 1480 Ite
1197 1426 1345 1491 hinc,
1377 1443 1489 1481 non
1518 1426 1669 1480 enim

86 1513 213 1567 mihi
230 1519 403 1567 vacat.
422 1514 509 1567 Illi
526 1521 716 1568 tamen
729 1515 1057 1569 restiterunt
1072 1516 1251 1569 mcesti
1265 1514 1327 1587 [Α
1341 1520 1357 1569 ι
1367 1558 1376 1569 .
1414 1516 1470 1569 in
1485 1516 1664 1586 aestu],

84 1602 320 1656 dicentes
344 1622 354 1656 :
382 1602 523 1666 Quia
548 1620 657 1656 non
680 1603 809 1657 hinc
827 1604 1181 1665 discedimus,
1199 1605 1305 1658 nisi
1326 1605 1481 1675 digni
1507 1604 1673 1659 fueri-

1752 639 1912 676 meus
1935 626 2039 687 est,
2082 628 2139 674 et
2183 627 2245 673 tu
2276 620 2364 674 dic
2391 641 2400 673 :
2436 623 2579 686 Quia
2607 640 2719 677 non
2746 631 2831 679 est
2858 632 3008 695 tuus,
3042 630 3140 683 sed
3170 646 3351 688 meus.

1753 711 1821 763 Et
1850 726 1914 762 ex
1941 710 2044 762 hoc
2075 709 2139 762 fit
2167 710 2451 763 contentio
2484 717 2541 764 et
2590 711 2728 764 rixa.
2759 713 2829 767 Et
2856 732 2982 769 cum
3036 718 3357 787 posuissent

1752 800 1983 852 laterem
2014 799 2072 852 in
2104 798 2307 864 medio,
2331 798 2549 853 dicente
2580 817 2691 855 uno
2717 821 2728 854 :
2763 802 2908 866 Quia
2934 821 3089 859 meus
3120 814 3233 875 est;
3262 808 3358 864 ille

1753 888 1896 941 alter
1916 887 2097 958 primo
2157 888 2571 958 respondebat:
2605 891 2719 960 Ego
2765 909 2952 947 meum
3005 911 3126 949 esse
3166 914 3357 968 spero.

1753 978 1893 1030 Cum
1948 976 2042 1029 ille
2095 977 2240 1030 alter
2293 977 2500 1031 iterum
2531 978 2923 1036 diceretzNon
2955 989 3041 1037 est
3061 990 3213 1051 tuus,
3256 987 3356 1042 sed

1753 1081 1935 1130 meus,
1975 1070 2111 1119 tunc
2137 1064 2229 1118 ille
2260 1066 2553 1136 respondit
2583 1087 2593 1121 :
2622 1068 2693 1122 Et
2735 1069 2781 1122 si
2824 1076 2955 1127 tuus
2999 1078 3103 1144 est,
3138 1076 3269 1130 tolle
3293 1076 3360 1131 il-

1751 1158 1888 1212 lum.
1922 1157 2045 1222 Quo
2075 1158 2245 1225 dicto,
2278 1174 2390 1213 non
2429 1160 2765 1215 invenerunt
2793 1164 3265 1233 quemadmodum
3295 1167 3359 1223 1i-

1751 1246 2018 1317 tigarent.

1820 1335 1908 1392 97.
1932 1337 2186 1402 Quodam
2206 1342 2461 1408 tempore
2479 1344 2676 1393 orante
2697 1339 2862 1397 beato
2890 1344 3137 1399 Macario
3156 1344 3358 1402 abbate

1757 1428 2002 1491 (Joanne,
2038 1428 2208 1481 libell.
2235 1441 2319 1493 III,
2354 1428 2549 1497 71.17),
2586 1445 2689 1483 vox
2733 1431 2804 1485 ad
2862 1449 2990 1487 eum
3038 1436 3350 1505 personuit,

1753 1514 1971 1571 dicens:
1997 1515 2217 1581 Macari,
2244 1517 2480 1571 necdum
2510 1518 2580 1571 ad
2612 1535 2935 1576 mensuram
2964 1522 3205 1579 duarum
3236 1542 3357 1581 mu-

1754 1603 1956 1658 lierum
1976 1605 2299 1676 pervenisti,
2333 1623 2456 1676 quae
2487 1606 2544 1661 in
2574 1609 2829 1678 proxima
2853 1612 3066 1682 pariter
3099 1613 3359 1671 habitant

84 1709 201 1745 nius
232 1692 468 1745 adorare
499 1709 648 1745 eum.
675 1693 925 1756 Quorum
950 1711 1076 1747 cum
1100 1694 1193 1747 ille
1213 1694 1588 1748 humilitatem
1618 1699 1675 1748 et
1756 1693 2000 1748 civitate.
2034 1695 2157 1759 Quo
2187 1695 2398 1759 audito,
2434 1712 2602 1750 senex
2659 1715 2982 1770 exsurgens,
3014 1709 3240 1774 arrepto
3265 1703 3361 1759 ba-

86 1781 404 1851 patientiam
436 1781 788 1851 pervidissct,
818 1790 1184 1854 compunctus
1201 1784 1423 1854 aperuit
1444 1784 1669 1849 ostium,
1692 1852 1735 1864 _
1760 1784 1904 1849 culo,
1946 1783 2004 1837 in
2062 1783 2410 1853 designatam
2456 1787 2712 1855 pervenit
2766 1788 3069 1845 civitatem.
3104 1793 3361 1864 Cumque

84 1877 134 1923 et
161 1871 471 1924 osculantes
501 1889 560 1925 se
590 1871 843 1938 invicem,
869 1852 1486 1945 gustaverunt—pariter.
1523 1852 1738 1927 DixitB
1762 1873 1966 1926 ostium
2025 1852 2270 1943 quaesitae
2328 1852 2527 1929 domus
2580 1881 2751 1946 atque
2803 1877 3041 1934 inventae
3082 1852 3354 1951 pulsaret,

86 1977 208 2029 ergo
225 1961 306 2013 eis
326 1960 443 2032 ipse
465 1978 659 2016 senex:
686 1963 749 2017 In
775 1963 1011 2017 veritate
1031 1980 1143 2017 non
1172 1968 1379 2017 suntea
1402 1964 1522 2017 sola
1551 1979 1672 2033 quae

86 2049 260 2102 audivi
291 2049 360 2102 de
383 2049 553 2115 vobis,
583 2052 680 2105 sed
703 2057 758 2105 et
778 2053 1102 2123 centuplum
1143 2070 1315 2124 opera
1344 2052 1456 2105 vidi
1486 2052 1545 2106 in
1573 2069 1671 2106 vo-

84 2136 178 2191 bis.
212 2139 279 2192 Et
308 2138 379 2192 ab
408 2139 503 2193 illo
532 2141 621 2195 die
647 2142 861 2195 amicus
882 2142 1244 2196 charissimus
1273 2142 1454 2195 factus
1482 2147 1567 2195 est
1596 2141 1667 2195 ei.

149 2226 232 2283 92.
247 2228 436 2284 Abbas
454 2231 714 2284 Muthues
731 2231 1029 2301 aliquando
1049 2231 1343 2286 aedificavit
1372 2231 1476 2285 sibi
1496 2231 1671 2285 cellu-

86 2317 188 2370 lam
209 2317 265 2370 in
294 2318 416 2373 loco
438 2319 533 2389 qui
563 2320 769 2375 dicitur
800 2321 1144 2374 Heracleona
1163 2322 1456 2387 (Pasch.,c.
1492 2318 1575 2387 10,
1610 2336 1665 2374 η.

83 2405 151 2473 1).
178 2406 242 2460 Et
269 2406 406 2461 dum
430 2408 505 2461 ibi
527 2425 561 2461 a
582 2409 773 2463 multis
794 2410 1207 2475 molestaretur,
1225 2411 1466 2465 alterum
1488 2410 1671 2464 locum

84 2494 453 2565 introgressus
469 2502 570 2561 est,
589 2503 643 2551 et
671 2499 930 2552 similiter
957 2500 1124 2552 etiam
1142 2500 1215 2553 ibi
1246 2499 1557 2553 construxit
1577 2500 1673 2554 ha-

1756 1978 1983 2031 egressa
2012 1978 2125 2016 una
2147 1979 2210 2015 ex
2239 1962 2370 2029 illis,
2404 1980 2532 2017 cum
2560 1980 2766 2035 magna
2810 1968 3182 2023 exsultatione
3218 1988 3353 2026 eum

1755 2051 2019 2121 suscepit.
2050 2051 2199 2115 Quas
2229 2057 2497 2123 utrasque
2527 2070 2694 2108 senex
2714 2063 3043 2112 convocatas
3065 2058 3146 2113 ita
3173 2064 3261 2114 est
3278 2060 3358 2115 al-

1756 2140 2009 2194 locutus:
2048 2141 2286 2211 Propter
2314 2158 2408 2195 vos
2459 2147 2680 2197 tantum
2727 2144 2976 2200 laborem
3034 2148 3262 2204 veniens
3291 2165 3359 2204 ex

1754 2230 2056 2284 solitudine
2070 2230 2377 2302 longinqua
2393 2232 2661 2299 sustineo,
2681 2238 2746 2289 ut
2773 2251 2942 2306 Opera
2954 2243 3140 2291 vestra
3154 2255 3359 2310 cogno-

1753 2335 1965 2373 scerem
1992 2338 2005 2387 ;
2031 2336 2152 2390 quae
2181 2320 2320 2374 mihi
2340 2338 2436 2375 vos
2451 2322 2725 2377 condicite
2758 2339 2823 2377 ac
2849 2330 3096 2379 narrate.
3122 2325 3227 2380 Cui
3245 2324 3355 2380 illa

1754 2408 1833 2461 sic
1863 2408 2127 2462 dixerunt
2152 2428 2164 2463 :
2190 2409 2367 2463 Crede
2410 2409 2590 2477 nobis,
2625 2412 2977 2467 sanctissime
3004 2413 3192 2481 Pater,
3221 2414 3357 2485 quia

1754 2514 1857 2551 nec
1872 2498 2135 2569 praesenti
2157 2504 2318 2553 nocte
2336 2500 2711 2555 amaritorum
2727 2500 2945 2555 lectulis
2963 2502 3172 2558 fuimus
3189 2519 3355 2574 sepa-

85 2583 410 2641 bitaculum.
444 2587 549 2640 Sed
582 2604 682 2657 per
711 2588 946 2641 insidias
978 2588 1182 2642 diaboli
1226 2589 1457 2659 quidam
1501 2588 1676 2642 frater
1758 2591 1911 2642 ratae.
1930 2586 2129 2650 Qualia
2150 2603 2282 2657 ergo
2302 2604 2474 2657 opera
2502 2588 2713 2643 anobis
2742 2590 3025 2661 exquiris?
3046 2592 3155 2646 Sed
3185 2608 3357 2647 senex

86 2672 335 2728 inventus
368 2682 452 2728 est
480 2676 574 2740 ibi,
596 2676 688 2746 qui
721 2694 821 2746 per
841 2677 1107 2731 invidiam
1138 2695 1360 2749 semper
1382 2679 1525 2731 iram
1546 2694 1674 2731 cum
1760 2676 1818 2728 in
1851 2676 2109 2745 precibus
2130 2676 2465 2746 persistebat
2493 2682 2557 2731 ut
2586 2677 2637 2731 ei
2667 2678 2792 2732 vitae
2822 2696 2938 2733 suae
2969 2680 3224 2735 ordinem
3252 2681 3357 2736 de-

83 2778 142 2813 co
162 2763 394 2817 habuit:
428 2772 657 2836 propter
698 2767 845 2836 quod
895 2768 1139 2821 surrexit
1176 2767 1326 2833 inde,
1360 2774 1417 2821 et
1443 2768 1511 2821 ad
1545 2784 1675 2837 pro-
1759 2766 2057 2819 clararent.
2090 2765 2191 2820 Cui
2224 2772 2357 2819 tunc
2415 2766 2522 2820 illae
2572 2768 2873 2838 compulsa:
2904 2768 3166 2825 dixerunt
3196 2789 3209 2825 :
3238 2771 3357 2827 Nos

85 2850 254 2919 prium
285 2870 543 2907 reversus
574 2862 659 2908 est
689 2854 891 2913 vicum.
924 2863 980 2910 et
1007 2856 1139 2910 fecit
1175 2856 1281 2910 sibi
1311 2858 1424 2910 illic
1454 2873 1676 2927 quoque
1759 2854 1916 2907 nulla
1942 2853 2089 2907 inter
2120 2871 2222 2908 nos
2248 2870 2441 2909 sumus
2491 2857 2903 2925 parentelitatis
2928 2858 3203 2915 afﬁnitate
3232 2877 3361 2917 con-

84 2941 357 3007 cellulam,
381 2948 438 2996 et
456 2943 685 2997 reclusit
714 2962 771 2997 se
804 2946 861 2998 in
892 2963 1034 2998 eam.
1070 2946 1205 2999 Post
1231 2952 1451 3016 tempus
1482 2952 1671 2999 autem
1750 2944 1961 3013 juncta:
1988 2961 1998 2995 :
2034 2944 2268 3012 contigit
2283 2950 2473 2998 autem
2497 2949 2561 2998 ut
2579 2944 2797 3000 duobus
2823 2946 3090 3003 fratribus
3096 2950 3361 3021 jungere-

83 3029 487 3099 aliquantulum
518 3034 840 3101 congregati
871 3040 1001 3087 sunt
1031 3052 1192 3088 senes
1222 3036 1290 3089 de
1310 3035 1404 3088 illo
1427 3035 1545 3088 loco
1573 3051 1673 3089 un-
1754 3049 1901 3098 mur,
1936 3038 2139 3087 etcum
2162 3034 2249 3087 his
2280 3033 2599 3104 quindecim
2626 3035 2789 3089 annis
2828 3035 2887 3089 in
2916 3036 3082 3092 domo
3116 3055 3230 3093 una
3258 3056 3362 3110 pa-

81 3118 144 3170 de
169 3135 426 3189 egressus
448 3122 832 3183 est,ducentes
849 3141 1035 3177 secum
1050 3125 1220 3177 etiam
1250 3124 1408 3177 illum
1440 3127 1671 3178 fratrem
1755 3121 1893 3175 riter
1921 3127 2339 3192 permanentes,
2358 3139 2539 3194 neque
2564 3129 2730 3194 turpe
2761 3124 2990 3180 verbum
3022 3126 3202 3182 altera
3219 3127 3364 3184 dixit

83 3223 202 3262 cum
234 3227 348 3280 quo
380 3211 574 3265 habuit
605 3212 781 3279 litem,
836 3220 1112 3284 quatenus
1156 3219 1423 3284 rogarent
1451 3231 1579 3269 eum
1612 3210 1828 3269 utCad
1864 3211 2123 3277 alteram,
2178 3227 2361 3282 neque
2410 3211 2565 3266 litem
2606 3213 2909 3283 aliquando
2956 3216 3364 3286 commisimus,

81 3298 283 3352 rediret
308 3300 381 3353 ad
410 3301 669 3355 cellulam
700 3320 878 3357 suam.
903 3304 1206 3374 Postquam
1237 3310 1427 3357 autem
1456 3304 1512 3357 in
1538 3303 1672 3356 viei-
1757 3299 1851 3353 sed
1886 3299 1945 3352 in
1973 3316 2109 3370 pace
2135 3300 2404 3354 hactenus
2427 3300 2759 3366 viximus,et
2786 3302 2907 3373 pari
2933 3320 3208 3359 consensu
3237 3311 3360 3361 tra-

83 3402 208 3440 num
242 3388 428 3443 locum
444 3398 736 3453 venerunt,
762 3398 876 3445 tam
895 3393 1128 3446 melotes
1159 3410 1289 3447 suas
1320 3410 1487 3464 quam
1515 3393 1675 3446 illum
1758 3389 2051 3455 ctavimus,
2084 3394 2381 3459 quatenus,
2418 3388 2631 3459 pariter
2650 3390 2858 3445 relictis
2882 3392 3120 3459 maritis,
3140 3393 3199 3449 in
3230 3410 3360 3451 con-

83 3474 305 3531 fratrem
364 3478 569 3533 ibidem
625 3481 1076 3551 dereliquerunt;
1119 3482 1227 3552 ipsi
1284 3499 1413 3535 vero
1446 3480 1676 3553 profecti
1756 3478 2084 3548 gregatione
2112 3477 2501 3548 religiosarum
2531 3478 2809 3548 virginum
2854 3481 3359 3555 proficisceremur,

84 3573 209 3619 sunt
238 3567 305 3620 ad
339 3585 549 3634 senem,
586 3577 643 3623 et
672 3570 1022 3641 pulsantibus
1048 3571 1178 3635 illis,
1207 3578 1403 3642 aperta
1432 3572 1677 3625 fenestra
1761 3573 1819 3621 et
1844 3567 2038 3621 multis
2058 3566 2314 3638 precibus
2344 3567 2449 3621 hoc
2479 3584 2514 3621 ει
2541 3567 2873 3639 conjugibus
2921 3587 3034 3626 non
3079 3572 3362 3630 valuimus

86 3656 323 3725 respexit
354 3670 467 3721 eos,
500 3664 556 3712 et
576 3660 851 3729 cognovit,
881 3666 937 3713 et
964 3659 1106 3714 dixit
1135 3660 1243 3713 eis:
1277 3660 1382 3715 Ubi
1403 3668 1536 3714 sunt
1567 3676 1680 3714 me-

84 3741 218 3797 lotes
241 3752 439 3800 vestra:
458 3747 480 3799 ’ἶ
508 3749 583 3801 At
612 3748 691 3801 illi
736 3750 1149 3819 responderunt
1178 3767 1190 3802 :
1227 3750 1364 3803 Ecce
1398 3750 1487 3803 hic
1512 3750 1571 3803 in
1604 3749 1680 3803 vi-

84 3831 200 3885 cino
230 3840 365 3888 sunt
395 3852 509 3890 una
537 3853 663 3891 cum
707 3837 880 3891 fratre
930 3839 1043 3905 illo,
1076 3838 1171 3909 qui
1196 3844 1380 3893 tecum
1408 3838 1552 3893 iram
1580 3839 1676 3893 ha-

84 3917 257 3978 bebat.
287 3924 406 3978 Hoc
420 3931 711 3997 postquam
755 3944 923 3981 senex
950 3927 1180 3993 audivit,
1210 3934 1267 3981 et
1315 3929 1437 3983 illos
1467 3944 1673 3999 cogno-

83 4009 174 4071 vit,
213 4029 329 4083 prae
357 4014 563 4084 gaudio
584 4016 807 4080 ostium,
846 4034 944 4087 per
977 4017 1126 4088 quod
1153 4016 1441 4088 ingressus
1467 4018 1667 4085 fuerat,

84 4114 209 4154 cum
242 4103 427 4157 securi
449 4104 739 4176 confregit,
774 4112 829 4161 et
853 4123 1111 4176 egressus
1131 4107 1379 4161 cucurrit
1398 4124 1574 4178 usque
1602 4106 1673 4161 ad

84 4187 257 4244 locum
290 4192 389 4246 ubi
411 4200 534 4247 erat
565 4195 658 4248 ille
691 4195 882 4262 frater,
903 4202 960 4250 et
987 4200 1153 4267 θαιρῆ
1182 4197 1300 4267 ipse
1320 4196 1474 4268 prior
1502 4196 1676 4267 paeni-

82 4280 311 4334 tentiam
342 4282 492 4353 apud
515 4300 644 4337 eum
666 4300 851 4354 agere,
890 4290 948 4339 et
965 4285 1314 4356 amplexatus
1334 4291 1420 4340 est
1441 4302 1591 4352 eum,
1621 4289 1679 4339 et

80 4365 390 4424 introduxit
414 4370 538 4425 illos
568 4372 626 4426 in
649 4374 844 4427 cellam
872 4391 1053 4439 suam,
1077 4381 1133 4428 et
1153 4392 1255 4445 per
1281 4380 1395 4429 tres
1417 4375 1536 4429 dies
1550 4392 1677 4430 con-

77 4455 288 4513 vivatus
320 4464 407 4513 est
433 4477 559 4515 cum
582 4461 680 4525 eis,
714 4463 809 4533 qui
848 4480 1134 4534 nunquam
1167 4463 1411 4518 habebat
1437 4481 1672 4519 consue-

1761 3656 2031 3711 obtinere.
2048 3657 2169 3721 Quo
2198 3673 2309 3711 non
2339 3657 2561 3729 adepto,
2582 3657 2733 3712 inter
2758 3676 2860 3714 nos
2886 3666 2944 3715 et
2962 3661 3143 3716 Deum
3166 3661 3360 3734 posui-

1760 3763 1886 3801 mus
1905 3751 2327 3813 testamentum,
2344 3753 2407 3801 ut
2434 3762 2611 3818 usque
2632 3747 2701 3800 ad
2731 3754 2971 3803 mortem
2990 3755 3244 3821 nostram
3260 3766 3363 3806 saa-

1760 3836 1950 3891 culare
1976 3835 2208 3890 verbum
2241 3852 2354 3889 non
2392 3836 2755 3906 loqueremur
2781 3837 3031 3894 omnino.
3065 3838 3199 3904 Quae
3230 3855 3363 3895 cum

1756 3925 2006 3980 audisset
2031 3924 2229 3980 beatus
2264 3925 2548 3991 Macarius,
2576 3925 2718 3980 dixit
2742 3945 2753 3980 :
2791 3927 2856 3981 In
2876 3928 3111 3983 veritate
3131 3944 3245 3985 non
3270 3933 3361 3984 est

1759 4015 1931 4085 virgo,
1964 4031 2147 4086 neque
2178 4016 2461 4081 maritate,
2486 4031 2669 4087 neque
2700 4017 3028 4086 monachus,
3049 4034 3232 4091 neque
3250 4035 3362 4075 sm-

1756 4103 1987 4172 cularis;
2021 4104 2119 4159 sed
2147 4104 2297 4159 Deus
2351 4108 2576 4159 tantum
2632 4105 2983 4177 propositum
3036 4107 3256 4180 quarit,
3302 4111 3363 4165 et

1755 4194 2018 4265 spiritum
2056 4193 2181 4249 vitae
2209 4192 2469 4248 omnibus
2497 4194 2798 4249 ministrat.

1829 4280 1916 4339 98.
1938 4283 2181 4348 Quidam
2214 4283 2409 4350 frater,
2456 4283 2592 4338 dum
2622 4288 2770 4339 esset
2795 4284 2854 4340 in
2878 4284 3152 4355 coenobio,
3178 4290 3236 4342 et
3253 4288 3364 4343 tre-

1760 4377 1997 4443 quenter
2016 4373 2086 4428 ad
2106 4373 2247 4427 iram
2270 4378 2591 4428 moveretur
2606 4375 2833 4443 (Pelag.,
2855 4376 3023 4430 libell.
3050 4390 3146 4442 vn,
3163 4391 3220 4431 n.
3244 4374 3359 4447 33),

1759 4461 1899 4516 dixit
1922 4462 1993 4516 ad
2011 4462 2374 4533 semetipsum
2398 4480 2408 4516 :
2434 4462 2651 4517 Vadam
2671 4462 2730 4517 in
2747 4462 3129 4531 solitudinem;
3154 4470 3212 4519 et
3232 4481 3365 4521 cum

78 4546 329 4602 tudinem
353 4554 419 4603 ut
441 4530 1003 4620 jejunium—solveret:
1023 4554 1091 4607 Et
1115 4559 1309 4624 postea
1331 4554 1592 4621 surrexit,
1619 4530 1737 4608 etD
1759 4567 1874 4605 non
1900 4550 2139 4605 habeam
2170 4530 2299 4605 cum
2329 4566 2439 4621 quo
2470 4551 2703 4621 litigem,
2733 4550 2965 4605 forsitan
2994 4530 3311 4623 requiescet
3329 4570 3366 4608 a

77 4635 356 4702 profectus
388 4646 474 4693 est
502 4655 627 4693 cum
647 4639 777 4694 illis.

144 4723 233 4782 93.
261 4726 453 4783 Abbas
503 4729 760 4800 Agathon
790 4731 1004 4785 solebat
1032 4732 1217 4786 dicere
1241 4751 1251 4784 :
1281 4733 1586 4803 Nunquam
1614 4732 1678 4786 li-

78 4817 186 4867 tem
218 4815 435 4873 habens
460 4835 586 4873 cum
617 4820 805 4891 aliquo
857 4821 1093 4875 dormivi
1120 4839 1131 4887 ;
1166 4821 1262 4876 sed
1309 4837 1410 4875 nec
1447 4820 1676 4892 permisi

77 4901 321 4974 aliquem
354 4924 573 4962 mecum
596 4908 751 4964 litem
774 4908 1074 4965 habentem
1104 4910 1368 4977 dormire,
1401 4915 1673 4981 quantum

77 4990 139 5043 ad
171 4993 443 5051 virtutem
472 5013 655 5053 meam
683 4998 973 5070 pertinuit,
1007 5000 1116 5054 nisi
1146 5000 1303 5072 prius
1331 5016 1458 5054 cum
1488 4999 1585 5054 illo
1616 4999 1676 5053 in

77 5096 207 5147 pace
230 5092 547 5141 reverterer
576 5090 799 5156 (Pelag.,
836 5091 1000 5143 Iibell.
1033 5104 1168 5155 xvn,
1199 5107 1261 5146 η.
1304 5089 1379 5158 6).

144 5179 341 5238 εἰιῦ
366 5171 454 5232 96.
488 5176 660 5231 Erant
688 5178 801 5233 duo
830 5195 991 5233 senes
1046 5179 1103 5233 in
1147 5196 1261 5234 una
1300 5179 1441 5233 cella
1467 5178 1678 5249 pariter

76 5260 355 5329 sedentes,
386 5268 443 5318 et
467 5281 757 5336 nunquam
805 5267 953 5321 inter
980 5284 1039 5321 se
1077 5268 1160 5322 vel
1215 5268 1677 5339 qualemcumque

75 5364 305 5416 parvam
329 5355 739 5409 contentionem
764 5356 1076 5411 habuerant
1096 5360 1321 5424 (Pelag.,
1355 5360 1523 5411 libell.
1544 5373 1673 5422 xvn,

76 5437 263 5507 21.22).
282 5440 433 5496 Dixit
464 5461 597 5514 ergo
618 5460 763 5498 unus
779 5445 848 5498 ad
863 5445 1103 5499 alterum
1127 5464 1136 5498 :
1164 5446 1456 5499 Faciamus
1486 5450 1542 5498 et
1572 5462 1672 5499 nos

72 5527 154 5579 vel
181 5544 358 5583 unam
388 5531 564 5599 litem,
600 5533 743 5588 sicut
773 5541 829 5588 et
859 5535 955 5588 alii
997 5534 1273 5587 homines.
1301 5536 1374 5587 At
1413 5534 1506 5587 ille
1530 5534 1674 5587 alter

74 5614 212 5670 dixit
234 5618 289 5671 ei
317 5636 329 5672 :
359 5620 558 5676 Nescio
581 5623 1053 5693 quemadmodum
1086 5623 1151 5675 fit
1178 5622 1265 5676 lis.
1290 5622 1438 5676 Dixit
1468 5621 1519 5677 ei
1540 5622 1665 5676 ille:

146 5731 159 5764 ¹
196 5733 261 5787 In
292 5733 458 5790 editis
494 5741 579 5791 est
607 5737 696 5793 hic
717 5743 902 5793 textus
932 5737 1162 5809 Pelagii,
1196 5737 1356 5810 posui
1385 5742 1449 5790 ut
1477 5735 1533 5790 in
1564 5737 1666 5791 Ms.

323 5832 588 5895 Pnaon.
637 5836 879 5896 LXXIII
901 5881 909 5893 .

1758 4656 1849 4694 me
1865 4639 1986 4694 haec
2005 4640 2190 4711 passio
2214 4639 2253 4692 ¹.
2276 4640 2416 4693 Cum
2438 4645 2627 4695 autem
2648 4656 2906 4710 egressus
2928 4646 3094 4708 esset,
3112 4646 3171 4696 et
3204 4657 3366 4698 man-

1760 4729 1925 4783 sisset
1968 4728 2121 4783 solus
2175 4729 2233 4783 in
2278 4728 2500 4799 speleo,
2534 4727 2775 4799 quadam
2806 4727 2896 4784 die
2924 4745 3052 4785 cum
3084 4746 3180 4786 vas
3210 4747 3362 4805 aqua

1758 4818 2045 4889 replesset,
2074 4824 2131 4871 et
2161 4818 2439 4888 posuisset
2480 4817 2540 4872 in
2576 4822 2809 4886 terram,
2842 4818 3029 4875 subito
3076 4828 3363 4879 versatum

1757 4914 1861 4962 est.
1895 4884 2147 4978 cumque
2172 4906 2342 4961 tertia
2367 4906 2483 4961 vice
2516 4907 2807 4979 replesset,
2832 4924 2896 4963 ac
2944 4909 3206 4967 similiter
3233 4929 3363 4970 con-

1757 4996 1997 5067 tigisset,
2030 5001 2258 5067 arrepto
2279 4995 2399 5067 ipso
2429 5012 2578 5063 vase,
2607 4996 2776 5068 fregit
2804 4997 2945 5053 illud
2984 4998 3183 5056 iratus.
3216 5001 3365 5059 Cum

1759 5091 1947 5141 autem
1980 5085 2050 5139 ad
2091 5102 2151 5139 se
2175 5101 2431 5140 reversus
2457 5085 2672 5153 fuisset,
2705 5086 2991 5159 cogitabat
3008 5088 3141 5160 quia
3169 5105 3204 5145 a
3240 5089 3361 5163 spi-

1759 5175 1871 5230 ritu
1896 5174 2198 5229 iracundim
2230 5180 2379 5229 esset
2402 5174 2687 5247 deceptus,
2722 5182 2779 5231 et
2799 5176 2940 5231 dixit
2971 5194 2982 5230 :
3028 5176 3166 5233 Ecce
3188 5183 3246 5233 et
3266 5193 3363 5234 so-

1759 5265 1846 5319 lus
1868 5282 2011 5328 sum,
2052 5269 2109 5318 et
2136 5270 2329 5317 tamen
2350 5262 2419 5317 ab
2449 5264 2742 5319 iracundia
2771 5265 2948 5320 victus
2975 5282 3121 5321 sum.
3150 5266 3364 5323 Rever-

1759 5359 1849 5409 tar
1868 5355 1925 5408 in
1956 5352 2437 5424 ccenobium,quia
2468 5352 2673 5425 ubique
2694 5370 2884 5425 pugna
2904 5370 3044 5426 Opus
3076 5360 3161 5409 est
3196 5362 3252 5411 et
3266 5372 3365 5429 pa-

1754 5445 1973 5509 tientia,
2006 5450 2063 5498 et
2090 5442 2328 5497 maxime
2359 5442 2460 5497 Dei
2489 5443 2780 5499 auxilium.
2814 5444 2884 5498 Et
2919 5443 3002 5497 ita
3032 5460 3363 5518 exsurgens,

1756 5551 2016 5589 reversus
2041 5540 2127 5587 est
2156 5532 2225 5586 ad
2250 5532 2430 5586 locum
2461 5548 2647 5586 suum.

1826 5623 1913 5679 99.
1949 5622 2152 5677 Beatus
2192 5620 2469 5675 Macarius
2510 5619 2578 5675 de
2603 5619 2903 5692 semetipso
2951 5620 3246 5694 referebat,
3278 5621 3367 5682 di-

3037 5836 3113 5897 25
