3876 6370
622 375 724 431 779
1726 377 1819 434 DE
1857 377 2046 434 VlTIS
2082 379 2381 436 PATRUM
2417 381 2634 438 LIBER
2672 385 2771 439 III.
3789 398 3814 454 7

617 517 747 555 cens
773 517 794 593 τ’
816 499 963 593 Dum
997 513 1178 553 essem
1193 499 1434 570 juvenis,
1457 506 1515 593 et
1529 505 1721 593 tamen
1741 502 1802 558 in
1831 505 1974 558 cella
2004 504 2278 565 reside-A
2368 504 2490 562 l0‘2.
2544 507 2749 564 Abbati
2798 525 3019 582 quoque
3048 511 3226 584 Moysi
3256 515 3588 587 frequenter
3637 537 3814 593 appan

615 605 756 654 rem,
780 589 1018 643 invitum
1044 605 1134 643 me
1159 594 1418 644 tenentes
1442 591 1706 646 clericum
1726 593 2130 648 ordinaverunt
2153 595 2214 651 in
2295 603 2431 650 runt
2463 597 2744 652 daemones
2787 601 3186 656 maledicentes
3221 604 3292 670 ei,
3325 623 3389 660 ac
3436 589 3691 664 dicentes
3710 589 3734 665 -τ
3758 613 3813 666 Pr

611 678 965 746 vico(Pclag.,
1001 680 1169 733 libell.
1193 693 1282 745 xv,
1308 680 1488 748 11.25).
1515 682 1654 736 Cum
1677 690 1866 737 autem
1891 684 2212 738 nolensillic
2294 685 2517 740 valuisti
2549 688 2728 754 nobis,
2761 690 3000 762 Moyses,
3031 697 3087 746 et
3118 692 3253 747 nihil
3284 695 3384 748 tibi
3409 713 3710 767 possumus
3755 703 3813 754 ῆι(

611 783 749 833 esse,
782 767 841 822 in
867 767 1051 822 vicum
1080 769 1324 824 alterum
1353 771 1694 842 effugissem.
1726 779 1783 827 et
1811 774 2042 844 quidam
2070 773 2210 827 milii
2294 791 2373 841 re,
2399 777 2663 846 quoniam
2695 780 2915 850 quoties
2947 787 3000 834 te
3028 781 3083 835 in
3107 782 3560 854 desperationem
3605 789 3812 844 humili.

609 857 892 912 secularis
920 857 1212 928 religiosus
1237 876 1405 930 opere
1429 877 1554 915 meo
1583 862 1808 916 vendito
1836 863 2205 929 ministraret,
2292 866 2565 932 volumus,
2597 870 2860 924 exaltaris
2884 889 2896 936 ;
2926 873 3152 943 quoties
3181 881 3372 929 autem
3403 879 3692 944 exaltaris,
3731 882 3797 935 ita

609 947 844 1018 contigit
857 949 1165 1019 quamdam
1179 949 1451 1019 virginem
1467 953 2054 1023 perstuprumventris
2067 971 2208 1008 onus
2290 953 2574 1025 humilias,
2607 964 2669 1013 ut
2694 960 2882 1015 nullus
2915 961 2984 1016 de
3031 962 3191 1018 nobis
3218 967 3447 1021 accedat
3475 968 3550 1022 ad
3579 974 3635 1023 te
3665 973 3814 1037 (Pan-1

606 1037 1028 1108 accipereQuae
1048 1038 1184 1092 dum
1204 1056 1240 1093 a
1267 1039 1595 1110 parentibus
1616 1058 1650 1095 a
1679 1058 1789 1113 quo
1819 1042 2016 1097 fuisset
2062 1061 2210 1098 com—
2294 1062 2339 1099 ε.
2371 1046 2461 1112 11,
2495 1064 2552 1103 n.
2585 1046 2661 1114 4).

605 1143 802 1198 pressa
827 1127 1151 1198 requiritur,
1193 1127 1331 1183 dixit
1358 1129 1457 1182 illa
1481 1148 1493 1182 :
1521 1131 1878 1186 Anachoreta
1906 1131 2000 1186 ille
2027 1139 2212 1186 vester
2371 1133 2486 1190 103.
2524 1138 2666 1192 Cum
2695 1139 2925 1209 quidam
2971 1141 3145 1196 frater
3199 1143 3462 1199 abbatem
3523 1147 3753 1202 Sisoium
3779 1151 3814 1202 fr

605 1216 712 1271 hoc
743 1217 802 1271 in
831 1234 921 1271 me
949 1217 1166 1272 facinus
1182 1219 1542 1288 perpetravit.
1567 1220 1788 1290 Egressi
1801 1238 1929 1276 vero
1950 1229 2210 1292 parentes
2294 1232 2533 1294 quenter
2561 1228 2729 1283 talem
2760 1247 3075 1286 sermonem
3097 1234 3428 1304 requireret,
3465 1236 3662 1292 dicens
3697 1258 3708 1290 :
3741 1240 3813 1303 Qu.

604 1306 1482 1378 puellze,comprehendentesme
1503 1311 2203 1380 suspenderuntmeocollo
2287 1313 2506 1381 faciam,
2558 1317 2743 1385 Pater,
2778 1321 3044 1390 quoniam
3100 1323 3316 1377 cecidi?
3365 1327 3680 1397 respondit,
3712 1329 3814 1398 Ξυτὲ

605 1412 738 1450 vasa
756 1396 968 1462 fictilia,
991 1402 1049 1451 et
1068 1413 1170 1468 per
1190 1398 1440 1468 singulas
1453 1399 1682 1454 semitas
1711 1400 2204 1456 circumducebant
2291 1407 2522 1471 (Pasch.,
2551 1424 2596 1460 c.
2628 1407 2718 1474 11,
2763 1426 2820 1462 n.
2857 1409 2932 1477 5).
2965 1412 3038 1465 At
3065 1412 3157 1466 ille
3207 1396 3520 1485 respondit,
3561 1396 3814 1471 Exsurrexi

604 1501 696 1539 me
711 1485 859 1540 caede
879 1493 1208 1552 mactantes,
1225 1494 1395 1558 atque
1417 1487 1648 1560 insuper
1666 1489 1755 1544 his
1775 1490 2002 1544 vocibus
2023 1491 2203 1545 insul-
2285 1500 2343 1548 et
2371 1494 2576 1550 iterum
2603 1515 2662 1551 se
2685 1499 2948 1553 cecidisse
2976 1501 3261 1557 confessus
3300 1510 3398 1558 est.
3453 1505 3554 1559 Ait
3589 1524 3770 1561 senex:
3797 1509 3814 1561 I

603 1579 819 1630 tantes:
843 1576 946 1630 Hic
962 1577 1269 1632 monachus
1301 1578 1428 1631 filia:
1449 1586 1654 1634 nostrae
1676 1579 2005 1634 vimintulit.
2033 1581 2199 1635 Cum-
2286 1583 2492 1639 iterum
2515 1604 2701 1658 surge.
2736 1589 2876 1642 Cum
2907 1597 3093 1644 autem
3125 1593 3301 1647 frater
3323 1593 3653 1666 frequenter
3681 1615 3731 1650 se
3753 1616 3813 1650 su:

599 1681 709 1736 que
735 1682 824 1720 me
863 1682 1042 1737 usque
1072 1667 1143 1720 ad
1173 1683 1367 1721 necem
1397 1667 1636 1722 fustibus
1673 1686 1816 1740 pene
1845 1671 2198 1735 multassent,
2285 1675 2494 1729 rexisse
2525 1682 2582 1730 et
2610 1677 2932 1748 frequenter
2974 1698 3033 1734 se
3085 1682 3350 1736 cecidisse
3380 1694 3660 1750 narraret,
3691 1687 3810 1739 eodm

597 1755 828 1826 quidam
858 1773 924 1810 ex
952 1755 1267 1810 senioribus
1295 1757 1437 1811 dixit
1459 1757 1529 1812 ad
1561 1775 1654 1812 eos
1680 1776 1692 1812 :
1721 1759 2022 1830 Usquequo
2053 1760 2202 1815 hunc
2284 1780 2541 1819 sermone
2571 1784 2738 1821 senex
2768 1769 3034 1823 utebatur
3062 1772 3410 1827 exclamans:
3437 1775 3566 1828 Non
3598 1793 3756 1828 cesses
3778 1795 3814 1828 ω

594 1845 958 1916 peregrinum
981 1846 1318 1901 monachum
1340 1847 1491 1901 caede
1513 1849 1810 1903 mactatis?
1837 1850 1945 1904 Sed
1963 1856 2021 1904 et
2037 1850 2198 1904 mini-
2214 1833 2260 1894 Β
2279 1869 2527 1924 surgere,
2554 1857 2653 1911 ﬁli.
2693 1858 2796 1911 Cui
2824 1857 2999 1912 frater
3026 1860 3104 1914 ait
3129 1879 3140 1913 :
3176 1861 3479 1934 Usquequo
3513 1882 3727 1935 possum
3753 1883 3814 1917 sur

594 1940 810 1989 strante
840 1935 980 1989 mihi
1023 1943 1293 2008 sequente
1324 1942 1382 1991 et
1423 1937 1628 1992 rubore
1676 1937 1919 2008 perfuso,
1959 1939 2196 2010 injurias
2276 1960 2426 2011 gere,
2475 1945 2659 2011 Pater,
2718 1947 2975 2018 explana.
3009 1949 3165 2004 Tunc
3215 1968 3382 2006 senex
3429 1954 3553 2007 ait:
3586 1955 3813 2022 Quousq'.

589 2023 938 2095 irrogabant,
961 2025 1212 2080 dicentes
1235 2045 1246 2079 :
1273 2027 1412 2081 Ecce
1438 2027 1572 2097 quid
1602 2027 1734 2081 fecit
1759 2028 1848 2082 hic
1876 2046 1978 2099 pro
2004 2047 2114 2100 quo
2135 2036 2197 2084 tu
2279 2040 2379 2087 aut
2407 2035 2463 2088 in
2493 2034 2638 2089 bono
2656 2054 2843 2107 opere,
2871 2044 2971 2092 aut
3001 2038 3058 2094 in
3085 2041 3232 2094 malo
3263 2041 3649 2113 deprehensus
3667 2062 3810 2097 occun.

589 2115 976 2170 testimonium
999 2115 1376 2186 perhibebas?
1405 2122 1666 2188 parentes
1683 2123 1872 2172 autem
1899 2119 2096 2188 puellae
2117 2119 2198 2173 di-
2281 2122 2398 2177 bas.
2428 2125 2493 2178 In
2522 2142 2632 2194 quo
2662 2127 2812 2180 enim
2842 2144 3008 2199 Opere
3025 2129 3190 2184 homo
3205 2130 3593 2203 deprehensus
3620 2133 3773 2196 fuerit,
3793 2133 3813 2183 ix

584 2211 791 2259 xerunt
817 2205 1021 2259 :Nulla
1048 2206 1199 2260 hunc
1226 2206 1445 2260 ratione
1461 2206 1819 2272 dimittimus,
1837 2207 1945 2260 nisi
1969 2224 2068 2278 pro
2092 2209 2195 2262 ali-
2279 2227 2344 2266 eo
2369 2213 2737 2282 judicabitur.

533 2372 541 2380 Ι
585 2295 792 2349 mentis
813 2295 1012 2366 puellae
1041 2295 1371 2366 praestandis
1399 2296 1602 2366 aliquis
1627 2314 1727 2368 pro
1750 2297 1870 2368 ipso
1893 2297 2197 2352 satisdator
2356 2300 2473 2358 104.
2509 2305 2749 2368 Quidam
2779 2323 2947 2361 senex
2994 2306 3317 2362 tentabatur
3361 2326 3394 2363 a
3451 2309 3814 2381 cogitationibu-

586 2384 900 2440 accesserit.
925 2385 1086 2450 Quod
1115 2385 1250 2440 dum
1285 2385 1783 2440 ministrantimihi
1806 2392 1871 2441 ut
1893 2388 2197 2442 faceretin—
2275 2391 2523 2461 graviter
2549 2410 2650 2463 per
2675 2412 2852 2449 annos
2875 2396 3087 2461 decem,
3111 2396 3190 2450 ita
3213 2402 3277 2451 ut
3289 2398 3408 2468 jam
3447 2399 3757 2470 desperaret.
3771 2398 3814 2449 ci;-

581 2475 1204 2547 nuissem,interposita
1228 2492 1318 2530 me
1339 2493 1441 2530 sua
1470 2476 1580 2529 ﬁde
1609 2476 1872 2547 suscepit.
1899 2478 2095 2548 Itaque
2112 2495 2195 2532 re-
2277 2498 2407 2536 cens
2442 2501 2452 2535 :
2482 2483 2707 2536 Perdidi
2730 2485 2850 2554 jam
2885 2485 3131 2538 animam
3163 2502 3380 2551 meam;
3416 2487 3518 2540 sed
3550 2489 3670 2558 quia
3698 2486 3813 2539 senui

586 2564 898 2634 gressusad
920 2565 1197 2622 cellulam.
1218 2566 1880 2636 quantascunqueinveni
1897 2568 2194 2638 sportellas
2278 2570 2438 2640 perii,
2498 2577 2748 2626 revertar
2799 2572 2870 2626 ad
2917 2573 3180 2626 szcculum
3232 2577 3456 2641 (Pclag.,
3494 2579 3653 2628 lz'lm’l.
3683 2588 3810 2632 vn,»

588 2652 640 2706 ei
670 2653 1111 2720 contribuebam,
1138 2655 1338 2726 quibus
1367 2655 1629 2720 venditis,
1655 2655 1863 2710 victum
1894 2657 2033 2710 mihi
2056 2674 2191 2712 con-
2275 2656 2386 2724 4'2).
2423 2658 2562 2711 Cum
2595 2664 2785 2712 autem
2816 2658 3282 2729 proﬁcisceretur,
3316 2660 3474 2714 venit
3498 2661 3570 2715 ad
3597 2679 3709 2715 eum
3729 2677 3806 2712 τοὶς

581 2743 816 2815 jugique
868 2761 1007 2798 mea:
1063 2744 1429 2799 ministraret.
1462 2745 1725 2799 Dicebam
1756 2751 1946 2800 autem
1980 2765 1992 2800 :
2028 2747 2186 2813 Ecce,
2274 2745 2498 2800 dicens:
2535 2748 2738 2801 Decem
2769 2748 2900 2801 anni
2933 2747 2992 2801 in
3020 2747 3222 2819 quibus
3245 2756 3497 2804 certatus
3522 2768 3580 2804 es
3629 2751 3736 2817 (15).
3759 2765 3810 2799 ff"

586 2831 815 2899 Macari,
859 2833 1120 2888 invenisti
1140 2833 1241 2887 tibi
1264 2851 1514 2899 uxorem,
1543 2851 1770 2888 necesse
1792 2841 1878 2889 est
1911 2851 2048 2904 ergo
2073 2853 2192 2890 am-
2271 2852 2425 2889 ron-.12
2452 2843 2562 2891 tua:
2585 2843 2770 2892 erunt.
2805 2838 3102 2892 Revertere
3143 2856 3275 2908 ergo
3307 2839 3364 2892 in
3388 2840 3575 2894 locum
3609 2844 3754 2893 tuum.
3775 2851 3802 2887 ar

583 2922 732 2995 plius
751 2923 990 2995 operari,
1025 2930 1089 2978 ut
1103 2940 1228 2978 eam
1252 2925 1436 2978 valeas
1459 2925 1731 2979 enutrirc.
1750 2925 1817 2980 Et
1844 2931 1962 2979 tam
1989 2925 2188 2980 diebus
2273 2925 2344 2979 ab
2375 2927 2529 2980 omni
2577 2928 2730 2981 mala
2758 2929 3095 2998 cogitatione
3146 2928 3320 2982 libero
3353 2935 3428 2983 te.
3464 2932 3532 2984 Et
3562 2929 3725 2983 statim
3752 2943 3800 2978 rc-

584 3029 753 3085 quam
783 3013 1038 3068 noctibus
1059 3013 1352 3085 operabar,
1376 3019 1441 3068 ut
1477 3015 1528 3068 ei
1555 3015 1805 3086 quotidie
1843 3015 2048 3069 victum
2081 3015 2186 3068 mi—
2268 3033 2514 3085 gressus,
2545 3017 2854 3087 permansit
2881 3018 2941 3072 in
2971 3017 3213 3089 incmpto
3245 3036 3430 3090 opere.
3467 3021 3589 3074 Non
3627 3025 3697 3072 est
3717 3033 3780 3083 erg

579 3102 901 3158 nistrarem.
929 3103 1036 3158 Sed
1068 3104 1292 3175 quando
1321 3105 1541 3159 miserae
1571 3110 1794 3176 tempus
1822 3104 2187 3176 pariendiad-
2269 3103 2476 3158 bonum
2507 3105 2806 3176 desperare
2833 3123 2893 3161 se
2933 3124 3272 3178 quemquam
3315 3115 3553 3179 propter
3588 3105 3796 3176 cogitatio-

578 3193 748 3259 venit,
782 3193 980 3248 diebus
1010 3194 1267 3266 plurimis
1313 3211 1513 3265 parere
1543 3195 1792 3249 cruciata
1824 3211 1936 3249 non
1977 3195 2181 3266 potuit.
2209 3201 2386 3262 Cnes.
2414 3195 2529 3249 Illa:
2562 3196 2713 3249 enim
2756 3196 2936 3266 magis
2987 3195 3146 3250 nobis
3189 3213 3422 3252 coronas
3471 3197 3739 3270 provident,
3766 3191 3790 3242 si

579 3283 732 3348 Quae,
767 3283 900 3356 quid
951 3283 1174 3338 fecisset
1210 3284 1502 3355 requisita,
1537 3284 1859 3356 respondit:
1885 3284 2028 3349 Quia
2054 3300 2186 3338 ana-
2267 3283 2483 3338 utiliter
2505 3301 2600 3339 eas
2627 3291 3034 3356 pertractantes
3064 3285 3478 3341 transierimus.

580 3374 821 3428 choreae
851 3373 930 3427 illi
976 3391 1202 3428 causam
1239 3390 1352 3428 non
1384 3373 1613 3428 habenti
1658 3374 1871 3428 crimen
1919 3374 2180 3446 imposui.
2337 3374 2461 3428 105.
2482 3374 2736 3439 Quodam
2769 3381 3022 3446 tempore
3046 3374 3217 3430 abbas
3243 3375 3542 3442 Antonius,
3562 3374 3677 3430 dum
3701 3369 3784 3424 resi-

577 3461 725 3518 Nam
758 3480 848 3518 me
872 3464 1318 3534 juvenisvicinus
1335 3469 1528 3518 noster
1546 3464 1641 3518 ille
1655 3463 2182 3536 compressit.Quod
2266 3462 2426 3517 deret
2455 3463 2513 3518 in
2561 3481 2768 3528 eremo,
2807 3463 3009 3535 spiritu
3039 3469 3288 3519 tentatus
3325 3466 3552 3530 acediae,
3575 3459 3783 3533 cogitem

580 3569 708 3607 cum
737 3552 830 3606 ille
861 3553 956 3624 qui
983 3553 1122 3607 mihi
1152 3553 1530 3619 ministrabat,
1563 3553 1831 3620 audisset,
1862 3553 2070 3623 gaudio
2092 3570 2182 3607 re-
2266 3552 2544 3644 nib/usque
2564 3553 2797 3607 diversis
2819 3553 3396 3624 implicatus,dicebat
3422 3555 3494 3609 ad
3523 3555 3703 3609 Deum:
3722 3548 3781 3602 De

578 3643 766 3714 pletus
795 3642 1036 3708 advenit,
1066 3643 1344 3698 infelicem
1372 3643 1528 3697 illam
1562 3643 1828 3714 puellam,
1852 3643 2184 3715 priusquam
2268 3641 2438 3708 mine,
2473 3642 2672 3696 salvari
2705 3643 2981 3710 desidero,
3013 3643 3112 3697 sed
3141 3642 3513 3714 cogitationes
3540 3641 3680 3696 varia
3714 3649 3778 3689 non

577 3732 867 3800 fateretur,
901 3732 1050 3805 quod
1079 3732 1182 3787 tibi
1228 3732 1568 3787 calumniam
1600 3733 1810 3787 frustra
1837 3738 2032 3799 5'6
2057 3749 2186 3787 con-
2268 3747 2358 3785 me
2387 3732 2957 3803 permittunt(Pclag.,
2982 3735 3151 3787 libell.
3177 3747 3268 3796 vn,
3303 3749 3361 3787 η.
3403 3735 3469 3801 1).
3490 3730 3623 3795 Quid
3647 3725 3776 3781 iaciam

575 3823 774 3887 texuit,
805 3839 1004 3896 parere
1029 3823 1353 3877 nullatenus
1383 3822 1634 3894 potuisse
1662 3822 1989 3888 vociferans,
2007 3823 2105 3876 sed
2125 3828 2182 3876 et
2263 3820 2323 3876 in
2347 3820 2710 3876 tribulatione
2739 3838 2883 3880 mea.
2917 3819 3000 3875 vel
3059 3821 3336 3893 quomodo
3377 3821 3574 3876 salvari
3613 3818 3772 3872 valeam,

578 3929 774 3968 omnes
805 3911 1012 3967 vicinos
1031 3912 1240 3975 venire,
1270 3917 1328 3967 et
1353 3917 1410 3966 te
1439 3911 1725 3966 commissi
1755 3912 1974 3966 veniam
1993 3918 2183 3983 postu-
2263 3909 2562 3979 dignanter
2590 3910 2838 3964 ostende.
2862 3910 2930 3964 Et
2945 3914 3072 3980 post
3086 3909 3378 3981 paululum
3399 3924 3634 3980 surgens,
3648 3916 3772 3975 quem'

576 3999 716 4057 lare.
749 4003 884 4066 Quae
905 4019 1040 4073 ergo
1063 4018 1422 4072 cognoscens,
1451 4018 1523 4056 ne
1553 4018 1643 4056 me
1692 4007 1750 4056 et
1786 4001 1895 4073 ipsi
1926 4001 2181 4056 homines
2263 3999 2394 4054 dam
2421 3999 2525 4054 sibi
2539 3999 2782 4054 similem
2806 3998 3162 4070 conspicatur
3179 3998 3768 4067 sedentem,torquenté‘ﬂ1

577 4091 964 4157 molestarent,
986 4091 1226 4145 festinus
1250 4090 1553 4146 abscedens
1586 4091 1646 4144 in
1675 4091 1825 4145 hunc
1847 4092 2031 4145 locum
2059 4107 2184 4163 per—
2262 4088 2590 4157 funiculum,
2616 4097 2674 4145 et
2685 4095 3008 4161 surgentem
3045 4106 3109 4143 ex
3129 4105 3314 4160 opere,
3340 4095 3398 4144 et
3419 4092 3662 4144 orantem.
3687 4080 3764 4133 Επλί

577 4180 735 4248 veni;
769 4185 826 4234 et
851 4180 968 4235 haec
996 4185 1084 4234 est
1105 4196 1274 4234 causa
1303 4180 1415 4234 mei
1448 4179 1508 4234 in
1539 4179 1662 4234 istis
1701 4180 1836 4234 locis
1885 4181 2177 4236 adventus.
2263 4185 2454 4234 autem
2474 4180 2708 4250 angelus
2727 4179 2797 4233 ad
2809 4178 3259 4233 emendationem
3280 4173 3760 4233 Antoniidestinami

657 4269 775 4327 100.
796 4269 1035 4334 Quidam
1049 4268 1525 4341 fraterrequisivit
1557 4269 1817 4323 abbatem
1832 4270 2174 4339 Paemenem,
2263 4285 2298 4322 a
2327 4285 2437 4340 quo
2465 4269 2636 4325 etiam
2667 4269 2816 4324 hunc
2846 4284 3161 4323 sermonem
3192 4267 3408 4322 audivit
3443 4286 3453 4322 :
3485 4267 3550 4322 Et
3572 4269 3624 4318 tu
3647 4253 3783 4323 itala]-1

579 4359 771 4414 dicens
803 4377 816 4412 :
852 4359 998 4424 Quid
1043 4358 1264 4424 faciam.
1298 4360 1485 4422 Pater,
1511 4358 1777 4430 quoniam
1807 4359 2111 4414 conturbor
2147 4377 2182 4414 a
2262 4357 2432 4425 ciens,
2472 4359 2702 4425 Antoni,
2737 4356 3057 4413 salvaberis.
3080 4357 3268 4412 Atille
3290 4372 3509 4411 summo
3530 4349 3692 4426 gaudio
3709 4357 3781 4397 ουτ

575 4449 844 4505 tristitia?
872 4447 1023 4504 Dixit
1049 4447 1100 4502 ei
1130 4465 1298 4504 senex
1322 4467 1334 4502 :
1367 4448 1662 4503 Neminem
1696 4465 1795 4520 pro
1824 4449 1998 4504 nihilo
2037 4449 2239 4545 aspi-n
2263 4449 2531 4516 mulatus,
2556 4455 2784 4521 accepta
2809 4446 3149 4503 conﬁdentia
3170 4446 3420 4545 salvatus
3449 4450 3546 4500 est.
3611 4527 3640 4545 ν
3717 4534 3750 4544 Η
3775 4431 3779 4545 Ι¹

575 4541 706 4606 cias,
725 4539 940 4595 nullum
971 4539 1328 4604 condemnes,
1347 4539 1489 4594 nulli
1510 4539 1790 4604 detrahas,
1809 4544 1868 4594 et
1894 4539 2051 4594 dabit
2075 4528 2242 4594 tibiD
2336 4535 2454 4593 100.
2506 4538 2748 4602 Ουὶάαηι
2799 4537 2974 4591 frater
3025 4533 3317 4606 τεςυίείνίί
3359 4527 3775 4619 δεθείην-(11⁸⁸⁸⁵³1

573 4629 847 4685 Dominus
891 4627 1146 4700 requiem
1187 4629 1426 4698 (Paw/1.,
1459 4643 1504 4682 ο.
1541 4625 1628 4691 39,
1662 4644 1721 4682 η.
1755 4631 1832 4696 2;
1864 4629 2072 4697 Pelag.,
2103 4630 2176 4683 ιί-
2260 4623 2402 4689 Quid
2433 4626 2654 4691 faciam,
2677 4627 2864 4692 Pater,
2898 4624 3164 4697 quoniam
3187 4623 3342 4678 nulla
3369 4637 3532 4694 Opera
3556 4615 3668 4706 facie
3685 4621 3773 4706 in“,

577 4721 698 4775 bell.
731 4733 806 4786 Ix,
840 4735 898 4772 η.
925 4695 998 4786 8ξ
1019 4695 1263 4788 Αρρεηά.
1293 4719 1486 4784 Mart,
1511 4734 1570 4772 η.
1602 4716 1711 4784 39).
1820 4695 1824 4696 ί
1998 4695 2006 4697 ἡ
2259 4717 2556 4780 nat-hi,sed
2573 4717 2630 4770 in
2650 4695 2996 4787 negligentia
3019 4713 3354 4770 constitutus
3368 4695 3745 4771 comedo,etbib°~

648 4806 770 4865 101.
801 4806 1034 4862 Dicebat
1084 4805 1259 4862 abbas
1313 4808 1545 4862 Pcemen
1602 4807 1672 4862 de
1705 4805 1906 4862 abbate
1935 4805 2171 4874 Isidoro,
2258 4813 2317 4862 et
2339 4807 2577 4873 dormio,
2609 4811 2666 4862 et
2687 4805 2758 4860 de
2778 4805 2920 4860 hora
2945 4803 3006 4860 in
3036 4803 3232 4858 horam
3253 4797 3612 4873 transgredior
3629 4791 3742 4844 ἀθω-
3765 4813 3769 4874 ἰ

575 4896 709 4968 quia
743 4895 895 4951 solus
923 4895 1043 4967 ipse
1089 4912 1149 4950 se
1177 4896 1530 4968 cognovisset
1557 4897 1786 4965 (Pasch,
1811 4912 1856 4950 ο.
1885 4894 1968 4960 11,
2001 4911 2059 4948 n.
2092 4893 2169 4966 3).
2255 4896 2528 4968 gitatione
2555 4895 2616 4951 in
2637 4893 3054 4966 cogitationem,
3073 4899 3130 4948 et
3159 4897 3454 4965 propterea
3478 4877 3739 4968 contristarel

523 5000 532 5005 ‘
570 4987 718 5043 Nam
741 4985 960 5059 quoties
987 4984 1068 5040 illi
1087 4984 1466 5056 cogitatiosua
1491 4985 1739 5040 dicebat:
1769 4984 1912 5050 Quia
1931 5000 2171 5056 magnus
2253 4986 2470 5042 deﬁcio.
2504 4985 2608 5041 Cui
2640 5001 2810 5040 senex
2831 4983 2911 5038 ait
2944 5001 2956 5036 :
2990 4983 3074 5039 Tu
3107 4982 3238 5038 sede
3278 4980 3337 5036 in
3369 4979 3501 5036 cella
3527 4969 3738 5059 tua,_e-t

570 5095 629 5135 es
653 5097 666 5146 ;
693 5053 831 5133 tunc
851 5081 908 5130 et
939 5075 1061 5148 ipse
1087 5053 1464 5146 respondebat
1507 5075 1578 5130 ad
1616 5091 1705 5130 se:
1741 5073 2009 5146 Nunquid
2033 5053 2170 5128 talis
2253 5076 2402 5148 quod
2431 5081 2589 5148 potes
2621 5075 2743 5130 sine
2772 5071 3193 5146 perturbatione
3223 5069 3416 5136 animi,
3443 5072 3494 5122 et
3532 5053 3686 5148 confide
3704 5058 3733 5096 ¹¹²

517 5161 524 5168 ’
566 5145 693 5225 sum
724 5166 906 5240 qualis
926 5145 1223 5230 Antonius,
1237 5169 1339 5220 aut
1365 5171 1515 5220 certe
1535 5165 1707 5220 abbas
1729 5145 1958 5230 Pambo,
1978 5163 2063 5218 vel
2082 5181 2168 5218 re-
2248 5145 2451 5232 Deum,
2482 5165 2615 5236 quia
2645 5164 2741 5236 qui
2774 5145 2936 5219 sedet
2984 5161 3044 5217 in
3089 5160 3232 5216 cella
3258 5176 3361 5214 sua
3388 5159 3587 5240 propter
3608 5145 3728 5240 Βειξφ·

565 5257 704 5331 liqui
725 5227 933 5330 patres,
963 5255 1059 5328 qui
1087 5227 1602 5326 Deorplacuerunt?
1627 5254 1861 5320 Quoties
1883 5227 2017 5323 ergo
2049 5253 2166 5308 haec
2247 5227 2566 5310 invenietur
2593 5227 2804 5310 in-loco
2826 5253 2922 5307 illo
2961 5250 3058 5306 ubi
3094 5255 3182 5306 est
3209 5227 3632 5304 abbas'Antonius
3653 5227 3718 5292 (Ρθ

563 5345 864 5421 cogitabat,
883 5343 1536 5417 requiescebat.Quando
1554 5360 1682 5398 vero
1702 5343 1922 5398 daemon
1941 5349 2166 5397 contur-
2247 5348 2384 5414 lag.,
2418 5347 2588 5400 libell.
2617 5359 2711 5410 vn,
2743 5359 2800 5398 η.
2826 5341 2939 5410 34).
3509 5418 3521 5421 _
3683 5394 3707 5421 ,ε
3749 5353 3755 5421 1'

1295 5396 1822 5504 ei
1943 5447 2156 5504 poenas,
2249 5396 2820 5492 "T107.
2833 5396 3127 5502 requisivit
3156 5426 3413 5483 abbatem
3438 5396 3719 5520 Αεξξΰιξιξείξῗῗ

562 5526 753 5580 dicens
777 5543 788 5579 :
820 5523 1095 5589 Quoniam
1137 5527 1260 5594 post
1289 5523 1408 5577 haec
1436 5522 1628 5576 omnia
1655 5521 1840 5577 iturus
1869 5539 1929 5576 es
1959 5522 2015 5575 in
2045 5527 2160 5576 tor-
2241 5540 2406 5579 cens:
2431 5525 2545 5579 Cur
2573 5523 2772 5578 sedens
2791 5521 2850 5576 in
2894 5520 3033 5574 cella
3061 5535 3186 5574 mea
3206 5516 3389 5590 patior
3413 5497 3714 5603 mediam

561 5623 772 5679 menta,
803 5613 1026 5668 dicebat
1049 5583 1258 5666 iterum
1287 5611 1407 5682 ipse
1436 5629 1450 5665 :
1494 5610 1639 5674 Quia
1670 5610 1929 5683 quamvis
1957 5628 2060 5682 ego
2093 5613 2155 5666 in
2237 5629 2407 5669 senex
2433 5613 2516 5668 ait
2541 5629 2552 5666 :
2589 5611 2735 5677 Quia
2759 5609 2999 5666 necdum
3027 5603 3486 5678 vidistirequiem,

553 5673 839 5758 tormenta
865 5700 1080 5767 mittar,
1111 5673 1426 5755 tamen-vos
1447 5673 1646 5756 subtus
1673 5673 1764 5757 me
1793 5673 2036 5756 invenio.
2235 5716 2546 5774 speramus,
2578 5673 2759 5774 neque
2787 5702 3073 5756 tormenta
3113 5713 3236 5770 qua
3275 5673 3534 5750 timemus.
3563 5673 3706 5732 εὶεωω
