3876 6378
82 350 183 409 781

1394 360 1630 415 VERBA
1668 360 2058 417 SENIORUM.

3260 374 3367 431 782

79 490 153 527 ea
179 474 482 545 diligenter
503 477 824 548 inspiceres,
851 478 1020 532 etiam
1048 480 1095 532 si
1123 480 1403 534 vermibus
1422 482 1588 551 plena
1609 498 1689 535 es-
1710 482 1982 554 Aaliquid
2017 483 2147 537 boni
2177 486 2390 552 feceris,
2420 489 2598 543 sciens
2620 491 2765 562 quod
2788 492 2937 547 elata
2955 493 3220 564 cogitatio
3250 511 3365 550 om-

78 569 173 616 set
203 565 344 618 cella
373 571 471 619 tua
493 583 669 636 usque
701 566 768 619 ad
800 567 1023 632 collum,
1061 572 1122 620 tu
1153 574 1343 622 tamen
1377 570 1432 622 in
1460 570 1691 640 ipsisja-

83 669 248 707 ceres
302 672 636 726 permanens
693 657 813 709 sine
863 657 1052 709 acedia
1105 660 1336 728 (Prlag.,
1369 662 1536 713 lihkll.
1589 674 1683 725 v11,

83 758 147 795 η.
175 742 290 806 ‘28).
1684 759 1691 766 '

170 849 286 905 103.
310 851 551 915 Quidam
576 852 1023 906 fraterabbatem
1040 854 1343 909 Antonium
1377 855 1687 925 requisivit,

81 940 284 993 dicens
318 961 329 994 :
366 941 509 1005 Quid
537 941 901 1008 observando,
940 943 1053 996 Deo
1087 943 1350 1013 placebo?
1384 945 1693 1016 Respondit

84 1047 261 1083 senex
298 1049 309 1084 :
345 1031 503 1094 Quod
539 1031 661 1084 dico
702 1031 827 1100 tibi,
867 1033 1101 1086 custodi.
1141 1033 1482 1104 Quocunque
1514 1034 1687 1102 vadis,

82 1121 272 1173 Deum
304 1136 526 1191 semper
555 1120 757 1174 habeto
790 1138 905 1191 pne
933 1122 1109 1175 oculis
1136 1123 1270 1176 tuis.
1303 1124 1371 1177 Et
1400 1124 1689 1194 quodcun-

84 1226 200 1279 que
224 1226 363 1281 opus
392 1226 631 1276 exerces,
657 1227 816 1264 sume
849 1228 915 1264 ex
947 1211 1155 1265 divinis
1182 1213 1483 1284 Scripturis
1502 1231 1689 1267 exem-

84 1299 184 1369 pla
210 1318 222 1363 ;
257 1305 314 1353 et
336 1299 393 1352 in
426 1316 756 1370 quocunque
792 1300 909 1353 loco
940 1302 1233 1367 resederis,
1271 1319 1339 1356 ne
1368 1303 1496 1356 inde
1527 1303 1690 1358 citius

84 1388 388 1452 movearis,
416 1390 511 1443 sed
531 1388 810 1459 patienter
836 1390 894 1443 in
925 1391 1118 1444 eodem
1141 1391 1260 1445 loco
1278 1392 1538 1446 consiste.
1563 1393 1692 1447 Haec

85 1478 245 1530 enim
276 1477 385 1531 tria
400 1478 738 1544 custodiens,
764 1480 951 1533 salvus
983 1480 1239 1535 efticieris
1264 1484 1485 1550 (Ρσίιιθ.⁷
1517 1484 1687 1537 libell.

85 1581 127 1632 I,
168 1583 228 1619 η.
256 1568 332 1637 1).

168 1671 288 1729 109.
338 1674 580 1738 Quidam
620 1675 810 1740 frater,
857 1692 984 1728 cum
1032 1677 1331 1747 expetisset
1375 1694 1692 1731 sermonem

86 1762 159 1816 ab
192 1762 395 1817 abbate
428 1765 638 1835 Moyse,
681 1765 815 1819 dicit
851 1765 902 1818 ei
938 1782 1105 1819 senex
1138 1785 1149 1820 :
1181 1766 1355 1832 Vade,
1390 1772 1446 1820 et
1476 1767 1607 1821 sede
1635 1767 1691 1821 in

87 1853 236 1906 cella
261 1858 376 1907 tua.
399 1854 552 1907 Cella
573 1861 761 1908 autem
784 1860 880 1908 tua
900 1855 1089 1908 omnia
1106 1862 1159 1909 te
1187 1862 1368 1925 potest
1389 1856 1687 1924 instruere,

87 1942 137 1994 si
171 1941 252 1995 ibi
282 1944 673 2013 permanseris.
711 1944 865 1998 Sicut
895 1944 1044 1997 enim
1076 1945 1241 2015 piscis
1282 1962 1347 1999 ex
1379 1962 1526 2015 aqua
1554 1946 1691 2000 edu-

98 2037 231 2085 ctus
260 2031 450 2086 statim
485 2033 754 2099 moritur;
789 2034 870 2087 ita
898 2040 954 2087 et
985 2035 1292 2088 monachus
1323 2036 1487 2105 perit,
1521 2035 1567 2088 si
1612 2035 1696 2089 to-

90 2121 169 2174 ris
193 2121 394 2177 cellam
422 2140 583 2176 suam
614 2123 854 2177 voluerit
883 2123 1110 2176 tardare
1148 2126 1373 2192 (Prlag.,
1422 2126 1595 2178 libril.
1629 2138 1689 2191 II,

93 2229 150 2264 η.
181 2211 239 2276 '1,
276 2214 497 2266 nomine
525 2215 775 2277 Antonii,
824 2214 939 2266 Vita
968 2215 1221 2277 Antonii,
1258 2229 1302 2267 ε.
1340 2210 1449 2281 5‘2).

164 2319 293 2375 110.
338 2318 575 2382 Quidam
619 2318 793 2372 frater
834 2318 1126 2389 requisivit
1179 2318 1439 2372 abbatem
1486 2320 1699 2373 Pmme-

92 2425 227 2461 nem
264 2427 275 2461 :
312 2409 370 2463 Si
405 2408 605 2461 melius
626 2414 711 2462 est
747 2409 1019 2462 remotius
1050 2426 1121 2461 an
1154 2425 1281 2461 cum
1313 2408 1438 2462 aliis
1470 2426 1699 2463 manere

97 2498 312 2563 (Pasch.
366 2513 411 2550 c.
468 2496 547 2562 1‘2,
590 2513 646 2550 η.
696 2496 747 2562 ‘2)
776 2504 797 2547 ?
844 2498 1151 2567 Respondit
1194 2514 1361 2551 senex
1395 2516 1405 2550 :
1444 2498 1624 2553 Homo
1654 2498 1702 2552 si

95 2585 347 2655 seipsum
396 2586 776 2655 reprehendit,
826 2585 1031 2655 ubique
1077 2593 1261 2655 potest
1286 2587 1586 2656 persistere
1612 2605 1624 2651 ;
1654 2586 1701 2639 si

95 2684 293 2727 autem
318 2692 375 2727 se
407 2676 745 2743 magnificat,
782 2692 1072 2744 nunquam
1112 2682 1243 2728 stat.
1292 2681 1476 2740 εξιτ
1520 2675 1696 2739 Quid-

98 2764 234 2834 quid
268 2763 418 2816 enim
448 2762 579 2816 boni
602 2764 792 2817 fecerit
824 2766 1007 2829 homo,
1031 2781 1101 2817 ne
1130 2764 1367 2817 exsultet
1392 2764 1446 2817 in
1475 2764 1700 2835 eo,quia

99 2871 229 2905 mox
262 2853 456 2923 perdet
486 2852 643 2906 illud.

181 2941 196 2997 1
220 2941 636 3013 11.Aliquando
658 2943 809 2995 venit
837 2942 905 2995 ad
930 2941 1191 2994 abbatem
1225 2942 1504 2996 Zenonem
1523 2943 1580 2996 in
1603 2944 1702 3013 Sy-

100 3031 247 3085 riam
268 3030 470 3101 aliquis
490 3031 665 3084 frater
688 3031 983 3101 iligyptius
1017 3034 1263 3097 (Pu.vc.,c.
1302 3030 1389 3098 1'2,
1424 3049 1583 3084 num.
1620 3030 1697 3098 4),

101 3130 157 3174 et
205 3120 376 3191 coepit
423 3120 788 3189 cogitationes
830 3120 1086 3190 proprias
1119 3136 1382 3173 accusare
1428 3116 1761 3191 prtesenteC

102 3227 258 3263 sene.
294 3209 392 3263 Ille
420 3216 609 3262 autem
644 3209 931 3262 admirans
964 3208 1104 3261 dixit
1137 3227 1147 3261 :
1192 3208 1439 3279 [Egyptii
1468 3209 1701 3262 virtutes

102 3317 242 3369 quas
278 3297 488 3352 habent
517 3300 717 3364 celant,
764 3305 819 3351 et
846 3298 981 3351 vitia
1012 3315 1133 3368 quae
1172 3315 1283 3350 non
1316 3296 1543 3363 habent,
1587 3315 1702 3351 ma-

100 3389 393 3442 niiestant.
440 3388 565 3458 Syri
610 3395 799 3442 autem
847 3394 904 3442 et
940 3387 1119 3442 Graeci
1152 3386 1387 3440 virtutes
1419 3404 1559 3458 quas
1589 3404 1701 3441 non

100 3477 315 3532 habent
338 3478 662 3550 praedicant,
692 3483 747 3531 et
778 3476 911 3530 vitia
942 3494 1062 3548 quae
1092 3476 1303 3530 habent
1332 3476 1697 3531 abscondunt.

175 3583 304 3640 11‘2.
330 3584 569 3647 Quidam
599 3600 765 3637 senex
795 3582 932 3636 dixit
960 3601 970 3634 :
1007 3582 1113 3646 Qui
1140 3582 1209 3635 ab
1230 3582 1551 3636 hominibus
1582 3600 1703 3636 am-

103 3673 250 3744 plius
277 3673 590 3727 honoratur
622 3678 721 3726 aut
761 3671 1043 3738 laudatur,
1079 3688 1190 3725 non
1239 3689 1471 3743 parvum
1504 3672 1705 3727 animae

102 3763 372 3816 damnum
406 3762 653 3832 patitur;
687 3760 782 3832 qui
812 3768 1002 3815 autem
1036 3761 1258 3832 penitus
1283 3760 1351 3814 ab
1381 3761 1703 3815 hominibus

103 3868 214 3907 non
236 3853 565 3917 honoratur,
589 3852 829 3922 desuper
859 3850 1096 3922 gloriam
1130 3868 1163 3904 a
1183 3852 1299 3905 Deo
1329 3850 1566 3921 accipiet
1592 3853 1705 3917 (Pe-

110 3944 422 4009 lag.,libcll.
457 3958 546 4007 xv,
580 3958 739 3995 num.
767 3939 867 4023 56,
902 3941 1112 4007 Pasch,
1142 3956 1186 3994 c.
1220 3938 1308 4006 13,
1346 3956 1502 3993 num.
1526 3940 1595 4008 1).

175 4047 305 4104 113.
334 4048 490 4103 Idem
520 4047 707 4102 dixit:
751 4046 899 4100 Fieri
929 4063 1043 4100 non
1090 4051 1276 4116 potest
1320 4050 1384 4099 ut
1428 4046 1597 4100 simul
1650 4052 1707 4100 et

108 4136 284 4191 herba
304 4142 568 4191 nascatur
597 4142 653 4191 et
673 4152 893 4203 semen;
926 4135 1360 4206 itaimpossibile
1382 4141 1467 4188 est
1496 4140 1559 4189 ut
1588 4135 1707 4189 lau-

106 4226 230 4280 dem
268 4232 328 4279 et
352 4225 592 4297 gloriam
623 4225 974 4279 saecularium
1007 4224 1295 4290 habentes,
1332 4224 1500 4279 simul
1534 4224 1707 4279 etiam

107 4322 161 4369 et
187 4316 433 4370 fructum
464 4315 734 4369 faciamus
777 4315 1060 4368 caelestem
1113 4316 1337 4383 (Pclag.,
1377 4316 1552 4372 libell.
1590 4329 1702 4383 VIII,

108 4421 160 4458 η.
192 4406 287 4469 20,
324 4409 542 4459 nomine
573 4405 924 4472 Syncletira};
958 4406 1171 4471 Pasch.,
1195 4420 1239 4457 ε.
1272 4403 1361 4471 1?,
1392 4420 1449 4458 η.
1485 4403 1565 4473 2).

1772 572 1866 626 nia
1898 573 1993 626 illa
2021 572 2165 628 bona
2186 575 2455 630 dissolvit.

1842 663 1867 716 1
1890 662 1966 716 16.
2003 663 2241 727 Quidam
2258 683 2447 735 senex,
2461 684 2585 721 cum
2604 670 2849 725 venisset
2866 672 2934 726 ad
2954 672 3126 727 alium
3148 691 3365 747 senem,

1773 751 1908 805 dicit
1928 752 1977 805 ei
2007 770 2017 804 :
2046 753 2159 823 Ego
2183 755 2299 825 jam
2324 763 2580 811 mortuus
2607 774 2731 814 smn
2754 761 2953 815 saeculo
2985 762 3113 817 huic
3129 767 3360 833 (Pelag.,

1776 842 1943 895 lilwll.
1980 858 2053 907 x1,
2092 860 2147 896 η.
2176 842 2276 911 38ς
2310 846 2573 912 Pasch.,c.
2604 846 2685 914 1‘2,
2713 866 2871 906 num.
2905 852 2978 920 5).
3008 853 3082 906 At
3110 852 3202 907 ille
3225 854 3369 907 alter

1775 931 2062 1001 respondit
2087 951 2098 985 :
2131 933 2213 986 Ne
2238 935 2483 989 confidas
2500 936 2557 990 in
2576 937 2837 1008 teipsum,
2863 940 3039 995 donec
3061 942 3369 1012 egrediaris

1774 1019 1843 1072 de
1869 1037 2099 1091 corpore
2122 1022 2241 1076 hoc.
2277 1024 2421 1077 Nam
2455 1026 2558 1080 etsi
2587 1031 2649 1080 tu
2677 1027 2830 1083 dicas
2868 1048 2880 1083 :
2916 1030 3195 1095 Quoniam
3223 1049 3369 1087 mor-

1773 1113 1905 1164 tuus
1935 1128 2090 1164 sum:
2121 1111 2375 1167 diabolus
2404 1120 2590 1169 tamen
2613 1118 2852 1172 necdum
2882 1125 2966 1173 est
2997 1126 3371 1189 mortuus,cu-

1767 1200 1861 1270 jus
1893 1199 2325 1255 innumerabilia
2358 1210 2489 1258 sunt
2518 1206 2654 1259 artis
2685 1208 2852 1261 mala.

1848 1287 1967 1344 117.
2002 1290 2241 1354 Quidam
2264 1308 2429 1345 senex
2453 1309 2577 1346 cum
2599 1295 3013 1367 quinquaginta
3035 1299 3196 1353 annis
3225 1304 3373 1353 esset

1776 1376 1833 1430 in
1859 1376 2099 1445 deserto,
2134 1395 2315 1450 neque
2349 1398 2551 1452 panem
2583 1390 2836 1452 gustans,
2864 1402 3045 1443 neque
3072 1403 3277 1459 aquam
3301 1389 3373 1443 ad

1774 1467 2094 1521 satietatem
2125 1469 2420 1539 accipiens,
2446 1471 2668 1527 diccbat
2699 1475 2819 1545 ipse
2845 1491 2857 1527 :
2891 1475 3035 1539 Quia
3064 1476 3239 1531 occidi
3272 1495 3372 1532 va-

1775 1573 1907 1610 nam
1935 1557 2173 1628 gloriam
2206 1566 2262 1612 et
2282 1560 2575 1614 avaritiam
2599 1562 2636 1615 ¹.
2673 1563 2833 1627 Quod
2857 1580 2983 1618 cum
3004 1565 3251 1620 audisset
3281 1567 3376 1621 ab-

1773 1643 1874 1699 bas
1901 1645 2205 1714 Abraham,
2230 1648 2379 1701 venit
2408 1650 2478 1702 ad
2503 1666 2651 1715 eum,
2679 1657 2735 1705 et
2763 1653 3057 1722 requisivit
3081 1654 3241 1709 illum
3263 1673 3376 1709 ser-

1776 1752 2000 1789 monem
2031 1736 2076 1789 si
2117 1736 2234 1807 ipse
2272 1738 2518 1792 dixisset.
2550 1741 2627 1792 At
2653 1740 2751 1795 illo
2791 1742 3112 1807 conﬁtente,
3138 1744 3279 1798 dixit
3322 1746 3373 1799 ei

1706 1832 1752 1892 Β
1777 1823 2059 1878 Abraham
2092 1843 2103 1878 :
2130 1826 2266 1879 Ecce
2292 1826 2423 1880 dum
2456 1844 2556 1897 per
2583 1827 2730 1882 viam
2752 1829 3025 1897 ambulas,
3050 1832 3205 1886 vides
3233 1834 3374 1903 lapi-

1775 1913 1872 1968 des
1896 1920 1951 1968 et
1969 1914 2285 1985 fragmenta
2314 1916 2728 1983 laterculorum,
2748 1924 2805 1973 et
2823 1918 2972 1973 inter
2991 1920 3108 1973 haec
3130 1938 3377 1976 massam

1778 2004 1921 2070 auri,
1952 2021 2053 2058 nec
2078 2010 2261 2075 potest
2288 2006 2551 2076 cogitatio
2578 2012 2679 2062 tua
2704 2007 2846 2062 illud
2877 2008 3057 2062 simile
3089 2009 3200 2063 illis
3249 2011 3374 2066 aliis

1773 2094 2074 2163 judicare?
2096 2094 2247 2148 Dixit
2287 2095 2337 2149 ei
2386 2112 2554 2149 senex
2584 2114 2594 2149 :
2642 2098 2788 2163 Non,
2822 2098 2921 2151 sed
2956 2098 3162 2152 iterum
3186 2116 3376 2171 pugno

1780 2199 1908 2237 cum
1942 2183 2372 2254 cogitationibus
2403 2185 2561 2240 meis.
2596 2186 2733 2242 Ecce
2763 2186 2914 2242 enim
2956 2187 3089 2243 vivit
3116 2189 3373 2259 avaritia,

1781 2272 1879 2326 sed
1908 2273 2082 2344 ligata
2103 2278 2205 2327 est.

1855 2362 1998 2415 Item
2028 2362 2166 2416 dixit
2192 2361 2363 2417 abbas
2391 2363 2675 2420 Abraham
2700 2383 2712 2418 :
2747 2366 2851 2421 Hic
2876 2366 3063 2438 diligit
3086 2373 3143 2423 te
3175 2372 3232 2424 et
3255 2368 3379 2424 lau-

1784 2450 1898 2517 dat,
1929 2453 2072 2505 alter
2102 2469 2231 2506 vero
2261 2458 2315 2506 te
2347 2454 2539 2518 horret
2568 2460 2624 2509 et
2644 2455 2892 2510 detrahit
2917 2476 2928 2524 ;
2958 2457 3003 2511 si
3036 2458 3262 2530 utrique
3281 2474 3380 2513 ve-

1784 2541 1948 2594 niunt
1982 2542 2051 2595 ad
2080 2547 2153 2601 te,
2190 2559 2301 2595 non
2329 2550 2601 2615 utrosque
2630 2546 2925 2615 aequaliter
2960 2548 3201 2618 aspicis?
3233 2548 3385 2602 Dixit

1785 2631 1835 2683 ei
1866 2648 2066 2684 senex:
2103 2631 2247 2696 Non,
2291 2632 2387 2686 sed
2425 2633 2630 2688 iterum
2658 2651 2847 2705 pugno
2886 2652 3013 2690 cum
3044 2637 3385 2707 cogitatione

1782 2736 1909 2773 mea
1962 2726 2025 2773 ut
2059 2726 2113 2774 et
2158 2722 2317 2775 illum
2348 2722 2582 2791 diligam
2614 2740 2781 2794 quem
2812 2724 3034 2780 horreo.
3070 2725 3172 2781 Cui
3211 2725 3384 2797 abbas

1781 2809 2063 2863 Abraham
2094 2811 2175 2864 ait
2205 2829 2215 2862 :
2250 2811 2385 2865 Ecce
2418 2829 2551 2882 ergo
2580 2813 2774 2867 vivunt
2796 2813 2855 2868 in
2883 2819 2939 2868 te
2967 2814 3257 2886 passiones
3293 2815 3389 2870 ad-

1781 2899 1909 2962 huc,
1936 2900 2031 2953 sed
2054 2900 2239 2970 ligatae
2263 2907 2395 2955 sunt
2416 2918 2447 2954 a
2477 2901 2705 2969 sanctis,
2725 2920 2847 2974 quae
2869 2902 2971 2958 tibi
2987 2905 3130 2960 forte
3155 2910 3388 2978 propter

1786 2987 1955 3041 vitam
1988 2993 2143 3042 tuam
2184 2996 2536 3060 permanent.

1862 3075 1981 3133 118.
2014 3077 2253 3141 Quidam
2285 3095 2452 3132 senex
2476 3080 2768 3135 habitabat
2796 3081 2855 3136 in
2874 3081 3234 3138 inferioribus
3262 3100 3389 3155 par-

1785 3166 1935 3219 ii'ms
1956 3167 2148 3233 eremi,
2175 3173 2232 3221 et
2262 3168 2491 3221 sedebat
2522 3169 2814 3239 quiescens
2842 3171 2902 3224 in
2930 3172 3215 3242 spelunca,
3240 3188 3389 3227 unus

1785 3262 1971 3309 autem
2022 3257 2300 3310 saecularis
2357 3257 2651 3326 religiosus
2696 3258 3056 3314 ministrabat
3095 3260 3148 3315 ei
3178 3260 3387 3332 (Joan.,

1786 3346 1951 3399 libell.
2004 3359 2080 3412 Iv,
2132 3362 2187 3399 η.
2223 3346 2326 3401 35:
2376 3347 2570 3403 Pasch.
2622 3364 2666 3400 ο.
2705 3348 2787 3414 12,
2835 3365 2994 3403 num.
3024 3351 3100 3418 7).
3138 3349 3391 3420 Contigit

1785 3440 1974 3488 autem
2001 3440 2066 3488 ut
2090 3434 2237 3488 filius
2268 3435 2548 3489 saecularis
2578 3435 2741 3490 istius
2766 3436 3170 3493 infirmaretur.
3198 3438 3391 3495 Multis

1787 3540 1918 3593 ergo
1941 3523 2199 3595 precibus
2215 3524 2538 3594 postulabat
2552 3532 2835 3592 senem,ut
2848 3526 3063 3582 veniret
3078 3528 3137 3582 in
3157 3528 3390 3583 domum

1787 3630 1968 3680 suam,
2002 3619 2060 3667 et
2087 3614 2295 3667 faceret
2319 3614 2631 3667 orationem
2663 3631 2765 3685 pro
2804 3614 3040 3671 infante.
3072 3617 3389 3689 Exsurgens

1791 3708 1981 3756 autem
2013 3719 2201 3764 senex,
2234 3701 2567 3757 ambulabat
2593 3720 2721 3758 cum
2755 3721 2840 3759 eo.
2881 3705 2982 3760 Ille
3026 3712 3216 3762 autem
3245 3723 3390 3779 prm-

1787 3791 1970 3857 cessit,
1999 3797 2057 3845 et
2084 3791 2370 3862 ingressus
2397 3791 2455 3845 in
2476 3792 2706 3847 domum
2721 3809 2883 3847 suam
2913 3793 3052 3849 dixit
3075 3812 3088 3849 :
3112 3795 3391 3851 Venitein

1789 3898 2082 3935 occursum
2113 3881 2487 3936 anachoretze.
2522 3881 2673 3946 Quos
2711 3899 2839 3937 cum
2859 3882 3093 3938 vidisset
3122 3884 3193 3939 de
3221 3885 3389 3957 longe

1790 3987 2047 4042 egressos
2070 3987 2197 4025 cum
2227 3970 2583 4042 lampadibus
2610 3972 2927 4043 (16),sensit
2951 3974 3100 4044 quod
3120 3974 3190 4029 ad
3212 3991 3272 4029 se
3293 3991 3390 4031 ve-

1789 4059 1995 4114 nirent.
2022 4058 2347 4130 Despolians
2378 4059 2568 4131 itaque
2584 4076 2642 4114 se
2657 4061 2993 4116 vestimenta
3018 4078 3139 4130 sua,
3158 4063 3311 4119 misit
3329 4064 3390 4120 in

1789 4149 2018 4215 ﬂumen,
2054 4154 2111 4203 et
2137 4147 2302 4219 coepit
2333 4164 2400 4202 ea
2427 4148 2631 4216 lavare,
2666 4154 2823 4205 stans
2846 4151 3051 4206 nudus.
3070 4152 3170 4207 Ille
3199 4159 3391 4209 autem

1792 4240 1888 4310 qui
1931 4239 2289 4294 ministrabat
2317 4238 2387 4307 ei,
2433 4239 2627 4295 videns
2656 4240 2775 4296 haec
2812 4241 3055 4309 erubuit,
3090 4248 3147 4298 et
3172 4244 3392 4314 rogavit

1790 4328 2064 4395 homines,
2101 4328 2292 4383 dicens
2324 4346 2334 4382 :
2370 4329 2760 4396 Revertimini,
2795 4347 2962 4385 senex
2994 4331 3146 4386 enim
3198 4338 3393 4387 noster

1792 4435 2019 4473 sensum
2049 4418 2313 4489 perdidit.
2340 4418 2409 4471 Et
2435 4419 2664 4473 veniens
2684 4419 2755 4473 ad
2784 4436 2934 4485 eum,
2961 4420 3043 4474 ait
3060 4420 3141 4474 illi
3175 4420 3385 4490 :Abba,

173 4511 301 4569 114.
334 4512 489 4567 Idem
511 4511 650 4566 dixit
681 4530 692 4564 :
730 4512 887 4567 Sicut
923 4511 1221 4565 thesaurus
1247 4511 1576 4565 manifestus
1604 4511 1706 4564 mi-
1725 4481 1861 4562 Dad
1893 4506 2027 4579 quid
2049 4481 2164 4561 hoc
2212 4506 2438 4561 fecisti?
2469 4508 2679 4563 Omnes
2709 4508 2861 4562 enim
2889 4481 2985 4579 qui
3018 4515 3075 4563 te
3107 4481 3385 4580 viderunt,

105 4601 320 4667 nuitur,
353 4601 434 4655 ita
484 4606 541 4655 et
580 4600 757 4655 virtus
802 4600 1021 4672 deperit
1053 4600 1354 4672 publicata.
1388 4601 1532 4655 Nam
1563 4600 1707 4655 sicut

105 4707 229 4745 cera
260 4707 298 4746 a
326 4689 465 4744 facie
495 4689 641 4762 ignis
670 4690 921 4756 solvitur,
944 4689 1023 4744 ita
1054 4695 1111 4743 et
1133 4689 1323 4743 anima
1352 4705 1452 4760 per
1480 4689 1704 4743 laudem

105 4780 373 4847 resoluta,
404 4778 553 4851 perit
580 4776 649 4832 ab
674 4778 989 4833 intentione
1018 4794 1120 4832 sua
1148 4780 1380 4849 (Pelag.,
1398 4779 1698 4843 libell.vm,

107 4884 160 4921 η.
201 4866 288 4935 19,
323 4871 545 4923 nomine
569 4866 928 4939 Syncletica’).

174 4957 301 5014 115.
335 4957 490 5012 Idem
511 4956 652 5011 dixit
682 4974 692 5010 :
738 4957 972 5022 Quando
1003 4955 1268 5028 cogitatio
1310 4972 1464 5009 vanae
1509 4954 1701 5025 gloriae

106 5045 188 5099 vel
220 5044 496 5118 superbiae
535 5051 591 5100 te
623 5045 920 5117 impugnat
949 5049 1171 5117 (Pelag.,
1207 5048 1377 5100 libr”.
1411 5058 1497 5110 xv,
1540 5060 1695 5097 num.

108 5131 210 5198 5'1;
244 5137 432 5190 Pasch.
466 5152 511 5190 ε.
563 5133 613 5192 11
632 5177 649 5205 ,
682 5152 838 5189 num.
873 5134 947 5205 3),
979 5142 1331 5207 perscrutare
1361 5134 1622 5205 teipsum,
1656 5132 1703 5185 si

109 5224 295 5277 omnia
336 5224 435 5279 Dei
468 5225 734 5279 mandata
762 5225 1016 5292 servasti,
1050 5225 1095 5279 si
1129 5225 1385 5278 inimicos
1414 5229 1541 5277 tuos
1582 5221 1705 5275 dili-

106 5311 205 5381 gis.
238 5314 284 5367 si
314 5314 526 5384 gaudes
548 5314 605 5368 in
632 5314 815 5385 gloria
833 5314 1044 5369 inimici
1067 5315 1171 5375 tui,
1198 5322 1255 5369 et
1283 5311 1703 5367 contristarisin

108 5399 412 5471 dejectione
435 5404 588 5473 ejus;
620 5403 665 5456 si
695 5404 841 5474 apud
876 5408 931 5457 te
964 5402 1170 5456 habes:
1209 5402 1481 5467 Quoniam
1513 5417 1703 5453 servus

109 5486 319 5545 inutilis
341 5498 550 5555 sum,et
573 5493 698 5563 plus
716 5492 973 5546 omnibus
998 5491 1318 5546 hominibus
1335 5508 1571 5562 peccans
1599 5508 1610 5556 ;
1648 5494 1704 5542 ct

107 5592 286 5650 neque
315 5586 447 5636 tunc
476 5586 665 5636 tamen
690 5581 901 5652 aliquid
930 5581 1144 5652 grande
1176 5580 1382 5652 sapias,
1428 5586 1701 5650 tanquam

1787 4597 2050 4650 dixerunt
2077 4613 2088 4648 :
2134 4595 2279 4660 Quia
2321 4594 2661 4651 daemonium
2690 4595 2863 4651 habet
2887 4613 3073 4652 senex.
3107 4597 3213 4653 Cui
3241 4599 3337 4655 ille
3369 4618 3382 4655 :

1786 4682 1855 4736 Et
1874 4700 1976 4754 ego
2002 4684 2119 4738 haec
2146 4682 2397 4737 volebam
2421 4684 2635 4739 audire.
2832 4745 2857 4758 ,

1855 4772 1919 4826 11
1938 4771 1982 4827 δ.
2014 4772 2156 4826 Cum
2185 4771 2413 4842 quidam
2442 4772 2613 4843 judex
2642 4772 2937 4844 provinciae
2953 4773 3215 4831 abbatem
3233 4777 3389 4851 Moy-

1787 4877 1885 4914 sen
1906 4860 2071 4914 vellet
2089 4861 2343 4927 adorare,
2368 4860 2604 4914 audiens
2632 4860 2726 4915 ille
2750 4861 3002 4933 fugiebat
3030 4864 3099 4918 de
3129 4865 3252 4921 loco
3285 4882 3387 4922 suo

1788 4950 2012 5019 (Pc!ag.,
2045 4952 2213 5004 lzbcll.
2249 4963 2365 5016 xm,
2404 4966 2460 5003 η.
2496 4948 2600 5017 13).
2638 4950 2707 5005 Et
2734 4968 2861 5006 cum
2893 4952 3114 5008 obviam
3138 4954 3285 5011 forte
3304 4955 3388 5020 illi

1784 5038 1999 5104 fuisset,
2022 5037 2312 5109 requisivit
2328 5039 2499 5108 judex
2528 5038 2598 5093 ab
2622 5056 2708 5105 eo,
2734 5040 2925 5096 dicens
2955 5058 2965 5094 :
2993 5041 3094 5098 Dic
3114 5041 3274 5098 nobis
3291 5042 3389 5098 ubi

1787 5134 1871 5182 est
1899 5128 2036 5182 cella
2073 5128 2288 5181 abbatis
2325 5128 2584 5200 Moysis?
2621 5131 2694 5183 At
2725 5130 2820 5184 ille
2863 5130 3192 5203 respondit:
3241 5130 3388 5195 Quid

1786 5218 1943 5272 illum
1969 5218 2134 5271 vultis
2162 5217 2349 5271 videre
2372 5217 2659 5273 hominem
2692 5221 2927 5274 stultum
2946 5226 3003 5273 et
3030 5219 3388 5275 hazreticum?

1788 5308 1945 5372 Quod
1964 5324 2089 5361 cum
2113 5307 2359 5361 audisset
2382 5308 2573 5377 judex,
2598 5308 2825 5363 veniens
2854 5309 2926 5362 ad
2955 5308 3266 5376 ecclesiam,
3292 5325 3385 5365 re-

1786 5398 1917 5452 tulit
1936 5397 2167 5456 clericis,
2190 5397 2411 5449 dicens:
2442 5397 2559 5465 Ego
2578 5397 2805 5466 quidem
2819 5397 3037 5451 diversa
3062 5397 3297 5453 audiens
3314 5400 3384 5454 de

1786 5487 1985 5541 abbate
2017 5488 2223 5557 Moyse,
2259 5485 2404 5539 volui
2427 5485 2495 5538 ab
2526 5502 2590 5539 eo
2618 5484 2898 5551 benedici;
2925 5486 3021 5540 sed
3043 5486 3275 5557 quidam
3289 5505 3383 5542 ve-

1785 5577 1945 5631 niens
1968 5576 2102 5630 mihi
2118 5574 2331 5629 obviam
2354 5574 2672 5636 monachus,
2684 5574 2878 5628 retulit
2891 5574 2958 5629 de
2972 5590 3037 5629 eo
3058 5575 3209 5647 quod
3226 5584 3375 5633 esset

182 5716 197 5753 ί
230 5723 437 5791 I’c!dg.,
467 5721 633 5777 libell.
668 5737 719 5781 κ.
759 5738 815 5776 n.
858 5719 937 5777 15.
973 5720 1035 5776 In
1068 5717 1245 5774 Editis
1268 5728 1352 5775 est
1383 5720 1469 5774 hic
1494 5719 1673 5790 stylus

1789 5718 1931 5789 lugii.
1968 5715 2132 5773 Poeni
2166 5724 2227 5769 ut
2260 5713 2311 5769 in
2352 5714 2480 5769 Mss.
