3876 6384
96 338 214 398 785
1429 334 1668 394 VERBA
1706 333 2095 395 SENIORUM.
3292 330 3398 390 786

99 467 175 521 ad
208 467 431 533 locum,
461 464 557 521 ubi
576 479 750 520 caesus
777 463 954 519 frater
983 464 1241 536 jacebat:
1283 480 1451 536 quem
1496 464 1785 536 utriqueA
1805 464 1951 520 dixit
1974 463 2024 520 ei
2044 484 2055 519 :
2077 464 2135 520 Si
2157 465 2282 537 quis
2298 464 2369 521 ad
2386 465 2537 520 hunc
2549 479 2862 520 sermonem
2884 461 3094 535 poterit
3106 460 3396 534 pervenire

98 557 407 623 tollentes,
431 556 692 627 quoniam
711 555 875 625 gradi
897 571 1006 609 non
1030 560 1268 627 poterat,
1293 554 1551 608 manibus
1568 554 1720 609 inec-
1804 560 1869 609 ut
1898 572 2027 610 eum
2054 555 2353 625 intelligat,
2394 554 2602 609 videbit
2646 571 2705 609 se
2745 554 3020 607 minorem
3057 569 3178 606 esse
3226 551 3398 606 totius

98 647 354 701 clesiam
388 646 758 717 pertulerunt.
793 646 932 699 Cum
964 650 1151 698 autem
1200 644 1403 698 fratres
1449 644 1721 698 vidissent
1804 651 2092 700 creaturae.
2115 644 2218 699 Cui
2243 644 2443 699 frater:
2470 645 2539 698 Et
2554 643 2830 715 quomodo
2856 659 3079 713 possum
3103 658 3191 695 me
3214 641 3396 695 mino-

96 737 471 790 sacerdotem
502 736 660 789 illum
701 733 927 787 beatum
976 734 1280 787 Macarium
1332 733 1715 800 comitantem,

92 826 436 897 stupefacti,
459 842 584 880 cum
616 824 989 877 admiratione
1015 824 1351 878 monachum
1374 824 1530 878 illum
1556 825 1721 896 perli-

92 916 283 979 ciunt,
328 921 388 969 et
416 913 576 968 multi
604 918 832 984 propter
860 912 1019 966 illum
1048 929 1112 966 ex
1140 913 1375 983 paganis
1411 912 1541 967 facti
1588 918 1721 967 sunt

93 1004 442 1060 Christiani.
467 1002 700 1058 Dicebat
717 1019 848 1073 ergo
864 1001 1034 1056 abbas
1054 1002 1357 1056 Macarius:
1379 1002 1521 1066 Quia
1534 1020 1718 1057 sermo

92 1093 392 1165 superbus
424 1098 483 1147 et
511 1093 690 1147 malus
723 1092 895 1146 etiam
925 1092 1100 1146 bonos
1129 1091 1276 1145 viros
1335 1092 1609 1145 convertit
1645 1092 1718 1146 ad

93 1184 347 1248 malum,
383 1197 568 1237 sermo
600 1198 728 1236 vero
757 1181 985 1235 humilis
1024 1185 1081 1236 et
1104 1180 1286 1235 bonus
1318 1180 1487 1234 etiam
1539 1180 1717 1235 malos

92 1278 293 1326 mutat
324 1272 388 1326 in
417 1272 636 1325 melius.

180 1360 314 1418 1‘28.
358 1362 516 1432 Saepe
543 1359 767 1415 dicebat
795 1358 991 1414 beatus
1019 1360 1328 1414 Antonius:
1372 1359 1493 1414 Nisi
1540 1360 1720 1431 pistor

95 1451 271 1505 mola)
296 1451 494 1504 oculos
511 1448 788 1521 operiret(
800 1447 903 1515 I7),
929 1449 1241 1504 mercedem
1260 1466 1418 1503 suam
1442 1448 1716 1519 recipiens

96 1539 221 1611 ipse
254 1544 624 1594 consumeret
664 1540 888 1605 (Pelag.,
920 1540 1087 1592 libell.
1129 1554 1218 1604 xv,
1255 1555 1311 1592 η.
1353 1535 1424 1594 80
1456 1557 1469 1597 ;
1502 1539 1712 1606 Pasch.,

1805 751 1922 789 rem
1942 735 2128 788 videre
2151 733 2220 787 ab
2236 751 2301 787 eo
2320 733 2414 804 qui
2435 732 2714 787 homicida
2737 733 2846 785 est?
2858 730 3166 802 Respondit
3179 747 3351 785 senex
3380 748 3391 783 :

1805 825 1862 879 Si
1891 824 2139 895 potuerit
2168 824 2333 877 homo
2356 823 2426 877 ad
2455 823 2603 877 hunc
2633 838 2951 878 sermonem
2983 820 3235 894 Apostoli
3264 836 3395 896 per-

1799 914 2011 981 venire,
2045 919 2100 969 et
2128 912 2329 969 viderit
2350 913 2633 969 hominem
2659 913 2752 984 qui
2788 912 2930 966 forte
2960 910 3159 966 occidit
3197 909 3391 973 alium,

1801 1004 1939 1058 dicit
1961 1004 2017 1057 in
2032 1005 2332 1075 semetipso
2356 1023 2367 1057 :
2399 1005 2511 1058 Iste
2523 1003 2749 1075 quidem
2779 1003 2883 1058 hoc
2900 1002 3080 1056 solum
3104 1004 3391 1073 peccatum

1800 1093 1947 1157 fecit,
1985 1110 2087 1163 ego
2118 1098 2305 1148 autem
2334 1094 2486 1147 omni
2520 1094 2657 1147 hora
2690 1092 3054 1147 homicidium
3084 1090 3395 1153 committo,

1801 1183 2080 1254 meipsum
2105 1183 2383 1254 peccando
2408 1183 2771 1237 interficiens.
2802 1180 2871 1236 Et
2887 1198 3013 1237 cum
3032 1178 3398 1250 fraterrequi-

1800 1278 1951 1327 reret
1979 1273 2259 1344 quomodo
2284 1273 2388 1326 hoc
2401 1272 2579 1343 possit
2600 1272 2741 1339 fieri,
2763 1270 3089 1341 respondit:
3123 1270 3253 1323 Haec
3280 1269 3400 1323 sola

1796 1362 2021 1432 justitia
2034 1362 2371 1417 esthominis
2387 1367 2451 1416 ut
2462 1361 2825 1432 semetipsum
2838 1358 3230 1430 reprehendat.
3242 1358 3399 1413 Tunc

1801 1451 1950 1505 enim
1965 1452 2154 1521 justus
2167 1457 2269 1531 est,
2298 1468 2424 1507 cum
2446 1468 2550 1506 sua
2578 1456 2804 1522 peccata
2825 1449 3177 1504 condemnat.

1873 1538 2000 1597 132.
2040 1541 2178 1596 Cum
2197 1541 2457 1595 sederent
2471 1540 2699 1612 quidam
2728 1541 3115 1610 IratresprOpe
3133 1535 3395 1592 abbatem

96 1646 142 1682 ι’.
176 1629 272 1693 15,
311 1645 474 1680 num.
507 1628 586 1696 1).
627 1628 713 1682 Ita
742 1633 796 1680 et
830 1643 931 1680 nos
961 1644 1062 1697 per
1087 1627 1189 1681 Dei
1236 1627 1716 1698 dispensationem
1799 1630 2143 1683 Poemenem.
2172 1646 2320 1684 unus
2347 1630 2520 1684 alium
2551 1629 2852 1700 quemdam
2878 1627 3108 1682 fratrem
3127 1626 3394 1693 laudavit,

95 1722 383 1787 tegumen
412 1716 735 1787 accipimus,
770 1722 831 1770 ut
865 1732 931 1769 ea
962 1733 1083 1786 quze
1112 1733 1413 1787 operamur
1434 1715 1579 1769 bona
1603 1732 1735 1789 non,
1799 1718 1988 1772 dicens
2016 1737 2026 1771 :
2051 1719 2240 1773 Bonus
2262 1723 2347 1772 est
2362 1719 2455 1772 ille
2475 1719 2668 1784 frater,
2693 1717 2957 1789 quoniam
2991 1716 3141 1770 mala
3169 1716 3388 1772 horret.

96 1807 398 1860 valeamus
417 1806 728 1872 attendere,
754 1822 824 1859 ne
841 1822 940 1858 nos
958 1806 1107 1875 ipsos
1130 1805 1511 1859 beatificantes
1532 1804 1713 1875 possi-
1728 1788 1777 1848 B
1801 1807 1903 1861 Cui
1931 1824 2098 1862 senex
2118 1808 2201 1863 ait
2225 1826 2238 1863 :
2269 1809 2339 1863 Et
2361 1808 2491 1879 quid
2516 1812 2601 1862 est
2630 1788 2779 1861 mala
2797 1804 3064 1860 horrere?
3083 1806 3157 1859 At
3186 1804 3280 1858 ille
3296 1819 3396 1858 ne-

98 1912 228 1948 mus
254 1895 474 1959 extolli,
499 1900 555 1948 et
579 1894 891 1948 mercedem
911 1895 1194 1965 prepriam
1218 1895 1714 1949 amittamus.Nam

99 1991 155 2037 et
184 1984 257 2037 ob
292 1984 401 2037 hoc
430 1984 652 2054 quando
680 1984 1054 2054 relinquimur
1082 1984 1139 2037 in
1163 1984 1405 2038 sordidis
1422 1983 1715 2053 cogitatio-

97 2072 287 2133 nibus.
315 2078 646 2127 necesseest
659 2077 724 2127 ut
750 2073 853 2126 hoc
882 2074 1271 2127 tantummodo
1301 2073 1711 2144 provideamus,

98 2169 165 2216 ut
190 2180 297 2217 nos
328 2163 481 2233 ipsos
513 2168 569 2215 et
597 2168 845 2216 nostram
872 2163 1211 2216 sententiam
1256 2163 1711 2229 condemnemus,

98 2268 169 2305 ne
202 2270 290 2317 ea,
331 2269 457 2322 qua:
492 2257 625 2305 sunt
649 2252 705 2305 in
738 2251 897 2309 nobis
927 2252 1169 2317 sordida,
1204 2252 1341 2306 illud
1364 2268 1596 2322 parvum
1619 2251 1714 2305 bo-

99 2358 237 2395 num
266 2357 417 2412 Opus
458 2348 714 2395 nostrum
757 2341 815 2394 in
854 2340 1011 2394 nobis
1053 2340 1369 2395 obscurent.
1412 2341 1713 2411 Nunquam

99 2430 251 2484 enim
272 2430 449 2483 homo
471 2430 647 2484 bonus
668 2436 770 2495 est,
794 2430 963 2484 etiam
988 2430 1033 2483 si
1067 2429 1246 2484 bonus
1267 2447 1387 2483 esse
1411 2430 1706 2493 desideret,

98 2520 209 2573 nisi
240 2520 400 2574 Deus
420 2519 756 2574 habitaverit
780 2520 838 2573 in
864 2520 1002 2589 ipso,
1028 2520 1159 2590 quia
1186 2537 1351 2573 nemo
1385 2519 1565 2573 bonus
1603 2520 1711 2574 nisi

100 2610 252 2663 solus
282 2610 456 2663 Deus.
486 2611 721 2679 Oportet
737 2626 868 2679 ergo
889 2614 954 2663 ut
973 2626 1072 2662 nos
1097 2610 1247 2680 ipsos
1262 2610 1534 2662 veraciter
1562 2626 1711 2663 sem-

102 2715 202 2768 per
214 2698 563 2753 incusemus.
581 2699 815 2762 Quando
832 2698 979 2751 enim
999 2716 1057 2752 se
1074 2699 1310 2768 quisque
1326 2698 1706 2768 reprehendit,

102 2788 425 2841 mercedem
447 2788 731 2858 propriam
750 2804 861 2841 non
882 2787 1109 2841 amittit.

168 2875 297 2933 12].
333 2878 481 2930 Item
506 2876 705 2929 beatus
738 2876 1014 2929 Antonius
1039 2875 1235 2929 retulit
1272 2875 1472 2929 vidisse
1516 2892 1709 2930 omnes

102 2964 563 3035 laqueosinimici
584 2981 753 3033 super
778 2965 1091 3019 universam
1119 2970 1328 3019 terram
1347 2970 1617 3019 extentos.
1643 2966 1712 3019 Et

101 3069 226 3106 cum
258 3054 557 3125 suspirans
587 3053 819 3108 dixisset
844 3072 855 3106 :
888 3054 1025 3118 Quis
1064 3054 1165 3107 hos
1193 3054 1402 3125 poterit
1428 3053 1709 3108 transire?

1799 1897 1978 1951 sciens
1999 1897 2134 1968 quid
2159 1896 2209 1951 ei
2222 1896 2603 1968 responderet,
2626 1895 2853 1967 petebat
2871 1894 3088 1949 dicens:
3115 1892 3213 1948 Dic
3236 1892 3392 1958 mihi,

1798 1985 1960 2052 abba,
1993 1986 2128 2056 quid
2159 1990 2245 2040 est
2273 1986 2484 2039 malum
2513 1983 2785 2040 horrere?
2805 1984 2909 2038 Cui
2938 1998 3107 2037 senex
3128 1983 3241 2037 ait:
3293 1982 3394 2036 Ille

1799 2076 1991 2129 horret
2020 2076 2186 2141 mala,
2222 2075 2316 2146 qui
2339 2092 2438 2129 sua
2464 2080 2690 2146 peccata
2714 2073 2942 2145 propria
2959 2073 3170 2139 horret,
3187 2076 3245 2125 et
3271 2087 3393 2126 om-

1798 2181 1928 2219 nem
1959 2165 2189 2219 fratrem
2227 2181 2389 2219 suum
2414 2164 2697 2218 beatificat
2725 2168 2782 2217 et
2809 2163 3012 2233 diligit.

1872 2252 1993 2310 433.
2014 2254 2251 2319 Quidam
2267 2254 2445 2308 frater
2455 2253 2748 2325 requisivit
2767 2252 3024 2307 abbatem
3045 2251 3389 2317 Pmmenem,

1796 2343 2022 2397 dicens:
2058 2344 2346 2408 Quomodo
2376 2348 2561 2413 potest
2591 2343 2759 2397 homo
2798 2341 2975 2395 vitare
3020 2357 3092 2394 ne
3126 2340 3394 2411 loquatur

1797 2433 2010 2487 malum
2036 2431 2106 2486 de
2135 2432 2388 2503 proximo
2413 2449 2514 2486 suo
2545 2433 2774 2501 (Pasch.,
2800 2448 2844 2484 c.
2878 2429 2962 2498 16,
2993 2446 3152 2483 num.
3176 2429 3267 2496 υτ
3289 2429 3394 2483 Re-

1794 2522 2019 2593 spondit
2045 2538 2213 2575 senex
2240 2540 2252 2575 :
2279 2522 2392 2592 Ego
2408 2526 2465 2575 et
2483 2521 2769 2592 proximus
2786 2536 2946 2574 meus
2975 2519 3099 2573 dua:
3114 2517 3389 2588 imagines

1794 2628 1987 2665 sumus
2009 2630 2020 2678 ;
2038 2628 2166 2665 cum
2187 2628 2320 2682 ergo
2334 2627 2515 2664 meam
2531 2626 2886 2682 prospexero,
2903 2614 2959 2662 et
2979 2607 3390 2679 reprehendero

1794 2718 1902 2766 me,
1918 2701 2203 2756 invenitur
2222 2701 2407 2770 imago
2428 2700 2618 2754 fratris
2630 2699 2742 2753 mei
2762 2698 2911 2770 apud
2925 2714 3015 2752 me
3033 2696 3386 2751 venerabilis.

1793 2790 2027 2854 Quando
2056 2795 2245 2844 autem
2284 2806 2467 2843 meam
2508 2789 2827 2852 laudavere,
2867 2793 3002 2842 tunc
3043 2786 3232 2841 fratris
3280 2784 3391 2841 mei

1790 2879 2095 2950 imaginem
2126 2896 2354 2951 pravam
2379 2878 2634 2950 respicio.
2667 2879 2825 2932 Tunc
2862 2893 2994 2949 ergo
3024 2877 3093 2930 de
3135 2876 3245 2931 alio
3276 2892 3389 2930 non

1790 2969 2060 3033 detracto,
2095 2969 2139 3022 si
2166 2985 2389 3040 semper
2415 2968 2690 3039 meipsum
2716 2966 3081 3039 reprehendo.

1868 3056 1985 3114 134.
2018 3058 2175 3112 Dixit
2202 3058 2374 3112 abbas
2396 3056 2766 3129 Hyperichius
2788 3055 2896 3127 (l8)
2924 3075 2935 3109 :
2969 3054 3168 3110 Melius
3198 3060 3282 3109 est
3300 3071 3390 3109 co-

99 3159 287 3198 vocem
316 3144 390 3198 ad
422 3161 480 3197 se
512 3144 786 3198 dicentem
820 3143 1067 3197 audivit:
1101 3143 1407 3197 Humilitas
1436 3144 1556 3198 sola
1586 3161 1708 3215 per—
1728 3148 2014 3211 Cmedere
2043 3164 2240 3201 carnes
2268 3153 2326 3201 et
2354 3147 2546 3201 vinum
2578 3146 2783 3211 bibere,
2820 3161 2990 3217 quam
3021 3144 3310 3198 comedere
3326 3143 3386 3198 in

98 3232 321 3297 transit,
337 3233 570 3297 Antoni,
591 3249 758 3304 quam
777 3232 930 3286 nullo
954 3232 1118 3287 modo
1134 3233 1321 3287 valent
1337 3233 1564 3304 superbi
1579 3250 1705 3288 con-

98 3321 335 3391 tingere.

172 3410 290 3466 130.
322 3413 468 3466 Item
494 3410 691 3466 beatus
714 3412 1014 3478 Antonius,
1048 3412 1181 3465 dum
1212 3411 1270 3465 in
1308 3412 1449 3466 cella
1478 3412 1705 3483 propria

98 3506 303 3565 oraret,
338 3502 492 3555 venit
521 3502 588 3555 ad
614 3518 742 3555 eum
773 3519 878 3556 vox
911 3502 1134 3556 dicens:
1178 3501 1406 3567 Antoni,
1451 3502 1700 3556 nondum

98 3590 485 3657 pervenistiad
518 3608 840 3646 mensuram
863 3590 1105 3658 coriarii,
1138 3589 1233 3661 qui
1253 3596 1340 3644 est
1361 3591 1417 3645 in
1457 3592 1698 3645 Alexan-

97 3677 218 3733 dria
248 3682 482 3748 (Fascia,
513 3681 670 3743 c.15,
699 3698 853 3735 num.
888 3681 961 3747 2).
997 3681 1117 3744 Quo
1148 3680 1341 3734 audito
1372 3696 1539 3734 senex
1570 3698 1695 3736 sur-

96 3783 230 3835 gens
252 3786 440 3832 mane,
457 3774 683 3840 arrepto
696 3769 908 3833 baculo,
925 3770 981 3823 in
1004 3770 1280 3823 civitatem
1301 3770 1697 3825 Alexandriam

96 3854 331 3912 festinus
346 3859 516 3913 venit.
534 3860 787 3930 Cumque
804 3860 873 3913 ad
890 3859 1248 3928 designatum
1269 3858 1554 3913 hominem
1565 3859 1699 3914 fuis-

97 3950 179 3998 set
204 3946 512 4016 ingressus,
539 3948 634 4002 ille
652 3947 765 4002 viso
794 3953 952 4002 tanto
976 3948 1091 4001 viro
1107 3947 1413 4018 obstupuit.
1456 3948 1559 4002 Cui
1605 3966 1696 4004 se-

98 4049 199 4087 nex
229 4036 411 4091 dixit:
456 4038 620 4092 Refer
650 4037 789 4091 mihi
820 4054 989 4108 opera
1038 4044 1155 4101 tua,
1196 4037 1327 4107 quia
1368 4044 1598 4109 propter
1639 4044 1695 4093 te

98 4124 286 4178 relicto
316 4127 541 4181 deserto
560 4127 669 4181 huc
691 4127 835 4181 veni.
861 4127 968 4191 Qui
995 4126 1340 4198 respondens
1356 4127 1468 4181 ait:
1496 4128 1694 4183 Nescio

99 4227 183 4265 me
213 4215 519 4286 aliquando
547 4216 762 4287 aliquid
784 4216 913 4271 boni
943 4221 1328 4288 perpetrasse:
1362 4218 1512 4271 unde
1545 4223 1602 4272 et
1630 4235 1695 4272 ex

99 4300 264 4357 cubili
294 4305 525 4376 proprio
550 4322 713 4360 mane
735 4322 1094 4375 consurgens,
1127 4311 1430 4376 antequam
1454 4307 1511 4360 in
1529 4324 1696 4379 opere

100 4405 219 4444 meo
248 4394 552 4462 resideum,
571 4395 695 4448 dico
714 4396 863 4467 quod
878 4395 1061 4449 omnis
1085 4395 1202 4449 haec
1219 4395 1410 4450 civitas
1431 4413 1464 4450 a
1479 4397 1695 4451 minore

1785 3237 2199 3307 vituperatione
2223 3253 2421 3291 carnes
2448 3236 2706 3290 fratrum.
2743 3235 2900 3290 Sicut
2919 3233 3068 3289 enim
3086 3248 3385 3287 susurrans

1786 3343 2016 3397 serpens
2045 3327 2216 3381 Evam
2239 3326 2309 3380 de
2327 3325 2588 3396 paradiso
2619 3324 2878 3387 excussit,
2914 3325 2993 3378 ita
3012 3322 3107 3394 qui
3122 3322 3191 3377 de
3208 3321 3382 3376 fratre

1786 3432 1888 3469 suo
1915 3416 2178 3482 detrahit,
2212 3431 2325 3469 non
2346 3431 2506 3469 suam
2536 3414 2738 3481 solum,
2771 3414 2868 3467 sed
2888 3418 2945 3468 et
2966 3411 3244 3468 audientis
3257 3409 3381 3465 ani-

1784 3521 1934 3557 mam
1964 3505 2149 3575 perdit
2175 3506 2399 3572 (Pelag.,
2434 3504 2601 3559 libell.
2637 3517 2710 3569 Iv,
2743 3519 2801 3556 η.
2826 3501 2914 3568 51,
2949 3501 3064 3566 52).

1856 3592 1976 3651 135.
2015 3593 2240 3648 Solebat
2268 3593 2453 3648 dicere
2472 3591 2644 3647 abbas
2671 3593 2915 3647 Joannes
2938 3609 2949 3645 :
2992 3592 3230 3645 Parvam
3252 3606 3379 3644 sar-

1779 3682 1964 3737 cinam
1993 3682 2328 3750 dimisimus,
2362 3682 2419 3737 id
2452 3688 2541 3737 est
2576 3699 2677 3736 nos
2697 3682 2846 3753 ipsos
2864 3679 3300 3753 reprehendere:
3326 3684 3384 3734 et

1777 3789 2006 3842 gravem
2034 3778 2259 3844 portare
2284 3772 2573 3842 elegimus,
2593 3771 2651 3826 id
2675 3776 2759 3826 est
2786 3777 2852 3826 ut
2866 3787 2968 3826 nos
2982 3769 3376 3842 justiﬁcemus,

1780 3867 1838 3916 et
1866 3862 2006 3916 alios
2033 3862 2491 3916 condemnemus.

1848 3958 2041 4018 520
2066 3952 2088 4004 4
2102 3950 2189 4007 36.
2207 3953 2440 4006 Peracta
2459 3952 2892 4023 congregatione
2907 3950 3081 4005 semel
3091 3948 3149 4003 in
3162 3947 3371 4020 Scythi,

1777 4041 1909 4094 dum
1928 4042 2122 4095 Patres
2139 4041 2207 4095 de
2218 4042 2527 4096 multorum
2537 4041 2650 4095 vita
2666 4046 2723 4095 et
2737 4041 2806 4095 de
2823 4039 2990 4095 rebus
3011 4039 3269 4112 plurimis
3289 4038 3374 4093 lo-

1779 4136 2104 4201 querentur,
2130 4130 2301 4185 abbas
2323 4131 2453 4185 Pior
2462 4130 2704 4207 tacebati
2727 4171 2739 4183 .
2756 4131 2960 4185 Postea
2974 4145 3106 4184 vero
3119 4145 3377 4200 egressus

1778 4221 1979 4274 tollens
1999 4238 2223 4275 saccum
2252 4221 2503 4292 implevit
2527 4238 2655 4275 eum
2686 4236 2877 4286 arena,
2912 4225 2969 4274 et
3010 4218 3273 4291 portabat
3316 4218 3375 4273 in

1778 4310 1943 4364 dorso
1968 4327 2088 4377 suo,
2113 4316 2170 4365 et
2193 4311 2399 4365 iterum
2428 4310 2488 4365 in
2519 4311 2627 4365 alio
2657 4327 2826 4382 parvo
2857 4326 3044 4382 panno
3059 4308 3214 4363 misit
3241 4308 3377 4364 alte-

1779 4415 1897 4453 ram
1927 4417 2178 4467 arenam,
2211 4406 2268 4455 et
2295 4399 2557 4472 portabat
2582 4405 2713 4456 ante
2744 4416 2822 4455 se.
2874 4400 3141 4454 Videntes
3181 4403 3374 4453 autem

100 4493 272 4550 usque
293 4484 365 4537 ad
385 4484 658 4554 majorem
679 4476 1075 4554 ingrediuntur
1094 4501 1331 4555 regnum
1358 4486 1457 4540 Dei
1470 4478 1760 4558 propterD
1777 4490 1963 4544 caeteri
1990 4490 2210 4557 fratres,
2254 4490 2634 4561 requisierunt
2661 4488 2731 4544 ab
2773 4506 2838 4544 eo
2886 4488 3035 4559 quod
3080 4492 3230 4541 esset
3270 4487 3376 4542 hoc

95 4567 345 4635 justitias
374 4590 526 4640 suas,
561 4590 663 4644 ego
684 4579 874 4627 autem
896 4575 1046 4628 solus
1076 4580 1306 4645 propter
1331 4581 1559 4645 peccata
1571 4593 1697 4631 mea

102 4672 317 4724 ptenam
351 4662 642 4731 ingrediar
667 4663 1087 4734 sempiternam.
1116 4664 1271 4727 Quod
1290 4663 1518 4718 verbum
1540 4671 1696 4720 ante-

103 4760 264 4815 quam
299 4752 585 4822 quiescam
614 4768 757 4816 sero,
794 4769 858 4806 ex
889 4753 1072 4806 cordis
1107 4752 1217 4806 mei
1256 4768 1517 4806 recenseo
1551 4754 1693 4807 veri-

102 4838 230 4889 tate.
268 4840 428 4904 Quod
459 4841 695 4895 audiens
722 4841 919 4896 beatus
957 4841 1254 4907 Antonius,
1281 4842 1604 4913 respondit:
1629 4844 1693 4897 In

102 4926 347 4995 veritate,
382 4930 481 4996 fili,
514 4930 659 4985 sicut
682 4930 856 4985 bonus
885 4930 1098 4985 aurifex
1112 4930 1385 4985 sedensin
1414 4931 1694 4987 domotua

103 5027 222 5068 cum
238 5020 431 5090 requie
445 5036 680 5090 regnum
699 5021 801 5075 Dei
821 5021 1057 5092 adeptus
1081 5038 1139 5075 es
1164 5040 1176 5088 ;
1193 5037 1296 5091 ego
1314 5025 1502 5076 autem
1520 5022 1692 5077 veluti

103 5100 217 5157 sine
246 5106 583 5163 discretione
613 5126 779 5164 omne
808 5115 1030 5181 tempus
1057 5127 1248 5166 meum
1288 5110 1347 5165 in
1394 5111 1692 5167 solitudine

105 5203 473 5264 conversatus,
507 5199 743 5254 necdum
765 5199 920 5254 verbi
938 5200 1021 5255 tui
1036 5201 1314 5271 assumpsi
1345 5218 1687 5257 mensuram.

178 5280 261 5339 131
286 5330 297 5341 .
328 5287 567 5352 Quidam
590 5289 766 5343 frater
778 5289 1067 5361 requisivit
1086 5289 1345 5344 abbatem
1374 5291 1691 5348 Poemenem

104 5367 283 5431 (Pasch
311 5416 325 5442 ,
345 5393 388 5430 c.
432 5375 510 5443 I5,
534 5395 689 5432 num.
713 5377 771 5448 3)
799 5379 1025 5433 dicens:
1047 5378 1192 5443 Quid
1209 5384 1312 5447 est,
1339 5381 1524 5450 Pater,
1545 5383 1691 5453 quod

108 5456 510 5533 aitApostolus:
531 5467 737 5523 Omnia
755 5468 967 5524 munda
981 5468 1206 5523 mundis
1229 5470 1358 5537 (Tit.
1375 5470 1464 5544 III)
1479 5473 1587 5528 ?At
1603 5473 1694 5529 ille

174 5600 197 5688 “
222 5606 422 5688 Petag_.,
448 5612 713 5688 lib_ell.1_x,
736 5628 804 5688 η.
837 5611 889 5667 9.
923 5611 986 5666 In
1016 5611 1193 5668 Editis
1226 5618 1350 5667 erat
1379 5614 1469 5669 hic
1517 5616 1696 5688 stylus

111 5667 328 5748 Pelagii.
347 5667 528 5741 "Posui
556 5688 619 5740 ut
645 5667 712 5740 in,
734 5684 869 5741 Mss.

1777 4580 2091 4650 exemplum
2116 4598 2129 4645 ;
2164 4584 2221 4633 et
2249 4579 2555 4651 respondit,
2571 4578 2784 4633 dicens:
2814 4578 2927 4632 Iste
2942 4575 3374 4646 saccus,quiha-

1776 4666 1870 4721 bet
1886 4669 2119 4722 multam
2138 4685 2389 4734 arenam,
2412 4684 2539 4722 mea
2556 4672 2784 4738 peccata
2796 4671 2946 4731 sunt,
2972 4664 3236 4736 quoniam
3253 4664 3375 4737 plu-

1775 4757 1931 4810 rima:
1959 4762 2093 4811 sunt
2120 4757 2448 4829 iniquitates
2476 4773 2631 4817 meae,
2675 4761 2733 4810 et
2761 4771 2885 4810 ecce
2914 4754 3103 4809 dimisi
3128 4771 3196 4808 ea
3245 4759 3375 4825 post

1775 4846 2004 4901 dorsum
2023 4863 2230 4910 meum,
2257 4847 2452 4900 nolens
2470 4846 2567 4900 illa
2584 4846 2790 4911 videre,
2815 4850 2881 4900 ut
2902 4861 3002 4917 pro
3024 4844 3136 4899 illis
3151 4844 3373 4900 doleam

1775 4936 1861 4989 vel
1893 4937 2178 5007 plangam.
2209 4936 2276 4991 Et
2307 4952 2432 4990 ecce
2454 4952 2634 5007 pauca
2663 4935 2781 4990 hanc
2816 4935 3019 4990 delicta
3046 4933 3237 4988 fratris
3263 4934 3374 4989 mei

1774 5030 1905 5079 ante
1932 5026 2123 5079 oculos
2151 5041 2306 5080 meos
2329 5025 2511 5097 posui,
2534 5031 2592 5080 et
2620 5025 2840 5081 crucior
2855 5025 2914 5080 in
2942 5025 3078 5098 ipsis
3106 5025 3372 5079 condem-

1774 5131 1916 5169 nans
1940 5115 2193 5169 fratrem.
2219 5114 2328 5169 Sed
2357 5132 2470 5170 non
2500 5120 2723 5188 oportet
2738 5116 2819 5170 sic
2842 5115 3117 5184 judicare,
3135 5114 3233 5168 sed
3255 5128 3371 5167 ma-

1773 5204 1859 5275 gis
1880 5208 2011 5258 ante
2031 5220 2120 5257 me
2141 5203 2438 5272 adducere,
2471 5210 2530 5260 et
2554 5205 2623 5259 de
2641 5205 2783 5277 ipsis
2812 5204 3079 5275 cogitare,
3104 5208 3159 5258 et
3174 5218 3374 5273 rogare

1775 5295 1952 5348 Deum
1963 5293 2343 5364 ,utindulgeat
2353 5294 2507 5350 mihi.
2525 5294 2681 5359 Quod
2701 5294 2994 5349 audientes
3008 5291 3377 5359 Patres,dixe-

1775 5388 1911 5439 runt
1937 5402 1947 5437 :
1982 5385 2047 5438 In
2076 5383 2309 5438 veritate
2338 5384 2455 5438 haec
2482 5389 2567 5439 est
2592 5384 2684 5438 via
2712 5382 2927 5439 salutis.

1852 5472 1975 5530 137.
2006 5473 2176 5528 Venit
2202 5474 2504 5545 aliquando
2532 5472 2705 5529 abbas
2729 5473 2886 5528 Isaac
2914 5472 2973 5527 in
3003 5470 3319 5526 cmnobium
3331 5469 3371 5539 ²,

1848 5615 1873 5651 ²
1894 5619 2100 5687 Pelag.,
2134 5620 2302 5673 libell.
2328 5632 2401 5687 Ix,
2449 5634 2505 5673 η.
2542 5613 2595 5674 3.
2641 5617 2706 5674 In
2735 5616 2911 5673 Editis
2940 5619 3027 5672 est
3076 5616 3167 5673 hic
3201 5615 3380 5687 stylus

1779 5688 2012 5760 Pelagii.
2048 5689 2216 5745 Posui
2244 5693 2309 5745 ut
2337 5689 2393 5745 in
2423 5688 2525 5746 Ms.
