3876 6378
551 343 652 401 787

1678 348 1771 402 DE
1808 347 1997 404 VITIS
2034 347 2330 406 PATRUM
2368 347 2582 402 LIBER
2619 347 2717 402 III.

3717 348 3803 406 788

550 475 607 524 et
623 471 885 524 viditillic
907 470 1134 524 fratrem
1157 471 1554 541 negligentem.
1578 469 2138 539 ctiratusjussiteum
2161 473 2208 532 Α
2229 474 2417 523 autem
2447 467 2735 540 respondit
2753 468 2824 530 ei.
2857 469 3046 524 dicens
3069 489 3080 523 :
3115 469 3259 535 Quia
3277 470 3369 525 isti
3397 470 3494 524 alii
3511 485 3707 526 omnes
3722 472 3803 526 ha-

553 561 748 631 expelli
779 560 846 612 de
876 559 1144 613 coenobio.
1177 561 1319 614 Cum
1343 578 1474 627 ergo
1497 560 1860 628 egrederetur
1891 560 1957 613 ad
1993 559 2146 613 habi-

551 650 796 703 taculum
831 665 1014 713 suum,
1047 649 1199 702 venit
1225 651 1458 717 angelus
1481 648 1724 712 Domini,
1750 655 1805 702 et
1834 649 1987 702 stetit
2015 653 2146 702 ante

551 733 756 787 ostium
779 733 991 786 cellulae
1013 733 1154 802 ejus.
1189 733 1378 786 dicens
1405 753 1414 786 :
1451 735 1572 786 Non
1605 741 1659 786 te
1689 734 2011 804 permittam
2066 733 2148 786 in-

547 822 726 892 gredi.
759 821 944 875 Atille
965 822 1199 890 rogabat
1227 829 1292 876 ut
1321 824 1442 891 ejus
1480 822 1642 892 culpa
1671 823 2143 876 manifestaretur.

550 910 620 963 Et
646 910 935 980 reSpondit
964 911 1220 978 angelus,
1250 917 1305 963 et
1324 910 1488 963 dixit:
1526 911 1672 962 Deus
1694 910 2006 962 transmisit
2033 926 2142 974 me,

549 999 768 1053 dicens:
803 997 975 1063 Vade,
1010 1005 1068 1052 et
1088 997 1176 1052 dic
1202 1000 1358 1052 Isaac
1383 1017 1393 1052 :
1421 998 1526 1052 Ubi
1551 999 1714 1067 jubes
1744 1005 1808 1052 ut
1853 999 2145 1052 mittamus

548 1088 708 1142 illum
736 1088 968 1142 fratrem
998 1088 1094 1158 qui
1125 1087 1414 1158 peccavit?
1444 1089 1518 1140 At
1546 1088 1638 1140 ille
1668 1104 1791 1140 mox
1823 1088 1936 1155 egit
1966 1087 2144 1157 pteni-

546 1178 803 1242 tentiam,
837 1177 1065 1232 dicens:
1099 1176 1348 1241 Peccavi,
1369 1177 1623 1234 Domine,
1649 1177 1877 1241 indulge
1910 1177 2150 1231 mihi.Et

549 1265 688 1319 dixit
715 1265 795 1319 illi
825 1265 1085 1336 angelus:
1123 1266 1389 1334 Exsurge,
1423 1265 1677 1332 indulget
1704 1264 1802 1317 tibi
1825 1267 1991 1318 Deus.
2041 1266 2149 1319 Sed

547 1371 619 1408 ne
642 1355 846 1408 iterum
872 1355 977 1407 hoc
1005 1355 1193 1418 facias,
1227 1359 1288 1408 ut
1338 1371 1728 1424 quemcunque
1786 1355 2142 1419 condemnes,

547 1449 850 1514 antequam
873 1443 2149 1512 Deusillumjudicet.Tulerunthominesjudi-

547 1533 716 1598 cium,
747 1537 804 1585 et
828 1548 940 1586 non
971 1532 1109 1584 mihi
1139 1532 1274 1586 illud
1308 1532 1659 1602 permittunt,
1689 1533 1824 1585 dicit
1852 1533 2140 1586 Dominus:

545 1621 652 1676 hoc
679 1626 868 1675 autem
889 1621 1100 1674 dictum
1128 1627 1230 1680 est.
1265 1621 1394 1690 quia
1487 1622 1865 1690 contigeritde
1896 1622 2003 1674 iilis
2026 1638 2147 1692 per-

545 1711 703 1765 fectis
725 1711 971 1780 aliquem
997 1710 1082 1764 vel
1113 1709 1170 1763 in
1200 1726 1369 1780 parvo
1401 1727 1648 1780 peccare,
1668 1727 1790 1764 mox
1817 1711 2104 1780 prodatur.

2227 558 2362 614 bent
2390 560 2637 630 aliquam
2667 558 2916 630 requiem
2932 560 3307 632 adimplendo,
3331 561 3656 632 quamvisin
3668 561 3804 616 bonis

2229 649 2382 720 operi
2391 648 2509 707 bus,
2531 649 2844 702 voluntates
2856 665 3014 716 suas;
3035 649 3299 703 obediens
3311 657 3521 716 autem,
3540 653 3804 722 prepriam

2228 739 2573 792 voluntatem
2605 739 2946 809 relinquens,
2979 739 3186 809 pendet
3231 739 3290 793 in
3320 740 3498 811 patris
3536 741 3804 794 voluntate

2225 827 2494 898 jubentis,
2525 833 2582 881 et
2610 828 2735 881 ideo
2760 829 3032 899 majorem
3061 845 3175 900 prae
3217 829 3431 883 caeteris
3463 829 3702 899 gloriam
3737 839 3805 884 est

2229 917 2478 970 sortitus.

2297 1004 2421 1061 14⁵2..
2455 1005 2693 1070 Quidam
2721 1021 2888 1060 senex
2917 1005 3055 1060 dixit
3078 1024 3088 1059 :
3136 1006 3280 1071 Quia
3309 1007 3356 1061 si
3382 1008 3508 1079 quis
3535 1007 3695 1062 fratri
3723 1027 3802 1062 suo

2229 1094 2536 1164 injunxerit
2548 1112 2772 1149 causam
2787 1112 2911 1149 cum
2935 1096 3136 1150 timore
3149 1097 3468 1162 Dei,etcum
3486 1097 3801 1155 humilitate.

2229 1199 2415 1236 sermo
2445 1184 2556 1248 ille,
2590 1185 2682 1254 qui
2714 1190 2943 1256 prepter
2970 1185 3146 1238 Deum
3191 1186 3496 1255 egreditur,
3543 1188 3802 1258 compellit

2232 1273 2459 1326 fratrem
2491 1272 2735 1338 obedire,
2790 1275 3055 1327 etfacere
3096 1275 3244 1344 quod
3284 1274 3604 1345 injunctum
3639 1283 3718 1329 est
3762 1278 3800 1330 ei

2228 1362 2460 1435 (Pelag.,
2488 1364 2654 1415 lz'brll.
2686 1379 2772 1426 xv,
2813 1378 2869 1415 η.
2909 1364 3014 1431 75).
3049 1363 3107 1417 Si
3139 1370 3326 1418 autem
3352 1365 3556 1435 jubere
3587 1366 3707 1436 quis
3731 1383 3801 1419 cu-

2231 1451 2408 1520 piens,
2425 1467 2535 1503 non
2553 1451 2858 1504 secundum
2879 1451 3137 1506 timorem
3155 1453 3273 1511 Dei,
3289 1454 3385 1506 sed
3400 1471 3466 1506 ex
3491 1454 3797 1508 auctoritate

2227 1545 2286 1592 et
2315 1539 2540 1610 propria
2569 1541 2854 1594 voluntate
2883 1540 3043 1594 fratri
3064 1541 3612 1613 volueritimperare,
3647 1543 3798 1614 quivi-

2228 1629 2324 1682 det
2350 1629 2619 1682 absconsa
2639 1631 2841 1694 cordis,
2867 1647 2980 1684 non
3007 1631 3163 1684 illum
3197 1633 3476 1702 permittit
3501 1639 3566 1686 ut
3613 1634 3794 1687 audiat.

2227 1733 2299 1771 ne
2329 1718 2496 1771 faciat
2524 1719 2670 1788 quod
2703 1719 2778 1772 illi
2803 1727 3142 1790 praeceptum
3172 1727 3274 1784 est,
3309 1721 3438 1792 quia
3463 1722 3796 1775 manifestam

622 1798 737 1856 138.
772 1799 1024 1869 Contigit
1052 1799 1213 1853 fratri
1242 1799 1466 1852 cuidam
1497 1801 1661 1870 culpa
1691 1799 1746 1852 in
1776 1800 2053 1852 etenobio:
2087 1805 2310 1869 etBest
2339 1823 2478 1878 Opus
2493 1808 2773 1878 Dei,quod
2792 1812 2852 1862 lit
2881 1814 3110 1880 propter
3137 1811 3713 1874 Deum,etmanifesta
3735 1824 3798 1864 est

542 1889 675 1943 dum
697 1888 956 1942 acmteris
971 1888 1376 1959 increparetur,
1395 1889 1461 1941 ad
1480 1888 1734 1941 abbatem
1753 1889 2034 1958 profectus
2056 1895 2144 1943 est

539 1978 866 2032 Antonium.
885 1977 952 2032 Et
971 1977 1209 2031 assecuti
1237 1983 1368 2031 sunt
1389 1995 1517 2030 eam
1539 1978 1740 2032 fratres
1753 1979 2000 2031 volentes
2013 1995 2142 2032 eum

537 2067 824 2132 reducere,
845 2073 1244 2138 cmperuntque
1274 2067 1324 2119 ei
1340 2067 1532 2136 culpas
1549 2067 1871 2137 exprnbare.
1903 2069 2000 2120 Ille
2015 2085 2142 2122 vero

536 2160 730 2214 fecisse
766 2161 986 2232 culpam
1000 2158 1330 2226 denegabat.
1348 2161 1612 2212 Inventus
1635 2167 1719 2212 est
1742 2159 1813 2211 ibi
1833 2159 2004 2212 abbas
2026 2161 2140 2213 Pa-

535 2249 826 2320 phnutius,
851 2248 939 2302 cui
961 2264 1268 2319 cognomen
1292 2255 1414 2300 erat
1431 2249 1724 2318 Cephalus,
1752 2247 1846 2318 qui
1862 2249 2030 2301 talem
2055 2265 2139 2302 re-

534 2339 668 2393 tulit
684 2339 743 2391 in
755 2335 1186 2407 congregatione
1203 2337 1441 2389 fratrum
1456 2336 1764 2389 inauditam
1789 2337 2131 2405 parubalam:

534 2427 683 2492 Vidi,
713 2427 916 2497 inquit,
950 2425 1008 2480 in
1035 2425 1158 2496 ripa
1184 2425 1436 2480 fluminis
1458 2425 1742 2478 hominem
1766 2443 1942 2495 usque,
1957 2427 2022 2479 ad
2037 2444 2136 2493 ge-

533 2533 648 2572 nua
675 2517 735 2570 in
757 2516 893 2569 limo
923 2515 1244 2568 demersum
1271 2532 1281 2566 :
1309 2514 1594 2567 venientes
1625 2520 1812 2568 autem
1836 2516 2139 2584 quidamut

537 2622 667 2661 eum
693 2610 952 2676 porrecta
976 2620 1147 2658 manu
1184 2604 1560 2666 extraherent,
1609 2619 1786 2674 usque
1831 2605 1900 2657 ad
1933 2607 2138 2660 collum

535 2695 946 2749 demerscrunt.
971 2694 1127 2747 Tunc
1152 2692 1348 2746 beatus
1376 2692 1653 2746 Antonius
1699 2693 1767 2746 de
1813 2692 1978 2746 beato
2032 2695 2138 2748 Pa-

533 2783 774 2856 phnutio
795 2782 902 2836 ait:
927 2782 1064 2836 Ecce
1078 2782 1247 2834 homo
1269 2781 1363 2852 qui
1386 2799 1449 2834 ex
1461 2781 1694 2835 veritate
1717 2788 1900 2852 potest
1921 2783 2139 2838 animas

538 2871 774 2928 salvare.
800 2872 920 2934 Quo
949 2869 1153 2924 fratres
1182 2869 1332 2924 illius
1363 2886 1620 2924 sermone
1637 2870 1956 2942 eompunctf
1974 2889 2140 2939 agen-

538 2965 624 3016 tes
653 2959 1066 3033 paenitentiam,
1097 2976 1224 3014 eum
1254 2958 1350 3030 qui
1374 2959 1707 3014 discesserat
1725 2960 1794 3012 ad
1821 2961 2138 3016 coenobium

538 3054 956 3104 revocaverunt.

2225 1897 2468 1950 hominis
2493 1897 2798 1950 auctoritas
2828 1915 2949 1967 quee
2979 1915 3080 1968 per
3117 1899 3450 1968 jactantiam
3510 1901 3797 1954 ordinatur.

2226 1986 2583 2057 Quaecunque
2614 1987 2763 2040 enim
2795 2003 2862 2040 ex
2885 1988 2998 2041 Deo
3018 1994 3168 2052 sunt,
3202 2005 3235 2041 a
3259 1988 3800 2060 principiohumilita-

2225 2079 2339 2129 tem
2369 2076 2606 2142 habent;
2629 2093 2750 2146 qum
2773 2085 2961 2130 autem
2994 2093 3057 2130 ex
3071 2078 3402 2132 auctoritate
3427 2084 3484 2132 et
3515 2079 3797 2133 iracundia.

2225 2165 2309 2218 vel
2337 2164 2780 2220 eonturbatione.
2809 2182 2874 2218 ex
2901 2165 3125 2219 inimico
3155 2173 3305 2220 sunt.

2300 2252 2414 2309 113.
2446 2253 2631 2308 Abbas
2656 2254 2913 2308 Silvanus
2935 2255 3180 2308 habebat
3209 2255 3578 2326 discipulum,
3605 2257 3797 2310 nomine

2220 2344 2489 2408 Marcum,
2523 2344 2683 2412 cujus
2713 2342 3027 2397 obedientia
3048 2351 3170 2397 erat
3198 2361 3418 2413 magna,
3451 2351 3508 2400 et
3527 2355 3794 2417 propterea

2219 2432 2408 2485 senior
2429 2432 2696 2500 diligebat
2717 2449 2844 2486 eum
2869 2434 3090 2500 (Prlag.,
3114 2436 3278 2486 libr-Il.
3303 2448 3415 2499 xrv,
3441 2451 3499 2488 η.
3531 2434 3609 2505 5).
3645 2436 3797 2489 liabe-

2224 2519 2320 2574 bat
2339 2526 2527 2574 autem
2546 2527 2601 2574 et
2621 2521 2760 2574 alios
2790 2522 3046 2575 undecim
3071 2522 3387 2593 discipulos,
3415 2523 3515 2594 qui
3537 2525 3798 2578 contrista-

2222 2609 2426 2664 bantur
2455 2627 2520 2664 eo
2539 2611 2683 2680 quod
2701 2611 3280 2681 illumplusdiligeret.
3297 2619 3418 2676 ὗσε
3435 2621 3473 2678 ι
3505 2614 3666 2677 Quod
3679 2621 3797 2684 post-

2222 2716 2390 2770 quam
2414 2699 2508 2752 alii
2541 2709 2701 2752 senes
2721 2700 3038 2762 audierunt,
3069 2702 3251 2754 maesti
3277 2709 3559 2756 venerunt
3577 2703 3644 2756 ad
3673 2720 3792 2758 eum.

2221 2791 2287 2841 ut
2316 2785 2366 2839 ei
2399 2785 2786 2838 renuntiarent
2817 2785 2949 2855 quia
2975 2785 3175 2839 fratres
3199 2786 3279 2839 illi
3301 2787 3397 2857 qui
3426 2804 3562 2842 cum
3591 2805 3655 2841 eo
3668 2797 3792 2840 erant

2221 2873 2720 2928 contristabantur.
2740 2874 2845 2928 Sed
2859 2883 3159 2945 antequam
3174 2875 3252 2928 illi
3266 2875 3477 2946 aliquid
3489 2878 3790 2932 faterentur.

2221 2961 2339 3033 ipse
2369 2978 2495 3016 cum
2525 2963 2635 3016 illis
2664 2963 2734 3016 ad
2764 2963 3113 3033 singulorum
3132 2965 3298 3019 cellas
3312 2965 3601 3036 profectus
3625 2974 3717 3031 est,
3754 2973 3791 3020 et

2219 3067 2681 3122 unumquemque
2693 3052 2918 3106 nomine
2937 3053 3162 3124 proprio
3171 3055 3403 3120 vocavit,
3417 3055 3640 3110 dicens:
3659 3057 3789 3125 Egis-

610 3137 730 3196 139.
759 3139 912 3194 Dixit
941 3138 1169 3210 quidam
1191 3139 1262 3193 de
1294 3137 1638 3193 senioribus:
1680 3137 1739 3192 Si
1777 3138 1982 3193 videris
2030 3141 2134 3194 ali-
2151 3175 2199 3239 Ο
2219 3139 2352 3193 dere
2379 3144 2548 3207 foras,
2583 3140 2773 3207 frater,
2797 3141 2932 3212 quia
2959 3158 3100 3212 opus
3133 3148 3189 3196 te
3218 3142 3422 3209 habeo;
3457 3150 3518 3198 et
3548 3146 3722 3199 nullus
3741 3161 3786 3197 ex

533 3247 700 3302 quem
727 3234 1074 3302 peccantem,
1109 3245 1179 3283 ne
1208 3229 1398 3283 mittas
1431 3229 1654 3299 culpam
1683 3228 1742 3282 in
1774 3245 1922 3295 eum,
1957 3230 2052 3282 sed
2077 3229 2134 3284 in
2156 3228 2194 3239 ν
2219 3229 2331 3283 illis
2355 3230 2532 3284 voluit
2559 3231 2769 3300 egredi.
2815 3231 3106 3286 Venerunt
3141 3238 3328 3286 autem
3360 3238 3487 3304 post
3517 3251 3707 3288 omnes
3737 3233 3786 3286 ad

534 3335 663 3375 eum
689 3319 786 3391 qui
816 3319 1113 3390 impugnat
1143 3335 1290 3385 eum,
1311 3319 1531 3372 dicens:
1569 3318 1664 3372 Va:
1691 3317 1849 3383 mihi,
1885 3319 2133 3388 quiaiste

534 3411 730 3464 nolens
757 3409 935 3462 victus
961 3414 1062 3472 est,
1095 3407 1241 3462 sicut
1259 3413 1316 3462 et
1344 3425 1478 3476 ego;
1509 3411 1566 3461 et
1589 3408 1812 3478 plange,
1837 3412 1893 3461 et
1911 3408 2134 3478 inquire

533 3499 634 3554 Dei
665 3499 950 3562 solatium,
985 3497 1116 3568 quia
1143 3513 1338 3551 omnes
1367 3497 1696 3568 decipimur.

615 3587 734 3645 140.
769 3587 1006 3652 Quidam
1021 3587 1349 3641 Timotheus
1377 3587 1736 3651 anachoreta,
1757 3586 2137 3656 negligentem

533 3678 767 3734 fratrem
789 3677 1033 3748 aliquem
1051 3677 1306 3741 audiens,
1330 3676 1714 3745 interrogante
1733 3675 1908 3746 ipsius
1939 3676 2137 3731 abbate

537 3768 671 3841 quid
691 3768 770 3822 illi
787 3767 946 3821 fratri
963 3766 1189 3831 faceret,
1213 3765 1368 3820 dedit
1391 3764 1685 3819 consilium
1706 3771 1770 3819 ut
1791 3783 1918 3820 eum
1949 3767 2136 3837 expel-

533 3859 679 3914 leret
715 3858 785 3912 de
813 3855 1084 3911 ccenobio.
1120 3857 1260 3910 Cum
1293 3872 1426 3925 ergo
1460 3855 1556 3909 ille
1603 3855 1800 3908 fuisset
1855 3857 2137 3926 expulsus,

533 3947 774 4002 tentatio
801 3946 956 4000 venit
969 3946 1038 3998 ad
1051 3944 1407 3998 Timotheum
1433 3961 1446 4011 ;
1459 3948 1652 3998 etcum
1666 3943 1912 4014 ploraret
1923 3945 1979 3998 in
2001 3962 2135 4000 con-

535 4041 730 4108 spectu
759 4035 880 4102 Dei,
915 4039 972 4088 et
1000 4033 1240 4087 diceret:
1265 4033 1532 4088 Miserere
1561 4033 1692 4099 mei,
1727 4033 1879 4088 venit
1905 4033 1974 4087 ad
2005 4051 2134 4088 eum

531 4142 640 4181 vox
669 4125 858 4179 dicens
883 4143 896 4178 :
925 4123 1236 4188 Timothee,
1285 4122 1412 4176 ideo
1441 4122 1544 4176 tibi
1571 4122 1692 4176 haec
1741 4139 1910 4177 causa
1961 4124 2129 4190 venit,

539 4215 674 4288 quia
698 4214 930 4268 fratrem
957 4215 1120 4266 tuum
1150 4212 1209 4266 in
1248 4217 1502 4283 tempore
1534 4211 1862 4268 tentationis
1892 4229 2006 4268 suae
2035 4214 2132 4268 de-

537 4303 786 4378 spexisti.

615 4391 705 4450 Ml
723 4433 736 4448 .
769 4391 1007 4457 Quidam
1035 4408 1101 4446 ex
1128 4389 1389 4446 Patribus
1419 4390 1475 4446 in
1500 4392 1702 4445 exstasi
1731 4393 1967 4464 positus,
2001 4393 2136 4448 vidit

2216 3319 2415 3373 cellam
2428 3320 2618 3385 Marci,
2633 3326 2690 3374 et
2705 3337 2830 3374 cum
2846 3321 3164 3392 pulsassent
3174 3322 3397 3389 ostium,
3412 3325 3634 3378 vocavit
3644 3324 3782 3377 abbas

2219 3409 2476 3464 Silvanus
2499 3425 2704 3463 nomen
2728 3411 2776 3480 ej
2788 3425 2884 3476 us;
2915 3409 3011 3463 ille
3023 3417 3211 3464 autem
3235 3427 3362 3465 mox
3391 3417 3456 3466 ut
3484 3413 3696 3467 audivit
3719 3430 3785 3464 vo-

2218 3513 2338 3552 cem
2372 3498 2540 3563 senis,
2575 3499 2724 3552 foras
2754 3513 3012 3569 egressus
3033 3505 3137 3554 est.
3161 3500 3230 3554 Et
3253 3499 3544 3571 ingressus
3575 3502 3728 3556 abbas
3746 3501 3782 3553 in

2218 3588 2417 3641 cellam
2434 3588 2624 3654 Marci,
2657 3589 2923 3658 quoniam
2936 3589 3322 3659 scriptorerat,
3351 3593 3568 3661 reperit
3595 3597 3782 3663 quater-

2217 3677 2445 3731 nionem
2476 3693 2641 3748 quem
2669 3677 2964 3744 scribebat,
2991 3684 3047 3732 et
3069 3677 3281 3732 invenit
3302 3680 3450 3750 quod
3472 3680 3531 3734 in
3549 3697 3656 3752 qua
3679 3680 3783 3732 hora

2219 3773 2446 3821 vocatus
2471 3772 2575 3833 est,
2595 3767 2842 3822 litteram
2859 3783 3027 3838 quam
3057 3765 3311 3834 faciebat,
3335 3769 3584 3823 mediam
3611 3769 3780 3823 dereli-

2221 3855 2362 3927 quit,
2381 3856 2773 3910 tantummodo
2787 3861 2849 3910 ut
2860 3853 3234 3910 obedientiam
3253 3857 3611 3928 adimpleret.
3626 3855 3778 3912 Noluit

2219 3951 2406 4000 autem
2423 3945 2810 4017 postauditam
2832 3961 3022 4000 vocem
3052 3947 3201 4001 senis
3221 3947 3469 4001 litteram
3496 3947 3521 3982 ³
3538 3964 3694 4020 quam
3704 3962 3780 4000 cae-

2218 4035 2792 4107 peratpercomplere.
2826 4035 2986 4090 Unde
3014 4035 3095 4090 illi
3123 4035 3219 4090 alii
3247 4053 3407 4090 senes
3436 4037 3690 4092 dixerunt
3710 4034 3771 4088 ei:

2217 4125 2283 4180 In
2307 4125 2560 4190 veritate,
2594 4139 2762 4196 quem
2786 4129 2849 4180 tu
2877 4121 3064 4194 diligis
3101 4129 3160 4180 et
3186 4141 3290 4180 nos
3325 4127 3449 4194 jam
3501 4127 3772 4196 diligimus.

2217 4213 2350 4285 quia
2377 4220 2435 4269 et
2453 4215 2601 4268 Deus
2631 4229 2759 4268 eum
2784 4220 3014 4286 propter
3029 4231 3191 4268 suam
3209 4214 3588 4269 obedientiam
3603 4215 3767 4283 diligit.

2289 4304 2410 4358 144.
2445 4303 2683 4368 Quidam
2718 4317 2888 4358 senex
2915 4303 3200 4358 solitarius
3238 4303 3483 4358 habebat
3511 4306 3770 4376 quemdam

2217 4391 2637 4447 ministrantem
2666 4392 2790 4458 sibi,
2815 4399 3136 4447 manentem
3164 4393 3223 4448 in
3250 4393 3368 4447 vico
3386 4393 3618 4463 (Pelag.,
3643 4394 3771 4447 li'brll.

541 4489 783 4558 quatuor
795 4482 1018 4538 ordines
1043 4487 1174 4536 ante
1186 4481 1364 4536 Deum
1384 4483 1424 4534 ί.
1450 4482 1518 4536 Et
1542 4481 1757 4554 primus
1776 4484 2000 4554 quidem
2015 4490 2135 4538 erat
2155 4496 2322 4563 Dxrv,
2357 4499 2516 4537 num.
2555 4481 2661 4553 16).
2698 4483 2840 4537 Cum
2868 4488 3058 4537 autem
3097 4483 3190 4536 ille
3236 4483 3519 4538 tardasset
3572 4498 3664 4555 per
3687 4480 3773 4533 die:

538 4575 833 4631 hominum
857 4572 1268 4628 infirmantium
1297 4576 1354 4626 et
1398 4572 1610 4643 gratias
1645 4573 1934 4643 agentium
1979 4575 2130 4640 Deo;

537 4665 816 4721 secundus
842 4680 973 4717 vero
992 4669 1115 4717 erat
1135 4678 1331 4717 eorum
1345 4662 1441 4734 qui
1465 4663 1902 4734 hospitalitatem
1921 4668 2136 4718 sectario

533 4760 650 4821 tur,
671 4761 729 4810 et
746 4753 807 4807 in
827 4754 932 4806 hoc
945 4758 1099 4806 stant
1109 4757 1166 4807 et
1184 4752 1534 4818 ministrant;
1555 4753 2132 4808 tertiusveroillorum

541 4844 639 4916 qui
669 4841 1027 4898 solitudinem
1057 4846 1360 4908 sectantur,
1396 4846 1453 4896 et
1476 4857 1588 4896 non
1617 4841 1808 4896 vident
1847 4841 2132 4910 homines;

543 4939 777 5006 quartus
805 4948 934 4986 vero
965 4931 1188 4986 illorum
1217 4933 1314 5004 qui
1335 4938 1568 5004 propter
1589 4933 1769 4986 Deum
1791 4936 1849 4986 et
1876 4931 2137 4986 obedien-

539 5023 678 5078 tiam
695 5022 938 5089 solliciti,
960 5025 1018 5076 et
1039 5021 1276 5094 subjecti
1291 5027 1424 5078 sunt
1432 5021 1702 5094 patribus.
1727 5022 1862 5076 Erat
1879 5038 2012 5092 ergo
2026 5021 2134 5076 illis

539 5113 721 5170 tribus
749 5113 1040 5168 ordinibus
1067 5112 1158 5166 hic
1185 5113 1324 5167 ordo
1343 5113 1619 5184 superior,
1645 5113 1740 5182 qui
1759 5111 2133 5166 obedientiam

541 5202 855 5271 exhibebat,
902 5209 960 5258 et
985 5201 1252 5257 utebatur
1275 5206 1478 5273 torque
1525 5217 1715 5266 aurea,
1765 5201 1822 5254 ét
1861 5203 2134 5272 majorem

538 5295 778 5365 gloriam
809 5307 924 5366 prae
954 5291 1170 5349 caeteris
1197 5291 1536 5363 possidebat.
1568 5291 1722 5346 Dixit
1750 5295 1940 5345 autem
1971 5308 2136 5345 senex

543 5385 595 5438 ei
624 5384 722 5456 qui
752 5383 861 5438 sibi
891 5384 996 5438 hoc
1023 5383 1084 5438 in
1113 5379 1757 5438 exstasidemonstrabat
1787 5399 1799 5435 :
1835 5382 2020 5446 Quare
2048 5383 2138 5436 hic

543 5473 680 5529 ordo
709 5479 945 5546 quartus
975 5473 1250 5545 majorem
1277 5471 1492 5531 caateris
1539 5471 1776 5543 gloriam
1810 5470 2015 5526 habet?
2038 5473 2137 5528 Ille

617 5615 636 5651 ¹
663 5617 881 5682 Petam.
914 5619 1082 5672 libell.
1107 5634 1216 5684 xxv,
1248 5633 1406 5671 nunt.
1446 5615 1528 5672 19.
1575 5615 1640 5672 In
1679 5615 1858 5673 Editis
1910 5621 1996 5672 est
2047 5617 2137 5674 hic

549 5685 692 5758 style
717 5688 948 5761 Pelagii.
972 5689 1140 5769 Posui
1164 5695 1230 5747 ut
1255 5689 1316 5746 in
1343 5688 1477 5749 Mss.

2215 4572 2446 4643 aliquot,
2471 4577 2528 4626 et
2545 4572 2666 4626 seni
2677 4572 2994 4626 necessaria
3013 4571 3360 4638 defecissent,
3385 4577 3442 4626 et
3461 4587 3640 4644 neque
3657 4567 3767 4642 quod

2217 4667 2544 4734 Operaretur
2569 4661 2818 4727 haberet,
2869 4667 2926 4716 et
2971 4678 3080 4732 quo
3119 4663 3462 4727 reficeretur,
3504 4669 3561 4716 et
3585 4664 3770 4733 propter

2217 4750 2322 4806 hoc
2349 4751 2688 4816 tristaretur,
2720 4751 2860 4804 dixit
2887 4750 3157 4822 discipulo
3206 4767 3307 4806 suo
3334 4749 3357 4784 ³
3386 4768 3398 4802 :
3457 4751 3610 4804 Vade
3636 4751 3685 4803 in
3712 4746 3768 4797 vi-

2218 4857 2366 4896 cum.
2405 4840 2601 4895 Atille
2627 4840 2945 4912 respondit:
2983 4840 3141 4905 Quod
3182 4840 3282 4906 vis,
3341 4840 3526 4906 Pater,
3579 4838 3764 4894 faciam.

2215 4929 2474 4986 Timebat
2497 4935 2686 4984 autem
2734 4930 2908 4984 frater
2948 4930 3210 4984 accedere
3239 4929 3310 4982 ad
3349 4929 3532 4983 vicum
3582 4935 3767 5000 prepter

2217 5021 2560 5085 scandalum,
2593 5025 2650 5074 et
2667 5025 2858 5074 tamen
2886 5025 2951 5074 ut
2979 5017 3230 5074 obediret
3258 5019 3432 5083 Patri,
3461 5015 3699 5091 promisit

2215 5109 2449 5165 iturum.
2473 5109 2624 5164 Dixit
2645 5109 2696 5164 ei
2725 5125 2918 5163 senex:
2953 5108 3099 5173 Quia
3121 5108 3338 5162 confido
3366 5107 3423 5162 in
3446 5108 3558 5162 Deo
3586 5111 3763 5178 patrum

2217 5206 2537 5254 nostrorum
2570 5199 2718 5270 quod
2749 5203 3010 5270 protegat
3032 5203 3090 5252 te
3121 5197 3191 5252 ab
3222 5197 3372 5251 omni
3392 5197 3700 5252 tentatione.
3720 5191 3763 5243 Et

2218 5289 2360 5344 facta
2393 5289 2646 5344 oratione
2665 5288 2978 5343 transmisit
3003 5304 3158 5346 eum.
3192 5288 3331 5342 Cum
3356 5292 3545 5341 autem
3573 5283 3761 5338 venisset

2219 5380 2396 5436 frater
2421 5380 2480 5434 in
2509 5380 2714 5446 vicum,
2739 5383 2797 5433 et
2821 5377 3148 5449 requisisset
3175 5393 3285 5448 quo
3316 5381 3567 5431 maneret
3585 5374 3668 5429 ille
3694 5368 3760 5440 qui

2219 5471 2341 5525 seni
2388 5467 2764 5537 ministrabat,
2819 5468 3048 5523 inventa
3099 5467 3283 5534 domo,
3347 5481 3476 5522 cum
3533 5464 3759 5538 pulsasset

2287 5613 2382 5687 τέο
2410 5615 2780 5687 interponunt
2790 5611 2974 5687 AEditi,
3005 5616 3065 5687 et
3093 5611 3174 5687 ita
3195 5610 3261 5687 in
3280 5609 3469 5687 Pelag:

2287 5685 2310 5719 ³
2331 5686 2395 5742 In
2415 5678 2676 5742 Editisad
2693 5683 2923 5743 verbum
2935 5701 3000 5740 ex
3019 5681 3244 5754 Pelagio
3269 5700 3283 5750 ;
3311 5678 3467 5754 posui
3493 5685 3556 5737 ut
3579 5679 3634 5735 in
3659 5678 3750 5734 ll“-

3811 5847 3815 6037 Ι

3810 6069 3813 6181 l
