3876 6420
136 299 246 400 78o
1448 339 1691 397 VERBA
1727 336 2120 394 SENIORUM.
3328 333 3450 392 790'

132 467 374 534 ostium,
403 464 638 536 contigit
665 467 732 520 ut
756 479 923 521 nemo
943 481 1011 521 ex
1039 465 1151 522 illis
1178 465 1524 522 inveniretur
1558 467 1618 522 in
1645 466 1747 521 do-
1767 465 1821 527 A
1840 465 1950 520 rati
1978 481 2193 527 sumus,
2218 465 2352 520 tolle
2379 469 2436 520 et
2463 465 2680 536 comple
2700 465 3090 519 necessitatem
3103 469 3280 520 tuam.
3307 464 3440 518 Car-

131 575 247 622 mo,
310 563 517 629 przeter
561 573 734 610 unam
791 557 963 611 filiam
987 559 1143 612 illius
1165 557 1558 612 ministrantis.
1605 558 1744 622 Qua:
1827 555 2026 609 ricavit
2045 561 2234 609 autem
2268 571 2434 608 senex
2477 555 2773 619 camelum,
2808 559 2866 608 et
2895 554 2994 608 ivit
3017 554 3077 608 in
3107 555 3429 626 rligyptum.

131 664 264 704 cum
283 647 602 718 aperuisset
625 646 850 711 ostium,
887 653 944 701 et
968 647 1144 702 frater
1165 649 1421 702 eamdem
1453 664 1555 718 pro
1587 653 1746 718 patre
1829 647 1971 700 Cum
2001 652 2188 699 autem
2219 645 2634 698 discarricaSset
2657 644 2862 698 iterum
2883 644 2976 697 ille
3001 644 3176 698 lrater
3201 644 3431 699 reduce-

128 740 258 808 ejus
287 737 622 809 requireret,
649 753 750 790 cur
775 741 859 791 tot
879 736 1076 791 diebus
1099 738 1396 801 tardasset,
1437 737 1532 790 illa
1555 737 1746 792 horta-
1829 735 1927 790 bat
1959 735 2258 800 camelum,
2287 739 2344 788 et
2371 734 2539 788 dixit:
2563 735 2676 789 Ora
2705 750 2806 804 pro
2831 750 2940 799 me,
2965 734 3150 787 Pater.
3180 733 3435 805 Cumque

131 827 310 882 batur
329 845 460 882 eum
489 826 709 897 ingredi
729 827 960 880 domum
981 827 1172 892 simul,
1205 832 1263 882 et
1291 825 1554 880 trahebat
1591 843 1741 882 eum.
1829 842 1997 880 senex
2029 825 2356 896 requisisset
2388 841 2498 895 quo
2521 829 2800 896 pergeret,
2832 823 3120 894 respondit
3152 841 3164 876 :
3200 825 3262 878 In
3295 825 3432 896 Scy-

133 919 281 972 Cum
320 922 512 972 autem
543 917 636 970 ille
667 933 780 970 non
811 916 1210 987 acquiesceret,
1264 916 1362 970 illa
1401 915 1656 982 invaluit,
1691 921 1748 970 et
1830 915 1974 969 thim
2007 915 2166 977 vado,
2185 919 2250 968 ut
2274 914 2446 967 etiam
2477 919 2698 968 nostras
2727 913 3021 984 sportellas
3039 913 3147 967 huc
3175 914 3426 968 afferam.

125 1006 308 1062 traxit
337 1023 469 1061 eum
499 1007 569 1060 ad
598 1022 678 1060 se.
715 1006 858 1060 Cum
899 1012 1089 1060 autem
1118 1005 1349 1060 vidisset
1376 1006 1471 1060 ille
1507 1006 1642 1077 quia
1673 1006 1742 1060 ad
1831 1003 1991 1068 Quod
2022 1021 2150 1057 cum
2182 1003 2429 1058 audisset
2457 1019 2649 1070 senex,
2684 1007 3051 1074 compunctus
3068 1003 3236 1074 ccepit
3259 1003 3434 1074 poeni-

131 1101 434 1169 peccatum
463 1095 877 1160 trahebatur,et
896 1095 1174 1166 urgebant
1194 1112 1323 1150 eum
1353 1096 1740 1165 cogitationes,
1828 1100 1969 1156 tere,
2016 1093 2208 1146 dicens
2242 1093 2640 1163 laerymando:
2690 1099 2879 1158 ἥξω
2935 1092 3230 1162 Indulgete
3264 1093 3423 1160 mihi,

135 1186 440 1258 ingemuit,
490 1191 546 1240 et
571 1185 850 1242 clamavit.
883 1186 1074 1240 dicens
1116 1186 1186 1240 ad
1208 1187 1385 1240 Deum
1427 1204 1440 1238 :
1481 1185 1736 1250 Domine,
1827 1181 2160 1249 dulcissimi,
2186 1181 2318 1253 quia
2345 1182 2589 1236 Charitas
2619 1189 2803 1236 vestra
2827 1182 3071 1236 fructum
3098 1199 3286 1238 meum
3309 1181 3431 1237 abs-

132 1281 375 1348 pr0pter
401 1275 712 1330 orationem
761 1275 884 1345 ejus
913 1274 1010 1346 qui
1039 1291 1128 1328 me
1157 1273 1330 1340 misit,
1369 1274 1520 1328 salva
1552 1289 1642 1328 me
1685 1273 1743 1328 in
1825 1271 1976 1326 tulit.

132 1365 240 1419 hac
263 1365 428 1420 hora.
461 1366 529 1420 Et
556 1381 684 1420 cum
713 1364 819 1418 hoc
847 1364 1099 1428 dixisset,
1134 1363 1319 1418 subito
1360 1363 1624 1417 inventus
1655 1367 1744 1417 est
1895 1361 2021 1416 147.
2057 1361 2216 1415 Alter
2269 1377 2440 1414 senex
2471 1377 2601 1415 cum
2628 1360 2953 1431 perfecisset
2983 1361 3276 1432 sportellas
3299 1378 3429 1416 suas

136 1455 206 1507 ad
237 1455 452 1509 flumen
477 1454 640 1525 juxta
662 1453 1070 1508 monasterium
1095 1470 1282 1522 uum,
1305 1459 1362 1508 et
1383 1469 1638 1508 reversus
1658 1457 1744 1507 est
1829 1453 2048 1519 (Pelag.,
2087 1453 2258 1506 libell.
2284 1465 2414 1512 xvii,
2451 1467 2603 1504 num.
2638 1449 2748 1516 10),
2781 1455 2838 1504 et
2861 1451 2978 1520 jam
3002 1450 3312 1504 retinacula
3331 1451 3432 1504 mi-

139 1543 211 1598 ad
236 1543 467 1598 Patrem
497 1560 663 1598 suum
691 1543 812 1597 sine
838 1543 1074 1597 macula.
1828 1540 1996 1594 sisset
2015 1557 2232 1607 earum,
2265 1539 2479 1594 audivit
2500 1539 2746 1594 vicinum
2766 1556 2933 1594 suum
2961 1541 3258 1594 dicentem:
3283 1539 3430 1604 Quid

212 1631 336 1689 145.
352 1634 475 1688 Duo
488 1632 688 1686 fratres
701 1633 954 1686 carnales
967 1637 1240 1686 venerunt
1253 1631 1311 1686 in
1327 1631 1609 1702 quoddam
1621 1647 1742 1686 mo—
1829 1629 2050 1696 faciam,
2079 1629 2342 1701 quoniam
2373 1628 2640 1683 nundinae
2665 1645 2838 1700 prope
2867 1634 3017 1692 sunt,
3041 1635 3098 1684 et
3117 1646 3227 1683 non
3250 1628 3428 1684 habeo

139 1723 458 1777 nasterium
496 1721 769 1787 habitare,
807 1727 866 1776 et
884 1738 1032 1776 unus
1055 1739 1119 1776 ex
1157 1722 1294 1793 ipsis
1309 1728 1434 1776 erat
1452 1721 1748 1792 religiosus
1766 1787 1805 1793 _
1829 1719 1978 1772 unde
2005 1719 2228 1773 mittam
2267 1719 2578 1772 retinacula
2606 1719 2665 1772 in
2691 1719 2988 1789 sportellas
3017 1735 3190 1773 meas.
3215 1719 3282 1773 Et
3303 1735 3430 1774 mox

138 1812 298 1866 valde
330 1812 476 1866 alter
493 1811 706 1866 habens
728 1810 1102 1866 obedientiam
1122 1787 1394 1882 grandem
1413 1787 1639 1880 (Ρθιαῇη
1673 1813 1745 1865 li-
1766 1787 1813 1849 Β
1831 1809 2116 1879 ingressus
2132 1807 2426 1878 dissipavit
2454 1808 2680 1879 propria
2702 1787 3030 1875 retinacula,
3054 1814 3112 1862 et
3140 1809 3330 1862 attulit
3356 1809 3429 1863 ad

138 1903 259 1956 bell.
285 1919 393 1965 xw,
421 1918 578 1954 num.
601 1902 714 1971 17).
749 1901 888 1955 Cum
916 1917 1049 1970 ergo
1075 1901 1246 1954 abbas
1275 1900 1603 1972 praeciperet
1629 1900 1742 1955 illi:
1829 1899 2082 1964 fratrem,
2115 1897 2304 1951 dicens
2330 1915 2342 1950 :
2369 1898 2506 1951 Ecce
2535 1897 2644 1951 ista
2667 1899 2953 1968 superﬂua
2980 1897 3176 1964 habeo,
3209 1898 3342 1952 tolle
3369 1903 3427 1952 et

141 1991 251 2044 Fac
283 1990 409 2056 hoc,
434 1995 490 2044 et
519 1990 743 2044 faceret.
770 1991 835 2044 Et
855 1991 1061 2044 iterum
1087 2008 1098 2042 :
1122 1991 1230 2044 Fac
1249 1989 1406 2055 illud,
1433 1994 1490 2043 et
1507 1989 1733 2043 faceret.
1831 1987 1992 2042 mitte
2023 1988 2082 2041 in
2111 1987 2407 2058 sportellas
2437 1993 2583 2052 tuas,
2618 1993 2675 2041 et
2702 1988 2782 2042 ita
2809 2004 2922 2062 prae
2950 1987 3130 2042 nimia
3152 1987 3426 2042 charitate

138 2080 207 2133 Et
229 2080 288 2134 in
319 2079 425 2134 hoc
461 2079 883 2150 gloriﬁcabatur
911 2080 969 2133 in
1001 2079 1361 2145 monasterio,
1400 2079 1547 2150 quod
1573 2079 1742 2132 talem
1831 2077 1964 2130 fecit
1991 2084 2055 2130 ut
2081 2077 2273 2130 fratris
2303 2093 2474 2147 opera
2497 2077 2929 2148 complerentur,
2964 2093 3065 2132 sua
3094 2083 3283 2132 autem
3316 2077 3425 2131 im-

136 2167 510 2222 obedieutiam
542 2168 788 2222 haberet.
827 2168 1079 2224 lnvidens
1125 2185 1256 2222 vero
1293 2168 1466 2222 frater
1495 2169 1616 2238 ejus
1645 2167 1739 2222 ille
1825 2166 2072 2238 perfecta
2093 2166 2342 2237 reliquit.

135 2258 432 2328 religiosus
466 2258 774 2328 [abstinens
803 2256 1174 2330 apmil’rlag.]
1203 2257 1342 2312 dixit
1369 2257 1520 2311 intra
1539 2262 1742 2311 semet-

135 2346 321 2418 ipsum
348 2349 366 2382 ¹
398 2366 408 2400 :
442 2347 692 2402 Tentabo
707 2348 856 2401 hunc
876 2348 1104 2401 fratrem
1132 2364 1320 2401 meum
1353 2347 1399 2400 si
1417 2346 1587 2401 habet
1617 2363 1737 2401 cer-

135 2440 253 2491 tam
284 2437 696 2504 obedientiam;
730 2441 786 2491 et
831 2438 1059 2490 veniens
1081 2437 1151 2491 ad
1181 2435 1444 2490 abbatem
1473 2436 1616 2490 dixit
1643 2435 1694 2490 ei
1721 2453 1732 2488 :

136 2526 480 2580 Transmitte
509 2527 740 2580 fratrem
764 2542 948 2579 meum
966 2541 1204 2591 mecum,
1241 2525 1508 2596 quoniam
1540 2541 1736 2578 neces-

138 2615 318 2669 sarius
339 2633 464 2669 sum
487 2615 545 2669 in
576 2616 816 2686 quodam
849 2616 987 2668 loco.
1026 2615 1094 2668 Et
1139 2614 1355 2668 dimisit
1383 2631 1511 2668 eum
1543 2613 1733 2668 abbas.

1901 2254 2016 2312 1/18.
2051 2255 2237 2309 Abbas
2265 2257 2509 2310 Joannes
2535 2256 2723 2325 gratia
2751 2255 3046 2311 charitatis
3065 2271 3287 2311 omnem
3307 2273 3425 2312 ma-

1821 2345 2000 2398 litiam
2031 2350 2118 2398 est
2138 2344 2366 2398 oblitus.
2394 2345 2495 2398 llic
2517 2361 2641 2399 cum
2666 2361 2700 2398 a
2720 2345 2892 2400 fratre
2913 2347 3154 2417 quodam
3177 2353 3426 2402 mutuas-

1822 2441 1908 2487 set
1938 2434 2181 2488 solidum
2207 2450 2404 2499 unum,
2438 2439 2495 2488 et
2513 2439 2893 2505 comparasset
2913 2435 3093 2490 linum
3118 2436 3269 2491 unde
3298 2453 3426 2507 ope-

1821 2528 2061 2589 raretur,
2085 2523 2236 2576 venit
2256 2539 2402 2577 unus
2432 2523 2606 2578 frater
2633 2530 2828 2594 petens
2847 2541 2977 2578 eum
2998 2541 3196 2596 parum
3223 2525 3342 2590 lini,
3360 2533 3426 2581 ut

1821 2613 2033 2666 faceret
2075 2611 2181 2666 sibi
2212 2629 2434 2668 saccum
2475 2631 2487 2680 ;
2531 2618 2590 2667 at
2620 2613 2715 2666 ille
2761 2613 2918 2670 dedit
2961 2614 3011 2668 ei
3040 2631 3165 2669 cum
3193 2616 3421 2685 gaudio.

139 2705 278 2759 Cum
307 2711 499 2759 autem
537 2705 746 2776 pariter
766 2705 1268 2776 proficiscerentur,
1303 2704 1492 2758 volens
1519 2709 1738 2758 tentare
1821 2703 1963 2757 Item
1989 2703 2134 2756 alter
2157 2703 2312 2757 venit
2341 2709 2536 2774 petens
2553 2719 2682 2756 eum
2709 2703 2908 2769 linum,
2934 2709 2992 2758 et
3021 2705 3176 2759 dedit
3190 2706 3260 2760 ei.
3287 2707 3424 2761 Nec-

139 2811 284 2859 cum,
319 2811 448 2848 cum
477 2794 861 2866 pervenissent
881 2795 949 2848 ad
983 2794 1192 2848 flumen
1216 2793 1274 2846 in
1302 2809 1412 2863 quo
1443 2799 1566 2847 erat
1589 2793 1736 2848 mul-

135 2883 317 2936 titudo
349 2883 780 2946 crocodilorum,
802 2883 939 2936 dixit
953 2882 1003 2936 ei
1031 2901 1040 2936 :
1079 2882 1364 2936 Descende
1396 2884 1452 2936 in
1478 2881 1732 2948 ﬂuvium,

1821 2807 1935 2846 non
1966 2797 2022 2846 et
2051 2791 2176 2845 aliis
2207 2791 2464 2862 plurimis
2493 2791 2842 2847 venientibus
2880 2798 2939 2846 et
2985 2794 3420 2864 petentibus,de-

1821 2881 1904 2934 dit
1933 2880 2192 2935 omnibus
2220 2897 2346 2934 cum
2374 2881 2600 2951 gaudio.
2639 2882 2771 2936 Post
2795 2881 2901 2935 hoc
2941 2881 3036 2938 ille
3058 2883 3154 2954 qui
3195 2889 3420 2939 mutua-

139 2976 194 3026 et
219 2973 402 3027 transi
428 2991 440 3041 ;
470 2979 525 3027 et
545 2973 832 3026 descendit
857 2973 970 3033 ille.
1004 2976 1060 3026 et
1091 2975 1362 3025 venerunt
1390 2971 1738 3035 crocodili,et
1818 2976 1976 3024 verat
1991 2971 2248 3035 solidum,
2276 2971 2429 3024 venit
2446 2975 2704 3042 repetens
2723 2988 2871 3025 eum.
2902 2972 2977 3026 At
3001 2972 3095 3026 ille
3115 2973 3280 3027 dixit:
3307 2975 3421 3044 Ego

137 3067 426 3134 cmperunt
448 3063 662 3132 lingere
683 3079 884 3132 corpus
905 3063 1046 3132 ejus,
1095 3066 1150 3115 et
1171 3077 1282 3114 non
1319 3060 1369 3114 ei
1398 3067 1732 3116 nocuerunt.

1819 3059 1978 3124 vado,
2019 3065 2076 3114 et
2103 3061 2340 3114 afferam
2370 3059 2492 3115 tibi.
2511 3061 2581 3114 Et
2609 3077 2722 3114 non
2749 3059 3121 3115 habensunde
3143 3063 3419 3130 redderet,

139 3152 292 3215 Quod
315 3168 443 3206 cum
477 3151 705 3206 vidisset
736 3153 846 3214 ille,
881 3151 1020 3204 dixit
1047 3151 1132 3204 ei:
1166 3149 1425 3204 Ascende
1454 3151 1523 3204 de
1549 3151 1738 3218 ﬂuvio,
1759 3150 1802 3212 C
1823 3151 2083 3208 surrexit.
2118 3157 2175 3204 et
2201 3149 2480 3221 profectus
2519 3155 2606 3204 est
2633 3150 2703 3204 ad
2733 3149 2993 3204 abbatem
3021 3151 3310 3217 Jacobum,
3356 3159 3421 3207 ut

137 3243 192 3294 et
219 3257 415 3295 eamus
443 3259 456 3307 ;
480 3241 681 3295 etdum
705 3240 1213 3303 irent,invenerunt
1231 3256 1431 3311 corpus
1451 3246 1735 3295 mortuum

131 3330 322 3398 jacens
350 3330 412 3384 in
443 3329 546 3384 via.
585 3331 654 3384 Et
673 3330 812 3384 dixit
831 3330 923 3383 ille
949 3328 1241 3399 religiosus
1268 3346 1280 3381 :
1316 3329 1373 3384 Si
1397 3327 1736 3384 haberemus

137 3419 346 3490 aliquid
395 3437 461 3473 ex
512 3419 925 3483 veteramentis,
983 3417 1338 3472 mitteremus
1367 3435 1537 3490 super
1574 3419 1731 3474 illud.

140 3509 238 3562 Cui
266 3509 446 3564 frater
467 3509 608 3564 dixit
637 3507 982 3576 :0remus,si
1007 3509 1150 3562 forte
1175 3508 1543 3562 susciteteum
1563 3509 1732 3563 Deus.

137 3597 201 3652 Et
219 3599 501 3654 stantibus
515 3599 624 3653 illis
650 3599 705 3653 in
731 3599 1006 3660 oratione,
1030 3598 1332 3652 suscitatus
1349 3603 1435 3652 est
1455 3603 1728 3664 mortuus,

139 3693 192 3741 et
217 3688 470 3742 laudavit
492 3705 551 3742 se
583 3688 674 3742 ille
695 3688 1010 3758 religiosus,
1044 3687 1234 3742 dicens
1275 3706 1287 3740 :
1341 3689 1578 3758 Propter
1608 3687 1735 3742 reli~

137 3777 360 3846 gionem
393 3794 575 3832 meam
619 3777 866 3832 surrexit
915 3777 1004 3831 hic
1035 3782 1312 3831 mortuus.
1361 3776 1736 3832 Manifestavit

138 3870 320 3922 autem
358 3868 508 3922 Deus
553 3867 708 3922 Patri
741 3867 799 3921 in
819 3866 1162 3920 monasterio
1209 3882 1404 3921 eorum
1435 3866 1641 3931 omnia,
1679 3871 1736 3921 et

137 3957 610 4026 quemadmodum
669 3957 908 4011 tentavit
941 3957 1176 4010 fratrem
1228 3955 1298 4010 de
1342 3955 1651 4022 crocodilis,
1679 3961 1736 4011 et

139 4047 414 4114 quomodo
444 4051 699 4100 mortuus
738 4045 1090 4100 surrexisset.
1123 4046 1192 4099 Et
1219 4049 1519 4116 postquam
1565 4061 1734 4100 vene-

137 4141 267 4190 runt
292 4137 351 4192 in
373 4137 796 4203 monasterium,
837 4136 976 4190 dixit
1021 4135 1193 4190 abbas
1223 4136 1293 4190 ad
1314 4136 1486 4190 istum
1505 4136 1733 4207 religio-

137 4239 257 4279 sum
285 4244 299 4282 :
327 4227 516 4292 Quare
544 4226 661 4280 haec
689 4225 866 4280 iecisti
885 4225 1047 4280 fratri
1075 4225 1222 4280 suo?
1278 4225 1562 4296 Cognosce
1600 4226 1735 4297 quia

137 4320 364 4385 propter
393 4315 770 4370 obedientiam
797 4317 922 4386 ejus
951 4316 1194 4370 surrexit
1223 4321 1480 4370 mortuus
1507 4315 1620 4370 ille.

208 4401 328 4460 146.
350 4405 588 4470 Quidam
603 4423 667 4458 ex
687 4404 912 4460 senibus
923 4405 992 4458 de
1005 4404 1198 4476 Scythi
1215 4404 1548 4476 discipulum
1567 4421 1732 4461 suum

1821 3245 2039 3311 peteret
2063 3255 2193 3292 eum
2232 3244 2510 3310 quatenus
2540 3239 2805 3294 redderet
2833 3239 2913 3293 illi
2936 3255 2972 3294 a
3000 3256 3110 3312 quo
3132 3246 3420 3295 mutuave-

1819 3333 1925 3382 rat.
1980 3329 2050 3382 Et
2075 3328 2209 3382 dum
2234 3328 2346 3383 iret
2383 3345 2486 3400 per
2511 3329 2656 3382 viam
2705 3328 2920 3383 invenit
2964 3329 3203 3384 solidum
3227 3331 3418 3400 jacen-

1819 3422 1954 3484 tem,
1988 3422 2044 3472 et
2063 3433 2173 3471 non
2200 3434 2330 3472 eum
2355 3417 2568 3488 tetigit;
2587 3418 2684 3472 sed
2711 3418 2859 3472 facta
2877 3419 3132 3473 oratione
3158 3436 3416 3475 reversus

1820 3514 1905 3562 est
1930 3507 1990 3561 in
2011 3507 2290 3562 cellulam.
2330 3509 2400 3562 Et
2426 3524 2552 3562 cum
2582 3509 2789 3562 iterum
2816 3507 2992 3562 frater
3013 3507 3108 3564 ille
3136 3517 3416 3580 repeteret
3435 3546 3455 3568 ρ

1817 3597 2096 3651 rationem
2125 3613 2306 3663 suam,
2346 3597 2480 3652 dicit
2507 3597 2586 3650 ei:
2621 3597 3000 3668 Undecunque
3029 3600 3197 3654 modo
3226 3600 3414 3656 defero

1817 3686 1996 3741 illum.
2027 3688 2092 3740 Et
2117 3687 2323 3741 iterum
2351 3687 2632 3759 profectus
2658 3686 2872 3742 invenit
2899 3687 3161 3755 solidum,
3193 3689 3288 3744 ubi
3309 3707 3382 3745 an
3401 3720 3414 3734 -

1815 3781 1910 3830 tea
1938 3776 2153 3846 positus
2174 3779 2332 3844 erat;
2367 3782 2426 3830 et
2449 3776 2596 3830 facta
2628 3777 2901 3843 oratione,
2933 3793 3190 3832 reversus
3220 3784 3322 3844 est,
3357 3786 3416 3834 et

1817 3882 1941 3918 ecce
1988 3866 2196 3920 iterum
2244 3866 2398 3920 venit
2444 3865 2621 3920 frater
2667 3866 2762 3919 ille
2812 3867 3118 3921 molestans
3149 3884 3276 3922 eum
3307 3885 3411 3939 pro

1816 3955 2014 4009 solido.
2048 3955 2204 4010 Tunc
2232 3972 2400 4009 senex
2429 3955 2572 4009 dixit
2601 3955 2782 4010 modis
2811 3955 3101 4010 omnibus:
3135 3957 3300 4011 Modo
3320 3975 3411 4011 va-

1816 4045 1906 4110 do,
1937 4050 1994 4099 et
2021 4045 2193 4100 affero
2222 4045 2416 4099 illum:
2471 4051 2528 4099 et
2554 4045 2686 4100 dum
2725 4046 3175 4116 proficisceretur
3201 4047 3413 4112 invenit

1816 4135 2014 4188 eodem
2044 4135 2164 4189 loco
2191 4135 2432 4188 solidum
2457 4135 2766 4206 jacentem;
2791 4139 2848 4190 et
2874 4135 3024 4190 facta
3048 4137 3301 4192 oratione
3316 4142 3411 4192 tu-

1814 4224 1882 4279 lit
1903 4243 2053 4292 eum,
2087 4231 2144 4280 et
2173 4225 2325 4280 venit
2350 4225 2422 4280 ad
2447 4225 2708 4280 abbatem
2735 4225 3026 4292 Jacobum,
3059 4232 3115 4280 et
3149 4227 3284 4282 dicit
3317 4229 3370 4282 ei
3395 4247 3407 4282 :

1813 4315 1992 4382 Abba,
2017 4315 2248 4370 veniens
2273 4316 2344 4370 ad
2373 4321 2450 4374 te.
2472 4315 2657 4370 inveni
2678 4315 2828 4370 hunc
2847 4315 3167 4371 solidumin
3191 4317 3412 4374 via.Fac

1815 4417 1948 4471 ergo
1975 4401 2328 4468 charitatem,
2361 4407 2419 4455 et
2446 4401 2688 4472 praedica
2715 4401 2805 4456 hic
2827 4401 2884 4456 in
2913 4402 3156 4467 civitate,
3178 4419 3249 4457 ne
3267 4403 3410 4458 forte

138 4492 453 4549 transmisit
473 4495 531 4549 in
555 4493 881 4566 Egyptum,
914 4500 980 4549 ut
1016 4493 1068 4548 ei
1098 4493 1375 4548 camelum
1407 4494 1727 4563 deduceret,
1749 4480 1795 4538 ι)
1813 4490 2016 4560 aliquis
2035 4491 2344 4562 perdiderit
2367 4491 2548 4557 illum,
2581 4495 2638 4544 et
2663 4490 2711 4544 si
2741 4491 3001 4545 inventus
3027 4491 3198 4546 fuerit
3225 4493 3408 4548 domi-

137 4581 231 4650 qui
259 4584 558 4656 sportellas
605 4601 744 4655 quas
785 4583 1009 4650 fecerat,
1043 4588 1294 4655 portaret
1321 4583 1381 4638 in
1395 4581 1726 4656 Egyptum.

139 4666 272 4724 Cum
306 4678 498 4726 autem
528 4672 829 4726 deduceret
883 4672 1182 4736 camelum,
1235 4671 1379 4725 alter
1423 4687 1590 4725 senex
1637 4671 1732 4725 ob-

138 4757 289 4814 vians
319 4778 446 4816 eum
481 4761 618 4816 dicit
639 4761 688 4815 ei
715 4779 725 4814 :
755 4761 814 4816 Si
834 4761 1082 4827 scissem,
1127 4760 1320 4825 frater,
1356 4759 1580 4830 quando
1607 4759 1731 4814 ibas

139 4842 195 4898 in
221 4847 544 4920 Egyptum,
565 4849 829 4904 dixissem
849 4849 952 4903 tibi
968 4854 1032 4902 ut
1049 4854 1107 4902 et
1132 4847 1271 4902 mihi
1291 4848 1530 4902 alterum
1551 4863 1732 4902 came-

139 4933 249 4990 lum
281 4939 604 4994 adduceres.
638 4939 800 5004 Quod
827 4955 956 4992 cum
975 4938 1070 4992 ille
1089 4937 1263 4992 frater
1288 4937 1516 5010 proprio
1541 4936 1730 4992 abbati

139 5021 501 5098 dixisset,prae
525 5025 703 5080 multa
741 5025 1014 5080 charitate
1048 5024 1185 5080 dicit
1211 5025 1298 5080 ei:
1340 5025 1514 5092 Vade,
1546 5026 1646 5094 ﬁli,
1671 5031 1730 5082 et

139 5109 244 5166 duc
256 5116 430 5170 camel
441 5131 534 5170 um
557 5116 628 5171 ad
649 5116 808 5170 illum
819 5116 1030 5182 ,dicens
1043 5115 1268 5180 eizQuia
1285 5115 1526 5170 necdum
1542 5116 1726 5188 parati

141 5213 345 5272 sumus,
386 5205 600 5277 comple
627 5205 1018 5260 necessitatem
1045 5210 1226 5272 tuam,
1263 5209 1319 5260 et
1341 5205 1482 5260 vade
1507 5212 1570 5260 tu
1599 5223 1727 5262 cum

142 5287 256 5360 ipso
283 5295 496 5349 camelo
533 5311 712 5367 usque
738 5294 798 5350 in
836 5293 1170 5366 IEgyptum,
1201 5298 1259 5350 et
1303 5295 1512 5350 iterum
1557 5297 1730 5352 reduc

143 5379 295 5437 nobis
329 5383 627 5451 camelum,
657 5389 724 5440 ut
753 5388 813 5440 et
859 5390 1056 5440 nostra
1083 5399 1216 5440 vasa
1247 5389 1554 5456 portemus.
1586 5387 1728 5444 Cum

144 5481 270 5542 ergo
309 5473 531 5530 fecisset
569 5475 744 5530 frater
781 5474 878 5541 sic,
913 5479 972 5529 et
996 5473 1191 5529 ivisset
1218 5474 1290 5529 ad
1325 5475 1486 5533 illum
1513 5493 1725 5547 senem,

143 5557 325 5618 dicens
360 5582 372 5619 :
402 5561 590 5620 Abbas
610 5563 850 5621 Pambos
876 5562 1045 5618 dicit:
1080 5562 1225 5629 Quia
1251 5580 1355 5620 nos
1381 5567 1619 5624 necdum
1637 5584 1730 5642 pa-

209 5702 310 5763 ‘In
321 5707 498 5768 Editis
527 5710 600 5768 ad
626 5709 860 5770 verbum
888 5725 954 5768 ex
974 5708 1171 5783 Pelag.
1195 5728 1207 5778 ;
1249 5709 1381 5769 dedi
1409 5723 1476 5770 ex
1501 5707 1634 5771 Mss.

1811 4595 1918 4634 nus
1944 4581 2085 4649 ejus,
2118 4579 2290 4634 redde
2332 4579 2512 4650 illum.
2540 4580 2830 4634 Profectus
2859 4585 2944 4634 est
2968 4596 3101 4650 ergo
3129 4597 3316 4648 senex,
3350 4588 3409 4638 et
3473 4570 3479 4576 ’

1812 4686 1913 4740 per
1937 4648 2053 4723 tres
2080 4669 2199 4724 dies
2227 4648 2566 4740 prmdicavit,
2615 4674 2674 4723 et
2725 4685 2890 4723 nemo
2915 4648 3175 4724 inventus
3199 4677 3287 4726 est
3309 4673 3406 4743 qui

1813 4759 2149 4829 perdidisset
2175 4758 2416 4813 solidum
2441 4758 2619 4812 illum.
2654 4757 2810 4812 Tunc
2839 4775 2972 4830 ergo
3000 4760 3244 4814 Joannes
3271 4761 3409 4816 dicit

1811 4848 1882 4902 ad
1911 4846 2171 4902 abbatem
2197 4847 2497 4903 Jacobum:
2527 4847 2587 4902 Si
2614 4863 2782 4903 nemo
2811 4848 2971 4904 illum
2999 4849 3263 4922 perdidit,
3285 4852 3407 4906 red-

1811 4937 1883 4992 do
1909 4937 2068 4992 illum
2095 4937 2255 4992 fratri
2285 4937 2386 5004 illi,
2419 4937 2684 5009 quoniam
2717 4937 2892 4994 debeo
2919 4939 3038 5008 illi;
3085 4945 3144 4996 et
3178 4942 3405 4998 veniens

1811 5028 1882 5082 ad
1900 5033 1955 5081 te
1984 5033 2264 5094 mutuare,
2297 5032 2398 5082 aut
2419 5033 2570 5083 certe
2586 5028 2784 5083 tollere
2813 5029 2873 5084 in
2891 5031 3184 5099 cbaritate,
3205 5037 3264 5086 et
3285 5032 3408 5088 red-

1809 5117 1943 5172 dere
1972 5117 2053 5172 illi
2082 5117 2333 5172 debitum
2363 5133 2570 5185 meum,
2600 5117 2791 5174 inveni
2835 5119 3014 5175 illum.
3050 5117 3130 5176 'Et
3167 5121 3404 5176 miratus

1811 5212 1898 5262 est
1943 5224 2109 5264 senex
2139 5207 2614 5280 quemadmodum
2663 5213 2722 5264 et
2763 5209 2975 5264 debeas
3004 5216 3062 5264 et
3090 5206 3400 5278 inveniens,

1809 5313 1922 5352 non
1951 5297 2140 5352 statim
2161 5297 2293 5352 tulit
2307 5313 2456 5356 eum.
2481 5298 2875 5367 etreddiderit,
2899 5299 3011 5354 nisi
3034 5297 3120 5353 bis
3146 5314 3404 5355 reversus

1812 5392 1978 5454 esset,
2017 5393 2074 5442 et
2117 5387 2286 5442 tertio
2315 5387 2690 5460 praedicasset.
2734 5389 2850 5442 Hoc
2891 5393 3080 5444 autem
3113 5394 3236 5442 erat
3282 5390 3404 5460 ejus

1810 5477 2084 5546 mirabile,
2111 5479 2243 5551 quia
2258 5477 2306 5533 si
2329 5476 2452 5549 quis
2466 5476 2688 5533 volebat
2703 5477 2772 5532 ab
2791 5477 2886 5533 illo
2901 5475 3112 5550 aliquid
3134 5479 3402 5545 mutuari,

1814 5586 1925 5628 non
1939 5569 2112 5626 dabat
2132 5586 2234 5643 per
2253 5584 2451 5624 manus
2471 5583 2622 5636 suas,
2655 5567 2752 5624 sed
2771 5566 2994 5624 dicebat
3011 5565 3198 5625 fratri:
3225 5569 3399 5635 Vade,
