3876 6376
514 293 608 350 791

1642 300 1734 354 DE
1772 299 1962 356 VITIS
2003 299 2300 356 PATRUM
2338 301 2551 356 LIBER
2587 300 2687 354 Ill.
3685 300 3761 354 799.

512 426 571 475 et
588 421 722 476 tolle
742 421 842 476 tibi
865 423 1009 492 quod
1033 440 1172 493 opus
1207 423 1397 478 habes.
1425 427 1636 480 Etcum
1663 435 1976 498 reportaret
1999 427 2102 481 ite-
2127 428 2176 486 A
2194 427 2340 482 tibi?
2375 434 2436 481 tu
2467 443 2537 480 ne
2565 423 2830 479 detrahas
2860 421 3044 477 alteri.
3077 422 3307 487 Horres,
3341 421 3388 476 si
3417 423 3552 493 quis
3578 421 3673 476 tibi
3696 443 3760 479 ca-

512 527 662 577 rum,
693 511 913 564 dicebat
938 528 948 565 :
973 513 1126 566 Vade
1148 520 1205 568 et
1240 522 1463 586 reporta
1488 516 1678 570 inloco
1711 519 1859 572 unde
1875 518 2104 571 tuleras.

517 595 574 653 Si
603 605 791 652 autem
825 601 965 654 nihil
987 602 1298 668 detulisset,
1327 605 1466 658 nihil
1496 605 1587 659 ille
1618 607 1838 676 penitus
1867 606 2105 660 dicebat.

589 685 709 742 149.
755 688 948 742 Abbas
981 691 1208 745 Pmmen
1237 693 1458 747 dicebat
1489 712 1500 746 :
1553 695 1911 749 Voluntatcm
1952 702 2108 748 tuam

513 791 802 847 nunquam
833 779 1160 850 adimpleas,
1189 782 1286 835 sed
1317 783 1495 852 magis
1518 783 1750 838 humilia
1780 785 2113 854 teipsum,ut

512 863 686 919 facias
717 867 1062 922 voluntatem
1087 871 1328 941 proximi
1357 872 1438 926 tui
1463 871 1503 925 ί.

585 955 727 1008 Item
777 955 948 1010 abbas
995 958 1225 1012 Paamen
1255 961 1478 1029 quando
1526 961 1828 1016 vocabatur
1857 968 1920 1016 ut
1955 969 2111 1016 extra

447 1058 452 1062 '
515 1043 864 1099 voluntatem
909 1063 1070 1101 suam
1099 1049 1436 1115 comederet,
1470 1049 1586 1104 ibat
1625 1053 1870 1122 plorans,
1914 1071 1984 1106 ne
2031 1054 2113 1107 in-

515 1132 780 1188 obediens
805 1135 965 1190 fratri
995 1153 1097 1191 suo
1123 1139 1484 1194 contristaret
1508 1157 1657 1194 eum.

587 1223 742 1277 Idem
773 1230 1025 1279 mactans
1056 1231 1338 1297 prOpriam
1381 1229 1726 1284 voluntatem
1756 1231 2107 1298 humiliatus,

515 1311 862 1378 voluntatem
883 1314 1224 1385 sequebatur
1249 1317 1498 1370 alterius.

586 1402 712 1456 150.
743 1403 981 1466 Quidam
1012 1405 1353 1459 anachoreta
1381 1406 1607 1461 sedebat
1638 1407 1696 1462 in
1728 1409 1928 1478 spelreo
1953 1411 2114 1477 juxta

517 1490 832 1545 cmnobium
865 1493 1072 1547 multas
1087 1494 1322 1548 virtutes
1351 1497 1795 1568 faciens(l’clag.,
1817 1501 2110 1563 (Momm,

518 1595 577 1634 η.
604 1577 669 1646 8;
701 1582 914 1646 Pravo/1.,
945 1600 992 1639 c.
1029 1581 1112 1648 18,
1149 1601 1305 1638 num.
1343 1583 1427 1653 l);
1462 1591 1520 1638 et
1559 1603 1682 1639 cum
1715 1587 1889 1657 aliqui
1920 1604 2116 1640 mona-

2193 515 2461 570 lumniam
2493 515 2705 577 fecerit,
2734 513 2818 566 vel
2847 513 2894 566 si
2926 511 3049 582 quis
3077 510 3181 566 tibi
3212 511 3430 582 aliquid
3455 511 3758 568 abstulerit?

2193 611 2250 660 et
2277 612 2340 660 tu
2371 605 2484 659 sive
2513 606 2635 668 hoc,
2669 603 2780 657 sive
2811 601 2922 656 alia
2948 601 3034 654 his
3066 601 3277 655 similia
3299 617 3371 655 ne
3392 601 3570 655 facias
3593 603 3752 659 alicui.

2193 695 2301 758 Qui
2327 695 2477 749 enim
2508 695 2612 748 hoc
2634 691 2862 746 verbum
2878 691 3199 756 servaverit,
3223 696 3412 762 potest
3427 691 3514 746 illi
3544 691 3759 748 sufﬁcere
3827 691 3829 728 ¹

2193 785 2264 838 ad
2293 785 2551 839 salutem.

2263 874 2388 928 154.
2422 873 2609 928 Abbas
2647 873 2874 927 Puemen
2904 877 2961 926 et
2986 870 3156 925 abbas
3190 872 3386 942 Nuph,
3409 878 3697 943 postquam
3721 877 3760 928 in

2193 963 2478 1018 desertum
2509 967 2801 1027 venerunt,
2833 961 3185 1015 desiderabat
3200 965 3385 1015 mater
3400 978 3598 1015 eorum
3616 963 3763 1017 videre

2194 1069 2307 1117 eos,
2343 1058 2398 1106 et
2418 1070 2562 1123 saepe
2607 1050 2865 1105 veniebat
2892 1050 2958 1103 ad
2992 1066 3184 1104 eorum
3225 1050 3450 1116 cellam,
3485 1067 3588 1104 nec
3608 1057 3760 1106 tamen

2196 1141 2381 1211 potuit
2410 1141 2521 1194 illic
2549 1139 2916 1210 contemplari
2947 1155 3040 1192 eos
3075 1141 3299 1206 (Pc!ag.,
3336 1141 3490 1192 libc’l
3520 1155 3650 1203 rv,n.
3679 1139 3763 1195 33).

2195 1231 2431 1300 Captato
2456 1229 2644 1299 itaque
2673 1235 2942 1298 tempore,
2974 1227 3218 1281 occurrit
3246 1228 3330 1281 eis
3366 1244 3502 1282 cum
3533 1229 3602 1282 ad
3631 1230 3764 1282 eccle-

2195 1317 2338 1370 siam
2369 1317 2722 1383 festinarent;
2758 1332 2867 1386 qua
2905 1315 3042 1379 visa,
3075 1315 3283 1369 reversi
3305 1317 3576 1371 velociter
3595 1319 3761 1371 ostium

2196 1407 2348 1460 cellae
2377 1407 2719 1468 clauserunt,
2752 1405 2848 1458 illa
2888 1411 3077 1458 autem
3107 1410 3266 1458 stans
3295 1405 3434 1458 foris
3466 1422 3594 1459 cum
3626 1407 3764 1476 [arrv-

2201 1496 2304 1549 mis
2353 1493 2638 1566 quzerebat
2666 1511 2778 1548 eos.
2809 1494 2966 1548 Tunc
3007 1492 3178 1546 abbas
3225 1494 3395 1564 Nuph
3444 1511 3692 1564 egressus
3712 1497 3760 1548 ad

2200 1583 2426 1638 beatum
2457 1583 2914 1648 Pcemenem,ait:
2947 1582 3090 1646 Quid
3105 1582 3374 1636 faciemus
3392 1583 3467 1636 de
3489 1584 3594 1638 hac
3619 1591 3761 1637 matre

521 1667 610 1722 chi
635 1669 914 1724 venissent
949 1670 1018 1724 de
1065 1671 1336 1738 coenobio,
1397 1675 1789 1746 compulerunt
1817 1693 1944 1729 eum
1981 1677 2152 1746 hora;
2199 1680 2541 1744 nostra,quaa
2563 1673 2775 1744 plangit
2789 1672 2857 1725 ad
2874 1672 3078 1725 ostium
3101 1671 3762 1742 ?Tuncexsurgensabb-.s

519 1775 633 1812 non
653 1765 920 1814 consueta
942 1760 1252 1815 comedere.
1297 1763 1365 1816 Et
1395 1744 1652 1833 post‘hoc
1683 1765 1877 1818 dicunt
1923 1766 1974 1817 ei
2009 1766 2115 1818 fra-
2135 1744 2424 1817 15Puemen
2454 1762 2607 1815 vadit
2647 1761 2718 1814 ad
2746 1761 2951 1814 ostium
2982 1779 2994 1827 ;
3029 1777 3138 1831 quo
3169 1777 3279 1814 non
3311 1769 3538 1832 aperto,
3571 1763 3762 1816 audiens

517 1854 634 1902 tres
657 1867 667 1902 :
695 1849 1070 1905 Contristatus
1085 1868 1144 1905 es
1172 1851 1403 1922 aliquid,
1433 1852 1594 1917 abba,
1623 1853 1754 1924 quia
1774 1854 1940 1908 hodie
1959 1863 2116 1909 extra

518 1939 984 1994 consuetudinem
1013 1940 1236 2017 fecisti?
1266 1941 1480 2004 Quibus
1508 1941 1600 1996 ille
1633 1943 2117 2012 respondit:'l‘uue

519 2027 658 2082 mihi
685 2035 771 2082 est
797 2028 1106 2096 tribulatio,
1139 2030 1362 2100 quando
1391 2031 1677 2101 propriam
1714 2032 1894 2086 fecero
1926 2034 2117 2087 volun-

519 2120 694 2172 tatem
707 2159 717 2169 .

596 2205 713 2263 151.
741 2205 927 2260 Abbas
969 2207 1321 2278 Paphnutius
1367 2224 1476 2261 non
1505 2209 1769 2277 gustabat
1799 2210 1987 2263 vinum
2021 2211 2118 2264 ali-

521 2297 746 2369 quando
772 2299 998 2363 (Pelag.,
1051 2299 1220 2351 li‘bcll.
1258 2312 1387 2360 xvu,
1438 2314 1494 2350 η.
1561 2297 1658 2364 42).
1713 2300 1895 2353 Semel
1925 2307 2115 2354 autem

521 2384 818 2440 ambulans
839 2383 1064 2438 devenit
1083 2401 1254 2455 super
1275 2385 1550 2452 latrones;
1581 2392 1638 2439 et
1657 2403 1781 2440 cum
1816 2388 1870 2441 in
1906 2389 1992 2441 via
2023 2407 2117 2441 eos

520 2472 826 2528 invenisset
870 2473 1139 2538 bibentes,
1181 2475 1439 2545 cognitus
1472 2481 1558 2529 est
1595 2493 1626 2529 a
1659 2477 1909 2548 principe
1941 2479 2113 2532 latro-

522 2578 679 2627 num,
703 2562 800 2633 qui
830 2561 1040 2616 sciebat
1059 2580 1188 2617 eum
1212 2565 1359 2635 quod
1383 2564 1573 2619 vinum
1607 2582 1718 2620 non
1740 2565 1984 2620 biberet:
2021 2567 2118 2620 sed

522 2650 718 2705 videns
733 2651 864 2722 quia
887 2668 952 2704 ex
983 2651 1174 2706 labore
1196 2653 1413 2707 itineris
1436 2654 1704 2724 fatigatus
1739 2662 1903 2721 esset,
1928 2656 2121 2727 imple-

523 2739 606 2794 vit
617 2740 844 2796 calicem
865 2741 1136 2810 grandem
1158 2743 1302 2808 vino,
1323 2749 1379 2797 et
1387 2743 1639 2812 gladium
1658 2750 1856 2799 tenens
1870 2745 1927 2798 in
1951 2763 2119 2800 manu

527 2845 647 2895 sua,
681 2829 821 2884 dixit
850 2830 1007 2885 seni:
1039 2831 1158 2885 Nisi
1189 2830 1393 2886 biberis
1425 2833 1572 2887 hunc
1592 2833 1839 2897 calicem,
1873 2835 2120 2889 occidam

525 2923 604 2974 te.
636 2919 989 2989 Cognoscens
1013 2937 1180 2974 senex
1208 2921 1338 2992 quia
1366 2939 1432 2975 ex
1473 2924 1738 2977 mandato
1775 2925 1876 2978 Dei
1901 2926 2016 2978 vult
2044 2925 2122 2979 fa-

526 3025 671 3076 cere,
702 3009 891 3063 volens
923 3026 1050 3063 eum
1082 3010 1306 3074 lucrari,
1348 3011 1498 3076 tulit,
1546 3018 1602 3066 et
1651 3012 1808 3067 bibit.
1857 3015 2122 3086 Princeps

2197 1870 2321 1908 eam
2344 1851 2558 1923 jugiter
2577 1849 3044 1916 lamentari,dixit
3057 1849 3124 1903 ei:
3149 1850 3264 1904 Cur
3280 1855 3478 1905 tantos
3507 1852 3762 1907 clamores.

2197 1959 2326 1996 cum
2340 1943 2459 2012 jam
2481 1946 2643 1996 aetate
2669 1941 2886 1994 defessa
2905 1940 3000 2004 sis,
3033 1946 3090 1993 et
3119 1939 3377 2010 planctus
3392 1941 3668 1994 effundis?
3691 1941 3763 1994 Illa

2199 2037 2389 2085 autem
2419 2047 2548 2083 voce
2601 2028 2698 2082 filii
2734 2028 2975 2098 cognita,
3031 2029 3274 2099 amplius
3331 2030 3765 2092 exclamavit.di-

2198 2137 2346 2174 cens:
2363 2119 2640 2183 Quoniam
2663 2135 2756 2172 vos
2768 2118 2952 2170 videre
2963 2117 3366 2183 desidero,ﬁlii.
3384 2119 3537 2182 Quid
3560 2119 3766 2172 estenim

2199 2210 2245 2264 si
2275 2226 2371 2262 vos
2391 2208 2617 2261 videro?
2638 2223 2824 2261 nonne
2851 2224 2976 2260 sum
2999 2212 3182 2260 vestra
3194 2207 3481 2276 genitrix?
3507 2225 3682 2262 nonne
3700 2225 3767 2260 vos

2200 2299 2287 2352 his
2317 2298 2456 2352 meis
2483 2297 2682 2350 lactavi
2714 2295 3014 2350 uberibus?
3041 2297 3163 2349 Jam
3187 2296 3340 2350 omni
3369 2313 3656 2351 morarum
3673 2315 3769 2349 con-

2199 2387 2472 2442 tractione
2487 2387 2697 2458 repleta
2711 2385 3115 2450 sum,etaudita
3133 2402 3261 2439 voce
3273 2391 3371 2439 tua
3383 2386 3578 2440 omnia
3596 2387 3769 2440 viscera

2204 2494 2329 2530 mea
2359 2493 2471 2547 prie
2501 2475 2778 2529 desiderio
2796 2473 3126 2528 conturbata
3157 2476 3428 2529 sunt.Cui
3458 2476 3679 2529 Pcemen
3692 2477 3765 2527 ait:
3834 2520 3835 2542 ,

2205 2566 2304 2621 Hic
2331 2583 2434 2620 nos
2464 2564 2748 2635 magis,an
2775 2563 2832 2617 in
2853 2563 3041 2618 futuro
3068 2565 3267 2618 saculo
3288 2565 3481 2618 videre
3493 2563 3768 2619 desideras?

2202 2657 2276 2710 At
2302 2655 2401 2709 illa
2428 2654 2598 2708 dixit:
2630 2653 2772 2718 de
2797 2670 2928 2722 ergo
2959 2653 3005 2706 si
3035 2670 3130 2706 vos
3153 2653 3242 2706 hic
3268 2670 3381 2708 non
3413 2654 3766 2725 videro,quasi

2204 2745 2317 2798 illic
2344 2761 2442 2816 pro
2469 2749 2622 2797 certo
2639 2743 2826 2796 visura
2855 2743 3003 2795 sim?
3035 2743 3178 2796 Sene
3197 2748 3388 2796 autem
3407 2744 3764 2815 respondente:

2205 2834 2365 2898 Quod
2380 2833 2428 2887 si
2457 2839 2512 2886 te
2537 2833 2625 2886 hic
2656 2832 2911 2886 cohibere
2938 2832 3204 2902 potueris,
3230 2849 3300 2886 ne
3331 2849 3436 2886 nos
3459 2833 3660 2896 videas,
3685 2832 3768 2884 illic

2202 2941 2304 2978 nos
2333 2922 2525 2994 procul
2555 2921 2725 2976 dubio
2757 2938 2980 2992 semper
3019 2921 3249 2975 videbis.
3279 2923 3440 2976 Tunc
3469 2922 3570 2976 illa
3596 2922 3767 2976 disces-

2204 3013 2280 3067 sit
2301 3030 2427 3067 cum
2459 3011 2684 3082 gaudio,
2711 3011 2934 3065 dicens:
2972 3011 3028 3065 Si
3061 3027 3160 3082 pro
3185 3016 3338 3066 certo
3361 3011 3480 3066 illic
3495 3029 3591 3066 vos
3618 3012 3768 3065 visura

525 3104 714 3153 autem
735 3098 1195 3172 latronumcmpit
1215 3100 1462 3156 eidicere
1486 3103 1750 3173 :Indulge
1773 3104 1930 3170 mihi,
1956 3105 2118 3171 abba,
2139 3101 2184 3162 C
2204 3119 2349 3168 sum,
2384 3101 2473 3155 hic
2503 3117 2597 3155 vos
2618 3100 2806 3155 videre
2831 3101 2949 3171 jam
2974 3101 3122 3154 nolo.

527 3188 792 3260 quoniam
809 3188 1069 3244 tribulavi
1080 3195 1154 3244 te.
1177 3191 1280 3245 Cui
1295 3208 1461 3246 senex
1483 3191 1589 3246 ait:
1605 3193 1836 3247 Conﬁdo
1862 3195 1920 3248 in
1943 3195 2121 3250 Deum

523 3295 733 3344 meum,
753 3277 885 3350 quia
910 3285 1140 3350 propter
1152 3297 1327 3334 unum
1341 3281 1571 3336 calicem
1601 3282 1712 3336 vini
1745 3283 1913 3338 faciat
1933 3290 2121 3339 tecum

526 3367 985 3434 misericordiam,
1015 3373 1072 3422 et
1108 3369 1166 3424 in
1207 3371 1471 3440 praesenti
1502 3372 1703 3426 sagculo
1731 3378 1788 3426 et
1816 3373 1874 3426 in
1905 3373 2116 3429 futuro.

527 3457 678 3513 Dicit
713 3457 765 3512 ei
795 3457 1052 3529 princeps
1081 3459 1363 3514 latronum
1389 3479 1405 3514 :
1448 3461 1518 3514 Et
1547 3477 1649 3530 ego
1679 3463 1896 3517 conﬁdo
1927 3463 1984 3518 in
2017 3465 2122 3518 Deo

533 3545 666 3618 quia
693 3545 763 3600 ab
790 3546 955 3600 hodie
979 3547 1191 3602 nemini
1229 3549 1539 3604 malefacio.
1570 3551 1637 3604 Et
1663 3551 1742 3606 sic
1769 3551 2016 3607 lucratus
2041 3560 2127 3608 est

533 3652 703 3690 senex
735 3652 902 3690 omne
931 3637 1226 3707 collegium
1265 3639 1572 3694 latronum.

2281 3192 2400 3246 155.
2434 3191 2678 3245 Joannes
2707 3190 2891 3244 minor
2919 3189 3209 3257 Thebaeus,
3243 3189 3557 3262 discipulus
3585 3190 3766 3244 abbatis

2207 3280 2518 3346 Ammonis,
2552 3297 2652 3351 per
2674 3279 2968 3334 duodecim
3019 3295 3196 3333 annos
3230 3279 3457 3334 cuidam
3487 3281 3608 3334 seni
3636 3281 3762 3333 intir-

2205 3370 2382 3425 manti
2407 3370 2537 3424 fecit
2561 3369 2888 3440 obsequium
2923 3371 3143 3438 (Prlag.,
3169 3369 3584 3436 li'bcll.xvr,n.'t;
3602 3370 3755 3424 Pasch.

2205 3477 2251 3514 ο.
2277 3460 2365 3525 19,
2396 3476 2556 3514 num.
2579 3459 2656 3523 ἓξ.
2687 3461 2862 3514 Senex
2890 3465 3080 3512 tamen
3099 3458 3473 3513 cumvidisset
3497 3475 3622 3514 eum
3643 3457 3763 3512 labo-

2207 3555 2745 3620 rantem,nunquam
2759 3548 2836 3602 illi
2862 3565 3177 3603 sermonem
3201 3547 3471 3602 blandum
3503 3557 3602 3602 aut
3627 3546 3766 3619 placi-

2212 3638 2347 3692 dum
2367 3639 2586 3693 locutus
2618 3643 2720 3694 est.
2753 3639 2891 3693 Cum
2917 3643 3106 3691 autem
3134 3637 3401 3692 transiret
3431 3638 3504 3692 de
3550 3652 3766 3708 corpore.

3821 91 3828 312 l

609 3724 728 3783 152.
761 3726 937 3780 Erant
959 3727 1070 3781 duo
1103 3726 1506 3783 fratreszunus
1522 3747 1587 3784 ex
1616 3729 1751 3802 ipsis
1782 3747 1952 3786 senex
1986 3739 2126 3799 erat,
2213 3727 2536 3782 sedentibus
2557 3728 2683 3782 aliis
2713 3727 2956 3793 senibus,
2977 3727 3160 3781 tenuit
3179 3729 3568 3797 manumejus,
3595 3725 3768 3780 etdixit

533 3815 630 3886 qui
648 3815 1192 3886 rogabatjuniorem,
1218 3817 1614 3890 dicenszRogo
1633 3825 1698 3874 ut
1727 3821 1939 3892 pariter
1968 3821 2131 3877 habi-
2215 3817 2266 3872 ei
2297 3818 2495 3872 tertio:
2557 3817 2816 3885 Salveris,
2869 3816 3127 3883 Salveris,
3162 3816 3419 3871 Salveris.
3471 3817 3542 3871 Et
3579 3813 3768 3871 tradidit

531 3907 736 3968 temus,
759 3904 935 3960 frater
953 3908 1187 3976 (Pclag.,
1215 3909 1384 3962 libell.
1419 3923 1550 3973 xvn,
1584 3926 1742 3963 num.
1781 3909 1886 3971 14).
1915 3911 2016 3966 Ille
2035 3928 2132 3966 au-
2213 3907 2371 3962 illum
2399 3907 2645 3972 senibus,
2681 3907 2901 3961 dicens:
2956 3908 3066 3961 Iste
3093 3922 3204 3960 non
3229 3906 3415 3972 homo,
3441 3906 3542 3960 sed
3573 3903 3767 3974 angelus

535 3997 652 4053 tem
682 3993 1002 4064 respondit:
1025 3995 1140 4064 Ego
1169 4003 1427 4066 peccator
1447 4004 1664 4064 sum,et
1702 4017 1814 4054 non
1841 4007 1998 4071 potes
2020 4019 2132 4056 me-
2214 4002 2316 4062 est,
2350 3995 2446 4067 qui
2475 4001 2560 4051 tot
2587 3995 2750 4050 annis
2771 3993 3248 4059 mihiinﬁrmanti,
3267 4010 3368 4048 nec
3383 4000 3578 4049 tamen
3598 3993 3765 4046 bonum

535 4097 664 4136 cum
693 4081 968 4136 habitare.
1002 4083 1102 4137 Ille
1131 4101 1261 4138 vero
1293 4085 1528 4156 rogabat
1566 4104 1716 4152 eum,
1749 4089 1969 4144 dicens:
1993 4091 2130 4145 POS-
2214 4102 2531 4140 sermonem
2560 4102 2595 4139 a
2630 4102 2721 4139 me
2744 4085 2978 4139 audiens
3001 4084 3128 4138 fecit
3147 4083 3500 4154 obsequium.

537 4187 752 4224 sumus.
793 4171 929 4225 Erat
956 4177 1146 4226 autem
1175 4173 1269 4228 ille
1299 4175 1485 4229 senior
1512 4177 1775 4242 mundus,
1809 4183 1866 4233 et
1907 4179 2134 4236 nolebat
2295 4173 2602 4232 156.Abbas
2622 4175 2881 4245 Agathon
2896 4173 3121 4228 veniens
3143 4174 3200 4226 in
3220 4173 3526 4240 civitatem,
3547 4180 3611 4228 ut
3627 4185 3763 4241 Opera

535 4259 732 4314 audire
761 4259 894 4331 quia
921 4261 1228 4316 monachus
1252 4263 1495 4318 habebat
1519 4265 1822 4336 aliquando
1846 4269 2134 4339 cogitatio-
2215 4282 2319 4320 sua
2341 4265 2624 4330 venderet,
2657 4264 2872 4318 invenit
2899 4264 3198 4335 quemdam
3225 4263 3586 4334 peregrinum
3617 4263 3768 4332 jacen-

536 4363 667 4402 nem
698 4364 946 4419 pravam.
980 4349 1049 4404 Et
1063 4349 1198 4405 dicit
1216 4351 1268 4405 ei
1295 4351 1390 4406 ille
1419 4353 1644 4423 junior:
1681 4355 1951 4411 Permitte
1981 4358 2132 4428 quie-
2151 4426 2185 4428 _
2215 4360 2330 4410 tem
2359 4355 2417 4410 in
2448 4355 2746 4425 angiportu
2777 4353 3083 4419 inﬁrmum,
3125 4352 3341 4408 nullum
3372 4352 3662 4407 habentem
3695 4346 3767 4418 qui

538 4453 692 4492 scere
717 4437 822 4493 hac
846 4454 958 4493 una
981 4438 1314 4510 septimana,
1347 4447 1402 4496 et
1429 4443 1636 4498 iterum
1666 4426 2131 4516 loquemurbum
2147 4426 2265 4498 Dei
2296 4461 2490 4500 curam
2518 4443 2810 4499 adhiberet
2833 4462 2846 4510 ;
2871 4448 2928 4497 et
2956 4441 3352 4514 permansitibi
3373 4457 3562 4508 senex,
3595 4445 3648 4495 et
3669 4452 3766 4492 con-

535 4543 670 4598 ergo
696 4533 824 4600 post
862 4528 1237 4600 septimanam
1275 4547 1443 4586 senex
1471 4533 1717 4604 vepisset
1756 4535 1826 4589 ad
1855 4552 2006 4603 eum,
2039 4537 2132 4591 ille
2214 4535 2374 4590 duxit
2392 4533 2727 4598 sibicellam,
2759 4539 2816 4587 et
2831 4549 2896 4586 ex
2921 4548 3088 4604 opere
3116 4547 3386 4586 manuum
3417 4547 3639 4586 suarum
3659 4543 3765 4600 pra-

537 4595 726 4672 volens
755 4595 994 4688 experiri
1026 4635 1176 4686 eum,
1209 4619 1348 4675 dixit
1375 4622 1462 4676 ei:
1487 4595 1558 4678 Iri
1570 4623 1844 4694 grandem
1870 4595 2132 4680 tentatio-
2215 4623 2402 4680 stabat
2422 4623 2646 4677 inﬁrmo
2675 4595 2759 4676 illi
2798 4595 3148 4692 obsequium.
3174 4621 3491 4676 Permansit
3518 4595 3761 4675 autemibi

534 4721 666 4762 nem
700 4707 868 4762 incidi
901 4707 959 4762 in
993 4709 1310 4782 septimana
1326 4711 1448 4779 hac,
1477 4711 1638 4767 abba.
1661 4714 1948 4769 Profectus
1980 4716 2132 4771 enim
2215 4712 2502 4769 mensibus
2529 4717 2788 4784 quatuor,
2829 4711 3004 4765 donec
3031 4720 3258 4765 sanaret
3279 4710 3564 4765 inﬁrmum
3597 4727 3609 4762 :
3639 4712 3687 4761 et
3705 4705 3763 4757 sic

536 4795 596 4850 in
625 4795 810 4850 vicum
854 4803 1085 4868 propter
1130 4804 1322 4867 528
1347 4802 1758 4870 necessitatem,
1790 4804 2030 4875 peccavi.
2064 4805 2133 4860 Et
2213 4804 2285 4858 ad
2312 4804 2508 4858 cellam
2539 4817 2699 4856 suam
2719 4817 3006 4871 regressus
3034 4806 3136 4855 est.

537 4885 681 4940 dixit
711 4885 764 4940 ei
805 4901 1010 4940 senex:
1055 4888 1124 4942 Et
1153 4889 1234 4943 vis
1272 4891 1588 4962 paenitere?
1621 4893 1763 4948 Cum
1803 4900 1993 4948 autem
2039 4894 2132 4949 ille
2293 4891 2659 4957 157.Quidam
2675 4886 3762 4961 magnussencxinﬁrmantidiscipulosuo

537 4973 908 5046 promisisset,
946 4975 1026 5030 ait
1052 4994 1222 5033 senex
1251 4997 1265 5034 :
1309 4979 1427 5052 Ego
1458 4987 1642 5037 tecum
1674 4987 1836 5054 porto
1882 4983 2132 5038 medium
2215 4982 2356 5037 dixit
2392 5001 2404 5037 :
2431 4983 2556 5037 Non
2586 4980 2953 5045 contristeris,
2975 4979 3072 5046 ﬁli,
3103 4995 3168 5034 ex
3185 4979 3510 5033 inﬁrmitate
3539 4977 3618 5032 vel
3631 4975 3760 5047 plaga

535 5065 748 5138 peccati
778 5063 949 5120 illius.
982 5065 1139 5121 Tunc
1165 5067 1261 5124 ille
1287 5067 1462 5125 frater
1511 5071 1686 5126 dixit:
1729 5072 1894 5126 Modo
1937 5089 2134 5144 possu-
2217 5073 2468 5144 corporis
2514 5071 2616 5137 tui,
2640 5087 2862 5126 summa
2893 5069 3042 5124 enim
3064 5069 3262 5140 religio
3284 5072 3368 5122 est
3385 5073 3451 5122 ut
3476 5067 3530 5122 in
3562 5060 3760 5120 inﬁrmi-

537 5171 664 5211 mus
703 5153 868 5210 ambo
907 5155 1126 5227 pariter
1155 5174 1405 5214 manere.
1457 5161 1526 5216 Et
1561 5166 1892 5216 manserunt
1921 5161 2136 5233 pariter
2218 5168 2334 5218 tate
2365 5161 2492 5234 quis
2518 5165 2652 5232 agat
2679 5161 2794 5216 Deo
2813 5158 3026 5230 gratias
3050 5158 3280 5226 (Pelag.,
3313 5160 3481 5211 libell.
3507 5168 3601 5218 vn,
3633 5168 3682 5206 η.
3713 5146 3760 5204 16

535 5261 717 5317 usque
745 5245 816 5300 ad
841 5249 1064 5318 tempus
1080 5247 1432 5304 transitionis
1461 5267 1594 5306 sure.
2217 5254 2440 5306 nomine
2490 5250 2835 5319 Syncleti‘cav;
2884 5249 3093 5314 Pasch,
3123 5264 3167 5302 c.
3200 5243 3290 5312 20,
3320 5263 3376 5300 η.
3404 5246 3471 5313 1).
3513 5244 3568 5299 Si
3588 5242 3757 5296 ferrum

614 5332 732 5392 153.
767 5335 1008 5400 Quidam
1053 5353 1254 5392 senum
1308 5339 1560 5394 dicebat:
1618 5339 1903 5412 Quidquid
1934 5341 2130 5396 horret
2216 5358 2294 5409 es,
2328 5358 2430 5414 per
2475 5341 2665 5412 ignem
2715 5339 3020 5410 aeruginem
3068 5335 3327 5404 amittis;
3364 5335 3411 5390 si
3451 5349 3571 5388 vero
3594 5340 3758 5385 aurum

536 5424 724 5492 homo,
744 5424 841 5480 alii
854 5425 1084 5482 omnino
1103 5443 1175 5482 ne
1206 5427 1376 5483 faciat
1402 5431 1626 5497 (Pelag.,
1659 5431 1827 5485 libell.
1856 5445 1895 5496 ι,
1933 5447 1988 5485 n.
2018 5428 2081 5485 21
2115 5449 2129 5498 ;
2215 5448 2294 5496 es,
2336 5448 2438 5503 per
2473 5431 2664 5503 ignem
2701 5427 2968 5501 probatus
2998 5444 3032 5482 a
3059 5425 3280 5498 magnis
3317 5425 3389 5480 ad
3433 5424 3638 5494 majora
3655 5431 3756 5490 pro-

539 5514 788 5570 Pasch.c.
821 5510 903 5580 16,
938 5529 1098 5570 num.
1131 5514 1208 5586 2).
1232 5518 1441 5572 Horres
1465 5519 1630 5586 enim,
1654 5519 1702 5574 si
1730 5521 1857 5592 quis
1885 5519 2136 5576 detrahit
2215 5521 2384 5576 cedis.
2409 5522 2492 5576 Ne
2522 5519 2766 5576 anxieris
2790 5534 2944 5590 ergo,
2971 5517 3162 5583 frater;
3181 5516 3230 5572 si
3243 5515 3391 5570 enim
3422 5515 3564 5570 Deus
3593 5516 3643 5565 te
3666 5505 3754 5560 vuit

610 5652 626 5686 ¹
661 5655 866 5724 Pelag.,
895 5656 1063 5717 libr".
1097 5671 1171 5726 ιν,
1209 5674 1264 5716 η.
1295 5659 1384 5718 30.
1417 5661 1481 5718 In
1507 5661 1682 5721 Editis
1709 5662 1799 5720 hic
1829 5663 1974 5737 stylo
1997 5663 2190 5737 Pelag.
2223 5663 2363 5722 Dedi
2391 5679 2458 5720 ex
2487 5662 2622 5718 Mss.
