3876 6390
161 328 274 387 793

1479 333 1717 388 VERBA
1755 332 2147 388 SENIORUM.

3349 330 3449 389 795

159 456 221 510 in
243 471 481 527 corpore
509 455 777 527 torqueri,
813 458 877 509 tu
922 455 1019 527 qui
1047 472 1140 521 s15,
1184 455 1280 526 qui
1319 455 1551 509 moleste
1580 456 1754 510 feras]

1859 490 1967 529 nus
2010 476 2175 530 venit.
2225 477 2288 531 In
2318 477 2420 531 hoc
2450 493 2707 531 sermone
2736 476 2957 532 reddito
3014 474 3238 547 spiritu,
3269 474 3454 530 omnis

160 545 397 639 Sustine
428 561 580 615 ergo,
633 550 690 599 et
722 561 861 616 roga
900 546 1079 601 Deum
1110 550 1170 601 ut
1216 562 1339 619 quae
1369 545 1486 618 ipse
1516 547 1639 601 vult
1677 546 1773 602 illa
1852 566 2008 622 locus
2030 566 2121 621 me
2147 574 2313 638 grato
2335 569 2506 622 Odore
2532 568 2779 639 repletus
2808 572 2911 621 est.

157 635 457 693 concedat.

238 745 366 802 158.
400 747 577 801 Senex
609 746 833 816 quidam
875 763 1001 802 cum
1029 748 1355 817 frequenter
1387 747 1771 802 inﬁrmaretur

158 852 400 907 corpore
424 836 803 906 etlangueret,
827 836 1061 906 contigit
1081 842 1145 889 ut
1164 853 1274 889 uno
1297 852 1444 889 anno
1464 837 1620 890 nulla
1639 853 1768 891 eum

154 926 426 980 valetudo
443 925 811 995 contingeret.
847 926 915 979 Et
945 932 1244 997 prepterea
1274 924 1460 989 ﬂebat,
1497 930 1553 979 et
1580 926 1767 996 gravi-

155 1025 250 1069 ter
290 1014 525 1082 ferebat,
568 1014 791 1069 dicens:
829 1015 1124 1086 Reliquisti
1150 1032 1259 1079 me,
1290 1014 1544 1081 Domine,
1579 1020 1636 1069 et
1664 1032 1766 1069 no-

155 1104 317 1158 luisti
341 1121 429 1158 me
441 1104 702 1175 praesenti
715 1105 819 1158 hoc
838 1121 986 1159 anno
1004 1104 1456 1173 visitare(Pelag.,
1475 1106 1645 1158 libell.
1666 1118 1762 1172 vn,

155 1208 215 1249 η.
238 1190 304 1249 41
332 1212 345 1261 ;
377 1194 589 1260 Pasch.,
618 1210 661 1247 ο.
696 1192 783 1259 20,
820 1209 977 1247 num.
1010 1192 1087 1262 2).

230 1299 355 1356 159.
391 1300 630 1366 Quidam
661 1318 827 1356 senex
854 1318 980 1355 cum
1013 1306 1331 1355 moreretur
1375 1300 1434 1354 in
1465 1300 1676 1372 Scythi,
1710 1305 1766 1355 et

152 1390 603 1446 circumdassent
630 1393 900 1447 lectulum
933 1392 1054 1461 ejus
1085 1392 1305 1457 fratres,
1339 1396 1394 1445 et
1423 1390 1768 1461 composuis-

156 1485 287 1534 sent
315 1497 449 1534 eum
480 1487 650 1552 atque
680 1482 1031 1552 plangerent,
1053 1480 1277 1551 aperuit
1305 1480 1399 1534 ille
1428 1480 1618 1533 oculos
1636 1496 1765 1534 suos

157 1574 216 1624 et
246 1569 409 1623 risit:
442 1575 499 1624 et
527 1570 733 1624 iterum
779 1570 1003 1641 aperuit
1047 1576 1103 1624 et
1143 1570 1267 1623 risit
1294 1589 1306 1628 :
1339 1576 1395 1623 et
1422 1569 1588 1623 tertio
1609 1568 1765 1623 simi-

153 1659 285 1712 liter
308 1657 445 1712 fecit
475 1661 696 1727 (Pclag.,
732 1661 899 1713 libell.
932 1674 1007 1723 xI,
1035 1676 1091 1712 η.
1126 1658 1236 1723 5'2).
1271 1659 1411 1713 Cum
1450 1664 1640 1713 autem
1680 1676 1766 1712 ro-

1923 658 2043 713 163.
2083 660 2288 713 Beatus
2311 658 2599 722 Arsenius,
2627 658 2760 712 dum
2785 667 3010 727 tempus
3024 656 3146 726 ejus
3164 661 3227 709 ut
3248 655 3455 726 migra-

1850 753 1939 802 ret
1958 749 2026 802 de
2058 750 2161 803 hoc
2189 751 2390 805 sarculo
2419 750 2850 821 approximaret,
2871 746 3091 801 dicebat
3111 747 3180 800 ad
3204 747 3451 816 discipu-

1849 836 1932 891 los
1963 856 2126 893 suos:
2156 840 2335 894 Nemo
2366 855 2534 910 super
2560 856 2649 893 me
2674 838 2839 892 faciat
2875 837 3226 901 charitatem,
3256 836 3363 889 nisi
3392 836 3452 889 in

1850 927 1969 981 sola
1996 927 2278 983 oblatione
2309 947 2322 995 ;
2356 946 2458 998 ego
2489 929 2537 981 si
2564 928 2667 982 feci
2686 925 3263 992 cbaritatem,invenio
3291 925 3446 980 illam

1850 1018 2074 1087 (Pelag.,
2113 1020 2280 1072 libo”.
2314 1036 2367 1083 x,
2404 1035 2461 1072 η.
2493 1017 2565 1086 9).

1919 1105 2182 1161 Turbatis
2207 1113 2396 1161 autem
2416 1106 2701 1178 discipulis
2726 1107 2865 1177 ejus,
2886 1106 3045 1177 quasi
3060 1107 3177 1177 jam
3196 1111 3451 1176 tempore

1848 1197 2261 1266 propinquante
2276 1196 2411 1251 dicit
2427 1196 2506 1250 eis
2529 1215 2539 1250 :
2562 1196 2813 1250 Necdum
2836 1196 2975 1249 hora
2994 1212 3117 1249 mea
3136 1194 3305 1260 venit;
3323 1210 3449 1248 cum

1848 1290 2038 1337 autem
2069 1285 2300 1343 venerit.
2344 1302 2454 1339 non
2485 1284 2682 1338 tacebo
2711 1287 2937 1351 (Pelag.,
2963 1286 3132 1337 libell.
3166 1301 3250 1348 xv,
3277 1300 3334 1336 η.
3373 1280 3445 1347 9).

1852 1372 1961 1426 Sed
1990 1379 2180 1429 tamen
2211 1374 2433 1429 stabitis
2451 1373 2739 1427 mecumin
2768 1373 2954 1426 divino
2972 1372 3182 1441 judicio
3208 1376 3337 1425 ante
3351 1371 3449 1425 tri-

1849 1461 2021 1517 bunal
2052 1465 2281 1531 Christi,
2324 1464 2370 1518 si
2414 1464 2579 1518 alicui
2608 1464 2677 1516 de
2716 1480 2841 1516 meo
2875 1462 3203 1532 corpusculo
3233 1460 3445 1531 aliquid

1848 1553 2000 1606 velut
2028 1554 2293 1625 reliquias
2306 1554 2592 1608 dederitis.
2617 1553 2733 1606 Illis
2752 1557 2941 1605 autem
2960 1550 3443 1621 respondentibus:

1850 1641 1926 1700 Et
1955 1644 2087 1715 quid
2117 1644 2404 1708 faciemus,
2448 1644 2633 1707 Pater,
2676 1641 2809 1712 quia
2846 1640 3126 1694 nescimus
3160 1639 3447 1694 hominem

161 1753 369 1820 sarem
398 1764 529 1802 eum
558 1747 783 1812 fratres,
814 1748 1062 1801 dicentes
1097 1766 1110 1803 ε
1143 1747 1242 1801 Dic
1270 1747 1448 1813 nobis,
1483 1747 1643 1814 abba,
1665 1764 1765 1802 cur
1795 1819 1798 1820 ν
1847 1734 2126 1808 sepelire?
2156 1732 2463 1804 Respondit
2493 1732 2614 1785 ille:
2641 1729 2907 1820 Nunquid
2930 1728 3153 1820 nescitis
3172 1728 3359 1783 funem
3386 1728 3445 1783 in

153 1818 319 1892 nobis
353 1837 619 1892 flentibus
655 1840 773 1908 ipse
816 1836 1003 1891 rides?
1042 1837 1350 1908 Respondit
1387 1842 1443 1891 et
1469 1836 1606 1891 dicit
1634 1836 1757 1891 eis‘:
1783 1819 2082 1899 Bpedibus
2130 1823 2270 1876 meis
2308 1821 2550 1887 mitteres
2593 1826 2650 1873 et
2686 1819 2767 1873 ita
2805 1835 2893 1872 me
2921 1818 2993 1871 ad
3033 1824 3281 1871 montem
3332 1824 3446 1872 tm"

151 1926 346 1981 Primo
372 1925 494 1990 risi,
527 1925 661 1997 quia
680 1942 876 1980 omnes
905 1925 1118 1980 timetis
1146 1931 1386 1979 mortem
1411 1944 1423 1993 ;
1448 1926 1758 1980 etsecundo

152 2015 271 2082 iisi,
307 2015 445 2086 quia
473 2031 585 2070 non
607 2014 739 2069 estis
774 2015 987 2086 parati;
1023 2015 1192 2069 tertio
1220 2032 1348 2069 vero
1378 2014 1495 2079 risi,
1536 2015 1668 2087 quia
1688 2015 1757 2070 de

152 2104 345 2159 labore
376 2105 518 2158 vado
548 2105 619 2158 ad
648 2104 922 2175 requiem.

229 2210 350 2267 160.
364 2209 553 2265 Abbas
574 2211 846 2265 Pammon
861 2211 919 2265 in
939 2210 1061 2282 ipsa
1083 2211 1223 2265 hora
1240 2211 1466 2282 quando
1485 2211 1762 2265 transibat

148 2300 268 2371 jam
299 2300 369 2353 de
396 2316 650 2371 corpore,
687 2299 825 2353 dixit
869 2299 993 2353 aliis
1029 2299 1160 2353 viris
1203 2301 1413 2354 sanctis
1442 2300 1759 2354 astantibus

154 2388 289 2441 sibi:
317 2389 395 2441 Ex
418 2405 528 2458 quo
559 2388 704 2453 veni,
737 2388 958 2451 fratres,
996 2388 1055 2442 in
1085 2389 1233 2442 hunc
1262 2390 1444 2443 locum
1477 2390 1670 2455 eremi,
1704 2397 1761 2444 et

154 2477 424 2530 aediﬁcavi
451 2476 589 2530 mihi
619 2477 765 2531 hanc
793 2477 1073 2543 cellulam,
1107 2483 1263 2531 extra
1295 2494 1465 2548 opera
1487 2495 1758 2533 manuum

154 2582 411 2620 mearum
438 2565 623 2620 nescio
645 2584 734 2619 me
756 2583 957 2637 panem
974 2573 1249 2636 gustasse,
1284 2584 1384 2621 nec
1410 2568 1644 2637 poenitui
1668 2585 1758 2622 su-

152 2671 252 2725 per
282 2671 604 2709 sermonem
642 2672 808 2726 quem
852 2656 1073 2709 locutus
1121 2672 1266 2722 sum,
1301 2673 1478 2726 usque
1518 2657 1575 2709 in
1614 2657 1759 2711 hanc

152 2743 378 2812 horam;
399 2750 459 2798 et
480 2750 671 2798 tamen
700 2744 779 2799 sic
799 2745 938 2798 vado
955 2745 1025 2798 ad
1050 2746 1250 2810 Deum,
1285 2750 1556 2816 tanquam
1586 2746 1634 2800 si
1656 2763 1757 2800 nec

149 2834 455 2905 inciperem
478 2834 658 2889 colere
684 2850 814 2888 eum
848 2837 1071 2901 (Pclag.,
1108 2836 1283 2888 libell.
1316 2849 1355 2899 1,
1391 2852 1448 2888 η.
1483 2834 1580 2905 16).

227 2940 345 2997 161.
367 2939 558 2995 Abbas
578 2941 839 3011 Agathon
867 2942 999 2995 dum
1025 2948 1357 3008 moreretur,
1377 2960 1478 3012 per
1495 2948 1609 2997 tres
1629 2944 1749 2999 dies

1844 1915 2025 2041 helﬁlri’
2044 1989 2232 2039 autem
2254 1983 2541 2036 oculorum
2562 1982 2685 2051 ejus
2705 2000 2767 2035 ex
2783 1981 2905 2052 jugi
2936 1981 3072 2035 ﬂetu
3101 1978 3444 2032 ceciderunt.

1844 2078 1988 2131 Nam
2022 2091 2120 2146 per
2139 2090 2305 2128 omne
2332 2077 2555 2143 tempus
2584 2072 2707 2125 vitae
2731 2088 2845 2125 suae
2866 2070 3066 2123 sedens
3096 2073 3151 2121 et
3181 2083 3439 2138 operans,

1842 2181 2094 2238 pannum
2118 2163 2175 2217 in
2200 2162 2325 2216 sinu
2363 2178 2465 2214 suo
2510 2160 2754 2214 habebat
2790 2164 3019 2231 propter
3045 2158 3322 2228 lacrymas
3350 2155 3445 2209 de-

1848 2256 2091 2309 ﬂuentes
2123 2268 2188 2307 ex
2222 2251 2395 2306 oculis
2428 2251 2551 2320 ejus
2569 2252 2791 2320 (Pelag.,
2826 2251 2993 2303 libell.
3020 2262 3102 2311 III,
3138 2263 3197 2300 η.
3227 2244 3300 2313 1).

1913 2344 2061 2398 Dum
2108 2358 2241 2411 ergo
2286 2344 2602 2393 moreretur
2643 2341 2864 2406 (Pelag.,
2902 2339 3069 2391 libell.
3118 2352 3204 2400 xv,
3266 2351 3324 2388 η.
3365 2332 3442 2400 9),

1840 2432 2010 2503 ccepit
2037 2432 2191 2493 ﬂere,
2217 2434 2273 2483 et
2293 2445 2419 2483 cum
2450 2428 2652 2481 fratres
2673 2427 2821 2480 illius
2865 2425 3220 2497 requirerent
3248 2423 3439 2477 dicen-

1841 2526 1928 2575 tes
1951 2540 1962 2573 :
1998 2520 2145 2585 Quid
2176 2520 2295 2584 fles,
2322 2517 2525 2571 Pater?
2556 2515 2807 2586 nunquid
2826 2522 2882 2569 et
2902 2520 2962 2568 tu
2985 2514 3146 2568 times
3176 2513 3199 2565 7
3228 2512 3327 2567 Ille
3349 2528 3440 2565 re-

1841 2609 2100 2681 spondit:
2132 2609 2197 2663 In
2228 2607 2461 2661 veritate
2490 2606 2697 2671 timeo;
2742 2610 2799 2658 et
2835 2605 2941 2657 iste
2972 2603 3143 2656 timor
3162 2601 3259 2672 qui
3288 2617 3438 2654 nunc

1840 2715 2060 2753 mecum
2091 2702 2193 2761 est,
2231 2712 2454 2766 semper
2482 2695 2540 2748 in
2570 2712 2657 2748 me
2690 2693 2793 2748 fuit
2830 2710 2894 2747 ex
2931 2709 3041 2764 quo
3080 2691 3259 2744 factus
3316 2705 3442 2743 sum

1840 2787 2165 2841 monachus.
2196 2786 2336 2839 Cum
2376 2789 2567 2838 autem
2596 2782 2827 2836 vidisset
2854 2781 3025 2834 abbas
3057 2781 3283 2834 Pmmen
3308 2778 3440 2849 quia

1834 2877 2079 2941 transiit,
2106 2875 2269 2929 dixit:
2300 2875 2507 2929 Beatus
2532 2890 2612 2938 es,
2651 2872 2799 2925 abba
2825 2870 3045 2936 Arseni,
3076 2868 3214 2940 quia
3236 2874 3294 2922 te
3321 2873 3443 2921 tan-

1834 2972 1957 3021 tum
1986 2966 2045 3020 in
2073 2966 2177 3019 hoc
2208 2964 2407 3019 saeculo
2437 2962 2717 3035 planxisti.
2770 2961 2877 3025 Qui
2930 2960 3080 3014 enim
3111 2958 3200 3012 hic
3242 2975 3302 3011 se
3333 2973 3446 3011 non

153 3030 923 3142 ξουιοεηίξρθξοειίθηυίίξιοη
956 3047 1050 3142 ξοδ
1074 3047 1303 3142 mOYBDS
1327 3035 1552 3142 (Ρείίξίζιν
1582 3036 1750 3142 ίίθθξι·
1773 3082 1816 3142 C
1840 3054 2139 3126 planxerit,
2174 3053 2290 3107 illic
2316 3053 2374 3107 in
2403 3030 2740 3124 perpetuum
2778 3049 3011 3120 lugebit.
3047 3050 3162 3102 Aut
3191 3063 3324 3142 ergo
3352 3045 3443 3100 hic

153 3133 224 3183 XI,
254 3137 311 3173 η.
342 3118 422 3188 2).
473 3120 699 3174 Fratres
728 3126 918 3174 autem
964 3126 1259 3189 tangentes
1289 3137 1417 3175 eum
1447 3122 1709 3177 dixerunt
1738 3142 1749 3177 :

158 3208 263 3263 Ubi
284 3225 438 3263 nunc
460 3225 538 3274 es,
564 3208 741 3262 abba?
759 3210 834 3262 At
853 3209 945 3262 ille
966 3209 1133 3263 dixit:
1161 3210 1224 3263 In
1244 3216 1545 3281 conspectu
1558 3212 1757 3281 judicii

156 3298 255 3352 Dei
275 3303 383 3352 sto.
415 3298 487 3352 Et
506 3297 702 3352 dicunt
741 3297 791 3351 ei
837 3298 1067 3353 fratres:
1094 3298 1359 3368 Nunquid
1392 3305 1449 3353 et
1467 3305 1529 3354 tu
1552 3301 1757 3355 times?

155 3386 366 3451 Quibus
396 3386 494 3441 ille
515 3387 805 3458 respondit
832 3406 842 3441 :
880 3388 1103 3441 Interea
1124 3395 1397 3458 quantum
1419 3389 1523 3442 fuit
1553 3390 1623 3443 ad
1652 3391 1759 3444 vir-

157 3480 331 3529 tutem
367 3492 574 3543 meam,
620 3492 843 3547 semper
881 3477 1226 3531 consideravi
1266 3483 1329 3531 ut
1357 3478 1626 3532 mandata
1656 3479 1755 3533 Dei

154 3564 262 3618 mei
289 3565 533 3619 facerem
566 3583 578 3617 :
612 3565 709 3618 sed
736 3566 898 3619 homo
924 3582 1069 3631 sum,
1104 3572 1161 3619 et
1189 3567 1336 3620 unde
1357 3567 1488 3631 scio,
1516 3567 1562 3621 si
1586 3585 1758 3638 opera

156 3669 282 3708 mea
308 3654 534 3725 placent
548 3653 689 3707 Deo?
711 3653 813 3707 Cui
842 3653 1040 3707 fratres
1055 3654 1317 3708 dixerunt
1344 3668 1356 3702 ε
1376 3656 1426 3708 Ν
1430 3672 1502 3709 οη
1519 3657 1755 3711 conﬁdis

156 3744 300 3812 quod
328 3759 503 3815 opera
521 3747 621 3797 tua
639 3743 948 3796 secundum
974 3750 1160 3808 524
1184 3744 1359 3797 Deum
1383 3744 1547 3798 sunt?
1566 3746 1640 3798 At
1660 3745 1753 3800 ille

155 3833 472 3904 respondit:
502 3833 628 3886 Non
645 3832 863 3886 confido
886 3832 944 3885 in
966 3838 1265 3902 conspectu
1298 3834 1415 3897 Dei,
1445 3833 1576 3904 quia
1598 3835 1751 3889 aliud

156 3928 239 3975 est
256 3921 541 3992 judicium
571 3922 692 3987 Dei,
727 3928 782 3976 et
804 3920 956 3976 aliud
984 3922 1300 3979 hominum.

225 4026 344 4085 16‘2.
385 4027 594 4083 Abbati
623 4027 803 4083 Sisoio
832 4045 960 4082 cum
992 4034 1214 4099 tempus
1246 4028 1602 4084 dormitionis
1627 4031 1751 4101 ejus

155 4115 491 4183 advenisset,
533 4121 592 4172 et
628 4117 792 4171 multi
835 4117 947 4171 illic
979 4135 1141 4171 senes
1173 4119 1579 4185 convenissent,
1599 4120 1751 4174 vide-

156 4211 284 4260 runt
310 4206 510 4262 faciem
539 4208 662 4277 ejus
693 4206 908 4277 fulgore
936 4208 1178 4277 quodam
1208 4208 1556 4276 radiantem;
1591 4214 1649 4262 et
1673 4209 1753 4263 di-

157 4293 232 4348 cit
277 4296 357 4350 eis
408 4296 573 4367 ipse:
611 4296 748 4350 Ecce
792 4295 965 4350 abbas
1002 4297 1283 4351 Antonius
1331 4298 1481 4351 venit
1523 4298 1593 4352 ad
1649 4315 1752 4354 nos

1839 3161 1905 3199 ex
1931 3144 2238 3206 voluntate,
2263 3147 2362 3196 aut
2390 3142 2501 3195 illic
2530 3158 2629 3212 pro
2653 3139 2952 3194 tormentis
2978 3135 3322 3208 impossibile
3353 3139 3439 3189 est

1838 3233 2125 3287 hominem
2146 3247 2258 3285 non
2282 3232 2571 3301 plangere.

1914 3320 2037 3376 161.
2086 3322 2293 3374 Beatus
2345 3318 2686 3374 Athanasius
2723 3316 3014 3388 episcopus
3058 3313 3276 3383 rogavit
3331 3312 3436 3367 ali-

1839 3410 2063 3482 quando
2093 3408 2352 3463 abbatem
2393 3408 2664 3463 Pammon
2702 3412 2767 3461 ut
2804 3406 2912 3459 iret
2942 3404 3001 3458 in
3037 3402 3432 3459 Alexandriam

1842 3499 2064 3570 (Pelag.,
2102 3500 2269 3553 lz'bcll.
2294 3511 2423 3561 xvn,
2456 3513 2513 3550 η.
2554 3495 2660 3563 11).
2691 3494 2797 3560 Qui
2828 3492 3169 3547 descendens
3184 3508 3312 3545 cum
3331 3491 3438 3544 fra-

1837 3587 2036 3651 tribus,
2071 3604 2198 3640 cum
2228 3586 2461 3639 vidisset
2479 3585 2748 3657 quosdam
2787 3584 3098 3648 saeculares,
3133 3581 3269 3635 dicit
3298 3580 3380 3635 eis
3422 3597 3434 3633 :

1839 3676 2082 3745 Surgite,
2117 3680 2174 3729 et
2202 3676 2442 3730 salutate
2472 3674 2795 3737 monachos,
2830 3679 2893 3728 ut
2928 3670 3337 3726 benedicamini
3361 3668 3432 3723 ab

1836 3766 1918 3820 eis
1949 3765 1989 3820 ¹.
2017 3766 2365 3836 Frequenter
2387 3764 2539 3817 enim
2564 3763 2655 3817 isti
2671 3763 2981 3833 loquuntur
2995 3778 3121 3816 cum
3140 3761 3274 3825 Deo,
3308 3763 3436 3813 etos

1835 3871 2029 3908 eorum
2071 3859 2327 3907 sanctum
2368 3858 2472 3907 est.
2523 3853 2591 3906 Et
2617 3869 2745 3907 cum
2774 3851 3002 3905 vidisset
3032 3848 3108 3903 ibi
3141 3847 3436 3902 mulierem

1833 3943 2186 4009 theatricam,
2210 3943 2551 4013 lacrymatus
2579 3947 2681 3995 est.
2707 3942 2775 3995 Et
2793 3939 3172 4011 requisierunt
3185 3941 3436 3991 astantes

1834 4050 1934 4087 cur
1957 4034 2265 4104 plangeret.
2292 4034 2366 4086 At
2393 4048 2560 4085 senex
2589 4031 2954 4102 respondens,
2978 4028 3150 4083 dixit:
3188 4028 3323 4081 Duae
3348 4042 3437 4080 me

1842 4138 1933 4175 res
1955 4122 2027 4175 ad
2050 4122 2150 4175 has
2171 4122 2451 4193 lacrymas
2468 4121 2897 4192 compulerunt:
2924 4136 3036 4173 una
3064 4117 3440 4189 quidem,per—

1835 4211 1973 4265 ditio
2006 4211 2156 4265 illius
2181 4211 2465 4277 mulieris;
2491 4210 2737 4264 secunda
2768 4226 2915 4275 vero,
2940 4207 3073 4280 quia
3094 4224 3197 4277 ego
3218 4211 3437 4260 tantam

1834 4316 2027 4355 curam
2047 4317 2158 4355 non
2190 4300 2367 4354 habeo
2387 4300 2641 4371 placendi
2665 4300 2796 4366 Deo,
2823 4303 3092 4371 quantam
3108 4295 3278 4351 habet
3319 4295 3439 4349 haec

161 4385 401 4451 (Joann.,
434 4387 605 4440 libell.
638 4399 717 4451 III,
745 4402 798 4439 η.
824 4382 901 4451 6).
928 4386 996 4440 Et
1015 4391 1141 4456 post
1160 4403 1360 4458 parum
1388 4388 1468 4442 ait
1491 4405 1502 4439 :
1536 4388 1672 4443 Ecce
1696 4393 1753 4442 et
1772 4391 2041 4463 Dmulier
2065 4396 2129 4445 ut
2150 4390 2470 4444 hominibus
2488 4389 2746 4460 turpibus
2772 4390 3008 4460 placeat.

159 4469 357 4527 chorus
385 4474 806 4545 prophetarum.
841 4475 910 4529 Et
944 4475 1149 4529 iterum
1174 4474 1341 4530 facies
1366 4478 1487 4547 ejus
1517 4477 1751 4532 clariore

158 4557 277 4614 luce
303 4578 535 4635 aspersa
556 4568 661 4629 est,
693 4568 750 4617 et
769 4562 905 4617 dicit
926 4562 1035 4617 eis:
1067 4564 1226 4618 Beati
1256 4580 1482 4636 quoque
1513 4567 1752 4637 apostoli

159 4648 377 4719 adsunt,
426 4652 687 4723 visusque
735 4658 820 4706 est
852 4669 979 4706 cum
1028 4652 1364 4723 quibusdam
1403 4656 1574 4725 loqui.
1609 4656 1752 4710 Cum

157 4751 286 4807 ergo
312 4742 663 4812 postularent
681 4741 751 4796 ab
780 4758 845 4796 eo
878 4743 1076 4796 Patres
1094 4747 1157 4796 ut
1183 4759 1311 4796 cum
1342 4742 1544 4813 quibus
1566 4744 1754 4815 loque-

158 4833 311 4881 retur
337 4830 598 4897 ediceret,
631 4831 712 4886 ait
738 4831 831 4885 ille
858 4849 869 4884 :
896 4830 1119 4901 Angeli,
1142 4831 1346 4902 inquit,
1366 4837 1640 4886 venerunt
1658 4849 1754 4887 au-

159 4912 300 4971 ferre
328 4919 574 4974 animam
594 4936 779 4975 meam
803 4938 816 4987 ;
850 4926 910 4975 et
946 4921 1200 4992 supplico
1229 4920 1339 4975 illis
1373 4926 1438 4975 ut
1460 4922 1753 4993 paululum

160 5019 247 5059 me
259 5022 359 5078 pro
388 5008 717 5081 paenitentia
737 5009 963 5082 agenda
982 5010 1315 5065 sustineant.
1340 5010 1546 5065 Dicunt
1563 5017 1751 5066 autem

162 5092 210 5145 ei
231 5094 452 5152 Patres:
477 5098 562 5153 'l‘u
583 5099 703 5169 jam
728 5114 841 5152 non
873 5096 983 5151 iul
1006 5116 1097 5171 res
1136 5100 1523 5170 paenitentiam
1561 5117 1749 5172 agere,

163 5180 317 5239 abba.
348 5187 424 5241 At
448 5187 543 5245 ille
572 5187 863 5259 respondit
894 5206 905 5241 :
941 5189 1004 5243 In
1026 5188 1259 5243 veritate
1287 5189 1409 5244 dico
1442 5190 1591 5245 vobis
1621 5191 1755 5263 quia

161 5273 490 5331 necinitium
509 5276 858 5348 poenitentiae
873 5294 962 5331 me
984 5278 1313 5333 reminiscor
1323 5279 1647 5351 arripuisse.
1669 5281 1746 5335 Ex

162 5374 267 5429 quo
290 5364 437 5421 dicto
465 5372 764 5421 senserunt
803 5367 952 5438 quod
996 5367 1056 5421 in
1096 5367 1301 5423 timore
1346 5369 1570 5424 Domini
1600 5376 1749 5425 esset

161 5451 449 5518 perfectus.
482 5457 639 5513 Tunc
664 5457 723 5511 in
752 5457 1048 5528 splendore
1076 5457 1209 5511 solis
1239 5458 1362 5527 ejus
1390 5457 1574 5530 efﬁgie
1603 5461 1746 5515 relu-

163 5545 336 5611 cente,
356 5544 581 5602 dicitad
609 5562 705 5602 eos
733 5545 853 5618 ipse
885 5563 895 5599 :
920 5545 1139 5613 Videte,
1176 5546 1357 5603 videte
1395 5548 1530 5620 quia
1557 5549 1743 5605 Domi-

1905 4480 2029 4534 465.
2055 4480 2136 4533 1)8
2169 4478 2412 4550 quodam
2436 4495 2567 4533 sene
2595 4477 2903 4549 dicebatur,
2947 4476 3080 4548 quia
3109 4473 3328 4546 quoties
3356 4472 3436 4526 illi

1835 4584 1939 4622 sua
1957 4568 2226 4637 cogitatio
2252 4566 2501 4621 dicebat.
2530 4567 2763 4622 Dimitte
2779 4566 2961 4630 hodie,
2987 4569 3045 4618 et
3059 4580 3182 4617 cras
3194 4563 3433 4633 poenite-

1835 4656 1939 4719 bis,
1972 4657 2091 4728 ipse
2119 4657 2325 4711 iterum
2349 4655 2722 4726 respondebat
2745 4673 2756 4708 :
2777 4655 2900 4708 Non
2919 4654 2999 4707 ita
3019 4672 3031 4719 ;
3048 4652 3145 4706 sed
3158 4650 3324 4705 hodie
3344 4650 3437 4704 de-

1835 4745 2031 4800 bemus
2077 4744 2366 4816 pcenitere,
2400 4750 2458 4798 et
2496 4760 2619 4797 cras
2648 4744 2906 4797 voluntas
2939 4742 3039 4797 Dei
3065 4742 3165 4796 ﬁat
3185 4740 3244 4794 in
3274 4738 3436 4794 nobis

1840 4835 2064 4906 (Pelag.,
2096 4836 2264 4888 libell.
2286 4851 2357 4899 XI,
2382 4849 2437 4889 η.
2466 4834 2578 4901 Iri).

1904 4920 2030 4979 166.
2063 4923 2302 4988 Quidam
2328 4939 2393 4977 ex
2423 4922 2685 4977 Patribus
2705 4922 2775 4976 de
2804 4922 2991 4993 aliquo
3010 4919 3286 4975 referebat
3321 4919 3435 4990 epi-

1836 5030 2021 5084 scopo,
2059 5017 2116 5066 et
2138 5012 2285 5083 quod
2309 5012 2557 5067 audisset
2579 5012 2720 5065 duos
2749 5012 2819 5066 de
2851 5010 3010 5083 plebe
3040 5027 3142 5065 sua
3170 5010 3316 5064 viros
3345 5008 3432 5063 ni-

1836 5102 1962 5157 miae
2005 5102 2347 5173 impuritatis
2375 5102 2659 5156 adulteros
2706 5101 2915 5173 (Joan.,
2952 5103 3120 5164 libell.
3157 5113 3196 5165 1,
3232 5115 3289 5152 n.
3330 5095 3393 5154 16
3414 5115 3430 5162 ;

1835 5193 2044 5253 Pasch..
2079 5208 2125 5245 ο.
2152 5189 2241 5257 23,
2286 5207 2345 5245 η.
2383 5190 2452 5258 1).
2488 5190 2725 5261 Rogavit
2773 5206 2907 5259 ergo
2936 5189 3136 5252 Deum,
3167 5192 3231 5242 ut
3258 5186 3305 5240 si
3352 5186 3435 5240 ita

1829 5286 1977 5337 esset
2016 5286 2362 5351 agnosceret.
2398 5281 2539 5335 Cum
2561 5296 2693 5350 ergo
2715 5284 2840 5350 post
2859 5276 3200 5331 oblationem
3230 5292 3422 5329 conse-

1828 5376 2043 5425 cratam
2060 5369 2445 5440 unusquisque
2458 5370 2527 5424 ad
2550 5367 3001 5423 communionem
3019 5366 3435 5436 accederet,per

1827 5461 2179 5533 singulorum
2198 5460 2365 5515 facies
2377 5458 2730 5530 intelligebat
2743 5463 2799 5512 et
2823 5455 3428 5511 animas.Peccatorum

1828 5551 1981 5607 enim
2010 5551 2183 5608 facies
2215 5551 2405 5623 nigras
2428 5547 2756 5622 inspiciebat
2774 5551 2838 5604 ut
2863 5544 3183 5614 carbonem,
3219 5549 3277 5601 et
3304 5561 3432 5601 ocu-

234 5682 252 5719 ¹
279 5687 481 5763 Ρθιαθη
516 5693 688 5749 libo”.
721 5704 805 5759 III,
836 5707 893 5748 η.
928 5690 1014 5749 14.
1045 5689 1239 5749 Simile
1265 5691 1323 5749 in
1353 5691 1484 5750 Vita
1508 5692 1754 5767 Pelagia:

1849 5711 1923 5767 ῳ.
1961 5692 2011 5754 3.
