3876 6384
493 321 600 380 795

1608 320 1702 376 DE
1737 319 1929 377 VITIS
1966 316 2262 376 PATRUM
2297 313 2514 372 LIBER
2549 316 2651 372 III.

3655 318 3743 378 796

481 451 567 506 los
599 463 791 506 eorum
820 445 1094 517 sanguine
1117 445 1398 518 repletos;
1431 443 1572 500 alios
1601 459 1733 500 vero
1762 445 1902 502 vidit
1929 446 2081 501 clara
2099 441 2150 504 Α
2167 457 2332 497 suum
2357 443 2614 500 tundeie.
2639 441 2840 496 sedens
2867 443 3002 496 ante
3030 438 3340 508 ecclesiam,
3365 445 3604 516 propter
3629 459 3743 502 eum

482 539 645 602 facie,
679 544 737 592 ct
764 536 1010 590 vestibus
1039 535 1180 590 albis
1211 535 1458 591 indutos.
1495 537 1637 591 Cum
1661 541 1853 591 autem
1883 551 2085 610 corpus

484 628 710 684 Domini
723 627 1117 699 suscepissent,
1133 626 1193 680 in
1210 627 1586 697 quorumdam
1606 627 1849 682 vultibus
1872 628 2082 695 lumen,

479 718 539 772 in
551 718 924 789 quorumdam
939 719 1170 772 ﬂamma
1187 715 1584 772 videbatur.Ut
1602 723 1794 771 autem
1824 733 2086 787 agnosce-

480 807 650 860 rctde
674 807 788 861 illis
813 823 1057 877 quorum
1075 807 1314 861 crimina
1333 807 1608 871 audierat,
1634 807 2086 861 communionem

477 895 590 950 illis
617 896 898 966 porrexit;
931 901 986 951 et
1010 896 1152 950 vidit
1180 912 1356 950 unum
1375 912 1440 949 ex
1468 895 1546 950 eis
1569 896 1720 950 clara
1738 896 1877 950 facie
1901 903 1961 952 et
1982 896 2087 951 ho-

477 984 734 1051 norabili,
775 985 1031 1057 albisque
1075 985 1324 1040 vestibus
1363 985 1810 1052 circumdatum;
1841 987 2083 1041 alterum

475 1091 608 1128 vero
636 1075 884 1146 nigrum,
917 1082 975 1130 et
1001 1074 1257 1128 horribili
1289 1075 1444 1129 vultu
1497 1076 1565 1128 Et
1584 1081 1882 1146 postquam
1912 1076 2082 1130 divini

475 1165 720 1235 gratiam
748 1164 1004 1236 mysterii
1028 1169 1418 1236 perceperunt,
1435 1163 1593 1218 illum
1623 1165 1707 1218 vis
1732 1166 1985 1236 quaedam
2003 1167 2083 1218 lu-

479 1253 648 1308 minis
677 1253 1015 1319 illustrabat,
1057 1253 1230 1307 istum
1267 1269 1398 1307 vero
1443 1254 1615 1308 alium
1657 1255 1816 1324 quasi
1854 1255 2082 1308 flamma

479 1343 868 1396 succendebat.
890 1342 1086 1397 Oravit
1099 1347 1288 1396 autem
1307 1341 1601 1413 episcopus
1622 1343 1692 1397 de
1711 1343 1944 1414 singulis
1958 1361 2080 1415 quae

481 1431 534 1486 ei
565 1437 792 1486 ostensa
817 1431 1042 1486 fuerant
1073 1447 1132 1485 se
1171 1431 1378 1487 doceri.
1413 1431 1607 1486 Astitit
1633 1438 1822 1486 autem
1845 1434 2078 1504 angelus

479 1519 724 1586 Domini,
754 1520 946 1574 dicens
975 1521 1054 1574 ei:
1088 1520 1292 1575 Omnia
1319 1535 1440 1592 que
1460 1521 1530 1575 de
1550 1521 1686 1592 ipsis
1713 1521 1920 1576 audisti
1950 1539 2084 1576 vera

481 1613 644 1677 sunt;
682 1610 777 1663 sed
808 1610 903 1664 ille
935 1626 1077 1664 unus
1106 1609 1162 1663 in
1189 1609 1304 1664 suis
1325 1610 1584 1664 sordibus
1599 1617 1911 1682 permanet,
1937 1618 1995 1666 et
2023 1613 2080 1666 in

481 1699 772 1753 voluntate
783 1699 1070 1770 peccandi,
1099 1699 1224 1753 ideo
1253 1699 1410 1754 illum
1440 1699 1602 1770 nigra
1622 1700 1761 1755 facie
1779 1707 1835 1755 et
1851 1703 2080 1756 ﬂamma

2165 548 2333 604 quem
2346 535 2516 588 talem
2532 533 2748 586 viderat
2771 533 2982 588 Omnes
2998 538 3185 587 autem
3209 533 3306 586 alii
3328 551 3493 597 senes
3515 535 3744 591 videntes

2167 639 2296 676 eum
2326 623 2406 676 sic
2436 625 2661 678 ﬂentem
2683 627 2974 694 coeperunt
2999 638 3197 692 rogare
3214 629 3280 676 ut
3304 623 3353 677 si
3379 624 3515 694 quid
3539 625 3598 678 in
3625 625 3744 696 ipsis

2167 711 2398 767 vidisset
2427 713 2828 770 manifestaret.
2857 718 2958 766 aut
2999 728 3124 766 cum
3155 712 3235 766 eis
3281 711 3673 784 ingrederetur
3696 716 3744 769 in

2165 803 2658 874 congregationem
2687 821 2700 870 ;
2751 803 2846 856 ille
2877 807 3065 856 autem
3097 801 3324 856 nolebat
3363 802 3605 874 ingredi,
3661 805 3742 858 sed

2165 909 2391 964 semper
2421 893 2595 947 ﬂebat
2621 897 2854 964 propter
2871 907 3001 946 eum
3039 908 3207 962 quem
3237 892 3318 946 sic
3343 892 3589 951 viderat.
3627 893 3743 949 Post

2167 983 2458 1054 paululum
2483 989 2672 1036 autem
2696 998 2821 1036 cum
2853 981 3107 1036 absoluta
3125 983 3564 1052 congregatione
3592 983 3744 1038 disce-

2164 1072 2381 1135 derent,
2415 1071 2620 1126 iterum
2655 1071 2910 1125 omnium
2937 1071 3124 1124 vultus
3173 1070 3671 1142 circumspiciebat,
3701 1074 3740 1127 si

2162 1161 2305 1215 tales
2334 1162 2753 1231 egrederentur,
2787 1161 2980 1232 quales
3004 1160 3240 1230 ingressi
3273 1166 3425 1227 sunt,
3453 1165 3516 1215 et
3531 1162 3669 1216 vidit
3691 1163 3742 1216 il-

2164 1251 2280 1304 lum
2295 1267 2460 1322 quem
2485 1257 2616 1306 ante
2636 1251 2850 1304 viderat
2862 1250 3087 1320 nigrum
3107 1257 3165 1304 et
3183 1249 3540 1317 nebulosum,
3567 1267 3739 1322 egres-

2163 1357 2289 1393 sum
2317 1340 2386 1394 de
2415 1341 2648 1394 ecclesia
2674 1340 2825 1394 clara
2856 1339 3012 1402 facie,
3043 1345 3100 1394 et
3135 1339 3374 1393 candido
3409 1357 3666 1412 corpore,
3695 1347 3742 1394 et

2163 1429 2444 1484 daemones
2464 1446 2496 1483 a
2516 1431 2680 1500 longe
2691 1435 2987 1500 sequentes
3009 1445 3158 1494 eum,
3184 1433 3442 1483 sanctum
3455 1434 3646 1484 autem
3661 1447 3742 1484 an-

2161 1519 2353 1588 gelum
2383 1519 2506 1589 ejus
2521 1535 2691 1590 prope
2710 1535 2860 1584 eum,
2885 1517 3120 1573 hilarem
3141 1523 3198 1572 et
3209 1517 3558 1589 gaudentem
3589 1535 3737 1590 super

2165 1623 2292 1662 eum
2322 1608 2508 1664 nimis.
2539 1609 2696 1662 Tunc
2720 1609 2928 1662 Paulus
2948 1623 3254 1679 exsurgens
3283 1624 3409 1662 cum
3437 1608 3648 1678 gaudio
3666 1625 3740 1663 vo-

2147 1697 2517 1762 .ciferabatur,
2554 1697 2886 1752 benedicens
2920 1697 3117 1763 Deum,
3169 1713 3235 1750 ac
3265 1696 3458 1751 dicens
3496 1717 3508 1752 :
3543 1698 3742 1762 Quanta

479 1789 737 1843 succendi
755 1789 1067 1844 vidisti.Ille
1088 1805 1218 1842 vero
1236 1789 1380 1842 alter
1397 1789 1597 1844 similis
1613 1790 1662 1844 ei
1685 1791 1912 1860 quidem
1933 1798 2074 1860 erat,
2097 1808 2143 1868 Β
2164 1786 2549 1841 misericordia
2567 1795 2624 1841 et
2645 1787 2958 1856 benignitas
2975 1786 3075 1840 Dei
3103 1791 3189 1840 est
3211 1804 3224 1838 ε
3245 1792 3460 1858 quanta
3475 1787 3741 1842 miseratio

471 1877 617 1932 sicut
641 1877 935 1943 audieras;
965 1878 1061 1932 sed
1092 1878 1218 1931 ideo
1253 1877 1408 1932 illum
1434 1878 1587 1933 clara
1626 1879 1766 1933 facie
1804 1880 2076 1935 illustrari

481 1965 688 2030 vidisti,
723 1967 856 2038 quia
875 1967 1199 2022 recordatus
1220 1967 1289 2022 de
1301 1968 1389 2022 his
1403 1985 1525 2039 quae
1537 1969 1783 2040 primum
1805 1969 1952 2035 fecit,
1975 1971 2077 2025 ab-

475 2057 808 2110 renuntians
837 2056 947 2110 illis
977 2056 1140 2110 malis
1169 2056 1450 2127 operibus,
1481 2075 1608 2112 cum
1638 2059 1899 2129 lacrymis
1913 2065 1969 2113 et
1981 2075 2076 2130 ge-

473 2145 706 2200 mitibus
727 2145 828 2200 Dei
850 2145 1290 2200 misericordiam
1314 2146 1995 2219 postulabat,promittens
2014 2156 2076 2204 ut

474 2234 521 2289 si
543 2234 829 2306 praeterita
859 2233 910 2289 ei
936 2234 1173 2288 fuissent
1202 2234 1435 2289 remissa
1468 2242 1711 2307 peccata,
1739 2237 1975 2292 ulterius
2004 2239 2074 2294 ad

476 2325 673 2404 eadem
701 2338 814 2378 non
846 2323 1076 2378 rediret.
1105 2324 1174 2378 Et
1203 2324 1326 2378 ideo
1356 2325 1636 2396 prioribus
1655 2326 1853 2381 deletis
1882 2327 2074 2382 crimi-

473 2413 659 2480 nibus,
693 2413 764 2468 ad
793 2412 1187 2483 hancgratiam
1202 2430 1371 2484 quam
1391 2414 1598 2481 vidisti,
1632 2416 1899 2486 pervenit.
1929 2418 2071 2472 Cum

472 2509 664 2560 autem
697 2502 990 2574 episcopus
1019 2502 1088 2556 de
1115 2503 1300 2572 gratia
1321 2503 1422 2558 Dei
1438 2508 1628 2570 ⁵95
1653 2504 1976 2572 miraretur,
2006 2523 2071 2560 eo

473 2591 624 2664 quod
653 2607 768 2644 non
791 2591 972 2645 solum
1001 2591 1070 2645 de
1083 2592 1378 2646 tormentis
1403 2598 1521 2647 tam
1543 2593 1727 2664 turpis
1748 2594 1872 2649 vitae
1891 2595 2070 2650 homi-

473 2697 605 2735 nem
635 2679 866 2746 eruerit,
918 2679 1014 2734 sed
1052 2679 1223 2734 etiam
1243 2686 1402 2735 tanto
1437 2682 1648 2736 honore
1695 2683 2060 2751 decoraverit,

469 2768 836 2840 respondens,
877 2769 1128 2838 angelus,
1187 2767 1328 2824 dixit
1365 2787 1376 2823 :
1413 2770 1563 2824 Bene
1601 2771 1854 2838 miraris;
1896 2773 2065 2827 homo

471 2858 623 2912 enim
655 2874 734 2916 es,
768 2873 900 2911 nam
931 2857 1201 2912 Dominus
1222 2864 1412 2913 noster
1439 2875 1504 2913 ac
1523 2865 1708 2914 vester
1732 2861 2068 2916 naturaliter

467 2945 649 3002 bonus
681 2951 738 3002 et
765 2947 1049 3001 humanus
1077 2953 1181 3013 est,
1229 2948 1575 3004 cessantibus
1604 2967 1638 3004 a
1666 2951 1936 3022 peccatis;
1970 2967 2068 3024 pe.

465 3037 714 3094 tentibus
733 3037 882 3092 enim
895 3053 954 3092 se
977 3054 1076 3109 per
1089 3038 1492 3094 confessionem
1515 3055 1626 3094 non
1641 3041 1822 3096 solum
1839 3048 2066 3113 peccata

2161 1877 2284 1946 ejus
2312 1882 2415 1930 est.
2453 1877 2519 1930 Et
2547 1877 2854 1930 ascendens
2891 1875 2948 1930 in
2987 1876 3242 1930 altiorem
3285 1876 3494 1941 locum,
3551 1893 3739 1948 magna

2157 1981 2286 2019 voce
2313 1965 2549 2020 dicebat:
2583 1966 2868 2029 Venite,et
2886 1965 3066 2020 videte
3084 1981 3254 2036 opera
3276 1965 3376 2020 Dei
3401 1965 3570 2032 (Psal.
3605 1969 3738 2035 xtv);

2156 2055 2340 2108 venite
2369 2061 2424 2109 et
2453 2055 2634 2109 videte
2653 2055 3125 2126 quemadmodum
3149 2053 3268 2108 vult
3285 2071 3486 2108 omnes
3507 2053 3741 2109 homines

2157 2143 2336 2197 salvos
2357 2144 2494 2210 ﬁeri,
2527 2152 2586 2198 at
2607 2145 2676 2198 ad
2698 2145 3041 2214 agnitionem
3055 2143 3304 2198 veritatis
3327 2145 3526 2198 venire
3545 2147 3594 2209 (Ι
3618 2147 3739 2200 Tim.

2157 2239 2238 2300 Π).
2272 2232 2469 2288 Venite
2499 2233 2797 2288 adoremus
2829 2251 2979 2296 eum,
3015 2231 3263 2288 dicentes
3291 2251 3301 2286 :
3334 2233 3483 2298 Quia
3515 2240 3580 2288 tu
3607 2235 3740 2288 solus

2157 2327 2316 2393 potes
2337 2328 2564 2394 peccata
2587 2324 2803 2378 tollere.
2833 2324 2974 2378 Cum
3013 2329 3204 2377 autem
3234 2339 3427 2376 omnes
3455 2323 3738 2378 convenis-

2153 2415 2297 2476 sent,
2329 2411 2585 2482 exposuit
2631 2411 2712 2465 eis
2743 2411 2950 2464 Paulus
2979 2428 3147 2482 quem
3190 2411 3422 2466 vidisset
3443 2419 3736 2484 antequam

2153 2499 2585 2570 ingrederentur
2608 2501 2665 2554 in
2692 2499 3002 2566 ecclesiam,
3034 2505 3092 2554 et
3121 2515 3286 2572 quem
3317 2507 3512 2572 postea
3539 2521 3552 2570 ;
3577 2508 3632 2556 et
3653 2517 3737 2573 pe-

2153 2589 2308 2644 tebat
2334 2590 2492 2645 illum
2523 2589 2754 2644 fratrem
2785 2607 2952 2661 quem
2982 2589 3060 2644 sic
3092 2589 3324 2655 viderat,
3367 2595 3433 2644 ut
3465 2590 3519 2644 ei
3570 2589 3736 2644 mani-

2148 2679 2379 2734 festaret
2404 2680 2769 2750 cogitationes
2801 2695 2932 2734 suas
2970 2685 3027 2733 et
3053 2683 3229 2745 actus,
3263 2673 3348 2733 vel
3372 2679 3733 2750 quemadmo-

2147 2767 2283 2823 dum
2309 2735 2527 2824 tantam
2547 2769 3044 2824 commutationem
3069 2769 3151 2822 illi
3171 2735 3319 2823 Deus
3335 2735 3621 2824 donasset.
3645 2767 3732 2824 Ille
3840 2735 3841 2802 1

2148 2865 2338 2912 autem
2367 2864 2498 2913 ante
2519 2875 2714 2913 omnes
2741 2858 2908 2930 cmpit
2936 2857 3162 2924 referre,
3193 2857 3382 2912 dicens
3408 2875 3420 2910 :
3459 2859 3576 2929 Ego
3618 2873 3728 2912 sum

2147 2945 2314 3002 homo
2336 2953 2610 3020 peccator,
2637 2953 2693 3002 et
2709 2948 2768 3003 in
2795 2947 2988 3002 multis
3011 2946 3354 3020 temporibus
3371 2947 3501 3002 istis
3523 2962 3729 3019 semper

2145 3035 2569 3092 fornicationem
2596 3037 2764 3108 gessi.
2795 3038 3088 3108 Ingressus
3102 3042 3291 3091 autem
3317 3051 3471 3092 nunc
3487 3037 3549 3092 in
3573 3037 3727 3092 eccle-

467 3124 720 3192 dimittit,
754 3127 853 3180 sed
883 3127 1054 3181 etiam
1087 3127 1300 3182 honore
1339 3128 1509 3183 eﬂicit
1539 3129 1756 3200 dignos.
1792 3131 1882 3186 Sic
1909 3132 2117 3193 enimC
2139 3127 2280 3180 siam
2296 3127 2618 3186 Dei,audivi
2641 3116 2809 3181 verba
2832 3127 2990 3182 Isaia:
3011 3125 3314 3198 prophetia,
3341 3127 3526 3196 magis
3553 3134 3726 3182 autem

467 3214 662 3270 dilexit
689 3215 838 3270 Deus
866 3216 1174 3282 hominem,
1199 3221 1264 3272 ut
1293 3217 1648 3289 unigenitum
1675 3237 1840 3274 suum
1858 3220 2060 3276 Filium

465 3321 566 3376 pro
591 3304 975 3376 peccatoribus
1005 3305 1332 3374 destinaret,
1367 3312 1425 3362 et
1471 3323 1573 3380 pro
1615 3308 1752 3380 ipsis
1789 3309 1950 3364 daret
1988 3311 2060 3365 ad

460 3399 703 3449 mortem
719 3397 904 3464 (Joan.
929 3396 1030 3460 In).
1056 3394 1164 3460 Qui
1184 3413 1318 3468 ergo
1330 3397 1464 3452 dum
1478 3397 1689 3452 inimici
1712 3400 1834 3470 ejus
1849 3405 2054 3465 essent,

459 3482 602 3536 mori
615 3499 716 3554 pro
737 3483 874 3554 ipsis
898 3483 1069 3554 elegit
1093 3486 1264 3553 (Rom.
1286 3488 1364 3555 v),
1391 3491 1602 3557 quanto
1631 3487 1810 3558 magis
1837 3488 2060 3558 quando

457 3570 539 3625 illi
567 3571 777 3644 proprii
806 3572 963 3626 fiant.
996 3572 1113 3628 Hoc
1143 3589 1276 3644 ergo
1310 3574 1454 3628 scias
1481 3575 1612 3646 quia
1629 3575 1845 3630 nullum
1865 3593 2060 3647 pecca-

458 3663 582 3715 tum
608 3659 1242 3717 humanumbonitatem
1257 3662 1358 3717 Dei
1380 3663 1566 3730 vincit,
1591 3664 1640 3718 si
1665 3666 2059 3721 tantummodo

458 3767 560 3822 per
585 3749 972 3822 paenitentiam
996 3751 1380 3824 unusquisque
1400 3769 1466 3807 ea
1497 3769 1620 3824 quae
1645 3753 1803 3824 prius
1831 3753 2056 3822 fecerat,

457 3838 770 3894 aboleverit
783 3841 961 3908 mala;
986 3841 1302 3896 misericors
1323 3842 1472 3896 enim
1493 3842 1664 3910 Deus,
1689 3847 1747 3898 et
1767 3844 2062 3898 infirmita-

457 3933 575 3983 tem
601 3929 832 3983 humani
844 3929 1070 4001 generis
1085 3930 1208 3994 scit,
1219 3935 1275 3985 et
1293 3931 1620 4002 passionum
1644 3932 2054 4000 fortitudinem,

457 4023 516 4072 et
543 4017 753 4072 diaboli
773 4019 1040 4073 virtutem
1068 4020 1152 4074 vel
1185 4019 1480 4075 malitiam.
1501 4021 1570 4076 Et
1593 4021 1920 4078 cadentibus
1941 4024 2062 4094 qui-

457 4105 586 4161 dem
613 4105 936 4160 hominibus
964 4106 1022 4161 in
1050 4113 1364 4178 peccatum,
1393 4113 1668 4181 tanquam
1708 4111 1840 4166 ﬁliis
1870 4111 2060 4166 indul-

455 4211 597 4266 gens
653 4191 899 4250 sustinet
947 4196 1442 4264 emendationem;
1482 4199 1886 4270 paenitentibus
1933 4217 2062 4256 vero

461 4289 736 4356 tanquam
764 4283 1046 4355 languidis
1068 4286 1432 4357 compatitur,
1459 4293 1516 4342 et
1533 4304 1659 4342 mox
1688 4289 1904 4344 solvens
1932 4307 2060 4362 pec-

456 4379 584 4429 cata
611 4389 826 4439 eorum,
861 4374 1146 4444 justorum
1195 4375 1367 4430 etiam
1415 4376 1526 4431 illis
1562 4378 1794 4449 praemia
1832 4379 2054 4435 tribuit.

459 4463 710 4519 Audiens
733 4478 862 4518 vero
893 4463 1010 4518 haec
1037 4463 1350 4536 episcopus,
1395 4465 1635 4522 miratus
1663 4473 1748 4523 est
1772 4467 1958 4536 nimis,
2000 4474 2057 4524 et

455 4551 807 4625 glorificabat
837 4551 1036 4608 Deum.
1475 4549 1483 4554 ’

534 4641 652 4700 167.
668 4641 852 4697 Abbas
874 4642 1084 4698 Paulus
1102 4643 1349 4716 Simplex
1365 4643 1610 4701 habebat
1624 4645 1770 4702 hanc
1788 4649 2053 4719 gratiam,

456 4735 522 4787 ut
541 4729 924 4802 ingredientes
936 4731 996 4786 in
1011 4733 1302 4788 ecclesiam
1322 4735 1616 4807 aspiceret,
1631 4741 1687 4792 et
1705 4753 1770 4792 ex
1785 4737 1908 4810 ipsa
1919 4738 2060 4794 facie

456 4837 652 4876 eorum
682 4821 1128 4894 uniuscujusque
1148 4823 1534 4894 cogitationes,
1563 4842 1663 4881 seu
1689 4828 1853 4882 male
1873 4833 2062 4884 essent

455 4927 558 4966 seu
587 4910 763 4978 bonae,
804 4911 1041 4967 sentiret
1076 4913 1304 4982 (Pelag.,
1347 4914 1516 4970 libell.
1547 4931 1704 4984 xvm,
1737 4933 1894 4974 num.
1932 4915 2004 4976 20
2041 4937 2054 4987 ;

457 5001 648 5056 Pasch.
679 5017 726 5055 ο.
748 4999 840 5069 23,
874 5017 1032 5055 num.
1067 4999 1294 5068 2).Cum
1325 5019 1458 5076 ergo
1486 5006 1771 5062 venissent
1799 5007 1868 5062 ad
1889 5007 2061 5064 eccle-

459 5090 619 5158 siam,
654 5094 712 5145 et
741 5090 1194 5162 ingrederentur,
1215 5107 1388 5148 senex
1399 5095 1539 5150 vidit
1549 5113 1644 5150 eos
1662 5095 1815 5152 clara
1841 5094 1982 5152 facie
2003 5102 2060 5154 et

455 5179 586 5237 laeto
616 5179 804 5236 animo
827 5180 1068 5252 ingredi,
1101 5186 1158 5236 et
1187 5183 1418 5254 angelos
1460 5199 1656 5240 eorum
1692 5187 1906 5258 pariter
1929 5203 2057 5243 cum

459 5267 668 5342 gaudio
697 5287 825 5326 cum
853 5269 1010 5343 ipsis.
1034 5269 1221 5326 Unum
1252 5277 1442 5328 autem
1463 5271 1689 5344 nigrum
1708 5272 1865 5343 vidit,
1886 5282 1944 5332 et
1957 5294 2058 5332 ne-

460 5357 723 5415 bulosum
751 5359 1054 5416 habentem
1083 5375 1302 5434 corpus,
1335 5367 1394 5418 et
1413 5361 1695 5418 daemones
1731 5361 1863 5420 hinc
1891 5371 2059 5439 atque

461 5447 591 5504 inde
621 5449 913 5505 trahentes
929 5465 1059 5505 eum
1087 5449 1158 5505 ad
1171 5465 1231 5505 se
1253 5451 1424 5506 misso
1450 5451 1608 5508 freno
1631 5451 1691 5510 in
1719 5455 1970 5526 naribus,
2003 5462 2062 5512 et

464 5537 728 5608 angelum
758 5545 1016 5596 sanctum
1046 5541 1168 5612 ejus
1197 5556 1232 5596 a
1259 5537 1426 5612 longe
1455 5548 1785 5614 sequentem
1810 5545 2053 5604 tristem.

465 5627 674 5685 Beatus
685 5644 818 5702 ergo
834 5629 1045 5688 Paulus
1062 5630 1231 5704 cuspit
1242 5631 1378 5689 ﬂere
1397 5633 1766 5708 amarissime,
1789 5642 1847 5696 et
1859 5643 2059 5714 pectus

2144 3213 2244 3270 Dei
2279 3231 2380 3288 per
2405 3217 2587 3288 ipsum
2608 3215 2920 3288 loquentis:
2953 3215 3258 3282 Lavamini,
3292 3216 3491 3270 mundi
3537 3221 3719 3280 estote,

2143 3309 2200 3360 et
2227 3305 2406 3360 tollite
2437 3305 2679 3360 malitias
2708 3306 2776 3360 de
2807 3303 3100 3360 animabus
3129 3305 3324 3359 vestris
3349 3311 3483 3360 ante
3505 3321 3724 3378 conspe-

2142 3397 2296 3450 ctum
2324 3395 2610 3450 oculorum
2658 3411 2930 3450 meorum.
2967 3393 3172 3449 Discite
3203 3394 3560 3463 benefacere;
3595 3411 3725 3468 quie-

2140 3484 2250 3539 rite
2273 3485 2568 3555 judicium.
2591 3485 2660 3540 Et
2687 3484 2734 3538 si
2753 3484 2962 3540 fuerint
2990 3489 3218 3555 peccata
3245 3489 3428 3538 vestra
3457 3489 3717 3556 tanquam

2142 3573 2448 3639 coccinum,
2481 3574 2632 3628 velut
2659 3574 2754 3628 nix
2792 3573 3230 3640 dealbabuntur;
3262 3579 3320 3628 et
3350 3573 3398 3628 si
3444 3573 3721 3629 volueritis

2143 3673 2200 3718 et
2225 3663 2517 3718 audieritis
2555 3680 2663 3728 me,
2710 3663 2855 3718 bona
2899 3669 3066 3719 terrae
3105 3663 3408 3718 comedetis
3457 3665 3638 3730 (Isaia
3663 3665 3722 3730 ι).

2143 3753 2258 3824 Ego
2285 3760 2476 3808 autem
2505 3753 2678 3807 miser
2699 3759 2757 3808 et
2791 3752 3112 3818 fornicator,
3148 3757 3519 3825 compunctus
3546 3754 3603 3807 in
3634 3753 3722 3806 hoc

2142 3858 2402 3897 sermone
2428 3844 2732 3914 prephette,
2767 3847 2825 3898 et
2851 3841 3138 3914 ingressus
3153 3842 3518 3914 intrapectus
3533 3857 3723 3904 meum,

2141 3932 2255 3986 dixi
2283 3932 2353 3986 ad
2374 3933 2586 3987 Deum:
2609 3931 2864 3998 Domine,
2888 3938 2952 3987 tu
2975 3949 3034 3987 es
3055 3933 3150 4004 qui
3171 3932 3370 3987 venisti
3383 3932 3599 3988 salvare
3616 3946 3723 4004 pec-

2141 4026 2380 4077 catores.
2417 4021 2547 4075 Haec
2569 4037 2704 4091 ergo
2735 4037 2859 4092 quas
2887 4035 3037 4076 nunc
3065 4037 3165 4093 per
3187 4023 3522 4093 prophetam
3541 4020 3724 4094 promi-

2145 4110 2288 4176 sisti,
2322 4125 2491 4182 opere
2524 4111 2740 4182 comple
2779 4110 2839 4165 in
2870 4127 2961 4165 me
2990 4109 3222 4182 indigno
3253 4117 3566 4183 peccatore.
3605 4113 3725 4167 Ecce

2145 4199 2294 4255 enim
2322 4199 2523 4254 amodo
2535 4199 2936 4271 proﬁteortibi,
2969 4205 3026 4254 et
3041 4215 3109 4255 ex
3127 4206 3246 4255 toto
3265 4201 3431 4256 corde
3447 4202 3722 4264 conﬁteor,

2145 4289 2278 4360 quia
2313 4289 2419 4344 hoc
2446 4289 2684 4344 ulterius
2707 4305 2822 4344 non
2843 4289 3044 4344 faciam
3071 4291 3303 4356 malum,
3341 4293 3441 4347 sed
3470 4291 3718 4348 renuntio

2144 4379 2297 4433 omni
2319 4379 2626 4450 injustitiae,
2659 4384 2717 4434 et
2741 4379 2944 4435 amodo
2974 4381 3152 4436 servio
3181 4381 3284 4436 tibi
3313 4381 3372 4437 in
3391 4382 3716 4438 conscientia

2143 4469 2373 4523 munda.
2405 4469 2491 4524 Ab
2509 4469 2676 4523 hodie
2699 4483 2852 4541 ergo,
2880 4469 3137 4536 Domine,
3161 4475 3220 4526 et
3236 4471 3306 4526 ab
3327 4469 3434 4526 hac
3457 4473 3597 4528 hora
3613 4485 3721 4526 sus—

2141 4557 2262 4630 cipe
2295 4575 2385 4612 me
2427 4558 2810 4630 pwnitentem,
2865 4564 2920 4614 et
2967 4560 3294 4616 adorantem
3321 4566 3396 4628 Ue,
3427 4568 3487 4618 et
3522 4569 3714 4617 renun-

2140 4647 2383 4702 tiantem
2413 4647 2674 4702 omnibus
2702 4650 2962 4720 peccatis.
2982 4650 3174 4704 Juravi
3191 4655 3252 4706 et
3269 4651 3441 4707 statui
3464 4651 3611 4724 apud
3637 4663 3714 4704 me

2142 4751 2364 4792 scrvare
2393 4751 2587 4792 omnes
2614 4741 2742 4792 tuas
2755 4738 3188 4808 justiticationes
3209 4741 3374 4808 (Psal.
3391 4746 3596 4811 σπίνω).
3616 4738 3715 4796 Sub

2141 4825 2249 4880 hac
2289 4841 2422 4897 ergo
2453 4826 2753 4899 sponsione
2781 4843 3040 4898 egressus
3069 4843 3196 4884 sum
3231 4829 3305 4884 de
3331 4831 3579 4897 ecclesia,
3620 4834 3716 4884 stl-
3803 4817 3816 4836 ’

2141 4918 2308 4970 tuens
2335 4916 2484 4988 apud
2511 4931 2618 4983 me,
2644 4915 2784 4971 nihil
2824 4917 2894 4973 de
2924 4918 3208 4990 prioribus
3234 4922 3478 4992 peccatis
3495 4918 3712 4976 ulterius

2140 5007 2345 5064 facere.
2385 5009 2542 5064 Tunc
2569 5023 2762 5063 omnes
2805 5023 2968 5064 senes
3007 5011 3460 5066 exclamaverunt
3485 5011 3711 5066 dicentes

2139 5097 2211 5154 ad
2240 5097 2545 5154 Dominum
2572 5113 2704 5152 voce
2731 5113 2940 5170 magna
2964 5117 2976 5154 :
3009 5100 3192 5165 Quam
3211 5100 3567 5172 magnificam
3593 5100 3708 5154 sunt

2139 5203 2312 5261 opera
2336 5191 2438 5244 tua
2464 5187 2731 5244 Domine!
2767 5187 2956 5244 omnia
2981 5188 3041 5245 in
3059 5190 3339 5262 sapientia
3360 5189 3705 5264 fecisti(Psal.

2139 5277 2276 5349 cui).

2208 5363 2336 5423 168.
2377 5365 2563 5422 Abbas
2586 5365 2792 5440 Ioseph
2809 5366 2924 5440 (19)
2958 5369 3096 5425 dum
3113 5382 3240 5426 cum
3255 5369 3380 5426 aliis
3408 5367 3628 5426 senibus
3645 5363 3705 5421 ad

2141 5454 2738 5526 abbatemPoemenem
2762 5459 3006 5515 venisset
3029 5459 3228 5534 (Joan,
3259 5462 3428 5517 libell.
3445 5475 3506 5528 τι,
3529 5472 3585 5514 η.
3611 5458 3701 5519 10),

2141 5543 2370 5620 quidam
2387 5559 2452 5600 ex
2469 5547 2798 5620 parentibus
2807 5549 3056 5622 praedicti
3071 5550 3220 5606 senis
3229 5549 3419 5607 attulit
3431 5549 3697 5608 infantem.

2139 5640 2301 5713 cuius
2326 5636 2498 5706 faciei
2523 5655 2623 5714 per
2649 5640 3068 5715 corruptionem
3081 5640 3276 5712 fuerat
3297 5641 3618 5718 depravata,
3654 5641 3702 5692 et
