3876 6390
195 312 313 368 797

1505 311 1744 366 VERBA
1781 310 2173 377 SENIORUM.

3379 319 3482 376 798

193 438 409 494 sedens
432 440 593 511 pater
619 435 742 509 ejus
763 451 892 492 cum
920 449 985 491 eo
1002 435 1136 492 foris
1164 436 1234 492 ad
1247 435 1671 503 monasterium,
1690 436 1872 509 plo-A
1888 449 2091 514 vestra,
2122 449 2208 503 vel
2237 448 2442 520 pmna?
2481 446 2776 520 responde.
2808 447 2886 501 At
2920 446 3015 500 ille
3040 445 3209 501 altius
3238 445 3479 517 ingemi-

192 529 388 585 rabat.
413 530 553 585 Cum
572 533 762 584 autem
773 544 921 583 unus
936 544 1103 582 senex
1122 528 1191 581 ad
1204 545 1392 582 vocem
1414 528 1600 582 ﬂentis
1616 545 1803 598 egres-

192 636 299 675 sus
331 625 497 686 esset,
520 626 577 673 et
600 617 990 687 interrogabat
1009 634 1136 671 eum
1165 635 1265 671 cur
1294 619 1539 689 ploraret
1563 637 1577 683 ;
1608 618 1701 672 ille
1721 635 1803 673 re-

192 710 434 781 spondit
458 727 469 762 :
504 710 716 764 Parens
743 723 871 762 sum
901 707 1069 761 istius
1089 706 1307 761 abbatis
1330 708 1627 773 Pmmenis,
1648 714 1703 762 et
1731 707 1801 762 ob

188 800 305 854 hoc
335 799 459 853 veni
487 805 552 853 ut
578 799 727 852 hunc
746 798 1036 863 infantem,
1070 813 1240 867 quem
1269 791 1505 852 tentatio
1537 798 1795 865 conterit,

189 889 453 953 vidisset,
485 894 545 942 et
566 888 861 943 timuimus
882 889 1041 943 illum
1071 904 1249 959 usque
1276 904 1425 942 nunc
1447 888 1555 942 huc
1576 889 1793 955 afferre,

188 978 339 1049 quia
365 993 478 1033 non
490 978 609 1033 vult
636 978 826 1032 videre
856 995 985 1045 nos;
1015 985 1069 1033 et
1089 994 1237 1032 nunc
1252 978 1299 1031 si
1320 978 1642 1047 cognoverit
1667 978 1800 1048 quia

188 1068 287 1122 hic
312 1083 461 1133 sum,
492 1072 685 1133 5”
703 1068 886 1121 adhuc
915 1068 1154 1139 expellet
1177 1084 1267 1121 me
1284 1067 1430 1121 hinc.
1464 1068 1579 1137 Ego
1608 1072 1799 1122 autem

186 1157 400 1211 videns
427 1173 542 1222 vos,
574 1157 789 1222 Patres,
825 1157 920 1228 qui
950 1158 1117 1211 modo
1142 1158 1212 1212 ad
1244 1174 1371 1211 eum
1397 1157 1798 1227 venistis,prm-

186 1247 416 1319 sumpsi
437 1246 624 1301 venire
652 1247 778 1301 huc.
813 1247 1103 1311 Quomodo
1146 1247 1228 1301 vis
1255 1264 1408 1316 ergo,
1434 1246 1595 1312 abba,
1632 1246 1797 1300 mise-

183 1352 320 1393 rere
351 1337 482 1401 mei,
514 1342 571 1390 et
599 1337 730 1391 tolle
755 1336 1029 1390 infantem
1062 1336 1229 1401 hunc,
1262 1342 1319 1390 et
1347 1336 1501 1390 defer
1536 1336 1689 1391 intus
1718 1342 1796 1390 te-

183 1443 344 1493 cum,
376 1432 443 1481 ut
467 1432 590 1481 oret
618 1442 719 1497 pro
746 1442 832 1480 eo.
874 1426 1053 1489 Quem
1082 1442 1209 1480 cum
1240 1443 1408 1480 senex
1432 1425 1714 1480 attulisset
1734 1426 1794 1480 in

185 1516 419 1577 cellam,
451 1514 691 1585 sapienti
722 1532 855 1569 usus
886 1516 977 1570 est
997 1515 1256 1569 consilio:
1283 1531 1397 1569 non
1422 1515 1580 1569 illum
1610 1516 1791 1587 primo

181 1604 396 1659 obtulit
424 1603 616 1658 abbati
664 1605 934 1671 Pmmeni,
975 1605 1073 1659 sed
1107 1622 1141 1659 a
1169 1604 1480 1659 minoribus
1523 1604 1790 1661 fratribus

176 1694 484 1764 incipiens,
529 1693 783 1748 dicebat:
823 1695 1052 1764 Signate
1082 1695 1231 1748 hunc
1258 1694 1784 1762 infantem,fratres,

1885 552 2074 591 scens:
2107 539 2411 603 Quantum,
2436 538 2639 610 inquit,
2664 537 2863 592 caelum
2893 537 3115 592 distata
3147 542 3319 603 terra,
3352 540 3479 592 tan-

1884 631 2005 680 tum
2036 628 2183 697 ignis
2213 636 2298 683 est
2316 630 2483 693 altus,
2509 629 2564 683 in
2606 644 2715 699 quo
2740 628 2925 681 medio
2954 644 3151 681 sumus
3178 644 3213 680 a
3239 626 3475 698 pedibus

1883 731 2063 787 usque
2091 719 2161 772 ad
2186 725 2355 790 caput
2390 718 2637 788 undique
2664 718 2893 789 perfusi,
2937 734 3038 770 nec
3065 717 3325 787 cuiquam
3349 717 3479 770 licet

1881 805 2079 861 faciem
2110 809 2341 863 alterius
2371 807 2601 873 intueri,
2633 807 2730 861 sed
2758 807 2927 861 facies
2948 812 3139 860 nostro
3162 807 3326 861 dorso
3345 822 3479 860 con-

1876 896 2086 964 junctae
2116 904 2265 952 sunt.
2292 899 2433 952 Cum
2461 914 2594 966 ergo
2621 912 2747 950 oras
2778 912 2877 967 pro
2908 895 3086 960 nobis,
3120 912 3186 949 ex
3212 901 3371 966 parte
3402 894 3475 949 vi-

1881 984 2081 1039 demus
2126 987 2485 1050 alterutrum,
2533 991 2592 1040 et
2620 985 2723 1039 hoc
2751 983 2911 1038 nobis
2956 1001 3057 1055 pro
3095 984 3475 1038 consolatione

1880 1080 2117 1129 constat.
2143 1076 2243 1129 His
2262 1076 2489 1141 auditis,
2509 1075 2783 1145 lacrymas
2796 1074 2966 1138 fudit,
2992 1073 3181 1128 dicens
3205 1092 3216 1126 :
3240 1074 3336 1128 Va:
3361 1073 3472 1127 diei

1879 1163 1963 1217 illi
2004 1164 2061 1218 in
2091 1181 2202 1235 quo
2231 1166 2399 1219 homo
2428 1165 2694 1218 mandata
2736 1163 2837 1218 Dei
2862 1168 3245 1233 transgressus
3269 1163 3380 1216 est!
3409 1163 3477 1216 Et

1878 1251 2085 1307 iterum
2115 1252 2185 1307 ab
2216 1269 2300 1319 eo,
2345 1253 2391 1307 si
2415 1258 2563 1307 esset
2591 1253 2771 1306 altera
2795 1268 2962 1323 pmna
2997 1253 3180 1321 major
3214 1251 3472 1321 inquirit.

1878 1342 1981 1396 Cui
2010 1342 2103 1396 ille
2131 1342 2450 1413 respondit:
2503 1343 2647 1396 Sunt
2676 1340 2838 1395 nobis
2878 1340 2975 1394 alii
3004 1342 3181 1395 multo
3210 1340 3463 1393 inferius.

1878 1431 2130 1503 Cumque
2155 1432 2251 1503 qui
2276 1437 2465 1486 essent
2491 1431 2572 1485 illi
2601 1430 2993 1501 interrogaret,
3018 1430 3185 1483 dixit:
3217 1430 3332 1483 Nos
3351 1428 3470 1499 qui-

1875 1522 2024 1585 dem,
2067 1522 2162 1592 qui
2213 1523 2394 1576 Deum
2452 1537 2565 1575 non
2598 1520 2978 1590 cognovimus,
3030 1518 3469 1573 misericordiam

1873 1612 2429 1683 quantulamcunque
2458 1610 2743 1681 patimur;
2777 1610 2860 1663 illi
2899 1625 3029 1663 vero
3056 1608 3150 1679 qui
3180 1606 3469 1677 cognitum

1871 1706 2237 1770 negaverunt,
2246 1700 2598 1769 gravioribus
2614 1704 2671 1752 et
2684 1697 3061 1752 inetiabilibus
3078 1696 3256 1767 pmnis
3270 1696 3468 1749 subtus

180 1783 459 1839 facientes
500 1784 830 1847 orationem.
875 1783 1135 1837 Similiter
1172 1800 1377 1853 rogans
1410 1800 1508 1854 per
1538 1784 1787 1854 singulos
1810 1801 1973 1863 Bnos
2002 1790 2343 1844 cruciantur.
2378 1788 2592 1853 Quibus
2612 1788 2839 1851 auditis,
2874 1785 3350 1841 beatusMacarius
3375 1800 3469 1839 ca-

180 1890 372 1928 senes.
406 1874 541 1928 Post
555 1889 751 1928 omnes
790 1873 993 1926 detulit
1020 1874 1179 1926 illum
1193 1873 1263 1927 ad
1286 1872 1543 1927 abbatem
1567 1874 1786 1927 Poeme-

178 1979 316 2017 nem
341 1980 357 2029 ;
390 1963 554 2017 atille
574 1962 937 2017 nolebateum
951 1962 1279 2032 contingere
1317 1963 1459 2017 Cum
1484 1969 1675 2016 autem
1704 1979 1791 2017 ro-

174 2058 344 2123 garet
370 2069 522 2119 eum,
554 2058 619 2106 ut
646 2053 790 2106 sicut
816 2068 1032 2117 omnes,
1054 2052 1137 2106 ita
1150 2058 1207 2107 et
1246 2052 1340 2106 ille
1358 2057 1565 2107 oraret.
1592 2052 1791 2107 Exsur-

175 2159 320 2213 gens
350 2158 524 2197 senex
553 2142 849 2212 ingemuit,
884 2147 941 2195 et
959 2142 1155 2209 oravit,
1189 2141 1378 2196 dicens
1413 2160 1424 2195 :
1461 2143 1629 2206 Deus,
1648 2158 1788 2196 sana

175 2233 461 2287 facturam
473 2236 649 2297 tuam,
669 2245 740 2285 ne
752 2232 1073 2286 dominetur
1093 2231 1173 2285 illi
1200 2231 1476 2285 inimicus.
1504 2232 1572 2286 Et
1592 2232 1785 2301 signa-

174 2322 259 2376 vit
285 2321 585 2387 infantem,
619 2338 858 2392 moxque
889 2321 1036 2392 patri
1067 2338 1236 2375 sanus
1265 2325 1351 2374 est
1368 2321 1640 2378 redditus.

249 2410 379 2466 169.
414 2410 747 2482 Requisitus
771 2410 999 2482 quidam
1013 2427 1077 2464 ex
1097 2410 1371 2481 patribus,
1402 2410 1449 2465 si
1478 2410 1786 2481 perfectum

176 2498 392 2554 bonum
420 2505 570 2555 esset
596 2506 835 2571 egestas,
867 2501 1187 2571 respondit:
1222 2502 1421 2569 \lagna
1451 2517 1539 2554 res
1578 2506 1665 2554 est
1688 2517 1785 2570 pe-

178 2590 375 2657 nuria;
410 2606 543 2644 nam
573 2590 671 2661 qui
702 2607 827 2643 eam
856 2589 1170 2644 voluntarie
1186 2590 1442 2653 sustinet,
1476 2589 1790 2644 tribulatio-

179 2695 313 2733 nem
345 2679 577 2751 quidem
605 2680 789 2734 camis
818 2678 1008 2746 habet,
1043 2678 1245 2734 animae
1276 2696 1405 2733 vero
1433 2696 1547 2734 suae
1575 2678 1790 2733 invenit

179 2769 463 2840 requiem.

256 2856 378 2916 170.
413 2858 655 2923 Quidam
684 2858 861 2913 frater
890 2858 1183 2929 requisivit
1214 2875 1426 2923 senem,
1461 2859 1652 2913 dicens
1683 2873 1697 2913 :
1728 2858 1788 2914 Si

179 2964 391 3019 paucos
420 2964 684 3002 nummos
701 2948 839 3002 mihi
861 2947 1029 3002 debet
1048 2948 1243 3013 frater,
1266 2948 1432 3017 jubes
1445 2954 1510 3003 ut
1536 2953 1786 3019 repetam

179 3038 303 3092 eos?
324 3038 432 3092 Cui
459 3053 627 3091 senex
652 3037 733 3092 ait
757 3055 770 3090 :
806 3037 993 3092 Semel
1017 3038 1410 3092 tantummodo
1437 3038 1527 3092 dic
1545 3037 1627 3091 illi
1658 3054 1786 3094 cum

1874 1878 1990 1950 pite
2019 1878 2189 1933 altius
2220 1884 2385 1932 terra:
2414 1878 2635 1932 defosso
2664 1876 2939 1930 discessit.

1946 1966 2313 2031 173'Quidam
2326 1967 2500 2021 frater
2518 1966 2857 2037 requisivita
2885 1963 3234 2027 sene,dicens
3251 1980 3262 2014 :
3281 1960 3458 2025 Abba,

1871 2073 1972 2111 cur
2006 2073 2038 2110 a
2060 2056 2410 2111 daemonibus
2437 2062 2554 2111 tam
2583 2056 2830 2126 graviter
2870 2052 3313 2124 impugnamur?
3355 2051 3465 2105 Re-

1870 2146 2150 2218 spondens
2169 2163 2357 2212 senex,
2380 2145 2521 2200 dixit
2547 2162 2562 2196 :
2590 2144 2733 2209 Quia
2753 2161 2914 2199 arma
2934 2149 3125 2197 nostra
3137 2140 3463 2213 projicimus

1868 2252 1902 2290 a
1930 2235 2111 2301 nobis,
2134 2236 2188 2289 id
2211 2241 2316 2301 est,
2347 2234 2696 2306 patientiam,
2716 2233 3111 2296 humilitatem,
3135 2235 3459 2284 mansuetu-

1868 2325 2078 2390 dinem,
2111 2330 2280 2396 atque
2312 2324 2689 2379 obedientiam
2714 2324 2945 2396 (Pelag.,
2970 2324 3139 2376 libell.
3173 2336 3263 2385 xv,
3294 2335 3452 2373 num.

1869 2412 1975 2479 58;
2009 2414 2221 2477 Pasch.,
2251 2411 2402 2478 0.25,
2432 2429 2589 2466 num.
2614 2412 2685 2480 l).

1945 2498 2065 2556 174.
2092 2501 2334 2565 Quidam
2377 2500 2548 2554 frater
2582 2499 2876 2571 requisivit
2905 2498 3167 2552 abbatem
3193 2495 3460 2561 Sisoium,

1869 2589 2062 2645 dicens
2086 2608 2097 2643 :
2128 2590 2323 2654 Putas,
2351 2589 2513 2655 abba,
2546 2590 2624 2643 sic
2645 2590 2811 2643 modo
2840 2587 3200 2659 persequitur
3221 2603 3321 2639 nos
3343 2585 3469 2639 dia-

1870 2678 2202 2744 bolus,sicut
2217 2680 2477 2750 antiquos
2497 2679 2726 2734 Patres?
2744 2677 3080 2748 Respondit:
3122 2675 3293 2745 Magis
3315 2690 3463 2728 nunc

1871 2769 2228 2840 persequitur
2239 2768 2499 2839 nos,quia
2516 2768 3003 2840 appropinquante
3020 2780 3314 2836 pmnarum
3329 2770 3467 2818 tem-

1869 2875 2007 2930 pore
2026 2860 2207 2929 magis
2217 2857 2590 2929 angustiatur,
2616 2874 2717 2912 nec
2731 2863 2921 2911 tamen
2944 2856 3199 2910 infirmos
3214 2870 3465 2924 quosque

1870 2949 2137 3019 dignatur
2166 2955 2450 3020 appetere,
2487 2964 2627 3018 quos
2655 2947 2750 3001 ubi
2777 2947 3016 3001 voluerit
3035 2946 3146 3001 cito
3170 2944 3462 3010 subvertit,

1870 3038 1968 3093 sed
1995 3037 2325 3092 fortesviros
2338 3054 2403 3092 ac
2424 3053 2657 3107 magnos
2684 3036 3255 3107 aggreditur(Pelag.,
3289 3036 3459 3090 libell.

178 3126 758 3194 humilitate(Pasch.,
790 3142 833 3179 c.
857 3126 906 3191 5,
933 3142 1090 3180 num.
1109 3126 1185 3187 2).
1215 3127 1290 3180 At
1322 3126 1417 3180 ille
1439 3126 1600 3181 dixit:
1627 3128 1787 3191 Quod
1806 3124 1850 3185 Ο
1874 3144 1963 3193 xv,
1989 3144 2049 3182 η.
2082 3126 2179 3194 45ς
2212 3129 2425 3191 Pasch.,
2451 3143 2497 3181 ο.
2530 3126 2618 3189 25,
2646 3142 2805 3180 num.
2836 3125 2914 3194 2).

177 3216 226 3269 si
256 3215 435 3270 semel
461 3215 672 3281 dixero,
707 3220 766 3269 et
792 3215 932 3269 nihil
952 3215 1090 3269 mihi
1118 3215 1356 3280 dederit,
1390 3216 1522 3286 quid
1553 3216 1782 3273 faciam?

178 3305 336 3360 Tunc
363 3321 534 3359 senex
562 3304 670 3358 ait:
704 3304 951 3359 Ulterius
974 3304 1115 3359 nihil
1136 3304 1187 3358 ei
1208 3304 1377 3359 dicas.
1408 3306 1481 3358 At
1508 3304 1601 3359 ille
1621 3305 1777 3361 dixit:

179 3394 246 3448 Et
278 3394 415 3466 quid
440 3393 659 3459 faciam,
692 3394 826 3464 quia
855 3410 967 3448 non
998 3410 1227 3464 possum
1246 3394 1468 3447 vincere
1482 3395 1777 3465 cogitatio-

178 3498 307 3537 nem
338 3482 660 3547 meam,nisi
686 3482 843 3536 fuero
864 3483 947 3536 illi
964 3482 1499 3553 importunus.Dixit
1519 3483 1571 3537 ei
1589 3498 1775 3537 senex:

177 3571 412 3627 Dimitte
442 3572 840 3642 cogitationem
883 3577 1042 3625 tuam
1072 3588 1301 3642 crepare
1328 3590 1341 3631 :
1387 3572 1778 3626 tantummodo

177 3676 249 3715 ne
276 3661 577 3716 contristes
605 3661 838 3715 fratrem
865 3667 1048 3723 tuum,
1082 3661 1216 3731 quia
1243 3662 1551 3715 monachus
1589 3678 1667 3715 es.

252 3749 373 3806 171.
405 3750 647 3815 Quidam
696 3749 872 3804 frater
924 3750 1216 3821 requisivit
1269 3767 1480 3816 senem,
1541 3750 1778 3804 dicens:

179 3838 471 3903 Quomodo
500 3844 684 3910 potest
722 3839 915 3893 anima
944 3839 1323 3893 humilitatem
1362 3838 1643 3909 adipisci?
1681 3841 1781 3894 Ille

181 3929 493 4000 respondit:
526 3929 585 3984 Si
614 3929 1136 3994 suatantummodo,
1160 3935 1216 3982 et
1236 3944 1349 3983 non
1378 3928 1612 3983 alterius
1633 3929 1783 3983 mala

182 4018 499 4073 consideret
523 4019 816 4087 (Pasch.,c.
851 4016 930 4084 l3,
959 4034 1016 4072 η.
1053 4015 1157 4085 ιο).

250 4107 488 4163 Dicebat
507 4112 725 4163 autem:
760 4107 906 4172 Quia
923 4107 1192 4178 perfectio
1223 4106 1467 4162 hominis
1490 4107 1782 4163 humilitas

178 4198 801 4268 est.Quantumcunque
825 4197 976 4251 enim
996 4198 1321 4269 deposuerit
1342 4215 1401 4252 se
1422 4198 1590 4252 homo
1612 4198 1670 4252 in
1682 4198 1785 4253 hu-

181 4287 727 4355 militatem,tantum
743 4287 1071 4358 provehitur
1086 4288 1144 4341 in
1159 4288 1447 4342 honorem.
1458 4287 1613 4342 Sicut
1631 4288 1781 4342 enim

174 4376 442 4447 superbia
465 4376 515 4431 si
534 4375 851 4451 ascenderit
884 4376 941 4430 in
971 4377 1194 4443 caelum,
1230 4394 1408 4448 usque
1455 4378 1527 4431 ad
1573 4377 1782 4432 inferos

1938 3217 2059 3271 175.
2094 3216 2335 3280 Quidam
2355 3216 2559 3269 fratres
2590 3211 3244 3285 requisieruntabbatem
3277 3209 3457 3263 Silva-

1863 3321 2024 3371 num,
2056 3322 2157 3376 per
2181 3322 2351 3376 quam
2372 3304 2518 3358 viam
2549 3304 2787 3374 adeptus
2799 3308 2948 3357 esset
2974 3305 3192 3356 tantam
3221 3298 3464 3370 pruden-

1862 3394 2028 3451 tiam.
2066 3394 2377 3466 Respondit
2399 3394 2481 3447 eis
2520 3394 2631 3459 ille,
2664 3393 2856 3446 dicens
2884 3410 2896 3446 :
2926 3392 3232 3461 Nunquam
3269 3386 3458 3442 dimisi

1860 3484 2071 3538 morari
2098 3483 2465 3553 cogitationes
2480 3483 2657 3536 malas
2682 3482 2742 3535 in
2765 3481 2932 3536 corde
2955 3496 3100 3545 meo,
3134 3494 3257 3550 quae
3276 3478 3457 3532 Deum

1862 3579 2230 3644 provocarent
2260 3573 2332 3627 ad
2355 3573 2498 3627 iram
2523 3574 2748 3639 (Pelag.,
2785 3573 2954 3625 libcu.
2979 3584 3056 3635 xI,
3092 3586 3151 3623 η.
3178 3566 3286 3639 29).

1940 3661 2058 3719 176.
2074 3664 2279 3717 Beatus
2289 3662 2567 3717 Antonius
2582 3660 2804 3715 dicebat
2821 3677 2832 3712 :
2860 3660 2919 3715 Si
2933 3664 3119 3731 potest
3131 3658 3460 3728 fieri,quan-

1864 3758 1950 3807 tos
1970 3769 2167 3823 passus
2193 3750 2443 3806 ambulet
2463 3750 2789 3806 monachus.
2804 3749 2890 3803 vel
2918 3753 3059 3819 quot
3077 3748 3278 3803 calices
3299 3762 3460 3817 aqua:

1866 3840 2010 3896 bibit
2036 3841 2095 3895 in
2107 3841 2248 3895 cella
2276 3857 2398 3906 sua,
2421 3838 2589 3893 debet
2618 3837 2935 3893 senioribus
2956 3837 3333 3903 declarare,ut
3350 3851 3465 3889 non

1864 3929 2046 3985 deviet
2072 3930 2132 3984 in
2157 3928 2312 4000 ipsis.

1942 4019 2061 4075 177.
2091 4017 2279 4073 Abbas
2294 4018 2523 4073 Poemen
2541 4016 2707 4071 dixit:
2734 4017 2800 4071 In
2828 4016 2983 4071 nullo
3005 4015 3084 4070 sic
3111 4014 3323 4085 gaudet
3349 4012 3460 4068 ini-

1866 4109 2064 4175 micus,
2112 4107 2394 4181 quomodo
2438 4107 2499 4163 in
2528 4107 2624 4162 illo
2655 4105 2751 4179 qui
2786 4123 2901 4162 non
2931 4106 3051 4162 vult
3089 4104 3457 4176 cogitationes

1867 4215 1999 4253 suas
2014 4198 2393 4253 manifestare.

1933 4288 2058 4344 178.
2092 4288 2335 4353 Quidam
2366 4287 2539 4343 frater
2566 4285 2713 4342 dixit
2741 4286 2813 4341 ad
2851 4302 3070 4341 senem:
3108 4286 3263 4351 Ecce,
3292 4283 3455 4350 abba,

1862 4379 2188 4449 frequenter
2213 4377 2498 4448 interrogo
2524 4378 2774 4431 seniores
2799 4376 2995 4429 Patres
3020 4379 3085 4429 ut
3106 4374 3298 4429 dicant
3323 4373 3462 4428 mihi

175 4464 489 4532 deducitur;
514 4466 598 4520 ita
624 4466 989 4532 humilitas,si
1004 4466 1356 4520 descenderit
1376 4483 1554 4537 usque
1584 4467 1656 4521 ad
1687 4467 1777 4521 in-
1800 4467 2358 4543 Dccmmonitionem
2383 4482 2484 4537 pro
2506 4467 2689 4521 salute
2706 4465 2908 4520 anima:
2927 4480 3085 4529 meae,
3108 4468 3167 4517 et
3188 4462 3462 4534 quidquid

179 4552 424 4622 fernum,
451 4560 587 4610 tunc
618 4556 898 4611 exaltatur
934 4572 1114 4627 usque
1153 4556 1223 4609 ad
1253 4556 1421 4610 cmlos
1452 4557 1680 4627 (Pelag..
1710 4560 1780 4611 li-

181 4644 300 4697 bell.
328 4660 421 4711 xv,
450 4660 517 4702 η.
547 4642 644 4711 77;
670 4646 885 4711 Pasch.,
916 4661 962 4699 c.
998 4643 1085 4709 l3,
1120 4660 1279 4700 num.
1313 4645 1385 4713 5).

244 4735 370 4792 172.
404 4738 590 4793 Abbas
620 4738 894 4793 Macarius
924 4738 1036 4811 (20)
1087 4739 1222 4793 dum
1252 4738 1568 4794 ambularet
1595 4739 1653 4795 in
1679 4740 1779 4795 de-

178 4832 345 4894 serto,
412 4833 579 4899 caput
605 4829 901 4899 cujusdam
944 4827 1186 4883 hominis
1217 4828 1440 4883 aridum
1470 4829 1684 4885 invenit
1720 4830 1779 4886 in

183 4918 335 4971 terra
352 4917 394 4971 ¹.
430 4918 591 4983 Quod
618 4924 918 4989 postquam
943 4918 1141 4973 baculo
1157 4934 1259 4973 suo
1283 4918 1571 4985 convertit,
1585 4919 1793 4975 vocem

178 5004 359 5061 visum
383 5011 471 5063 est
506 5008 785 5062 emittere.
820 5008 981 5073 Quod
1020 5025 1189 5063 senex
1218 5008 1479 5080 quisnam
1509 5014 1659 5063 esset
1686 5010 1777 5065 in-

178 5096 454 5167 terrogat;
487 5105 548 5152 at
595 5096 688 5151 ille
733 5098 1057 5168 respondit:
1095 5099 1210 5169 Ego
1237 5098 1466 5170 quidem
1512 5099 1774 5171 princeps

178 5197 331 5239 eram
361 5187 716 5242 sacerdotum
744 5187 1043 5253 idolorum,
1075 5188 1172 5260 qui
1196 5188 1255 5243 in
1279 5188 1384 5243 hoc
1410 5188 1529 5243 loco
1561 5189 1778 5245 habita-

178 5269 421 5331 bant.Tu
440 5282 631 5331 autem
653 5291 712 5331 es
740 5274 913 5331 abbas
942 5277 1221 5334 Macarius
1242 5278 1444 5349 Spiritu
1472 5278 1661 5333 divino
1678 5294 1773 5335 re-

177 5362 733 5437 pletus.Quacunque
756 5367 909 5422 enim
935 5366 1077 5421 hora
1100 5366 1365 5422 misertus
1381 5382 1575 5423 eorum
1604 5367 1776 5425 fueris

181 5453 274 5522 qui
291 5453 352 5510 in
382 5472 546 5527 paena
563 5461 712 5521 sunt,
748 5461 806 5512 et
833 5472 936 5529 pro
947 5456 1028 5511 eis
1054 5456 1316 5525 oraveris,
1337 5459 1776 5515 consolationem

180 5540 426 5615 aliquam
454 5544 708 5602 sentiunt
731 5544 775 5602 ³.
806 5545 911 5602 Cui
934 5561 1120 5602 senex:
1140 5547 1210 5602 Et
1230 5562 1353 5619 quae
1373 5548 1775 5605 estconsolatio

251 5681 270 5717 ¹
301 5684 482 5758 Joan.,
512 5689 686 5748 libell.
709 5703 794 5759 ιη,
820 5705 877 5748 n.
911 5689 998 5760 16,
1028 5689 1196 5764 paulo
1224 5690 1390 5749 aliter
1418 5698 1629 5750 narrat.

1859 4557 2121 4612 dixerunt
2144 4556 2304 4621 mihi,
2328 4555 2469 4610 nihil
2496 4555 2714 4610 retineo
2733 4557 2958 4622 (Pelag.,
2978 4554 3173 4617 Iibell.,
3195 4566 3249 4614 Χ.
3271 4568 3330 4605 η.
3349 4551 3458 4619 92).

1862 4648 2037 4702 Erant
2063 4650 2254 4700 autem
2276 4644 2396 4699 seni
2413 4644 2524 4698 duo
2545 4660 2677 4698 vasa
2698 4657 2891 4707 vacua,
2915 4645 2971 4695 et
2996 4639 3137 4695 dixit
3166 4640 3217 4694 ei
3241 4655 3409 4694 senex
3442 4656 3454 4692 :

1862 4736 2037 4801 Vade,
2073 4740 2130 4790 et
2151 4735 2291 4788 aﬂ'er
2308 4749 2488 4788 unum
2516 4748 2583 4787 ex
2616 4732 2727 4786 illis
2755 4730 2920 4795 vasis,
2954 4735 3011 4785 et
3040 4729 3202 4784 mitte
3228 4744 3456 4800 aquam,

1860 4832 1920 4882 et
1948 4827 2072 4880 lava
2090 4824 2249 4890 illud,
2278 4828 2335 4877 et
2363 4822 2603 4885 effunde,
2638 4826 2697 4876 et
2723 4837 2868 4892 pone
2907 4820 3149 4875 nitidum
3181 4819 3240 4875 in
3277 4819 3460 4875 locum

1858 4934 2048 4974 suum.
2080 4916 2236 4971 Fecit
2262 4930 2396 4985 ergo
2428 4913 2507 4968 ita
2530 4912 2706 4967 frater
2732 4912 2908 4967 semel
2938 4917 2994 4967 et
3022 4911 3126 4978 bis,
3161 4918 3218 4968 et
3238 4912 3381 4968 dixit
3409 4912 3461 4969 ei

1860 5024 2063 5063 senex:
2087 5011 2329 5076 utraque
2348 5020 2481 5058 vasa
2513 5002 2682 5058 simul
2711 5002 2868 5057 affer.
2903 5003 2973 5057 Et
3001 5019 3130 5057 cum
3156 5003 3459 5070 attulisset,

1859 5098 1996 5154 dicit
2025 5097 2104 5151 ei:
2139 5095 2315 5161 Quale
2347 5099 2434 5149 est
2461 5110 2526 5147 ex
2556 5093 2812 5171 utrisque
2826 5092 3127 5147 mundius?
3146 5092 3459 5163 Respondit

1856 5188 2063 5243 frater:
2086 5184 2193 5241 Ubi
2214 5200 2421 5256 aquam
2444 5183 2593 5249 misi,
2626 5188 2683 5237 et
2696 5182 2985 5242 lavi.'I‘unc
3003 5175 3172 5237 senex
3194 5181 3340 5237 dixit
3366 5182 3451 5236 ei:

1854 5278 1952 5335 Sic
1980 5281 2068 5333 est
2086 5281 2144 5331 et
2172 5274 2382 5339 anima,
2426 5272 2530 5339 illi,
2562 5288 2687 5343 qua:
2716 5272 3042 5342 frequenter
3088 5270 3249 5326 audit
3292 5270 3464 5325 verba

1844 5368 1982 5434 ‘Dei,
2015 5364 2270 5427 quamvis
2299 5366 2484 5429 δην
2507 5361 2652 5416 nihil
2671 5360 2916 5415 retineat
2934 5377 3000 5414 ex
3029 5359 3117 5415 his
3135 5374 3258 5431 quae
3284 5359 3458 5415 inter-

1859 5463 2040 5530 rogat,
2070 5462 2262 5511 tamen
2294 5452 2421 5525 plus
2444 5450 2752 5506 mandatur
2772 5465 2941 5522 quam
2968 5449 3071 5504 illa
3095 5465 3219 5521 quae
3246 5465 3361 5506 non
3376 5466 3461 5506 re-

1862 5549 2055 5623 quirit.

1930 5691 1953 5727 ²
1984 5691 2129 5748 Sane
2167 5690 2285 5747 haec
2313 5684 2702 5759 intelligenda.
2728 5683 2869 5741 Vide
2898 5687 3077 5742 notat.
