3876 6380
451 298 556 358 799
1025 376 1042 390 ι
1585 305 1676 360 DE
1714 305 1902 361 VITIS
1941 279 2235 363 PATRUM
2271 306 2486 362 LIBER
2521 307 2620 362 III.
3621 297 3720 356 800

529 427 658 483 179.
689 427 928 492 Quidam
974 442 1140 482 senex
1174 426 1349 484 dixit:
1400 431 1636 495 Quando
1685 448 1857 503 opera
1903 414 2299 495 bonaAdixit:
2334 433 2446 488 Iste
2473 433 2639 487 homo
2651 433 2720 487 de
2749 431 3127 504 superioribus
3149 435 3254 497 est,
3286 434 3345 486 et
3370 427 3719 486 omlestialo-

455 521 677 570 exercet
695 517 1017 579 monachus,
1036 516 1262 570 veniens
1289 517 1545 574 diabolus
1566 520 1747 574 locum
1769 537 1881 575 non
1898 525 2047 576 inve-
2129 523 2358 593 quitur;
2393 540 2496 592 ego
2542 528 2729 576 autem
2775 523 2844 576 de
2873 521 3226 576 inferioribus
3255 537 3380 575 sum
3408 525 3466 574 et
3495 525 3719 574 terrena

456 603 543 657 nit
571 604 626 657 in
657 621 739 662 eo.
777 610 834 658 et
853 605 1044 658 statim
1067 606 1302 660 discedit
1327 625 1340 673 ;
1373 608 1419 660 si
1458 615 1646 662 autem
1669 610 1882 663 malum
1906 627 2046 680 opus
2127 610 2213 664 vix
2244 610 2395 681 loqui
2426 627 2685 680 possum:
2721 609 2766 664 si
2791 609 2926 664 mihi
2951 611 3170 664 locutus
3189 609 3389 664 fuisset
3413 608 3633 678 aliquid
3653 609 3717 662 de

457 697 689 757 exercet,
717 693 942 746 veniens
989 694 1314 766 frequenter
1343 697 1584 767 Spiritus
1617 697 1733 763 Dei,
1763 704 1821 751 et
1849 699 2044 752 videns
2129 699 2497 769 passionibus‘
2523 699 2798 762 monachi,
2831 699 3064 752 forsitan
3094 705 3151 752 et
3169 714 3272 768 ego
3302 697 3714 768 respondissem

455 781 664 834 malum
689 798 847 854 opus,
871 799 985 837 non
1026 784 1096 838 ad
1135 801 1263 839 eum
1295 785 1525 851 accedit,
1562 786 1658 839 sed
1711 787 1946 843 recedit.
1988 787 2045 841 Si
2129 787 2210 841 illi
2237 807 2249 854 ;
2275 789 2534 842 siautem
2565 789 2633 841 de
2654 787 2970 842 caelestibus
2997 787 3374 858 loquitur,ego
3393 803 3484 841 me
3507 787 3718 840 nescire

452 878 644 926 autem
671 889 736 926 ex
756 879 875 927 toto
896 875 1061 928 corde
1082 875 1286 930 iterum
1305 875 1608 948 requisitus
1623 874 1812 942 fuerit,
1829 875 1940 929 cito
1964 893 2046 931 re-
2128 879 2415 932 confiteor.
2441 879 2712 948 Egressus
2731 895 2864 947 ergo
2886 878 3212 948 discipulus,
3235 876 3375 930 dicit
3393 877 3465 930 ad
3485 877 3721 931 anacho-

453 965 703 1015 vertetur
732 964 963 1028 (Pasch.,
997 981 1041 1016 c.
1084 963 1176 1028 26,
1205 982 1362 1020 num.
1396 966 1472 1034 3).
2129 973 2334 1022 retam:
2360 967 2652 1022 Senexiste
2672 974 2864 1020 noster
2890 982 3003 1020 non
3022 966 3140 1019 vult
3158 965 3227 1019 de
3246 965 3544 1020 altioribus
3573 981 3719 1036 quie-

521 1049 648 1104 180.
682 1051 920 1114 Quidam
950 1070 1116 1106 senex
1129 1053 1295 1106 dixit:
1329 1055 1516 1125 Usque
1546 1062 1678 1110 tunc
1707 1056 1873 1110 debet
1899 1057 2048 1110 labo-
2130 1056 2405 1111 stionibus
2422 1057 2594 1126 loqui;
2627 1056 2724 1108 sed
2742 1055 2926 1126 siquis
2947 1055 2998 1108 ei
3018 1055 3087 1108 de
3111 1053 3465 1126 passionibus
3496 1055 3716 1108 locutus

451 1155 578 1193 rare
597 1142 2043 1214 monachus,usquequopossideatChristum(Pasch.,
2130 1146 2318 1210 fuerit,
2345 1145 2646 1216 respondet
2666 1145 2764 1198 illi.
2785 1147 2860 1198 At
2881 1145 2973 1198 ille
2991 1149 3356 1216 compunctus
3385 1144 3443 1198 in
3475 1144 3585 1197 hoc
3610 1160 3716 1198 ser-

450 1245 494 1281 c.
524 1227 610 1292 '28,
637 1245 794 1286 num.
812 1230 886 1299 3).
915 1232 1022 1295 Qui
1043 1239 1230 1286 autem
1246 1234 1417 1286 semel
1435 1233 1590 1287 illum
1605 1235 1843 1306 adeptus
1857 1235 2043 1300 fuerit,
2129 1235 2606 1304 mone,ingressus
2624 1234 2694 1287 ad
2717 1251 2908 1287 senem
2930 1232 3070 1287 dixit
3092 1250 3104 1286 :
3137 1233 3280 1297 Quid
3308 1232 3536 1299 faciam,
3560 1231 3713 1297 abba,

447 1318 566 1386 jam
583 1335 692 1372 non
721 1319 955 1374 laborat.
983 1321 1269 1375 Permittit
1288 1327 1477 1376 tamen
1504 1323 2047 1378 Dominuslaborare
2129 1325 2261 1395 quia
2289 1324 2656 1378 dominantur
2685 1323 2820 1376 mihi
2851 1323 3135 1392 passiones
3155 1321 3336 1376 cordis
3361 1323 3472 1375 mei
3497 1321 3523 1374 ?
3574 1323 3722 1377 Tunc

453 1407 658 1460 electos
675 1411 2043 1478 suos,utrememorenturtribulationumlabores,
2128 1431 2295 1467 senex
2325 1413 2569 1483 respexit
2598 1428 2726 1466 eum
2751 1412 3022 1481 gaudens,
3057 1417 3114 1464 et
3153 1411 3326 1465 dixit:
3362 1411 3534 1466 Modo
3555 1410 3710 1474 bene.

450 1495 601 1549 unde
623 1498 952 1568 semetipsos
981 1500 1318 1566 custodiant;
1344 1501 1610 1554 timentes
1641 1517 1711 1555 ne
1743 1509 1930 1556 tantos
1971 1503 2048 1556 la-
2131 1503 2318 1567 Pater,
2355 1502 2569 1556 venisti.
2593 1501 2797 1572 Aperio
2825 1517 2959 1570 ergo
2988 1517 3050 1554 os
3071 1516 3278 1566 meum,
3303 1505 3360 1554 et
3386 1499 3566 1571 imple
3586 1501 3716 1554 illud

450 1583 615 1640 bores
637 1587 919 1641 amittant.
956 1589 1100 1642 Nam
1129 1595 1186 1643 et
1229 1590 1374 1643 filios
1403 1591 1574 1644 Israel
1605 1591 1731 1644 ideo
1763 1592 1910 1645 Deus
1947 1609 2050 1662 per
2130 1591 2289 1646 bonis
2320 1591 2452 1646 tuis.
2485 1591 2552 1644 Et
2582 1595 2683 1644 hoc
2710 1605 2968 1644 sermone
2997 1589 3225 1658 adjutus
3253 1595 3340 1643 est
3358 1590 3715 1656 anachoreta,

454 1673 738 1729 desertum
768 1677 1142 1747 quadraginta
1165 1694 1341 1732 annos
1373 1678 1761 1745 circumduxit,
1788 1687 1852 1733 ut
1873 1697 2048 1734 reme-
2131 1687 2188 1734 et
2217 1680 2392 1734 dixit:
2425 1681 2488 1734 In
2520 1679 2770 1742 veritate,
2803 1677 2949 1732 bona
2970 1685 3057 1732 est
3083 1679 3200 1732 haec
3226 1678 3317 1731 via
3348 1695 3522 1749 quam
3547 1685 3716 1744 tenes,

452 1764 687 1818 moratis
735 1765 1210 1832 tribulationibus,
1263 1784 1376 1822 non
1413 1769 1666 1822 redirent
1711 1775 2038 1823 retrorsum.
2062 1755 2109 1815 Β
2131 1775 2188 1823 et
2216 1786 2363 1834 vera,
2397 1776 2453 1823 et
2483 1786 2654 1838 agens
2681 1768 2801 1822 seni
2829 1767 3062 1838 gratias,
3105 1782 3359 1822 reversus
3387 1773 3476 1822 est
3505 1768 3569 1822 in
3596 1784 3719 1840 pro-

523 1851 655 1910 181.
687 1854 922 1918 Quidam
954 1859 1129 1909 frater
1155 1857 1524 1926 interrogavit
1560 1874 1772 1924 senem,
1806 1858 1996 1911 dicens
2029 1876 2040 1912 :
2130 1859 2311 1930 priam
2336 1859 2642 1927 regionem.

454 1941 555 1995 Dic
575 1941 924 2010 mihi,Pater,
954 1962 1128 2016 quare
1162 1963 1311 2000 nunc
1340 1945 1658 2000 laborantes
1679 1949 1739 2000 in
1759 1963 2048 2001 conversa-
2203 1948 2322 2003 185.
2347 1947 2584 2012 Quidam
2606 1964 2773 2001 senex
2793 1946 2960 2000 dixit:
2987 1946 3049 2001 Si
3063 1946 3188 2017 quis
3209 1950 3312 2000 aut
3331 1945 3400 1999 de
3419 1945 3720 2016 Scripturis

449 2031 697 2086 tionibus
711 2034 970 2088 monachi
985 2051 1094 2088 non
1108 2035 1391 2106 accipiunt
1403 2035 1816 2104 gratiam,sicut
1829 2035 2046 2106 antiqui
2130 2041 2230 2090 aut
2255 2035 2322 2089 de
2345 2052 2678 2106 quacunque
2695 2051 2860 2088 causa
2882 2036 3100 2090 locutus
3117 2035 3301 2099 fuerit,
3327 2051 3397 2088 ne
3417 2035 3720 2089 contendas

451 2121 684 2175 Patres?
705 2122 807 2176 Cui
841 2140 1007 2178 senex
1038 2123 1204 2177 dixit:
1237 2125 1392 2178 Tunc
1414 2131 1572 2178 tanta
1615 2125 1861 2179 charitas
1905 2131 2046 2190 erat,
2131 2141 2260 2178 cum
2285 2142 2380 2190 eo;
2401 2124 2496 2178 sed
2515 2124 2561 2178 si
2587 2124 2812 2194 quidem
2831 2123 3132 2188 benedicit,
3153 2124 3404 2178 consenti
3420 2124 3470 2178 ei
3497 2143 3510 2191 ;
3532 2126 3582 2178 si
3602 2140 3721 2178 vero

451 2216 517 2264 ut
546 2211 934 2282 unusquisque
963 2213 1279 2283 proximum
1308 2229 1472 2266 suum
1505 2231 1730 2268 sursum
1764 2215 2044 2279 traheret;
2135 2214 2300 2279 male,
2342 2213 2430 2267 dic
2467 2213 2545 2267 ei:
2583 2214 2666 2268 Tu
2707 2213 2849 2268 scias
2887 2214 3165 2284 quomodo
3203 2213 3451 2284 loquaris
3483 2215 3712 2282 (Pasch,

453 2315 603 2354 nunc
632 2317 762 2354 vero
785 2308 1081 2373 postquam
1102 2301 1347 2356 Charitas
1367 2302 1597 2358 refrixit.
1623 2309 1681 2356 et
1711 2309 1864 2357 totus
1884 2320 2050 2357 mun-
2133 2302 2242 2357 c.3l
2260 2342 2274 2368 ,
2305 2319 2360 2356 η.
2389 2303 2406 2355 1
2420 2303 2581 2368 ).Hoc
2597 2301 2914 2367 observans,
2925 2308 2983 2356 et
2997 2303 3373 2356 humilitatem
3391 2301 3718 2374 possidebis,

453 2388 558 2443 dus
587 2389 646 2443 in
675 2390 923 2459 maligno
955 2391 1168 2460 positus
1207 2397 1309 2454 est.
1347 2392 1557 2461 singuli
1602 2393 1881 2462 proximos
1918 2409 2049 2446 suos
2133 2398 2190 2446 et
2217 2391 2406 2445 odium
2431 2390 2695 2456 evitabis;
2729 2407 2860 2445 nam
2897 2391 2942 2445 si
2985 2391 3250 2462 persistas
3269 2392 3638 2454 contendens,
3672 2397 3721 2446 et

452 2478 524 2532 ad
554 2478 819 2533 inferiora
846 2479 1149 2546 deducunt,
1181 2486 1239 2534 et
1267 2481 1392 2534 ideo
1413 2481 1492 2534 sic
1512 2481 1756 2550 gratiam
1787 2497 1898 2535 non
1921 2499 2044 2536 sor-
2133 2481 2214 2534 vis
2226 2480 2523 2534 defendere
2545 2496 2861 2534 sermonem
2885 2486 3064 2545 tuum,
3098 2487 3360 2534 nascetur
3373 2481 3718 2534 scandalum.

450 2565 630 2620 timur
659 2570 880 2637 (Pclag.,
925 2569 1095 2621 li’bell.
1131 2583 1262 2634 xvn,
1315 2586 1473 2623 num.
1505 2567 1606 2636 19;
1642 2571 1856 2636 Pasch.,
1875 2588 1921 2624 ο.
1957 2567 2044 2634 ‘28,
2131 2569 2212 2623 De
2239 2586 2571 2640 quacunque
2602 2585 2734 2639 ergo
2764 2586 2933 2623 causa
2961 2569 3008 2622 si
3038 2585 3150 2624 non
3179 2569 3565 2650 observaveris
3589 2585 3716 2624 cou-

454 2671 615 2708 num.
643 2655 718 2711 4).
2132 2659 2433 2723 tentiones,
2469 2658 2622 2712 nullo
2645 2658 2810 2712 modo
2831 2658 3085 2728 requiem
3108 2650 3437 2729 possidebis.

525 2742 644 2800 182.
677 2745 918 2809 Quidam
948 2745 1122 2800 frater
1143 2746 1436 2818 requisivit
1454 2747 1873 2813 senem,dicens
1900 2765 1912 2800 :
1942 2749 2049 2803 Pu-
2211 2747 2325 2804 [86.
2358 2747 2597 2812 Quidam
2639 2747 2813 2800 frater
2860 2747 3227 2817 interrogavit
3254 2764 3448 2801 senem
3493 2747 3708 2802 dicens:

452 2837 560 2899 tas,
594 2832 755 2899 abba,
772 2840 1115 2904 cognoscunt
1134 2836 1312 2890 sancti
1337 2835 1438 2889 viri
1461 2837 1684 2907 quando
1707 2837 1861 2890 venit
1879 2837 1934 2890 in
1951 2853 2046 2891 eos
2129 2837 2432 2907 Usquequo
2462 2842 2547 2890 est
2574 2835 2983 2890 observandum
3011 2836 3318 2902 silentium,
3353 2835 3533 2891 Pater
3563 2837 3588 2890 ?
3613 2837 3721 2891 Re-

452 2922 679 2992 gratia?
712 2923 1022 2994 Respondit
1045 2941 1230 2990 senex,
1265 2925 1486 2979 dicens:
1513 2926 1636 2980 Non
1663 2943 1887 2997 semper
1914 2943 2045 2996 cog-
2128 2926 2529 2996 sponditsenex
2555 2944 2567 2979 :
2593 2926 2892 2996 Usquequo
2911 2925 3372 2994 interrogeris.ln
3391 2927 3550 2980 omni
3573 2925 3714 2980 enim

455 3017 712 3064 noscunt.
739 3013 882 3066 Nam
899 3014 1190 3083 cujusdam
1212 3015 1401 3084 magni
1417 3014 1566 3069 senis
1585 3015 1890 3086 discipulus
1917 3031 2046 3069 cum
2126 3013 2247 3068 loco
2267 3013 2312 3068 si
2328 3014 2642 3068 taciturnus
2663 3014 2856 3078 fueris,
2889 3013 3140 3084 requiem
3160 3013 3471 3084 possidebis
3495 3015 3720 3081 (Pasch,

452 3107 735 3170 peccasset
763 3101 820 3155 in
849 3101 1037 3173 aliqua
1067 3119 1146 3167 re,
1171 3103 1348 3157 iratus
1369 3120 1536 3158 senex
1555 3104 1698 3158 dixit
1717 3105 1766 3158 ei
1787 3121 1914 3158 cum
1938 3105 2046 3158 cla-
2063 3112 2107 3173 α
2127 3120 2173 3156 c.
2207 3101 2295 3169 3'2,
2329 3120 2488 3157 num.
2529 3102 2604 3170 3).

450 3204 636 3243 more:
663 3190 836 3257 Vade,
870 3197 929 3246 et
952 3208 1188 3246 morere.
1224 3193 1292 3246 Et
1316 3193 1506 3246 statim
1521 3193 1616 3247 ille
1642 3193 1850 3248 cedidit
1873 3198 1929 3248 et
1944 3194 2043 3247 de-
2204 3192 2326 3247 187.
2349 3192 2591 3256 Quidam
2622 3209 2790 3246 senex
2809 3190 3047 3246 dicebat:
3067 3191 3224 3247 Sicut
3248 3191 3369 3263 apis
3391 3207 3718 3262 quocunque

447 3277 670 3333 functus
700 3285 802 3334 est.
840 3281 1095 3352 Cumque
1125 3298 1295 3336 senex
1315 3282 1548 3337 vidisset
1577 3299 1706 3336 eum
1731 3289 2036 3347 mortuum,
2123 3281 2294 3348 vadit,
2330 3281 2438 3335 mel
2466 3287 2768 3352 Operatur;
2810 3281 2889 3335 ita
2933 3287 2990 3336 et
3037 3275 3344 3336 monachus
3389 3296 3718 3352 quocunque

449 3367 826 3439 timoringens
845 3369 1188 3442 irruitsuper
1206 3388 1356 3438 eum,
1374 3378 1430 3425 et
1448 3388 1794 3441 cummagna
1821 3372 2045 3426 humili-
2128 3369 2333 3440 pergit,
2353 3370 2400 3423 si
2429 3375 2658 3441 propter
2672 3385 2812 3441 opus
2837 3369 2937 3424 Dei
2965 3369 3227 3440 perrexit,
3252 3369 3610 3424 dulcedinem
3627 3369 3717 3423 bo-

451 3460 568 3510 tate
610 3457 789 3511 oravit
821 3474 1026 3528 rogans
1056 3459 1255 3525 Deum,
1289 3465 1342 3513 et
1383 3459 1609 3514 dicens:
1637 3460 1874 3514 Domine
1915 3461 2046 3514 Jesu
2128 3464 2570 3513 norumactuum
2593 3476 2818 3530 semper
2828 3464 3013 3530 potest
3032 3460 3298 3530 perﬁcere
3319 3460 3550 3526 (Pasch.,
3584 3456 3714 3525 c.3‘2,

448 3544 692 3612 Christe,
719 3548 990 3600 resuscita
1018 3547 1197 3613 illum,
1231 3554 1288 3602 et
1303 3550 1424 3618 jam
1450 3548 1688 3603 ulterius
1714 3549 1834 3602 sine
1865 3550 2047 3604 consi-
2130 3565 2187 3602 η.
2219 3546 2271 3614 7,
2310 3551 2531 3602 nomine
2552 3550 2858 3616 Ampom‘s).

447 3633 738 3689 deratione
768 3636 936 3689 talem
961 3636 1071 3690 non
1095 3637 1294 3708 loquar
1307 3654 1624 3691 sermonem
1647 3656 1660 3703 ;
1686 3645 1744 3692 et
1773 3655 1902 3692 cum
1931 3639 2048 3693 haec
2198 3636 2324 3692 188.
2357 3635 2545 3690 Abbas
2573 3637 2834 3691 Muthues
2865 3636 3017 3690 venit
3042 3636 3342 3708 aliquando
3367 3637 3438 3692 de
3473 3638 3600 3693 loco
3627 3638 3714 3710 qui

449 3720 699 3787 dixisset,
732 3723 923 3778 statim
950 3725 1192 3779 surrexit
1220 3725 1525 3796 discipulus
1552 3726 1692 3795 ejus.
2127 3731 2356 3781 vocatur
2375 3726 2694 3796 Ragitham,
2709 3726 2768 3780 in
2787 3725 3039 3797 partibus
3060 3725 3378 3781 Gebalonis:
3394 3733 3519 3782 erat
3533 3733 3712 3782 autem

517 3811 642 3868 183.
658 3811 844 3867 Abbas
872 3813 1099 3868 Poemen
1127 3813 1284 3868 dixit:
1313 3815 1492 3868 Homo
1515 3814 1610 3886 qui
1635 3814 1965 3882 aliosdocet,
1988 3821 2046 3870 et
2125 3833 2252 3870 cum
2277 3833 2342 3869 eo
2366 3815 2536 3869 etiam
2553 3814 2858 3886 discipulus
2881 3815 3004 3885 ejus
3024 3817 3427 3883 (Pelag.,libell.
3449 3833 3538 3882 xv,
3565 3833 3713 3871 num.

447 3916 562 3954 non
589 3901 720 3956 facit
746 3919 814 3956 ea
855 3919 978 3974 quae
1005 3903 1185 3969 docet,
1219 3903 1420 3957 similis
1449 3911 1534 3958 est
1583 3903 1722 3958 fonti
1765 3905 1902 3970 alto,
1946 3905 2042 3976 qui
2131 3905 2192 3961 17
2219 3923 2232 3972 ;
2265 3907 2480 3971 Pasch.,
2511 3921 2556 3958 ο.
2593 3903 2678 3969 33,
2714 3920 2871 3957 num.
2903 3904 2977 3972 3).
3008 3903 3216 3958 Videns
3237 3909 3427 3958 autem
3449 3921 3582 3960 eum
3606 3905 3714 3976 epi-

449 3991 704 4044 omnium
746 4007 838 4045 res
867 3993 1033 4052 lavat.
1068 3998 1126 4046 et
1161 4009 1356 4046 omnes
1393 3993 1564 4047 satiat
1592 3999 1748 4063 potu,
1791 3994 2041 4064 seipsum
2123 4009 2325 4064 scopus
2354 3993 2459 4046 loci
2490 3992 2660 4056 illius,
2693 3998 2891 4046 tenens
2909 4009 3056 4058 eum,
3079 3992 3317 4047 invitum
3337 3993 3714 4066 presbyterum

448 4085 638 4133 autem
658 4079 843 4134 lavare
875 4097 986 4134 non
1017 4087 1219 4150 potest,
1239 4082 1336 4134 sed
1359 4080 1529 4135 habet
1565 4087 1623 4136 et
1653 4081 2045 4137 immunditias
2124 4081 2274 4136 fecit.
2311 4081 2521 4136 Etdum
2542 4081 2753 4152 pariter
2771 4087 3274 4148 commorarentur,
3299 4088 3490 4150 528
3514 4084 3650 4137 dicit
3665 4081 3712 4137 ei

447 4173 507 4221 et
532 4167 726 4221 sordes
750 4168 1012 4222 [imorum
1039 4170 1268 4239 (Pctag.,
1304 4172 1470 4224 libell.
1503 4186 1554 4235 x,
1582 4187 1740 4226 num.
1775 4169 1883 4236 50).
2124 4171 2435 4243 episcopus:
2463 4171 2698 4240 Indulge
2729 4169 2888 4235 mihi,
2919 4169 3083 4237 abba;
3106 4170 3222 4224 scio
3251 4170 3402 4226 enim
3424 4171 3560 4242 quia
3579 4173 3711 4226 hanc

521 4256 676 4310 Idem
690 4257 846 4312 dixit.
873 4258 1017 4312 Doce
1038 4257 1287 4312 animam
1301 4265 1454 4312 tuam
1477 4275 1698 4313 servare
1711 4275 1832 4330 quae
1849 4261 2044 4332 lingua
2123 4277 2350 4314 causam
2396 4259 2647 4325 nolebas,
2691 4259 2788 4313 sed
2819 4275 2922 4330 ego
2949 4275 2985 4313 a
3013 4265 3070 4314 te
3097 4258 3350 4314 benedici
3391 4259 3709 4316 desiderans

451 4349 551 4399 tua
575 4345 713 4399 alios
733 4346 914 4400 docet.
1933 4399 1945 4413 ,
2062 4351 2227 4448 Dhoc
2257 4348 2608 4421 praesumpsi.
2660 4348 2763 4403 Cui
2793 4365 2962 4402 senex
3007 4364 3108 4420 pro
3146 4348 3464 4404 humilitate
3507 4351 3624 4406 ait:
3651 4350 3710 4406 Et

520 4433 895 4500 184.Quidam
922 4436 1264 4492 anachoreta
1283 4453 1410 4492 cum
1437 4437 1680 4492 venisset
1697 4439 1768 4493 ad
1782 4439 2044 4494 abbatem
2066 4433 2251 4494 "mea
2281 4437 2546 4509 cogitatio
2577 4453 2775 4509 parum
2823 4437 3042 4492 volebat
3067 4456 3080 4504 ;
3115 4438 3213 4492 sed
3253 4437 3313 4493 in
3359 4438 3464 4494 hoc
3505 4439 3706 4504 laboro,

449 4521 786 4589 Pcemenem,
820 4526 1068 4597 suscepit
1088 4542 1218 4580 eum
1249 4542 1417 4580 senex
1441 4543 1569 4581 cum
1593 4527 1788 4582 laetitia
1809 4530 2040 4597 (Pelag.,
2127 4528 2262 4600 quia
2289 4527 2458 4581 dividi
2489 4526 2663 4580 habeo
2688 4543 2722 4580 a
2758 4526 2931 4581 fratre
2960 4526 3056 4599 qui
3093 4543 3317 4582 mecum
3345 4534 3452 4594 est,
3483 4535 3543 4584 et
3568 4529 3708 4585 solus

452 4614 620 4667 libetl.
655 4631 706 4680 x,
745 4630 903 4669 num.
930 4613 1035 4680 39).
1077 4615 1148 4670 Et
1181 4631 1308 4669 cum
1333 4631 1393 4670 se
1427 4615 1762 4672 alterutrum
1805 4617 2045 4688 amplexi
2129 4633 2242 4670 non
2271 4614 2485 4670 sufﬁcio
2514 4615 2964 4669 orationesmeas
2992 4615 3245 4686 implere.
3267 4617 3412 4673 Dicit
3430 4617 3483 4673 ei
3504 4618 3704 4690 episco-

450 4700 704 4767 fuissent,
728 4703 894 4775 coepit
931 4704 1268 4759 anachoreta
1299 4705 1369 4759 de
1401 4705 1702 4777 Scripturis
1733 4706 1958 4772 sanctis,
1979 4715 2040 4764 et
2121 4721 2256 4778 pus:
2285 4705 2343 4759 Si
2376 4704 2484 4758 scis
2505 4720 2634 4758 eum
2657 4721 2780 4759 esse
2807 4704 3060 4775 dignum,
3101 4705 3300 4760 ordino
3320 4723 3423 4777 ego
3446 4713 3506 4762 et
3534 4708 3704 4762 illum.

450 4791 521 4846 de
551 4791 719 4847 rebus
747 4792 1064 4847 coelestibus
1092 4794 1362 4848 conferre.
1381 4795 1538 4849 Tunc
1567 4812 1735 4850 senex
1763 4795 1931 4850 vertit
1957 4794 2040 4850 fa-
2123 4793 2435 4866 Respondit
2457 4792 2629 4847 abbas
2659 4793 2918 4848 Muthues
2950 4811 2961 4846 :
3011 4793 3070 4848 Si
3096 4793 3323 4864 quidem
3367 4795 3574 4866 dignus
3618 4796 3700 4861 sit,

447 4881 589 4934 ciem
618 4897 779 4936 suam
799 4881 868 4936 ad
895 4882 1070 4936 alium
1099 4881 1350 4950 fratrem,
1386 4889 1444 4938 et
1471 4885 1690 4939 nullum
1716 4883 1870 4938 dedit
1898 4901 2040 4938 ana-
2124 4884 2533 4940 nesciozunum
2554 4888 2744 4936 autem
2773 4883 2909 4948 scio,
2939 4883 3073 4954 quia
3094 4883 3292 4938 melior
3305 4901 3396 4938 me
3425 4892 3530 4941 est.
3563 4885 3707 4942 Ordi-

445 4971 687 5026 choretee
715 4987 1068 5042 responsum.
1111 4973 1211 5027 Ille
1261 4990 1392 5028 vero
1423 4973 1615 5028 videns
1640 4973 1790 5045 quod
1822 4989 1935 5028 non
1965 4973 2042 5027 lo-
2124 4973 2280 5028 navit
2298 4977 2489 5027 autem
2506 4978 2564 5026 et
2579 4971 2760 5026 illum:
2780 4972 3007 5043 utrique
3024 4978 3214 5027 tamen
3234 4973 3342 5044 ipsi
3358 4973 3442 5029 ita
3461 4989 3703 5046 perman-

445 5066 715 5133 queretur
769 5078 895 5116 cum
943 5078 1027 5128 eo,
1088 5079 1349 5132 egressus
1407 5068 1494 5117 est
1540 5062 1736 5127 tristis,
1785 5067 1844 5116 et
1901 5062 2040 5117 dicit
2123 5067 2322 5118 serunt
2351 5061 2614 5132 usquead
2635 5062 2805 5115 finem
2838 5078 3024 5123 suum,
3051 5067 3116 5116 ut
3133 5061 3204 5116 ad
3226 5063 3424 5130 altare,
3448 5070 3703 5136 quantum

443 5149 876 5222 discipuloillius
899 5169 910 5204 :
935 5150 1068 5205 Sine
1089 5168 1257 5206 causa
1278 5150 1740 5206 tantumitineris
1755 5157 1812 5204 et
1837 5150 2042 5206 laboris
2123 5153 2196 5206 ad
2261 5151 2603 5206 oblationem
2645 5151 2995 5217 sacrandam,
3035 5167 3330 5223 nunquam
3368 5155 3698 5209 accederent.

440 5241 739 5312 assumpsi,
771 5246 831 5294 ut
863 5241 1108 5294 venirem
1129 5240 1200 5294 ad
1229 5256 1360 5294 eum
1390 5239 1487 5310 qui
1519 5239 1657 5294 mihi
1689 5239 1841 5310 loqui
1871 5239 2030 5294 dedi-
2124 5241 2284 5297 Unde
2308 5239 2528 5295 dicebat
2556 5257 2756 5295 senex:
2792 5241 3025 5296 Conﬁdo
3053 5241 3114 5295 in
3139 5241 3318 5296 Deum
3348 5259 3554 5308 meum,
3587 5241 3703 5314 quia

441 5335 669 5400 gnatur.
690 5330 982 5398 Ingressus
999 5334 1189 5383 autem
1213 5327 1523 5399 discipulus
1547 5328 1618 5382 ad
1647 5327 1904 5383 abbatem
1922 5329 2042 5384 Pua-
2125 5346 2238 5385 non
2269 5329 2447 5384 habeo
2471 5330 2687 5401 grande
2701 5328 2980 5400 judicium
3003 5334 3229 5401 propter
3252 5330 3396 5386 hanc
3417 5329 3704 5386 ordinatio-

443 5435 668 5472 menem
693 5417 864 5473 dixit:
897 5419 1138 5488 Propter
1156 5422 1212 5472 te
1236 5417 1346 5472 huc
1360 5417 1510 5472 venit
1537 5416 1711 5472 abbas
1722 5417 1848 5486 iste,
1875 5419 2042 5474 homo
2126 5436 2276 5487 nem,
2305 5419 2438 5491 quia
2467 5418 2807 5474 oblationem
2837 5435 2951 5474 non
2977 5419 3115 5474 mihi
3145 5419 3472 5492 praesumpsi
3499 5421 3697 5475 offerre.

441 5511 560 5560 tam
591 5523 850 5578 magnus,
884 5511 1102 5561 tantam
1127 5506 1373 5577 gloriam
1402 5506 1458 5561 in
1488 5505 1622 5562 locis
1663 5507 1778 5562 suis
1807 5507 2038 5573 habens,
2125 5509 2271 5564 Nam
2309 5507 2588 5563 ordinatio
2611 5509 2730 5562 haec
2757 5507 2982 5564 illorum
3013 5513 3099 5564 est
3119 5509 3214 5581 qui
3249 5509 3372 5564 sine
3399 5509 3559 5582 culpa
3585 5510 3701 5564 sunt

445 5600 502 5649 et
528 5601 592 5651 tu
622 5611 735 5650 non
774 5596 856 5650 vis
893 5595 1046 5668 loqui
1097 5613 1226 5653 cum
1267 5595 1436 5668 ipso?
1473 5596 1839 5669 Respondeas
1873 5615 2044 5656 senex
2119 5597 2259 5671 justi
2289 5603 2346 5653 et
2373 5597 2741 5667 immaculati,
2775 5614 2879 5670 ego
2908 5603 3097 5654 autem
3129 5597 3270 5654 bene
3311 5615 3400 5655 me
3424 5613 3694 5670 cognosco.
