3876 6414
407 410 509 467 803

1549 415 1642 470 DE
1677 415 1864 470 VlTIS
1903 411 2198 468 PATRUM
2235 413 2450 467 LIBER
2487 412 2584 467 ΙΙΙ.

3583 408 3684 466 804

403 541 570 602 tecto,
614 537 708 591 lux
755 537 905 591 clara
941 537 1199 592 cellulam
1243 537 1396 592 illam
1445 539 1605 610 quasi
1644 539 1830 593 media
1877 538 1996 592 dies
2014 543 2063 598 Α
2155 535 2272 592 19C).
2303 537 2560 601 Quodam
2590 542 2841 606 tempore
2863 533 3098 588 Mazices
3130 532 3386 603 (2|)cum
3419 549 3685 604 superve-

405 627 679 698 implen't,
715 644 883 698 quam
915 633 1102 680 tamen
1129 627 1208 680 illi
1232 643 1341 681 non
1372 634 1705 695 senserunt;
1729 629 1827 682 scd
1857 633 2006 697 post-

404 731 572 784 quam
589 714 844 769 arbitrati
857 721 990 769 sunt
1008 731 1199 769 senem
1220 716 1481 780 dormire,
1504 723 1798 785 surgentes
1809 717 1864 770 in
1879 733 2001 769 ora-

401 803 614 858 tionem
635 821 756 858 sese
777 805 1444 868 dederunt,extendentes
1463 823 1662 860 manus
1679 806 1749 860 ad
1771 806 1994 870 coelum,

371 884 381 892 ’
401 909 540 963 quos
555 892 895 962 quidemille
915 893 1045 964 quid
1069 894 1318 947 facerent
1340 893 1682 958 intuebatur,
1707 894 1787 948 illi
1809 900 1999 948 autem

398 980 558 1036 illum
579 981 766 1036 videre
787 998 899 1034 non
921 988 1196 1052 poterant.
1221 983 1504 1037 Intentius
1523 989 1712 1037 autem
1729 999 1898 1036 senex
1915 999 1997 1036 re-

400 1071 658 1142 spiciens,
680 1070 819 1124 vidit
848 1076 1116 1142 tanquam
1149 1088 1370 1125 muscas
1399 1073 1682 1128 dzexnones
1711 1073 1998 1126 venientes

399 1158 458 1213 in
487 1159 639 1214 illius
668 1158 901 1213 minoris
928 1177 1024 1213 ore
1049 1166 1219 1231 atque
1249 1161 1424 1215 oculis
1451 1162 1696 1216 residere
1725 1163 1994 1227 volentes,

399 1249 496 1303 sed
527 1249 758 1319 angelus
787 1249 1013 1302 Domini
1038 1249 1363 1320 rhomphzea
1393 1251 1556 1320 ignea
1587 1256 1858 1317 armatus,
1883 1256 2000 1304 tam

398 1337 525 1392 illus
572 1337 958 1392 circumdabat
1003 1343 1061 1391 et
1105 1338 1459 1406 defendebat,
1497 1357 1666 1410 quam
1716 1340 1998 1394 daemones

397 1427 706 1498 repellebat
737 1432 794 1480 et
822 1427 1114 1496 ejiciebat;
1148 1427 1218 1481 ad
1259 1429 1533 1498 majorem
1575 1446 1705 1484 vero
1736 1431 1998 1484 accedere

399 1517 554 1570 nullo
575 1516 741 1570 modo
761 1515 1154 1586 praevalebant.
1189 1517 1368 1588 Prope
1399 1535 1525 1572 vero
1541 1519 1662 1588 jam
1685 1519 1827 1582 luce,
1861 1537 1995 1590 fro-

393 1605 656 1676 jecerunt
670 1621 729 1658 se
748 1605 804 1658 in
826 1605 1020 1658 eodem
1041 1610 1222 1660 stratu
1244 1623 1364 1660 suo.
1379 1607 1535 1661 Tunc
1551 1609 1828 1662 Macarius
1848 1609 1998 1662 velut

400 1695 668 1765 evigilans
691 1695 949 1760 surrexit,
968 1695 1228 1748 similiter
1243 1703 1608 1750 surrexerunt
1629 1702 1682 1750 et
1703 1697 1998 1768 ipsi,quasi

400 1784 469 1838 de
494 1783 660 1859 longo
689 1799 906 1836 sommo
941 1783 1184 1837 excitati.
1219 1785 1287 1838 Et
1311 1785 1581 1839 accedens
1610 1785 1797 1840 senior
1824 1787 2000 1840 frater

2083 625 2299 680 nissent
2328 627 2386 680 in
2417 626 2630 697 Scythi,
2655 632 2712 679 et
2744 625 2950 678 multos
2977 640 3041 676 ex
3070 621 3334 677 Patribus
3369 623 3682 677 interfecis-

2083 721 2210 770 sent
2231 719 2458 787 (Pelag.,
2489 718 2656 769 libell.
2700 731 2784 768 xv.
2823 731 2880 768 η.
2914 713 2976 768 il
3017 731 3032 780 ;
3076 713 3284 778 Fascia,
3317 729 3363 767 c.
3399 711 3486 778 42,
3526 729 3584 766 n.
3615 713 3682 780 4),

2081 803 2253 858 abbas
2277 805 2507 858 Puamen
2539 821 2663 858 cum
2697 803 2808 856 alio
2843 801 3043 856 abbate
3087 801 3308 855 seniore
3337 818 3416 866 se,
3452 801 3680 856 nomine

2081 891 2227 958 Nub,
2246 899 2302 947 et
2331 909 2456 948 cum
2480 893 2605 947 aliis
2635 892 2880 962 quinque
2911 889 3172 944 Patribus
3186 889 3406 959 fugiens
3422 889 3572 955 inde,
3591 906 3684 944 ve-

2081 981 2166 1034 nit
2195 981 2251 1035 in
2271 983 2455 1036 locum
2471 981 2817 1036 Therenuthi
2834 979 2962 1050 (2'2);
3000 985 3057 1033 et
3083 979 3418 1033 invenerunt
3441 978 3512 1032 ibi
3548 985 3685 1032 tem-

2080 1071 2233 1142 plum
2265 1071 2543 1142 quoddam
2576 1071 2878 1135 desertum,
2913 1074 3246 1123 manserunt
3284 1069 3342 1122 in
3373 1085 3438 1122 eo
3467 1074 3683 1138 septem

2081 1159 2277 1214 diebus
2319 1160 2551 1231 pariter,
2588 1160 2764 1214 donec
2806 1164 3208 1228 cognoscerent
3243 1156 3338 1211 ubi
3383 1174 3684 1211 mansurus

2081 1255 2232 1303 esset
2256 1249 2641 1320 unusquisque
2672 1250 2729 1302 in
2759 1254 2950 1314 δεῖξε)
2968 1247 3230 1318 ίΕεγρὶο.
3265 1245 3412 1301 Dicit
3439 1263 3572 1316 ergo
3599 1246 3679 1300 eis

2081 1337 2252 1392 abbas
2273 1339 2322 1393 N
2329 1338 2400 1392 ub
2425 1357 2436 1392 :
2475 1338 2801 1409 Septimana
2825 1337 2930 1390 hac
2953 1335 3338 1407 unusquisque
3368 1335 3683 1406 requiescat

2081 1427 2230 1497 apud
2252 1445 2330 1494 se,
2359 1434 2416 1482 et
2441 1445 2567 1482 cum
2590 1428 2766 1482 altero
2788 1443 2902 1480 non
2926 1426 3209 1496 loquatur.
3235 1425 3374 1480 Cum
3394 1431 3582 1478 autem
3604 1425 3684 1478 sic

2079 1513 2344 1579 facerent,
2377 1522 2499 1570 erat
2528 1515 2585 1569 in
2617 1515 2829 1584 templo
2859 1513 2956 1568 illo
2985 1519 3177 1568 statua
3203 1512 3498 1584 cujusdam
3519 1512 3672 1567 idoli.

2077 1603 2265 1658 Abbas
2296 1621 2428 1675 ergo
2448 1603 2575 1658 Nub
2606 1619 2910 1673 exsurgens
2935 1619 3096 1656 mane
3128 1601 3419 1673 lapidabat
3446 1619 3592 1668 eam,
3627 1609 3684 1655 et

2078 1710 2307 1764 vespere
2336 1693 2566 1748 veniens
2607 1692 2826 1748 dicebat
2867 1693 2938 1746 ad
2969 1709 3094 1746 eam
3131 1710 3143 1744 :
3175 1690 3421 1755 Peccavi,
3452 1691 3681 1761 indulge
3707 1744 3710 1746 γ

2079 1784 2238 1838 mihi.
2274 1785 2342 1838 Et
2370 1801 2469 1856 per
2495 1790 2674 1840 totam
2703 1783 3077 1856 septimanam
3110 1781 3370 1836 similiter
3399 1779 3548 1834 fecit.
3585 1781 3683 1834 Die

401 1873 472 1927 ad
499 1889 691 1926 senem
718 1872 860 1926 dixit
893 1891 904 1926 :
937 1873 1053 1938 Vis,
1086 1878 1265 1943 pater,
1304 1875 1390 1926 vel
1433 1874 1727 1929 duodecim
1755 1877 2000 1946 psalmos
2021 1861 2271 1927 Bautem
2294 1874 2523 1928 Sabbati
2543 1891 2670 1928 cum
2693 1874 2904 1944 pariter
2925 1871 3328 1932 convenissent,
3354 1871 3491 1924 dicit
3515 1870 3568 1924 ei
3590 1869 3688 1924 ab-

399 1978 686 2016 canamus.
711 1962 964 2033 Cumque
987 1962 1308 2032 psallerent,
1331 1963 1401 2017 de
1421 1980 1518 2018 ore
1538 1963 1780 2034 junioris
1807 1965 1999 2020 fratris

397 2067 498 2122 per
528 2051 778 2120 singulos
809 2067 1002 2105 versus
1030 2050 1120 2104 fax
1151 2050 1294 2120 ignis
1316 2069 1544 2122 egressa
1561 2053 1899 2108 ascendebat
1927 2055 1997 2109 ad

397 2141 618 2196 coelum.
644 2141 787 2194 Item
819 2146 876 2194 et
918 2141 1100 2210 major
1139 2157 1266 2194 cum
1297 2141 1641 2209 decantaret,
1674 2143 1894 2214 quoties
1924 2144 1996 2198 ad

399 2229 754 2302 psallendum
774 2228 922 2283 labia
941 2229 1268 2294 deducebat,
1283 2231 1436 2284 velut
1454 2231 1737 2286 funiculus
1757 2232 1902 2304 ignis
1926 2234 1996 2287 de

397 2334 494 2373 ore
517 2319 639 2389 ejus
668 2317 928 2372 similiter
966 2318 1301 2373 tendebatur
1329 2319 1400 2373 ad
1435 2321 1657 2374 caelum.
1692 2322 1996 2393 Postquam

397 2423 528 2462 vero
583 2407 942 2478 expleverunt
1007 2408 1350 2474 matutinos,
1413 2426 1670 2479 egressus
1727 2411 1998 2466 Macarius

399 2495 731 2552 obsecrabat
749 2513 862 2563 eos,
881 2502 946 2550 ut
960 2513 1060 2567 pro
1090 2513 1149 2551 se
1170 2513 1332 2551 orare
1351 2497 1738 2568 dignarentur;
1766 2500 1846 2554 illi
1868 2517 1998 2555 vero

398 2591 670 2650 tacentes,
703 2586 774 2639 ad
805 2587 928 2656 ejus
957 2585 1126 2656 pedes
1153 2592 1286 2640 sunt
1312 2587 1607 2657 provoluti,
1637 2589 1849 2659 seipsos
1879 2606 2000 2644 ora-

400 2673 649 2728 tionibus
689 2673 838 2726 illius
875 2674 1349 2730 commendantes.
1388 2676 1457 2729 Et
1497 2677 1760 2746 cognovit
1803 2694 1997 2747 senex,

401 2761 668 2834 quoniam
688 2763 872 2832 major
883 2762 1104 2832 quidem
1126 2771 1273 2816 esset
1291 2763 1348 2817 in
1362 2763 1564 2818 timore
1582 2765 1680 2819 Dei
1697 2767 1994 2836 perfectus,

2079 1961 2179 2017 bas
2203 1964 2434 2018 Pmmen
2458 1981 2469 2017 :
2495 1963 2640 2028 Quid
2673 1963 2896 2018 voluisti
2928 1963 3032 2016 hac
3056 1967 3174 2016 tota
3201 1961 3382 2014 facere
3413 1960 3678 2031 septima-

2078 2068 2170 2118 na,
2187 2057 2252 2106 ut
2274 2053 2444 2107 homo
2469 2052 2648 2106 ﬁdelis
2666 2052 2815 2106 idolo
2833 2052 3066 2105 diceres:
3093 2050 3330 2120 Indulge
3355 2049 3511 2103 mihi.
3533 2047 3687 2103 Dicit

2079 2141 2130 2194 ei
2164 2157 2374 2196 senex:
2407 2142 2536 2196 Haec
2564 2158 2666 2211 ego
2704 2148 2934 2212 pr0pter
2977 2157 3072 2194 vos
3109 2139 3213 2193 feci
3247 2155 3263 2190 :
3307 2138 3475 2193 dicite
3515 2137 3678 2206 mihi,

2078 2230 2330 2301 nunquid
2348 2231 2452 2284 hoc
2465 2231 2675 2284 idolum
2695 2230 2918 2301 quando
2940 2227 3281 2300 lapidabam,
3304 2227 3552 2282 locutum
3569 2232 3676 2294 est,

2078 2319 2421 2374 autiratum?
2438 2321 2505 2374 Et
2516 2320 2722 2374 iterum
2737 2319 2920 2390 quand
2931 2336 2960 2372 ο
2973 2317 3379 2388 indulgentiam
3394 2315 3650 2388 petebam
3661 2359 3676 2382 ,

2078 2409 2334 2479 nunquid
2363 2409 2628 2464 exaltavit
2653 2427 2730 2472 se,
2767 2414 2865 2462 aut
2893 2407 3197 2478 gloriatum
3221 2406 3344 2461 est?
3371 2405 3473 2460 Cui
3502 2405 3676 2462 abbas

2078 2497 2308 2552 Poemen
2333 2497 2623 2568 respondit
2655 2515 2666 2550 :
2700 2498 2826 2551 Non
2859 2495 3073 2566 utique.
3106 2495 3260 2549 Tunc
3300 2511 3470 2549 senex
3498 2495 3676 2548 dixit:

2082 2587 2324 2652 Fratres,
2350 2603 2494 2653 ecce,
2529 2602 2722 2640 sumus
2747 2591 2963 2656 septem
2987 2609 2998 2644 ;
3031 2585 3078 2639 si
3101 2584 3265 2638 vultis
3287 2601 3419 2654 ergo
3448 2589 3514 2638 ut
3531 2583 3684 2656 pari-

2081 2681 2170 2731 ter
2190 2693 2536 2738 maneamus,
2553 2675 2624 2729 sit
2646 2675 2858 2728 idolum
2875 2674 3025 2728 istud
3044 2673 3202 2728 nobis
3225 2673 3562 2744 exemplum,
3583 2690 3681 2727 ne-

2083 2765 2306 2836 quando
2319 2765 2373 2819 in
2375 2767 2395 2834 j
2406 2765 2620 2818 uriatus
2633 2764 2838 2835 aliquis
2849 2763 3150 2828 irascatur;
3171 2779 3274 2817 nec
3287 2762 3512 2834 quando
3527 2761 3598 2816 ab
3615 2777 3685 2816 eo

401 2852 676 2905 minorem
710 2867 840 2905 vero
871 2852 1055 2905 adhuc
1091 2851 1370 2906 damones
1400 2853 1819 2924 impugnarent.
1867 2857 2002 2911 Post
2081 2855 2242 2908 venia
2263 2855 2490 2925 petitur,
2514 2853 2788 2924 glorietur
2807 2854 2891 2906 vel
2913 2852 3229 2906 extollatur.
3263 2851 3362 2906 Sin
3385 2857 3574 2906 autem
3598 2852 3684 2906 ita

401 2957 608 3012 paucos
637 2957 768 2994 vero
798 2940 920 2994 dies
951 2941 1134 3010 major
1155 2941 1328 2996 frater
1355 2949 1611 3014 receptus
1640 2950 1727 2998 est
1753 2945 1808 2998 in
1839 2962 1994 3016 pace,
2080 2961 2192 2998 non
2213 2943 2401 3007 vultis,
2425 2943 2812 3014 unusquisque
2835 2942 2926 2996 ubi
2944 2941 3061 2995 vult
3083 2946 3296 3012 pergat.
3312 2941 3486 2995 Atilli
3515 2941 3687 3012 proji-

399 3029 569 3084 tertio
608 3029 698 3084 die
727 3029 895 3083 etiam
941 3029 1125 3083 minor
1151 3036 1238 3084 est
1265 3047 1394 3084 eum
1425 3039 1738 3088 assecutus.
2080 3033 2291 3087 cientes
2310 3050 2369 3086 se
2393 3033 2450 3086 in
2473 3039 2703 3098 terram,
2728 3032 3142 3102 responder..nt
3159 3047 3218 3084 se
3240 3031 3322 3085 ita
3341 3029 3604 3096 facturos,
3623 3039 3686 3085 et

473 3115 594 3174 196.
625 3118 813 3172 Abbas
842 3119 1062 3190 Moyses
1095 3122 1323 3186 (Fascia,
1359 3137 1405 3174 ο.
1437 3121 1523 3187 35,
1557 3138 1614 3175 η.
1661 3124 1710 3192 1)
1743 3139 1992 3176 commo—
2019 3182 2055 3193 η
2080 3121 2160 3176 sic
2188 3126 2622 3193 permanserunt
2649 3138 2750 3192 per
2783 3121 2990 3174 multos
3017 3137 3195 3174 annos
3215 3136 3343 3174 cum
3373 3119 3554 3173 multa
3573 3119 3685 3174 hu-

396 3206 565 3262 nebat
579 3207 798 3272 fratres,
822 3182 1044 3262 dicens:
1071 3182 1325 3272 Quatuor
1344 3215 1477 3264 sunt
1499 3182 1771 3266 monacho
1789 3212 1992 3283 princi-
2015 3182 2057 3240 ί)
2077 3182 2314 3266 mili-tate
2345 3219 2403 3266 et
2436 3182 2710 3283 patientia
2765 3211 3021 3276 Quatuor
3054 3209 3208 3264 horis
3237 3209 3592 3264 dormiebant
3617 3210 3683 3266 in

398 3297 550 3370 palia
577 3297 950 3365 observanda;
974 3297 1029 3351 id
1061 3305 1168 3363 est,
1191 3299 1431 3364 tacendi,
1450 3301 1708 3355 servandi
1726 3303 1994 3356 mandata
2077 3308 2260 3364 nocte,
2292 3308 2348 3355 et
2376 3307 2618 3371 quatuor
2646 3299 2978 3372 psallebant,
3008 3304 3065 3354 et
3093 3303 3335 3370 quatuor
3361 3297 3678 3369 operaban-

396 3387 862 3453 Dei,l1umiliandi
886 3385 1602 3460 semetipsum,etangustia
1621 3391 1990 3462 paupertatis.
2075 3398 2196 3458 tur;
2231 3391 2290 3444 in
2313 3390 2401 3444 die
2433 3407 2560 3446 vero
2588 3407 2765 3461 usque
2788 3389 2858 3444 ad
2889 3389 3086 3442 horam
3115 3393 3328 3442 sextam
3359 3387 3678 3458 operaban-

394 3477 632 3546 Oportet
658 3492 792 3546 ergo
822 3476 1159 3530 monachum
1185 3483 1249 3532 ut
1277 3495 1499 3548 semper
1527 3479 1736 3548 lugeat,
1772 3497 1996 3552 semper
2075 3484 2188 3546 tur,
2220 3479 2422 3534 deinde
2450 3496 2627 3550 usque
2666 3479 2737 3532 ad
2767 3494 2973 3532 nonam
2999 3477 3292 3548 legebant;
3325 3481 3381 3531 et
3409 3482 3536 3548 post
3566 3478 3676 3532 hoc

394 3580 626 3619 suorum
657 3565 731 3619 sit
758 3581 974 3619 memor
1001 3571 1375 3637 peccatorum,
1397 3573 1454 3620 et
1473 3567 1626 3622 omni
1656 3569 1794 3623 hora
1820 3574 1994 3640 ponat
2075 3568 2282 3622 victum
2294 3567 2400 3622 sibi
2413 3567 2821 3639 praeparabant,
2839 3567 3162 3638 colligentes
3179 3565 3446 3638 quasdam
3463 3564 3674 3622 herbas

394 3651 502 3707 sibi
533 3659 772 3707 mortem
800 3661 931 3708 ante
972 3655 1162 3708 oculos
1197 3671 1350 3709 suos.
2075 3663 2239 3712 terraa

464 3740 588 3798 197.
625 3743 814 3798 Sancti
838 3744 1033 3797 Patres
1061 3743 1387 3815 congregati
1418 3746 1894 3816 proplietaverunt
1923 3747 1992 3801 de
2141 3745 2270 3804 200.
2295 3748 2548 3802 Fuerunt
2562 3752 2620 3800 et
2637 3746 2734 3800 alii
2758 3751 2974 3816 septem
3002 3744 3264 3800 similiter
3294 3742 3679 3816 probatissimi

393 3832 595 3886 ultima
615 3833 996 3903 generatione,
1030 3850 1094 3887 ex
1129 3833 1332 3904 quibus
1355 3851 1501 3888 unus
1531 3835 1861 3906 praecipuus,
1897 3853 1995 3890 no-
2075 3835 2198 3902 viri,
2225 3837 2324 3906 qui
2350 3836 2408 3890 in
2438 3853 2506 3890 ea
2533 3852 2741 3902 eremo,
2772 3852 2893 3906 quae
2925 3833 3248 3890 Sarracenis
3267 3833 3536 3904 contigua
3565 3839 3675 3902 est,

394 3921 812 3992 mineSquirion
833 3923 853 3992 ι
871 3923 1101 3989 l’ulgati‘,
1135 3923 1420 3993 Isquirio],
1441 3923 1606 3978 dixit:
1631 3925 1746 3978 Nos
1767 3924 1994 3995 quidem
2075 3924 2434 3993 habitabant;
2469 3925 2682 3980 cellulis
2712 3925 2938 3996 quidem
2967 3923 3117 3978 haud
3137 3923 3300 3994 longe
3321 3939 3356 3977 a
3376 3939 3436 3977 se
3461 3922 3676 3989 divisis,

393 4010 576 4064 adhuc
606 4010 873 4064 mandata
889 4011 990 4064 Dei
1011 4010 1525 4082 implemus(Joan.,
1552 4015 1720 4068 liboll.
1746 4028 1785 4079 ι,
1806 4013 1990 4082 nuli).
2077 4013 2172 4069 sed
2221 4015 2326 4085 ipsi
2368 4015 2590 4069 vinculo
2619 4013 2911 4068 charitatis
2939 4012 3176 4068 connexi
3209 4030 3223 4066 :
3260 4028 3497 4084 quorum
3528 4028 3682 4067 unus

393 4097 895 4168 Interrogaverunt
923 4116 1051 4154 eum
1076 4099 1172 4154 alii
1199 4101 1414 4166 Patres,
1433 4101 1682 4155 dicentes
1705 4119 1717 4154 :
1745 4103 1890 4166 Quid
1912 4103 1991 4169 hi,
2080 4104 2379 4158 vocabatur
2401 4104 2622 4169 Petrus,
2646 4103 2790 4158 alius
2813 4103 3150 4174 Stephanus,
3171 4101 3373 4156 tertius
3402 4100 3669 4167 Joannes,

395 4187 492 4256 qui
515 4193 644 4258 post
666 4204 768 4242 nos
801 4187 978 4242 futuri
1005 4188 1178 4242 sunt?
1209 4191 1284 4242 At
1310 4189 1404 4244 ille
1434 4191 1778 4261 respondens
1804 4191 1943 4246 dixit
1976 4210 1988 4246 :
2077 4197 2311 4262 quartus
2331 4191 2621 4262 Georgius,
2652 4191 2880 4262 quintus
2907 4191 3252 4253 Theodorus,
3279 4195 3468 4245 sextus
3489 4189 3669 4258 Felix,

393 4275 578 4342 Media
597 4276 740 4330 forte
755 4275 1116 4347 complebunt
1132 4277 1399 4332 mandata
1414 4279 1600 4343 Dei,et
1615 4286 1888 4336 :eternum
1910 4297 1994 4336 re-
2073 4281 2346 4352 septimus
2373 4281 2608 4337 Laurus.
2644 4281 2748 4335 Hic
2785 4297 2919 4352 ergo
2948 4281 3008 4334 in
3046 4279 3224 4336 sterili
3263 4296 3328 4334 ac
3356 4278 3678 4334 vastissima

393 4363 620 4434 quirent
669 4365 870 4420 Deum.
911 4366 1294 4437 Dixeruntque
1335 4368 1515 4422 sancti
1553 4369 1750 4423 Patres
1798 4388 1810 4423 :
1859 4371 1994 4426 Post
2073 4370 2396 4435 solitudine,
2421 4376 2477 4424 et
2502 4387 2644 4441 pene
2678 4369 3001 4425 hominibus
3033 4367 3388 4424 inhabitabih
3423 4384 3676 4424 commo-

391 4452 495 4508 hos
521 4459 710 4509 autem
732 4454 829 4526 qui
855 4455 1106 4522 veniunt,
1149 4455 1284 4528 quid
1311 4456 1512 4512 tacturi
1536 4459 1710 4512 sunt?
1740 4460 1991 4532 Respon-
2011 4465 2282 4559 Drantes,
2311 4460 2486 4514 semel
2512 4459 2619 4514 sibi
2650 4459 2708 4515 in
2743 4459 3063 4530 septimana
3083 4457 3350 4514 videndos
3377 4473 3438 4512 se
3464 4456 3678 4528 praebe.

392 4543 532 4598 dens
551 4543 716 4598 dixit:
737 4543 1006 4598 Homines
1023 4545 1405 4616 generationis
1424 4547 1575 4602 illius
1594 4549 1992 4606 mandatorum
2012 4543 2057 4559 "
2073 4547 2228 4604 bant.
2257 4547 2627 4604 Sabbatorum
2650 4565 2892 4620 namque
2904 4548 3159 4615 die,hora
3181 4547 3293 4602 diei
3313 4562 3460 4601 nona
3475 4562 3676 4601 conve-

393 4631 494 4686 Dei
510 4649 680 4704 opera
698 4649 814 4687 non
842 4633 1147 4699 habebunt,
1168 4640 1226 4688 et
1245 4641 1522 4708 praecepta
1539 4637 1642 4692 Dei
1666 4637 1992 4694 obliviscen-
2072 4636 2306 4692 niebant
2322 4638 2529 4709 singuli
2543 4639 2610 4693 de
2627 4638 2763 4694 locis
2774 4638 2891 4694 suis
2911 4637 2978 4692 ad
3003 4637 3188 4693 locum
3205 4635 3314 4691 sibi
3331 4635 3670 4702 condictum,

389 4724 504 4774 tur.
535 4721 1028 4793 Superabundabit
1054 4729 1245 4778 autem
1274 4730 1410 4780 tunc
1435 4725 1726 4797 iniquitas,
1751 4734 1808 4783 et
1833 4728 1991 4783 refri-
2073 4725 2386 4783 deterentes
2405 4727 2811 4799 unusquisque,
2835 4727 2882 4781 si
2913 4725 3047 4798 quid
3075 4725 3324 4781 invenire
3345 4729 3582 4797 poterat.
3603 4724 3677 4779 Et

391 4816 582 4879 gescet
607 4811 852 4865 charitas
872 4811 1180 4867 multorum
1210 4815 1420 4884 (Matth.
1449 4819 1619 4880 xxiv).
1637 4816 1839 4872 Veniet
1860 4835 1988 4874 vero

391 4912 564 4968 super
592 4915 686 4953 eos
703 4900 962 4964 tentatio,
976 4908 1029 4954 et
1047 4901 1143 4972 qui
1163 4902 1373 4957 inventi
1388 4903 1600 4959 fuerint
1617 4905 1676 4959 in
1695 4905 1792 4961 illa
1808 4911 1990 4962 tenta-

389 4985 544 5041 tione
581 4985 823 5060 probati,
852 4995 908 5043 et
934 4989 1092 5044 nobis
1117 4995 1175 5045 et
1201 4991 1463 5048 Patribus
1487 4993 1696 5049 nostris
1725 4996 1988 5052 meliores

391 5075 650 5144 existant,
675 5083 732 5131 et
759 5075 1048 5141 feliciores,
1089 5083 1146 5134 et
1173 5079 1596 5151 probabiliores.

466 5163 585 5223 198.
601 5165 842 5230 Quidam
853 5165 1029 5222 frater
1043 5167 1304 5223 abbatem
1324 5169 1615 5242 requisivit
1635 5172 1988 5243 Agathonem

392 5257 594 5323 (Pelag.
637 5257 803 5310 libell.
833 5270 890 5323 x,
927 5273 982 5313 η.
1017 5258 1076 5324 l;
1115 5259 1302 5312 Pasch.
1347 5276 1392 5313 ο.
1429 5260 1514 5327 42,
1549 5277 1606 5314 η.
1649 5260 1714 5330 l),
1747 5262 1936 5318 dicens
1969 5280 1981 5316 :

385 5342 736 5410 Volo,Pater.
753 5361 980 5400 manere
999 5345 1058 5399 in
1075 5347 1506 5416 congregatione
1531 5365 1658 5403 cum
1684 5350 1950 5406 fratribus
1971 5370 1983 5404 :

385 5431 473 5508 di’c
502 5433 639 5487 mihi
671 5435 950 5504 quomodo
992 5434 1240 5488 habitem
1269 5451 1398 5489 cum
1425 5437 1550 5490 eis?
1580 5439 1890 5510 Respondit
1933 5441 1986 5495 ei

386 5535 554 5575 senex
587 5539 601 5575 :
643 5523 888 5577 Observa
913 5523 1018 5578 hoc
1042 5541 1156 5594 prie
1186 5524 1464 5591 omnibus,
1500 5531 1566 5579 ut
1594 5527 1776 5597 qualis
1805 5529 1988 5600 primo

385 5605 476 5664 die
500 5608 834 5682 ingredieris
852 5611 1004 5682 apud
1023 5611 1194 5683 ipsos,
1217 5611 1348 5667 talis
1368 5612 1541 5668 etiam
1562 5615 1808 5689 reliquos
1826 5633 1988 5691 pera-

384 5709 485 5765 gas
513 5693 634 5752 dies
663 5703 792 5754 cum
818 5696 1158 5755 humilitate.

2069 4831 2218 4872 unus
2239 4816 2466 4888 quidem
2496 4815 2782 4872 deferebat
2807 4831 2996 4883 nuces,
3033 4815 3178 4870 alius
3202 4814 3513 4869 lactorones
3533 4812 3674 4881 (23),

2069 4905 2212 4960 alius
2239 4905 2509 4977 dactylos,
2543 4906 2686 4962 alius
2724 4907 2881 4972 ﬁcus,
2914 4904 3058 4960 alius
3085 4903 3288 4958 herbas
3311 4899 3575 4968 visibiles,
3607 4900 3668 4955 id

2071 5000 2174 5060 est,
2205 4995 2521 5066 lapsanum,
2543 4995 2881 5067 pastinacas,
2905 4993 3120 5049 caricas
3151 4998 3208 5048 et
3235 4989 3662 5063 petroseliaum.

2069 5082 2183 5138 Iste
2211 5083 2417 5156 quippe
2449 5091 2572 5139 erat
2614 5083 2928 5156 praecipuus
2969 5099 3166 5138 eorum
3206 5081 3382 5136 victus
3415 5099 3426 5134 :
3460 5095 3667 5150 panem

2068 5187 2313 5243 namque
2343 5178 2400 5228 et
2427 5173 2613 5228 oleum
2645 5173 2730 5228 vel
2757 5179 2952 5244 potum
2973 5177 3132 5227 extra
3161 5187 3327 5226 usum
3355 5167 3658 5228 habebant.

2067 5261 2480 5318 Tantummodo
2509 5263 2659 5316 enim
2687 5261 3029 5334 supradictis
3049 5259 3236 5315 herbis
3255 5265 3312 5314 et
3339 5257 3517 5330 pomis
3537 5275 3666 5312 sus-

2071 5349 2450 5408 tentabantur.
2492 5350 2902 5406 Vestimentum
2953 5351 3034 5405 eis
3073 5350 3260 5422 palma
3313 5345 3666 5402 solummodo

2071 5441 2374 5512 praebebat,
2410 5460 2557 5514 aqua
2599 5444 2656 5498 in
2683 5445 2794 5499 illis
2831 5443 2966 5498 locis
2993 5443 3225 5498 minime
3253 5438 3662 5496 inveniebatur.

2069 5529 2265 5602 Neque
2285 5531 2434 5586 enim
2457 5533 2972 5604 aliterpotabantur
2993 5548 3162 5604 quam
3183 5536 3446 5586 exeuntes
3471 5544 3654 5594 mane,

2068 5634 2134 5674 ac
2161 5618 2538 5676 discurrentes
2567 5637 2670 5694 per
2701 5621 2950 5677 diversas
2985 5620 3187 5676 herbas
3215 5620 3540 5690 colligentes
3569 5632 3655 5670 ro-

2065 5721 2204 5776 rem,
2222 5707 2319 5781 qui
2329 5708 2844 5767 amuentissimeibi
2869 5707 3034 5777 cadit,
3044 5707 3238 5766 etinde
3262 5702 3667 5764 tantummodo
