3876 6380
264 356 374 413 805

1574 358 1810 416 VERBA
1849 362 2215 422 SENIORUM
2230 405 2243 419 .

3448 367 3554 426 806

264 480 552 538 bibebant.
584 480 841 554 Cumque
893 486 976 551 (ut
1004 482 1266 545 diximus)
1297 484 1356 538 in
1401 500 1576 540 unum
1619 487 2016 550 conveni-Ain
2056 491 2257 545 exstasi
2290 490 2570 561 pendebat
2598 492 2655 546 in
2694 492 2891 547 faciem
2918 510 3079 547 suam
3099 492 3140 547 ³.
3184 493 3254 548 Et
3291 498 3419 565 post
3463 492 3562 546 ali-

265 580 397 629 rent
425 574 631 637 locum,
663 578 896 643 agentes
926 572 1043 627 Deo
1090 573 1304 643 gratias
1334 574 1634 629 sumebant
1663 575 1867 630 cibum.

270 665 409 719 Post
435 662 795 717 refectionem
825 679 955 715 vero
982 679 1156 733 usque
1187 663 1258 715 ad
1290 681 1579 733 vesperam
1614 666 1872 720 sedentes

267 752 697 808 meditabantur
716 752 785 806 de
816 751 1119 823 Scripturis
1146 752 1374 806 sanctis.
1428 754 1552 807 Non
1582 754 1733 808 enim
1765 755 1872 808 dis-

270 842 536 897 currebat
560 842 713 895 inter.
726 858 820 895 eos
844 841 1125 895 saecularis
1146 841 1351 907 fabula,
1378 858 1488 896 non
1511 860 1647 897 cura
1663 844 1869 910 saeculi,

269 950 384 988 non
408 932 552 987 actio
570 938 923 987 terrenarum
938 948 1143 991 rerum.
1163 932 1254 985 sed
1281 932 1630 987 solummodo
1653 934 1874 987 collatio

270 1023 559 1094 spiritalis,
570 1022 725 1091 regni
741 1021 981 1075 caelestis
995 1020 1379 1075 desiderabilis
1395 1038 1514 1075 com
1525 1022 1872 1090 memoratio,

272 1112 465 1167 futura
509 1112 816 1177 beatitudo,
872 1111 1053 1181 gloria
1090 1112 1395 1181 justorum,
1430 1128 1592 1181 paena
1617 1118 1873 1182 peccato-

274 1219 423 1267 rum,
475 1208 908 1271 sanctorumque
956 1200 1133 1271 quies.
1185 1201 1313 1254 Haec
1367 1210 1876 1255 commemorantes

274 1291 637 1362 suspirabant
664 1308 727 1345 ex
758 1292 871 1344 imo
914 1298 1156 1361 pectore,
1210 1296 1267 1344 et
1306 1289 1516 1343 flebant
1572 1290 1872 1344 uberrime.

276 1382 531 1451 Cumque
556 1398 655 1452 per
684 1386 862 1435 totam
892 1386 1113 1434 noctem
1144 1380 1439 1450 pervigiles
1472 1386 1766 1434 manerent
1792 1397 1876 1434 ce-

276 1471 559 1525 lebrantes
588 1470 825 1524 Domino
856 1470 1047 1524 laudes
1070 1469 1182 1523 :die
1213 1469 1521 1534 Dominico,
1546 1470 1685 1524 hora
1706 1486 1872 1537 nona,

278 1560 541 1631 loquendi
562 1577 752 1614 secum
783 1565 840 1613 et
866 1558 1089 1612 videndi
1120 1576 1178 1612 se
1220 1558 1525 1611 terminum
1556 1558 1871 1629 capiebant.

277 1650 519 1705 Redibat
540 1650 691 1704 enim
721 1649 1109 1718 unusquisque
1131 1648 1200 1701 ad
1234 1648 1431 1701 cellam
1463 1665 1643 1714 suam,
1678 1648 1737 1701 in
1768 1665 1877 1718 qua

277 1742 430 1794 solus
452 1740 556 1793 soli
587 1739 688 1793 Dei
710 1738 905 1792 diebus
935 1756 1000 1791 ac
1027 1737 1282 1791 noctibus
1313 1737 1561 1790 vacabat.
1584 1738 1648 1791 In
1675 1737 1761 1790 his
1780 1738 1880 1807 igi-

1954 586 2090 651 quot
2117 581 2283 634 horas
2322 598 2559 650 surgens
2600 582 2900 652 plangebat
2946 583 3322 637 vehementer.
3355 584 3561 636 Astans

1953 677 2143 724 autem
2174 670 2481 740 discipulus
2512 672 2650 741 ejus,
2677 671 2816 725 dixit
2846 672 2896 725 ei
2922 690 2933 724 :
2969 671 3112 736 Quid
3144 672 3335 736 habes,
3359 670 3553 726 Pater?

1954 760 2024 814 At
2077 759 2169 813 ille
2200 766 2389 813 tacens
2436 760 2753 831 plangebat.
2787 762 2929 815 Cum
2979 767 3167 815 autem
3193 761 3556 831 compelleret

1955 866 2085 902 eum
2113 848 2440 919 discipulus,
2474 854 2538 903 ut
2568 850 2779 905 diceret
2813 850 2861 904 ei
2893 850 3026 921 quid
3070 852 3378 921 plangeret,
3410 849 3551 903 dixit

1957 937 2009 991 ei
2037 955 2048 989 :
2087 937 2201 1006 Ego
2227 937 2296 991 ad
2322 937 2595 1007 judicium
2626 946 2820 1010 raptus
2849 938 2949 1005 fui,
2988 939 3087 1005 fili,
3121 945 3177 993 et
3205 939 3317 992 vidi
3349 938 3555 991 multos

1954 1026 2028 1088 de
2066 1026 2259 1081 habitu
2286 1034 2480 1080 nostro
2506 1028 2808 1082 monachili
2846 1034 3044 1083 euntes
3074 1029 3143 1082 ad
3189 1027 3549 1099 supplicium,

1960 1121 2017 1169 et
2045 1117 2251 1169 multos
2291 1116 2559 1170 laicorum
2600 1124 2797 1171 euntes
2828 1117 2883 1170 in
2916 1134 3158 1187 regnum
3194 1117 3316 1175 Dei.
3347 1117 3417 1171 Et
3446 1116 3563 1171 hzec

1959 1205 2146 1259 dicens
2172 1222 2357 1271 senex,
2390 1206 2619 1275 lugebat
2644 1206 2907 1275 graviter.

2030 1294 2152 1350 206.
2177 1294 2415 1358 Quidam
2443 1312 2607 1348 senex
2631 1295 2771 1349 dixit
2791 1296 2950 1349 fratri
2972 1313 2982 1347 :
3018 1294 3184 1350 Omni
3207 1295 3295 1348 die
3316 1294 3553 1348 vicinam

1958 1384 2060 1439 tibi
2082 1391 2317 1439 mortem
2342 1402 2460 1438 esse
2482 1386 2667 1456 cogita
2690 1404 2701 1452 ;
2727 1385 2885 1456 quasi
2905 1387 3023 1455 jam
3037 1386 3259 1438 clausus
3276 1385 3349 1437 sis
3364 1384 3419 1438 in
3441 1402 3556 1438 mo-

1958 1480 2251 1540 numento,
2286 1475 2430 1528 nihil
2475 1475 2543 1528 de
2576 1476 2680 1529 hoc
2714 1475 2913 1529 szeculo
2948 1491 3109 1528 cures
3143 1473 3184 1526 ⁴.
3224 1473 3414 1527 Timor
3460 1474 3561 1528 Dei

1955 1565 2169 1634 jugiter
2196 1570 2524 1634 permaneat
2544 1564 2600 1617 in
2631 1570 2705 1630 te,
2739 1563 2798 1617 in
2819 1563 2973 1617 omni
2992 1564 3149 1617 hora.
3180 1562 3357 1617 Crede
3379 1568 3434 1617 te
3459 1563 3556 1617 ho-

1961 1653 2204 1706 minibus
2226 1653 2483 1707 omnibus
2508 1652 2828 1707 inferiorem
2851 1670 2991 1706 esse.
3021 1653 3144 1706 Non
3157 1651 3420 1705 detrahas
3452 1652 3556 1705 ali-

1961 1743 2069 1808 cui,
2105 1742 2237 1813 quia
2264 1744 2414 1797 Deus
2444 1742 2729 1811 cognoscit
2760 1742 2985 1807 omnia;
3020 1741 3116 1795 sed
3156 1746 3273 1794 esto
3295 1742 3559 1812 pacificus

277 1835 375 1883 tur
404 1829 603 1884 studiis
632 1846 728 1883 eos
773 1829 983 1899 positos
1020 1827 1312 1882 Sarraceni
1346 1827 1457 1880 late
1490 1844 1591 1897 per
1622 1844 1873 1880 eremum
1893 1812 1938 1871 Β
1956 1850 2082 1887 cum
2099 1831 2439 1896 omnibus,ct
2458 1831 2613 1885 dabit
2630 1831 2729 1884 tibi
2752 1816 3291 1900 Dominusrequiem
3312 1848 3557 1901 semper.

276 1920 657 1975 discurrentes
686 1924 1038 1989 repererunt,
1074 1922 1130 1971 et
1168 1917 1444 1970 irruentes
1477 1934 1647 1987 supra
1679 1934 1774 1970 eos
1806 1916 1875 1970 de

279 2028 470 2065 eremo
493 2012 798 2080 ejecerunt,
826 2014 994 2079 atque
1010 2008 1251 2077 ligantes
1272 2021 1367 2060 eos
1384 2005 1619 2076 pedibus
1645 2022 1878 2076 suspen-

280 2101 504 2165 derunt,
540 2100 843 2169 multisque
864 2097 1086 2168 injuriis
1113 2096 1349 2149 afflictos
1373 2094 1442 2147 ad
1467 2101 1777 2148 extremum
1803 2098 1879 2148 lo-

279 2207 407 2245 cum
433 2189 629 2243 subtus
656 2206 749 2242 eos
771 2189 840 2241 de
857 2186 1043 2241 herbis
1064 2184 1429 2240 amarissimis
1452 2180 1873 2253 congesserunt,

278 2280 376 2334 ubi
407 2279 807 2333 incredibiliter
832 2276 1084 2340 cruciati,
1114 2276 1300 2329 lumen
1330 2275 1619 2328 oculorum
1641 2291 1708 2327 ex
1726 2292 1878 2328 ama-

278 2370 527 2423 ritudine
582 2369 720 2423 fumi
747 2368 1079 2421 amiserunt.
1115 2366 1182 2419 Et
1211 2371 1507 2435 postquam
1537 2364 1729 2417 multis
1758 2370 1876 2418 tor-

281 2460 490 2513 mentis
511 2476 606 2513 eos
629 2458 968 2523 afflixerunt,
985 2455 1279 2510 semivivos
1296 2470 1389 2506 eos
1405 2452 1742 2506 dimiserunt
1766 2472 1778 2519 ;
1812 2470 1876 2507 ex

280 2549 485 2620 quibus
497 2564 671 2602 unum
684 2547 939 2601 novimus
951 2546 1008 2599 in
1026 2544 1207 2616 quoda
1217 2560 1267 2596 m
1289 2543 1407 2596 loco
1430 2541 1671 2612 plurimo
1685 2547 1877 2612 postea

282 2638 651 2709 supervixisse
679 2643 951 2707 tempore,
1011 2634 1195 2689 caeteri
1225 2649 1354 2686 vero
1392 2630 1622 2685 ubinam
1670 2630 1879 2685 fuerint

282 2724 529 2777 devoluti
558 2723 782 2794 penitus
811 2722 1153 2792 ignoramus.

355 2810 479 2869 201.
512 2811 885 2882 Interrogavit
912 2809 1142 2881 quidam
1171 2808 1343 2861 frater
1368 2804 1626 2860 abbatem
1658 2805 1875 2858 Poeme—

282 2918 415 2957 nem
435 2903 475 2967 ί,
495 2902 708 2956 dicens:
745 2900 888 2965 Quid
907 2905 992 2953 est
1012 2898 1160 2969 quod
1193 2895 1465 2951 Dominus
1496 2895 1553 2948 in
1578 2894 1876 2963 Evangelia

284 2991 454 3046 dicit:
489 2992 759 3061 Majorem
797 2991 900 3043 hac
927 2988 1263 3042 charitatem
1295 3000 1459 3039 nemo
1483 2982 1671 3049 habet,
1710 2999 1879 3053 quam

2030 1921 2154 1978 ς207.
2187 1923 2324 1975 Cum
2351 1921 2575 1991 quidam
2606 1921 2807 1973 fratres
2836 1919 3310 1990 quemadmodum
3330 1923 3559 1972 orarent

1958 2009 2184 2065 beatum
2201 2010 2504 2064 Macarium
2524 2008 3126 2080 requisissent(Pelag.,
3167 2010 3336 2061 libell.
3361 2021 3459 2073 x11,
3495 2023 3552 2062 η.

1958 2101 2070 2165 10),
2104 2100 2395 2170 respondit
2420 2099 2546 2165 illis,
2573 2099 2797 2152 dicens:
2825 2097 2953 2152 Non
2974 2101 3105 2152 sunt
3125 2096 3442 2150 necessaria
3462 2112 3561 2157 no,-

1960 2188 2046 2243 bis
2077 2189 2362 2260 superflua
2409 2187 2593 2255 verba;
2626 2188 2725 2242 sed
2769 2186 3068 2241 extendere
3100 2190 3323 2240 tantum
3358 2200 3559 2239 manus

1958 2295 2023 2332 ac
2053 2278 2237 2333 dicere
2267 2277 2538 2355 debemus
2572 2294 2587 2331 :
2636 2276 2810 2342 Deus,
2860 2275 3138 2347 quomodo
3187 2274 3284 2341 vis,
3331 2279 3386 2327 et
3417 2273 3561 2327 sicut

1958 2367 2060 2422 tibi
2081 2368 2280 2438 placet,
2313 2368 2393 2421 ita
2417 2368 2532 2422 fiat.
2577 2366 2635 2421 Si
2666 2372 2857 2420 autem
2888 2365 3129 2419 tentatio
3160 2363 3410 2430 irruerit,
3454 2366 3555 2416 aut

1958 2456 2330 2528 impugnatio,
2363 2456 2662 2509 dicendum
2695 2460 2778 2509 est
2806 2473 2817 2507 :
2851 2455 3020 2521 Deus,
3051 2453 3321 2508 auxiliare
3371 2450 3554 2518 nobis;

1958 2546 2076 2617 ipse
2105 2547 2253 2600 enim
2285 2546 2391 2600 scit
2417 2562 2537 2616 qua:
2567 2544 2726 2599 nobis
2764 2543 3081 2615 expediant.

2029 2633 2152 2691 208.
2194 2635 2381 2689 Abbas
2418 2636 2662 2690 Joannes
2691 2633 2942 2687 dicebat:
2978 2632 3188 2687 Similis
3218 2629 3387 2684 debet
3431 2646 3553 2683 esse

1959 2725 2266 2780 monachus
2289 2724 2499 2778 homini
2529 2723 2746 2777 sedenti
2773 2721 2876 2775 sub
2895 2720 3113 2785 arbore,
3132 2718 3229 2790 qui
3250 2717 3560 2789 respiciens

1958 2813 2104 2868 feras
2133 2814 2379 2867 diversas
2399 2820 2455 2868 et
2482 2819 2769 2883 serpentes
2795 2811 3082 2865 venientes
3099 2810 3166 2862 ad
3192 2826 3273 2874 se,
3299 2824 3425 2861 cum
3446 2823 3559 2860 non

1960 2903 2210 2974 potuerit
2236 2904 2315 2957 eis
2344 2903 2623 2968 resistere,
2664 2900 2916 2956 ascendit
2944 2900 3002 2953 in
3028 2899 3291 2953 arborem
3345 2901 3409 2951 ut
3440 2911 3564 2949 eva-

1960 2993 2076 3048 dat.
2108 2994 2196 3047 Ita
2223 2998 2281 3047 et
2312 2993 2618 3047 monachus
2664 2991 2857 3045 sedeat
2887 2990 2944 3044 in
2973 2989 3112 3043 cella
3142 3003 3263 3052 sua,
3299 2991 3355 3040 et
3385 2984 3557 3056 respi-

283 3086 352 3135 ut
379 3081 505 3152 quis
533 3081 781 3135 animam
810 3095 971 3134 suam
1002 3094 1102 3149 pro
1142 3075 1320 3130 amico
1365 3090 1465 3128 suo
1493 3079 1665 3144 ponat
1692 3075 1872 3137 (Joan.

1973 3081 2113 3136 :iens
2177 3099 2375 3153 pravas
2418 3080 2785 3151 cogitationes
2826 3078 3114 3133 venientes
3161 3092 3333 3147 super
3383 3091 3461 3140 se,
3505 3077 3563 3126 et

283 3174 412 3239 xv);
450 3170 728 3240 quomodo
759 3169 864 3223 hoc
892 3166 1032 3221 ﬁet?
1065 3163 1374 3235 Respondit
1419 3178 1587 3217 senex
1612 3180 1627 3215 :
1662 3160 1721 3216 Si
1752 3161 1876 3232 quis

1959 3188 2086 3227 cum
2117 3188 2227 3225 non
2256 3171 2505 3242 potuerit
2539 3170 2620 3223 eis
2658 3169 2938 3233 resistere,
2980 3164 3267 3235 confugiat
3308 3179 3411 3235 per
3437 3178 3559 3216 ora-

283 3259 685 3314 auditverbum
713 3259 925 3313 malum
956 3274 990 3310 a
1017 3254 1269 3327 proximo
1297 3268 1419 3315 suo,
1460 3258 1515 3305 et
1546 3267 1673 3305 cum
1704 3250 1881 3321 possit
1959 3262 2169 3316 tionem
2199 3260 2271 3314 ad
2301 3260 2621 3325 Dominum,
2651 3265 2709 3312 et
2737 3256 3072 3311 sanabitur,

284 3348 404 3420 ipse
424 3348 634 3403 similia
667 3349 749 3402 illi
776 3345 1133 3417 respondere,
1166 3344 1371 3397 tolerat
1409 3347 1602 3394 tamen
1626 3338 1683 3391 in
1712 3338 1878 3393 corde

287 3455 410 3505 suo,
444 3445 500 3493 et
527 3438 638 3492 vim
669 3436 1029 3506 laboremque
1062 3433 1167 3488 sibi
1188 3432 1336 3497 facit,
1379 3447 1449 3484 ne
1480 3429 1622 3483 forte
1652 3443 1882 3498 respon-

287 3529 421 3582 deat
468 3528 548 3581 illi
593 3528 806 3582 malum
838 3532 895 3580 et
923 3523 1216 3579 contristet
1267 3522 1446 3585 illum,
1482 3518 1585 3573 iste
1631 3515 1878 3570 animam

288 3635 449 3672 suam
480 3619 639 3689 ponit
663 3634 765 3689 pro
802 3616 981 3670 amico
1014 3629 1134 3667 suo.

356 3708 640 3765 202.Dixit
658 3706 887 3779 quidam
906 3720 1099 3758 senex:
1127 3700 1185 3755 Si
1204 3715 1315 3753 non
1336 3696 1663 3752 recordatur
1711 3696 1880 3749 homo

288 3816 423 3855 suos
447 3804 604 3853 actus
623 3797 681 3851 in
709 3796 981 3858 oratione,
1003 3793 1063 3846 in
1076 3806 1276 3845 vanum
1300 3787 1518 3841 laborat
1535 3803 1662 3840 cum
1677 3789 1807 3839 orat
1824 3783 1847 3818 ²
1863 3828 1875 3840 .

292 3889 530 3954 Quando
560 3887 710 3942 enim
756 3885 1100 3939 voluntatem
1132 3877 1396 3951 peccandi
1424 3876 1550 3947 quis
1580 3874 1879 3939 dimiserit,

297 3984 353 4033 et
384 3977 638 4033 ambulat
674 3990 1013 4048 permanens
1044 3972 1103 4025 in
1145 3969 1349 4025 timore
1378 3966 1499 4032 Dei,
1540 3965 1712 4020 istuzn
1758 3980 1887 4018 mox

293 4085 420 4124 cum
452 4054 657 4138 gaudio
680 4064 913 4135 suscipit
936 4065 1106 4117 Deus.

366 4156 490 4214 203.
547 4157 817 4212 Sanctum
860 4168 1052 4208 senem
1083 4146 1374 4219 requisivit
1416 4144 1591 4198 frater
1616 4143 1882 4215 (Append.

292 4248 577 4313 Mart.,'n.
602 4244 710 4311 36),
742 4244 967 4299 dicens:
1018 4239 1166 4304 Quid
1206 4236 1371 4291 faciet
1409 4235 1578 4288 homo
1625 4231 1685 4285 in
1733 4230 1889 4285 omni

2032 3347 2156 3406 209.
2179 3350 2336 3404 Idem
2356 3348 2498 3403 dixit
2526 3367 2536 3400 :
2558 3346 2769 3401 Similis
2792 3345 2957 3400 debet
2981 3361 3102 3398 esse
3114 3340 3423 3396 monachus
3451 3339 3556 3394 ho-

1962 3440 2102 3493 mini
2132 3438 2359 3494 habenti
2388 3454 2421 3492 a
2438 3436 2669 3491 sinistra
2700 3436 2908 3506 ignem,
2934 3439 2991 3488 et
3019 3450 3053 3488 a
3080 3432 3276 3486 dextra
3303 3445 3509 3501 aquam
3541 3446 3555 3481 :

1964 3529 2183 3600 quoties
2204 3528 2354 3582 enim
2375 3543 2674 3581 succensus
2702 3522 3059 3594 fueritignis,
3110 3521 3262 3575 tollit
3315 3520 3384 3573 de
3413 3534 3562 3590 aqua

1965 3624 2021 3672 et
2049 3616 2354 3688 exstinguit
2380 3615 2666 3671 illum.Sic
2695 3620 2916 3686 oportet
2931 3619 2989 3666 et
3013 3610 3350 3666 monachum
3380 3608 3564 3662 facere

1964 3708 2118 3762 omni
2144 3708 2301 3772 hora,
2341 3712 2404 3760 ut
2442 3704 2887 3776 quandocunque
2931 3699 3194 3771 cogitatio
3239 3697 3421 3768 turpis
3442 3713 3565 3750 suc-

1964 3814 2130 3851 censa
2156 3796 2326 3851 fuerit
2352 3794 2423 3850 ab
2449 3794 2695 3858 inimico,
2756 3798 2891 3847 tunc
2928 3806 3135 3862 aquam
3166 3786 3441 3843 orationis
3486 3783 3563 3839 ef-

1964 3887 2180 3953 fundat,
2217 3890 2275 3939 et
2302 3884 2616 3954 exstinguat
2642 3883 2816 3936 illam.

2035 3974 2159 4033 210.
2199 3974 2384 4030 Abbas
2422 3975 2607 4027 Zenon
2655 3971 2789 4026 dum
2833 3969 3061 4024 essetin
3094 3964 3287 4038 Scythi
3333 3966 3558 4031 (Pelag.,

1972 4068 2139 4121 Iz'bell.
2172 4078 2325 4127 xvm,
2358 4080 2515 4117 num.
2534 4062 2607 4129 7),
2635 4076 2893 4131 egressus
2906 4065 2993 4113 est
3015 4062 3177 4111 nocte
3207 4055 3277 4109 de
3306 4053 3446 4107 cella
3462 4067 3565 4105 sua

1970 4154 2258 4209 ambulare
2277 4169 2377 4224 per
2396 4166 2679 4217 eremum;
2730 4154 2785 4203 et
2812 4147 3020 4202 factum
3049 4151 3152 4209 est,
3185 4143 3318 4199 dum
3345 4141 3567 4211 longius

1970 4244 2352 4316 processisset,
2377 4240 2585 4296 erravit
2608 4245 2725 4295 tres
2753 4238 2873 4292 dies
2894 4243 2950 4291 et
2969 4241 3161 4291 noctes
3191 4231 3569 4296 ambulans,et

290 4336 605 4393 ῒθῐὶῐδίίοηθ
631 4334 886 4389 Veniente
915 4347 1085 4402 super
1112 4346 1191 4392 θεν
1221 4333 1278 4381 et
1295 4326 1353 4379 in
1373 4322 1525 4379 omni
1549 4320 1946 4403 εοεὶιεηίοηθη
1974 4334 2172 4389 cecidit
2190 4333 2456 4403 fatigatus
2472 4346 2649 4401 usque
2670 4328 2741 4383 ad
2763 4333 3023 4383 mortem.
3041 4325 3110 4380 Et
3130 4340 3255 4378 ecce
3268 4322 3425 4376 stetit
3435 4324 3567 4373 ante

296 4427 552 4482 immissa
571 4424 643 4479 ab
662 4422 926 4479 inimico?
946 4417 1291 4490 Respondit:
1324 4415 1598 4483 Plangere
1626 4409 1792 4464 debet
1832 4409 1889 4463 in

299 4522 597 4589 conspectu
618 4513 885 4570 bonitatis
915 4510 1035 4574 Dei,
1058 4516 1123 4563 ut
1137 4520 1464 4562 succurrens
1484 4499 1791 4556 auxilietur
1816 4499 1885 4554 ei.

302 4588 583 4678 Scriptum
615 4609 701 4659 est
719 4607 895 4669 53'
940 4599 1090 4655 enim
1121 4615 1133 4650 :
1173 4594 1445 4651 Dominus
1490 4589 1629 4644 mihi
1667 4588 1893 4658 adjutor

298 4704 403 4763 est,
433 4702 491 4751 et
516 4712 620 4767 ego
647 4691 950 4764 despiciam
974 4686 1229 4743 inimicos
1252 4700 1404 4738 meos
1426 4683 1591 4749 (Psal.
1624 4682 1811 4742 cxxu).

365 4786 493 4842 204.
541 4784 781 4849 Quidam
814 4797 980 4835 senex
1038 4777 1209 4832 dixit:
1240 4775 1397 4829 Sicut
1438 4770 1508 4825 ad
1562 4783 1891 4823 succensam

293 4877 464 4933 ollam
485 4891 687 4929 muscae
707 4888 818 4927 non
840 4868 1323 4942 appropinquant;
1348 4862 1396 4917 si
1423 4876 1550 4914 vero
1568 4856 1759 4928 tepida
1775 4856 1893 4911 fue-

297 4966 396 5032 rit,
415 4964 663 5020 insident
689 4962 749 5016 in
785 4977 870 5026 ea,
909 4965 967 5013 et
996 4957 1211 5012 faciunt
1230 4968 1474 5017 vermes;
1502 4949 1583 5003 ita
1618 4953 1674 5000 et
1702 4961 1894 5000 mona-

293 5057 463 5111 chum
493 5067 824 5110 succensum
852 5049 984 5120 igne
1006 5045 1181 5101 divini
1208 5042 1416 5099 amoris
1438 5036 1665 5108 fugiunt
1690 5034 1894 5090 daemo-

294 5162 415 5211 nes,
451 5142 707 5215 tepidum
741 5156 872 5195 vero
901 5136 1149 5193 illudunt
1180 5140 1237 5189 et
1258 5132 1645 5202 insequuntur
1679 5123 1888 5180 (Pasch.

290 5254 335 5292 ο.
369 5233 457 5300 39,
492 5249 550 5288 η.
582 5231 637 5298 3,
673 5232 896 5285 nomine
927 5227 1205 5295 Pimenii).

356 5323 484 5383 205.
502 5319 688 5376 Abbas
718 5318 976 5375 Silvanus
1002 5315 1138 5370 dum
1155 5312 1377 5368 sederet
1392 5310 1450 5364 in
1471 5305 1889 5380 speleo,factus

357 5467 373 5502 ¹
422 5466 635 5536 Pelag,
665 5460 990 5536 libell.xvn,
1021 5475 1090 5536 n_.
1128 5453 1481 5536 10;_Pasc_h.,
1524 5468 1572 5536 ρ.
1614 5448 1701 5536 ξιἹ,
1737 5464 1795 5536 n.

354 5517 652 5599 malitias},
669 5532 839 5587 libell.
863 5546 932 5595 Iv,
954 5517 1010 5585 τί.
1044 5530 1087 5589 ‘l,
1108 5517 1334 5582 nomine
1357 5526 1557 5593 Mog/sis
1576 5517 1876 5594 ;Append.

286 5611 473 5677 Mart",
505 5623 564 5663 n.
596 5607 685 5662 35.
719 5603 785 5660 In
808 5602 983 5658 Editis
997 5601 1108 5656 alio
1140 5598 1305 5672 style.

1899 4379 1946 4437 D

1969 5441 2029 5497 in
2050 5429 2443 5497 EditisTPosui
2463 5452 2529 5490 ex
2556 5435 2686 5489 Mss.
2722 5429 2973 5503 Append.

1973 4441 2101 4478 eum
2131 4423 2335 4488 infans,
2358 4420 2570 4476 habens
2590 4419 2648 4474 in
2670 4434 2841 4472 manu
2868 4431 2971 4472 sua
2990 4430 3214 4487 panem,
3242 4418 3297 4465 et
3317 4409 3455 4465 dixit
3472 4408 3523 4462 ei
3549 4425 3561 4459 :

1974 4514 2240 4583 Exsurge,
2277 4518 2334 4565 et
2349 4509 2597 4565 comede.
2630 4510 2705 4562 At
2730 4507 2826 4561 ille
2851 4520 3157 4574 exsurgens
3188 4499 3402 4564 oravit;
3438 4513 3565 4568 spe-

1972 4602 2135 4657 rabat
2156 4600 2308 4656 enim
2321 4597 2678 4671 phantasiam
2696 4612 2838 4650 esse.
2863 4593 2966 4649 Cui
2987 4592 3172 4646 infans
3197 4587 3337 4643 dixit
3361 4604 3371 4639 :
3418 4586 3569 4639 Bene

1972 4690 2151 4746 fecisti
2172 4688 2321 4761 quod
2340 4686 2515 4742 orasti
2544 4704 2558 4753 ;
2583 4684 2750 4739 modo
2768 4698 2901 4752 ergo
2923 4695 3089 4749 surge
3104 4683 3161 4732 et
3180 4674 3426 4732 comede.
3464 4672 3569 4727 Cui

1973 4779 2146 4836 abbas
2172 4779 2358 4833 Zenon
2394 4791 2508 4829 non
2546 4771 2841 4844 acquievit,
2883 4768 2993 4825 nisi
3039 4766 3282 4823 secundo
3310 4780 3374 4819 ac
3402 4761 3570 4817 tertio

1974 4873 2208 4926 orasset.
2242 4868 2312 4921 Et
2339 4881 2467 4920 cum
2496 4863 2591 4918 ille
2613 4861 2871 4917 laudaret
2890 4858 3024 4931 quia
3044 4856 3260 4919 orabat,
3288 4855 3407 4926 jam
3437 4858 3573 4906 tunc

1973 4957 2217 5015 surrexit
2236 4962 2292 5011 et
2312 4953 2573 5010 comedit.
2610 4952 2745 5006 Post
2763 4950 2880 5005 haec
2903 4947 3054 5003 dixit
3073 4946 3123 5001 ei
3150 4944 3332 5000 infans
3353 4963 3363 4997 :
3390 4940 3575 5006 Quan-

1973 5055 2097 5105 tum
2122 5048 2248 5120 plus
2269 5042 2591 5108 ambulasti,
2622 5045 2847 5095 tantum
2878 5038 3101 5108 longius
3126 5053 3185 5090 es
3212 5051 3246 5089 a
3274 5032 3414 5087 cella
3434 5037 3567 5120 tua:

1975 5137 2073 5196 sed
2092 5117 2278 5205 surge,
2303 5148 2538 5205 sequere
2568 5147 2678 5195 me,
2701 5136 2757 5184 et
2784 5145 2911 5183 mox
2939 5127 3200 5181 inventus
3222 5127 3308 5177 est
3319 5126 3451 5174 ante
3469 5117 3574 5171 cel-

1974 5229 2088 5284 lam
2117 5243 2299 5283 suam.
2326 5223 2477 5279 Dixit
2494 5237 2626 5292 ergo
2650 5220 2701 5275 ei
2730 5235 2934 5275 senex:
2967 5213 3267 5286 Ingredere
3295 5211 3354 5264 in
3373 5207 3573 5263 cellam

2045 5371 2069 5405 3
2097 5371 2310 5441 Pelag,
2335 5365 2506 5441 libell.
2544 5377 2625 5441 nr,
2658 5377 2813 5441 num.
2842 5361 2949 5441 15;.
2977 5362 3145 5441 atque
3168 5355 3288 5423 ejus
3308 5350 3452 5441 stxlo
3473 5347 3565 5402 hic

2050 5424 2443 5497 Editisf’Posui
2463 5452 2529 5490 ex
2556 5424 2686 5489 Mss.
2722 5429 2973 5503 Append.
3006 5424 3195 5507 Mart,
3226 5442 3287 5506 ῃ.
3328 5424 3408 5478 48.

2038 5513 2061 5549 ⁴
2093 5511 2309 5577 Pasch,
2370 5525 2417 5562 c.
2466 5505 2554 5573 43,
2604 5521 2659 5559 n.
2692 5503 2744 5570 ‘2',
2782 5501 3007 5557 nomine
3039 5497 3267 5552 Silvam.
3301 5488 3557 5566 Append.

1968 5582 2162 5652 Mart,
2193 5599 2249 5638 n.
2289 5581 2409 5638 108.
