3876 6394
409 375 513 434 807
1528 373 1620 430 DE
1660 373 1848 430 VITIS
1888 374 1980 429 PA

2069 374 2183 430 LUM
2221 373 2437 430 LIBER
2474 375 2552 430 IlI
2563 417 2572 427 .
3572 383 3676 438 808

397 520 602 570 meam,
634 508 692 558 et
720 503 804 556 fac
833 503 1164 556 orationem.
1195 501 1262 555 Et
1284 501 1538 572 ingresso
1557 513 1690 552 sene
1714 497 1773 552 in
1795 499 1992 553 cellam
2017 501 2060 560 A
2081 515 2207 554 cum
2229 501 2472 572 quadam
2494 501 2584 554 die
2606 515 2734 555 cum
2755 500 2875 571 ipso
2895 501 3107 572 pariter
3127 503 3289 572 juxta
3318 503 3479 559 littus
3502 507 3675 561 maris

395 611 578 659 suam,
609 593 704 646 ille
735 609 842 646 non
873 591 1155 662 apparuit.
2075 590 2409 653 ambularet,
2431 589 2666 660 contigit
2682 607 2810 643 eum
2833 591 3074 644 multum
3091 591 3265 659 sitire,
3291 599 3349 649 et
3369 593 3509 648 dixit
3529 597 3670 650 seni:

464 683 526 738 ‘21
547 682 558 738 l
578 723 589 735 .
623 681 810 736 Abbas
842 681 1039 735 Daniel
1071 680 1347 736 referebat
1375 683 1443 736 de
1465 683 1626 739 beato
1654 683 1909 743 Arsenio,
1931 697 1996 735 eo
2085 680 2217 734 Sitis
2242 697 2332 734 me
2362 685 2624 745 macerat,
2659 680 2826 733 Pater
2859 683 3056 746 (Joan.,
3093 683 3284 748 librll.,
3317 697 3377 748 ll,
3414 700 3471 738 η.
3513 687 3580 750 1).
3604 689 3678 740 At

398 771 544 842 quod
593 771 964 825 Sabbatorum
1007 771 1096 824 die
1147 788 1378 840 vespere
1427 773 1600 826 solem
1651 775 1993 828 relucentem
2086 768 2282 822 beatus
2321 769 2607 835 Besarion,
2634 769 2776 822 facta
2808 769 3080 835 oratione,
3108 771 3279 838 jussit
3307 788 3436 826 eum
3467 789 3676 844 aquam

399 864 525 930 post
571 859 797 913 dorsum
859 875 1024 912 suum
1054 859 1374 914 dimittebat
1417 861 1474 914 in
1523 863 1778 916 oratione
1815 859 1994 932 persi-
2076 858 2145 912 de
2171 858 2312 911 mari
2343 859 2542 912 tollere
2573 864 2629 912 et
2654 858 2862 912 bibere.
2889 859 3049 922 Quod
3069 875 3195 913 cum
3218 860 3456 923 fecisset,
3483 870 3540 916 et
3557 863 3679 918 dul-

395 953 566 1011 stens,
602 949 1016 1018 extendensque
1055 949 1124 1002 ad
1155 949 1354 1002 coelum
1385 966 1585 1004 manus
1613 968 1726 1004 non
1756 950 1993 1004 desiste-
2077 946 2362 1000 cissimam
2395 963 2601 1017 aquam
2633 949 2952 1018 reperisset,
2987 949 3272 1013 vasculum
3307 951 3454 1020 quod
3486 969 3676 1006 secum

393 1037 488 1091 bat
517 1054 700 1103 orare,
733 1037 840 1091 nisi
868 1037 1073 1092 iterum
1096 1038 1352 1109 sequenti
1383 1039 1472 1093 die
1491 1041 1574 1093 sol
1602 1057 1839 1110 surgens
1866 1056 1996 1093 ocu-
2078 1035 2598 1106 portavitimplevit.
2625 1037 2784 1100 Quod
2801 1053 2928 1090 cum
2943 1037 3174 1092 vidisset
3193 1037 3364 1093 abbas
3386 1041 3673 1107 Besarion,

391 1126 473 1180 los
500 1128 622 1196 ejus
651 1127 941 1197 implesset
975 1129 1201 1194 (Pc!ag.,
1239 1130 1408 1182 libell.
1443 1143 1536 1192 xu,
1577 1145 1634 1182 η.
1674 1125 1740 1199 l}.
2077 1125 2217 1179 dixit
2240 1125 2307 1178 ad
2337 1142 2465 1179 eum
2492 1144 2502 1178 :
2532 1126 2715 1189 Quare
2751 1125 2996 1196 implesti
3020 1143 3114 1181 vas
3134 1144 3299 1198 aqua,
3327 1129 3405 1182 fili
3425 1129 3454 1182 ?
3489 1131 3676 1185 Atille

465 1216 710 1270 Caeteras
739 1222 928 1270 autem
960 1223 1152 1270 noctes
1183 1217 1482 1287 pervigiles
1509 1217 1766 1282 ducebat,
1795 1222 1852 1270 et
1871 1233 1998 1288 pro-
2079 1215 2250 1268 dixit:
2292 1215 2527 1284 Indulge
2561 1215 2717 1279 mihi,
2745 1215 2932 1282 Pater,
2964 1216 3132 1270 timui
3159 1217 3309 1271 enim
3345 1235 3416 1272 ne
3450 1219 3594 1274 forte
3614 1219 3674 1274 in

392 1321 463 1376 pe
489 1305 753 1371 diluculo,
785 1321 914 1358 cum
931 1305 1096 1358 vellet
1125 1323 1324 1375 parum
1353 1323 1453 1376 pro
1481 1301 1698 1362 natura:
1727 1306 1994 1376 fragilita-
2076 1309 2243 1358 antea
2265 1304 2473 1361 sitiam.
2499 1304 2601 1358 Cui
2625 1321 2792 1358 senex
2833 1305 3010 1359 dixit:
3047 1305 3343 1376 Indulgeat
3357 1308 3460 1362 tibi
3481 1308 3674 1363 Domi-

389 1397 450 1448 te
475 1393 782 1464 quiescere,
816 1393 1037 1448 dicebat
1064 1411 1293 1448 somno:
1324 1395 1485 1459 Veni,
1532 1397 1678 1450 male
1717 1413 1901 1456 serve;
1938 1400 1994 1449 et
2076 1409 2201 1458 nus,
2240 1393 2357 1459 ﬁli;
2409 1393 2541 1464 quia
2592 1398 2646 1446 et
2683 1391 2891 1464 ubique
2933 1394 3081 1449 Deus
3117 1399 3222 1462 est,
3251 1403 3308 1450 et
3353 1403 3538 1468 potest
3570 1397 3672 1453 tibi

391 1498 520 1536 mox
550 1483 816 1536 claudens
839 1482 1046 1548 oculos,
1087 1485 1380 1553 quiescens
1417 1483 1764 1555 subripiebat
1789 1501 1991 1555 parum
2075 1483 2292 1536 dulcem
2325 1499 2531 1553 aquam
2560 1489 2844 1554 praestare.

393 1570 575 1626 somni
614 1571 878 1637 sedendo,
921 1577 979 1626 et
1023 1572 1214 1626 statim
1265 1573 1597 1644 exsurgebat
1645 1577 1870 1641 (Pelag.,
1916 1576 1990 1628 li-
2143 1570 2270 1627 2l6.
2297 1571 2536 1635 Quidam
2569 1571 2744 1625 frater
2783 1573 2969 1627 volens
2997 1573 3281 1629 discedere
3328 1575 3386 1628 in
3415 1575 3670 1631 solitudi-

397 1662 520 1715 bell.
554 1678 623 1728 IV,
659 1678 817 1715 num.
843 1661 914 1727 ‘2).
2075 1676 2202 1713 nem
2221 1659 2262 1725 ³,
2281 1677 2316 1713 a
2346 1666 2525 1714 matre
2556 1659 2782 1732 propria
2801 1662 3337 1732 prohibebatur.llle
3361 1681 3492 1720 vero
3521 1665 3673 1721 dice-

464 1750 569 1804 Hic
598 1749 714 1820 ipse
735 1749 1002 1804 Arsenius
1023 1755 1203 1804 totum
1234 1754 1457 1822 tempus
1485 1751 1610 1806 vitae
1648 1767 1762 1805 suae
1791 1751 1990 1806 sedens
2017 1819 2049 1822 _
2075 1747 2171 1803 bat
2196 1749 2360 1803 matri
2386 1766 2526 1804 suae:
2567 1751 2837 1804 Permitte
2869 1768 2978 1818 me,
3017 1759 3224 1820 mater;
3281 1754 3496 1808 salvere
3519 1755 3673 1808 enim

393 1836 463 1892 ad
491 1819 636 1908 opus
662 1854 950 1905 manuum,
983 1855 1232 1910 pannum
1255 1838 1500 1893 habebat
1523 1839 1580 1893 in
1601 1839 1728 1893 sinu
1761 1846 1992 1910 propter
2015 1819 2060 1878 Β
2077 1838 2198 1891 volo
2209 1838 2456 1892 animam
2478 1855 2681 1892 meam.
2707 1839 2848 1894 Cum
2874 1848 3062 1894 autem
3084 1858 3196 1896 non
3225 1847 3412 1912 posset
3429 1844 3673 1898 retinere

389 1927 690 1997 lacrymas,
726 1945 847 1998 quae
877 1927 946 1982 ob
983 1927 1326 1982 desiderium
1373 1933 1595 1982 aeterna:
1634 1928 1758 1982 vitae
1799 1927 1994 1982 crebro
2077 1943 2204 1980 eum
2237 1933 2436 1992 mater,
2461 1928 2678 1982 dimisit
2692 1930 2958 1984 eum.Ille
2986 1946 3116 1984 vero
3139 1931 3364 1986 veniens
3395 1932 3452 1986 in
3472 1933 3674 1987 solitu-

395 2015 697 2071 currebant
736 2033 802 2070 ex
847 2017 1019 2070 oculis
1071 2018 1192 2087 ejus
1245 2019 1466 2085 (Pelag.,
1505 2020 1675 2072 libell.
1715 2032 1792 2084 ιιι,
1825 2035 1884 2073 η.
1920 2017 1990 2083 1;

393 2107 619 2174 Ruf/in,
645 2123 788 2174 sup.,
835 2123 893 2160 η.
931 2103 1074 2175 163).

457 2193 582 2250 212.
609 2195 844 2258 Quidam
874 2195 1092 2260 fratres,
1112 2212 1237 2249 cum
1262 2195 1332 2250 ad
1354 2194 1614 2249 abbatem
1641 2195 1874 2250 Lucium
1896 2195 1991 2249 ad-

387 2283 671 2338 venissent
699 2284 738 2350 ¹,
772 2284 1065 2354 requisivit
1094 2301 1186 2338 eos
1220 2301 1406 2349 senex,
1428 2285 1646 2338 dicens:
1670 2285 1816 2348 Quid
1842 2285 1988 2338 sole-

385 2371 458 2426 tis
487 2373 748 2428 manibus
777 2373 974 2427 vestris
1003 2374 1270 2444 operari?
1307 2376 1380 2428 At
1419 2373 1518 2439 illi,
1548 2373 1840 2428 dixerunt:
1874 2373 1989 2427 Nos

390 2461 531 2515 nihil
582 2462 841 2518 manibus
883 2463 1090 2518 nostris
1140 2479 1462 2534 operamur,
1515 2463 1613 2517 sed
1677 2463 1988 2517 secundum

387 2551 536 2620 quod
552 2551 1010 2623 dicitApostolus,
1041 2551 1161 2606 sine
1185 2553 1495 2606 cessatione
1507 2555 1789 2616 oramusu
1810 2554 1982 2606 Thess.

391 2649 465 2714 v).
487 2641 700 2706 Quibus
719 2658 886 2695 senex
909 2641 1074 2695 dixit:
1097 2642 1223 2695 Non
1241 2641 1594 2694 manducatis
1616 2641 1639 2694 ?
1661 2641 1835 2694 Atilli
1857 2657 1986 2711 pro-

393 2733 525 2788 fessi
544 2736 677 2786 sunt
701 2749 712 2784 :
739 2730 938 2784 Etiam.
970 2729 1230 2800 Dixitque
1255 2729 1336 2783 eis
1359 2748 1369 2782 :
1396 2730 1630 2794 Quando
1645 2747 1777 2799 ergo
1795 2746 1986 2784 come-

392 2823 542 2888 ditis,
579 2821 704 2892 quis
739 2835 838 2890 pro
886 2818 1042 2872 vobis
1071 2825 1192 2873 orat
1213 2818 1241 2872 ‘?
1261 2821 1336 2872 At
1364 2819 1446 2872 illi
1475 2819 1886 2873 conticuerunt.
1921 2820 1989 2873 Et

2075 2015 2284 2080 dinem,
2309 2033 2410 2087 per
2428 2017 2831 2086 negligentiam
2852 2035 3076 2072 omnem
3101 2020 3270 2074 vitam
3283 2037 3444 2075 suam
3470 2038 3672 2076 oonsu-

2074 2104 2282 2159 mebat.
2312 2105 2561 2175 Contigit
2590 2112 2780 2160 autem
2813 2112 2876 2161 ut
2905 2114 3219 2164 moreretur
3237 2116 3420 2164 mater
3449 2111 3671 2182 ejus.Et

2075 2199 2202 2265 post
2226 2199 2448 2266 tempus
2477 2195 2703 2266 aliquod
2757 2196 2933 2251 factus
2963 2203 3050 2251 est
3077 2203 3134 2252 et
3161 2197 3279 2269 ipse
3308 2205 3570 2269 aegrotus,
3616 2205 3674 2254 et

2073 2289 2266 2353 raptus
2307 2284 2363 2336 in
2395 2285 2569 2337 extasi
2599 2285 2669 2337 ad
2698 2285 2996 2356 judicium,
3029 2286 3244 2340 invenit
3269 2293 3506 2342 matrem
3537 2305 3665 2342 cum

2073 2371 2160 2425 his
2182 2373 2277 2442 qui
2302 2371 2719 2442 judicabantur.
2753 2374 2856 2427 llla
2883 2382 3074 2428 autem
3103 2392 3231 2429 cum
3259 2376 3488 2431 vidisset
3517 2393 3668 2443 eum,

2072 2461 2379 2532 obstupuit,
2413 2462 2640 2516 dicens:
2688 2462 2833 2526 Quid
2864 2468 2949 2517 est
2976 2464 3098 2530 hoc,
3132 2465 3208 2517 ﬁli
3243 2465 3266 2518 ’ἶ
3298 2471 3356 2519 et
3383 2471 3447 2519 tu
3480 2465 3538 2520 in
3566 2466 3671 2520 hoc

2074 2549 2192 2604 loco
2223 2550 2502 2604 deductus
2537 2567 2595 2604 es
2642 2551 3142 2606 condemnandus?
3173 2553 3242 2607 Et
3269 2551 3364 2608 ubi
3391 2560 3525 2609 sunt
3575 2555 3673 2610 illa

2069 2639 2237 2693 verba
2262 2657 2384 2710 quae
2399 2639 2616 2694 solebas
2627 2640 2838 2694 dicere:
2871 2641 3150 2704 Quoniam
3177 2643 3391 2697 salvare
3411 2643 3534 2698 volo
3554 2644 3670 2698 ani-

2070 2745 2223 2782 mam
2241 2745 2421 2782 meam
2443 2729 2466 2781 Τ
2492 2728 2836 2784 Erubescens
2857 2747 2989 2799 ergo
3016 2731 3109 2784 ille
3129 2731 3186 2784 in
3206 2731 3386 2786 verbis
3416 2749 3539 2803 qua:
3566 2749 3670 2788 au-

2069 2817 2472 2882 diebat,stabat
2485 2818 2626 2871 nihil
2650 2817 2861 2872 habens
2883 2819 3030 2888 quod
3057 2820 3437 2890 responderet.
3461 2822 3531 2876 Et
3545 2839 3669 2877 ecce

392 2911 598 2966 iterum
621 2908 912 2980 requisivit
940 2925 1052 2972 eos,
1087 2908 1276 2962 dicens
1303 2927 1313 2961 :
1345 2907 1608 2978 Nunquid
1664 2908 1924 2962 dormitis
1954 2908 1982 2961 ?
2074 2923 2204 2960 voce
2235 2906 2381 2960 facta
2404 2913 2468 2960 ut
2507 2906 2596 2960 hic
2625 2914 2999 2974 revocaretur,
3025 2915 3295 2978 tanquam
3317 2910 3494 2964 altero
3505 2912 3666 2981 jusso

391 2999 646 3071 Cumque
659 2997 738 3052 illi
769 3014 828 3052 se
846 2996 1091 3050 dormire
1113 2997 1402 3060 dixissent,
1429 2996 1570 3050 dixit
1589 2996 1668 3050 eis
1697 3016 1707 3050 :
1743 2997 1977 3061 Quando
2073 3013 2137 3049 ex
2167 2995 2422 3049 cmnobio
2438 2996 2678 3048 fratrum
2699 2996 2961 3060 transire,
2995 3014 3250 3052 reversus
3274 2999 3345 3053 ad
3373 3016 3451 3063 se,
3477 3001 3670 3056 omnia

384 3107 516 3160 ergo
537 3087 814 3153 dormitis,
855 3086 980 3156 quis
1014 3091 1138 3139 orat
1166 3103 1267 3156 pro
1299 3085 1482 3140 vobis?
1513 3087 1580 3140 Et
1607 3101 1719 3140 non
1748 3085 1978 3140 invene-
2073 3101 2196 3155 quae
2227 3090 2579 3154 cognoverat,
2605 3101 2838 3154 quaeque
2866 3085 3446 3142 audieratastantibus
3469 3089 3672 3144 refere-

386 3184 522 3234 runt
541 3177 676 3249 quid
692 3175 1097 3246 responderent
1117 3175 1187 3228 ei.
1201 3175 1357 3229 Tunc
1377 3175 1516 3230 dixit
1531 3175 1612 3229 eis
1638 3195 1652 3229 :
1689 3176 2028 3245 IndulgeteC
2059 3174 2178 3230 bat.
2197 3174 2281 3228 Ad
2299 3173 2783 3228 confirmationem
2799 3191 2934 3228 sane
2949 3175 3244 3230 verborum
3259 3193 3488 3231 suorum
3510 3194 3666 3248 roga-

388 3285 520 3338 ergo
543 3265 702 3332 mihi,
727 3264 992 3336 quoniam
1017 3280 1128 3318 non
1147 3263 1326 3317 facitis
1361 3265 1506 3318 sicut
1525 3263 1728 3318 dicitis.
1747 3265 1860 3334 Ego
1890 3281 1987 3319 au-

387 3362 501 3412 tem
530 3355 712 3410 dicam
740 3353 896 3408 vobis
925 3353 1398 3424 quemadmodum
1419 3354 1679 3408 manibus
1700 3355 1839 3408 meis
1859 3371 1986 3426 ope-

386 3460 520 3498 rans
544 3441 662 3497 sine
687 3441 997 3496 cessatione
1009 3457 1126 3495 oro.
1149 3441 1326 3495 Sedeo
1347 3441 1495 3495 enim
1519 3442 1588 3496 de
1616 3458 1782 3496 mane
1808 3459 1984 3514 usque

387 3533 458 3587 ad
482 3533 679 3586 horam
701 3531 1084 3595 constitutam,
1102 3535 1158 3584 et
1187 3546 1366 3601 pauca
1395 3531 1711 3601 palmarum
1733 3532 1866 3586 folia
1894 3532 1985 3587 in-

390 3620 586 3687 fundo,
618 3625 674 3674 et
694 3619 834 3673 facio
866 3618 1065 3673 exinde
1093 3619 1387 3685 funiculos,
1423 3624 1481 3672 et
1510 3619 1736 3674 interim
1764 3637 1882 3686 oro,
1905 3621 1986 3674 di—

382 3725 547 3764 cens:
574 3709 840 3763 Miserere
870 3707 1000 3774 mei,
1027 3709 1194 3774 Deus,
1214 3708 1519 3762 secundum
1535 3725 1798 3780 magnam
1822 3710 1986 3764 mise-

382 3798 680 3853 ricordiam
703 3803 880 3863 tuam,
906 3803 962 3851 et
989 3797 1298 3852 secundum
1317 3798 1732 3852 multitudinem
1750 3799 1983 3854 misera-

377 3888 598 3942 tionum
625 3894 873 3952 tuarum,
908 3887 1032 3940 dele
1072 3886 1430 3958 iniquitatem
1463 3904 1648 3942 meam
1676 3890 1846 3959 (Ι)εαί.
1899 3887 1976 3958 1.).

379 3977 633 4047 Cumque
665 3981 854 4041 δίκη
874 3975 1324 4045 percomplevero
1345 3993 1514 4046 opera
1538 3993 1806 4030 manuum
1833 3993 1980 4031 mea-

376 4081 523 4129 rum,
557 4069 614 4118 et
659 4063 840 4117 fecero
886 4064 1077 4132 aliqua
1115 4080 1246 4118 vasa
1281 4070 1381 4118 aut
1428 4081 1633 4134 paucos
1679 4065 1974 4132 funiculos,

378 4159 436 4207 et
471 4169 658 4208 emero
691 4169 758 4206 ex
791 4152 873 4205 eis
903 4168 1165 4205 nummos
1195 4152 1408 4217 decem,
1458 4169 1520 4206 ex
1564 4153 1700 4224 ipsis
1733 4156 1978 4209 nummis

375 4242 516 4296 duos
544 4241 615 4295 do
655 4239 1016 4312 pauperibus,
1068 4247 1126 4294 et
1165 4241 1413 4311 reliquos
1443 4242 1696 4298 comedo.
1735 4243 1974 4308 Quando

376 4347 508 4400 ergo
539 4330 771 4384 comedo
797 4334 896 4384 aut
919 4328 1156 4395 dormio,
1187 4335 1320 4384 tunc
1341 4329 1422 4383 illi
1450 4347 1550 4401 pro
1574 4333 1811 4402 peccatis
1836 4334 1976 4390 meis

374 4420 498 4476 sine
527 4419 836 4475 cessatione
865 4417 1102 4490 implent
1123 4419 1434 4473 orationem
1479 4437 1683 4476 meam.

2067 3263 2147 3316 vit
2176 3267 2242 3316 ut
2267 3262 2472 3332 aliquis
2498 3279 2562 3315 ex
2587 3263 2901 3317 astantibus
2928 3263 3036 3317 iret
3061 3265 3130 3318 ad
3159 3266 3582 3331 monasterium,
3606 3273 3672 3322 ut

2069 3351 2286 3405 videret
2305 3351 2352 3404 si
2373 3351 2669 3405 transisset
2695 3351 2870 3406 frater
2888 3353 3142 3422 ejusdem
3169 3354 3432 3421 nominis,
3459 3355 3530 3409 de
3555 3373 3669 3426 quo

2067 3439 2354 3506 audierat;
2386 3440 2480 3510 qui
2513 3439 2811 3510 profectus,
2844 3441 3057 3496 invenit
3081 3441 3180 3496 ita.
3212 3443 3336 3514 Ipse
3356 3461 3484 3499 vero
3509 3451 3669 3516 post-

2067 3545 2237 3599 quam
2267 3545 2438 3582 sanus
2468 3530 2696 3584 elfectus
2725 3535 2830 3596 est,
2863 3531 3199 3605 reclusitse,
3243 3537 3300 3586 et
3328 3533 3474 3587 sedit
3511 3535 3668 3605 cogi-

2067 3623 2194 3671 tans
2213 3617 2282 3671 de
2314 3617 2493 3671 salute
2524 3635 2644 3679 sua,
2678 3619 2956 3689 paenitens
2973 3625 3030 3674 et
3050 3621 3366 3693 lacrymans
3393 3639 3562 3694 super
3578 3623 3668 3678 his

2067 3722 2190 3776 quae
2218 3707 2426 3760 fecerat
2455 3707 2609 3778 prius
2637 3707 2697 3761 in
2727 3708 3087 3780 negligentia.
3119 3710 3299 3765 Tanta
3326 3717 3514 3765 autem
3540 3719 3668 3768 erat

2066 3795 2118 3848 ei
2138 3794 2509 3865 compunctio,
2537 3801 2600 3848 ut
2613 3813 2741 3850 cum
2761 3797 2923 3850 multi
2938 3814 3068 3852 eum
3087 3804 3356 3868 rogarent
3368 3799 3666 3870 paululum

2065 3884 2526 3954 requiescere,.ne
2543 3884 2776 3939 forsitan
2788 3886 3015 3940 noxium
3029 3887 3240 3958 aliquid
3256 3894 3546 3959 pateretur
3564 3906 3668 3961 per

2061 3971 2434 4026 incessantem
2475 3975 2690 4033 ﬂetum,
2733 3973 2828 4028 ille
2875 3975 3069 4039 nollet,
3103 3976 3292 4030 dicens
3333 3997 3344 4030 :
3377 3977 3434 4032 Si
3464 3979 3666 4034 matris

2062 4077 2198 4114 meae
2229 4061 2630 4132 improperium
2643 4078 2756 4116 non
2772 4063 3006 4134 portavi,
3025 4065 3499 4134 quemadmodum
3523 4084 3666 4138 pre-

2060 4160 2219 4204 sente
2255 4149 2477 4204 Christo
2515 4155 2573 4204 et
2610 4151 2826 4222 angelis
2857 4153 2980 4223 ejus
3007 4152 3066 4207 in
3095 4153 3185 4208 die
3207 4154 3406 4225 judicii
3424 4161 3526 4210 aut
3551 4156 3663 4211 im-

2060 4238 2320 4309 properia
2344 4245 2443 4293 aut
2471 4245 2754 4294 tormenta
2783 4241 3017 4312 portabo
3040 4241 3068 4295 Ἰ

2129 4325 2254 4384 217.
2286 4327 2526 4392 Quidam
2558 4329 2738 4384 frater
2763 4330 2995 4385 sedebat
3011 4331 3070 4385 in
3089 4331 3330 4403 AEgypto
3360 4332 3418 4390 in
3456 4351 3666 4406 magna

2059 4415 2378 4470 humilitate
2408 4418 2722 4490 praecipuus
2741 4421 2977 4492 (Paw/1.,
3015 4439 3060 4476 ο.
3093 4421 3184 4488 24,
3212 4437 3269 4476 n.
3299 4421 3370 4488 2;,
3405 4429 3462 4477 et
3494 4424 3665 4478 habe-

445 4508 568 4566 213.
602 4508 789 4564 Abbas
817 4507 1114 4572 Macarius,
1143 4508 1279 4562 dum
1323 4510 1497 4563 semel
1529 4510 1597 4564 de
1630 4510 1825 4582 Scythi
1855 4529 1976 4582 por-
1997 4507 2046 4564 D
2066 4503 2164 4560 bat
2182 4522 2431 4560 sororem
2460 4506 2520 4560 in
2540 4507 2763 4563 civitate
2789 4510 3158 4577 meretricem,
3187 4527 3308 4582 quae
3329 4512 3522 4566 multis
3542 4513 3665 4568 ani-

373 4603 523 4654 taret
547 4599 844 4672 sportellas
883 4615 1022 4670 quas
1059 4603 1293 4658 texerat.
1331 4599 1608 4668 grandem
1637 4599 1849 4655 habens
1878 4601 1977 4656 vim
2065 4593 2264 4648 mabus
2298 4595 2536 4666 perditio
2577 4597 2778 4652 fuerat.
2811 4598 3158 4670 Frequenter
3188 4617 3320 4670 ergo
3355 4600 3662 4658 monebant

378 4687 648 4755 laborem,
681 4687 911 4753 resedit,
945 4693 1002 4742 et
1030 4687 1200 4742 dixit:
1235 4689 1402 4756 Deus,
1445 4695 1509 4744 tu
1544 4689 1668 4756 scis,
1703 4689 1834 4760 quia
1863 4706 1981 4744 am-
2061 4699 2222 4738 senes
2251 4683 2678 4753 fratremillum,
2711 4692 2768 4742 et
2795 4687 2881 4742 vix
2910 4694 3216 4758 potuerunt
3239 4689 3291 4744 ei
3321 4691 3660 4760 persuadere

377 4777 525 4848 plius
554 4793 668 4832 non
697 4777 854 4832 valeo
884 4775 1196 4832 ambulare.
1247 4777 1318 4831 Et
1346 4793 1474 4832 mox
1502 4778 1762 4834 inventus
1792 4784 1879 4834 est
1907 4779 1979 4834 ad
2060 4777 2126 4827 ut
2154 4773 2370 4828 veniret
2394 4774 2464 4828 ad
2487 4791 2634 4843 eam,
2652 4783 2927 4847 quatenus
2944 4793 3046 4848 per
3065 4778 3504 4834 admonitionem
3535 4781 3660 4850 ejus

375 4865 606 4920 ﬂuvium
615 4907 632 4934 ,
701 4867 853 4920 unde
921 4866 1103 4920 adhuc
1158 4865 1352 4920 multis
1408 4865 1606 4922 aberat
1669 4867 1977 4924 intervallis
2060 4867 2250 4932 posset
2271 4869 2562 4934 peccatum
2583 4865 2730 4936 quod
2759 4882 2860 4937 per
2880 4883 3002 4920 eam
3027 4865 3197 4921 fiebat
3220 4868 3487 4922 evincere.
3513 4869 3658 4924 Cum

369 4954 580 5025 (Joan.,
616 4955 782 5008 libell.
814 4968 958 5020 II,JI.
987 4953 1066 5023 6).

443 5041 570 5098 214.
602 5041 790 5097 Abbas
817 5046 1058 5097 Ammon
1096 5044 1323 5099 veniens
1360 5044 1419 5099 in
1441 5045 1661 5100 deserto
1682 5046 1752 5102 ad
1785 5063 1976 5118 quem-

372 5133 502 5188 dam
530 5133 716 5187 locum
759 5131 987 5186 haurire
1013 5148 1239 5204 aquam,
1275 5133 1412 5188 vidit
1431 5133 1784 5204 basiliscum;
1810 5142 1868 5190 et
1889 5138 1976 5207 ja-

385 5227 544 5277 ctans
571 5239 632 5276 se
663 5222 722 5276 in
757 5221 955 5276 faciem
986 5238 1165 5284 suam,
1199 5222 1375 5276 dixit:
1411 5224 1666 5291 Domine,
1717 5230 1818 5279 aut
1871 5242 1974 5296 ego

377 5311 689 5366 moriturus
711 5327 859 5377 sum,
893 5318 992 5364 aut
1011 5311 1120 5365 ista
1150 5309 1348 5365 bestia.
1392 5313 1518 5366 Mox
1551 5312 1843 5368 basiliscus
1873 5331 1974 5385 per

373 5398 639 5454 virtutem
667 5400 772 5455 Dei
803 5399 1109 5470 dissipatus
1135 5405 1238 5454 est.

437 5485 807 5545 215.Abbatis
825 5488 1141 5543 Besarionis
1159 5487 1484 5559 discipulus,
1525 5489 1752 5544 nomine
1774 5491 1965 5560 Dulas,

378 5627 699 5752 Εέξινιαρη
733 5631 902 5684 libell.
945 5641 1048 5694 xu,
1081 5645 1138 5684 η.
1179 5627 1232 5684 9.
1260 5629 1445 5700 Atque
1475 5631 1596 5702 ejus
1621 5631 1766 5704 stylo
1795 5634 1886 5692 hic
1912 5637 1971 5692 in

462 5713 480 5751 1
509 5714 576 5752 IS.

462 5713 556 5752 ιῑιε
567 5737 576 5750 .

2057 4957 2248 5005 autem
2267 4952 2485 5006 veniret
2500 4953 2570 5007 ad
2588 4954 3026 5026 locum,quidam
3049 4973 3115 5010 ex
3135 4957 3282 5012 notis
3297 4974 3423 5012 eum
3441 4957 3652 5025 videns,

2055 5040 2372 5110 praecessit,
2432 5048 2490 5096 et
2538 5043 2817 5098 nuntiavit
2862 5043 2963 5112 illi,
3015 5045 3238 5100 dicens:
3293 5047 3428 5101 Ecce
3483 5047 3658 5102 frater

2054 5133 2188 5183 tuus
2213 5129 2362 5184 venit
2393 5130 2464 5184 ad
2491 5136 2548 5185 te
2577 5131 2646 5186 de
2676 5149 2884 5187 eremo.
2917 5133 3020 5188 Illa
3039 5140 3231 5190 autem
3257 5134 3372 5191 haec
3395 5135 3650 5204 audiens,

2056 5233 2170 5288 prae
2194 5218 2400 5288 gaudio
2421 5220 2632 5275 relictis
2655 5222 3001 5278 amatoribus
3015 5224 3132 5278 suis
3152 5223 3352 5295 quibus
3375 5225 3656 5279 ministra-

2054 5304 2169 5366 bat,
2195 5307 2376 5378 capite
2398 5307 2748 5380 discooperto
2770 5311 2839 5366 ad
2862 5311 3237 5366 occurendum
3249 5311 3409 5366 fratri
3429 5329 3654 5383 egressa

2057 5399 2160 5448 est.
2212 5395 2279 5448 Et
2314 5395 2450 5450 dum
2495 5398 2722 5453 vidisset
2767 5418 2918 5467 eum,
2951 5406 3308 5472 tentaretque
3338 5419 3465 5456 eum
3499 5419 3651 5457 com-

2053 5482 2240 5553 plecti,
2284 5483 2422 5540 dixit
2458 5486 2508 5540 ei
2548 5487 2674 5543 ille:
2710 5491 2881 5545 Soror
2927 5507 3054 5545 mea
3096 5490 3448 5554 charissima,
3487 5507 3652 5562 parce

2124 5622 2371 5694 ’l’elagu
2391 5631 2559 5684 libell.
2590 5643 2674 5696 III,
2710 5647 2767 5688 η.
2793 5631 2881 5688 20.
2917 5633 3099 5703 Atque
3131 5633 3252 5702 ejus
3289 5633 3435 5704 style
3465 5632 3558 5687 hic
3593 5633 3649 5689 in

2054 5710 2250 5768 Editis.
2281 5714 2449 5770 Posui
2479 5733 2544 5772 ex
2572 5718 2676 5774 Ms.
