3876 6414
554 364 662 421 815

1661 358 1755 414 DE
1790 357 1981 415 VITIS
2018 357 2315 416 PATRUM
2351 360 2566 418 LIBER
2603 361 2699 418 IV.

3701 372 3797 433 8l6

553 505 742 545 eremo
762 486 943 541 vivere
972 482 1305 540 Christianis
1333 482 1480 550 licet,
1506 484 1842 557 quantisque
1860 484 2036 555 signis
2062 501 2126 539 ac
2152 484 2451 543 virtutibus
2467 488 2525 543 in
2552 488 2726 544 servis
2746 488 2864 544 suis
2884 488 3140 547 Christus
3154 498 3436 565 operetur,
3458 500 3796 569 quemadmoo

550 580 683 633 dum
713 574 881 630 etiam
912 572 1050 626 mihi
1078 589 1347 643 prospera
1373 572 1655 643 navigatio
1683 574 1871 638 fuerit,
1898 574 1996 644 qui
2026 575 2109 628 vel
2140 592 2250 647 quo
2273 592 2361 630 me
2379 577 2489 631 iter
2506 582 2795 632 terrenum
2817 578 3160 649 perduxerit.
3181 582 3398 640 Vestris
3425 603 3561 658 ergo
3588 589 3795 660 adjutus

546 663 891 722 orationibus
904 662 1103 715 faciam
1126 666 1190 715 ut
1210 662 1531 715 desiderare
1548 680 1643 716 vos
1660 663 1837 728 video,
1861 668 1918 716 et
1932 679 2117 733 quaeso
2138 669 2200 718 ut
2215 664 2583 721 libentissime
2598 668 2670 721 ad
2687 685 2753 721 ea
2774 685 2897 738 qum
2919 685 3088 724 narro
3109 688 3303 728 aurem
3320 678 3736 733 accommodetis
3754 680 3790 734 1.

614 792 632 826 ¹
665 790 850 867 Sever.
900 786 1130 867 S_ulpic._,
1183 785 1460 867 dialogoh'l
1492 804 1612 858 cap.
1643 788 1698 853 1,
1730 787 1986 858 quaedam
2022 787 2192 859 hujus
2233 789 2457 861 Prologi
2510 791 2675 846 verba
2715 790 2902 846 habet.
2948 794 3323 867 Intelligenda
3369 800 3558 855 omnia
3583 802 3794 858 nomine

542 858 952 925 Posthumiani,
985 857 1081 929 qui
1112 857 1533 929 interloquitur.

1651 1017 3789 1049 __..____—________________

1046 1119 1280 1177 CAPUT
1305 1120 1612 1176 PRIMUM.

534 1211 602 1267 De
632 1210 897 1279 monacho
917 1211 1170 1265 solitario
1203 1212 1303 1280 qui
1329 1212 1395 1265 in
1420 1210 1626 1277 ﬁnibus
1666 1209 2014 1278 Cyrenarum
2059 1212 2124 1265 in

890 1315 1065 1369 parvo
1095 1300 1322 1366 tugurio
1350 1300 1745 1353 commancbat.

598 1390 746 1444 Ante
776 1388 882 1443 hoc
908 1386 1358 1459 triennium,quo
1375 1392 1628 1459 tempore
1649 1388 1778 1442 hinc
1792 1387 1902 1442 abii
1922 1388 2118 1458 (Sever.

525 1482 737 1552 Sulpic.
759 1483 977 1550 dialogo
1006 1482 1060 1549 l,
1093 1498 1138 1535 c.
1169 1479 1243 1550 2),
1276 1480 1371 1534 ubi
1400 1497 1432 1535 a
1454 1479 1721 1535 Narbona
1739 1481 1926 1535 navim
1951 1480 2120 1536 solvi-

527 1588 672 1638 mus,
704 1570 901 1642 quinto
930 1570 1021 1625 die
1068 1576 1294 1641 portum
1340 1569 1539 1624 Africae
1585 1570 1938 1635 intravimus,
1974 1570 2116 1625 adeo

525 1676 794 1732 prospera
816 1659 919 1713 Dei
943 1663 1085 1713 nutu
1113 1658 1394 1728 navigatio
1408 1657 1731 1713 fuit.Libuit
1750 1659 1940 1713 animo
1959 1660 2116 1713 adire

523 1748 1067 1819 Carthaginem,loca
1081 1747 1307 1802 visitare
1326 1752 1732 1814 sanctorum,et
1750 1748 2027 1819 praecipue
2045 1750 2115 1803 ad

520 1837 1109 1910 sepulcrumCypriani
1127 1837 1391 1908 martyris
1400 1836 1872 1901 adorare.Quinto
1894 1837 2114 1893 decimo

519 1928 694 1998 igitur
712 1926 804 1981 die
830 1926 902 1981 ad
932 1932 1158 1997 portum
1186 1926 1447 1996 regressi,
1480 1926 1826 1998 profectique
1847 1926 1905 1981 in
1933 1927 2112 1981 altum

516 2015 910 2071 Alexandriam
939 2020 1214 2087 petentes,
1247 2015 1559 2069 reluctante
1608 2016 1834 2082 Austro,
1871 2033 2015 2087 pene
2053 2017 2112 2071 in

517 2105 726 2177 Syrtim
764 2104 907 2159 illati
932 2121 1127 2159 sumus
1160 2121 1171 2156 :
1201 2104 1348 2175 quod
1375 2102 1591 2175 providi
1619 2113 1805 2159 nauta:
1833 2110 2111 2172 caventes,

509 2195 681 2266 jactis
700 2193 960 2250 anchoris
973 2193 1164 2248 navim
1186 2191 1540 2247 sistunt.Sub
1561 2193 1735 2248 oculis
1751 2200 1941 2248 autem
1960 2198 2114 2250 terra

511 2284 803 2339 continens
823 2288 963 2350 erat,
996 2283 1057 2337 in
1086 2298 1256 2353 quam
1280 2280 1503 2354 scaphis
1533 2282 1761 2352 egressi,
1783 2300 1911 2338 cum
1936 2300 2111 2339 vacua

510 2373 700 2429 omnia
725 2372 796 2428 ab
822 2372 1070 2427 humano
1099 2371 1254 2426 cultu
1269 2386 1646 2437 cerneremus,
1673 2387 1775 2442 ego
1797 2372 2106 2428 studiosius

2139 1123 2187 1184 A
2210 1127 2423 1178 terram
2441 1123 2636 1180 ferinis
2660 1126 2918 1198 pellibus,
2934 1127 3069 1183 facit
3086 1145 3189 1184 nos
3216 1129 3598 1204 discumbere;
3627 1150 3790 1207 appo-

2205 1210 2292 1265 nit
2300 1212 2603 1282 prandium
2620 1230 2755 1269 sane
2767 1215 3588 1288 locupletissimum,dimidium
3598 1239 3789 1294 panem

2204 1296 2603 1357 hordeaceum.
2634 1303 2871 1359 Eramus
2896 1312 3088 1361 autem
3118 1322 3219 1361 nos
3248 1315 3510 1379 quatuor,
3534 1311 3653 1382 ipse
3674 1320 3787 1369 erat

2205 1388 2454 1456 quintus.
2474 1389 2825 1447 Fasciculum
2858 1394 3046 1449 herbae
3077 1396 3247 1451 etiam
3275 1396 3484 1464 intulit,
3512 1402 3668 1471 cujus
3689 1418 3787 1457 no-

2204 1492 2335 1530 men
2358 1478 2499 1532 mihi
2519 1480 2742 1547 excidit,
2784 1499 2907 1553 quae
2936 1485 3181 1539 menthae
3211 1485 3410 1541 similis
3439 1493 3542 1556 est,
3589 1489 3783 1546 exube-

2202 1581 2447 1638 ransque
2457 1566 2604 1623 foliis
2623 1586 2882 1642 saporem
2901 1573 3087 1627 mellis
3106 1574 3425 1644 praestabat.
3451 1576 3633 1648 Hujus
3650 1595 3780 1651 prae-

2199 1653 2346 1709 dulci
2375 1656 2678 1712 admodum
2709 1660 2983 1716 suavitate
3013 1667 3071 1715 et
3086 1661 3343 1718 delectati
3371 1681 3583 1733 sumus,
3617 1673 3672 1722 et
3701 1685 3783 1724 sa-

2197 1744 2342 1798 tiati.
2366 1744 2595 1817 Septem
2606 1748 2757 1802 enim
2783 1749 2979 1804 diebus
3000 1751 3149 1822 apud
3161 1752 3316 1806 illum
3332 1753 3787 1814 fuimus.Postera

2198 1830 2373 1902 igitur
2416 1834 2527 1902 die,
2574 1853 2701 1891 cum
2746 1837 2920 1909 aliqui
2962 1856 3027 1893 ex
3059 1839 3254 1895 incolis
3283 1842 3353 1895 ad
3384 1859 3487 1898 nos
3514 1846 3787 1902 confluere

2196 1922 2512 1993 cepissent,
2563 1926 2949 1996 cognoscimus
3004 1928 3164 1983 illum
3218 1930 3493 2002 hospitem
3535 1939 3784 1991 nostrum

2197 2027 2319 2065 esse
2340 2011 2752 2084 presbyterum,
2790 2016 2939 2087 quod
2966 2034 3190 2072 summa
3216 2035 3318 2073 nos
3347 2020 3788 2080 dissimulatione

2195 2098 2290 2154 ille
2318 2101 2835 2158 celaverat.Deinde
2860 2122 2988 2160 cum
3014 2106 3135 2177 ipso
3163 2107 3234 2161 ad
3259 2109 3549 2165 ecclesiam
3571 2129 3785 2184 proces-

2195 2186 2522 2261 simus,qua3
2544 2190 2660 2246 fere
2690 2191 2911 2248 duobus
2933 2193 3183 2250 millibus
3204 2212 3239 2250 ει
3257 2204 3556 2270 conspectu
3575 2207 3784 2272 nostro,

2193 2274 2358 2348 interj
2367 2284 2490 2334 ectu
2519 2280 2744 2347 montis,
2764 2282 2989 2337 exclusa
3010 2282 3225 2339 aberat.
3242 2284 3574 2341 Eratautem
3586 2289 3786 2345 vilibus

2191 2370 2344 2421 texta
2374 2368 2648 2439 virgultis,
2680 2386 2793 2425 non
2824 2372 3002 2426 multo
3022 2372 3391 2442 ambitiosior,
3413 2393 3581 2447 quam
3609 2379 3785 2434 nostri

509 2461 1238 2533 explorandorumlocorum
1248 2460 1451 2530 gratia,
1472 2460 1696 2531 longius
1716 2461 2106 2532 processi.Tri-
2123 2435 2173 2498 B
2188 2454 2425 2527 hospitis
2447 2457 2875 2514 tabernaculum
2906 2478 2917 2513 :
2944 2460 3001 2515 in
3028 2479 3137 2533 quo
3164 2463 3253 2517 vix
3273 2464 3421 2535 quis,
3436 2465 3542 2520 nisi
3559 2483 3779 2537 curvus,

506 2551 611 2605 bus
647 2550 764 2605 fere
788 2568 822 2605 a
848 2548 1037 2605 littore
1070 2548 1318 2603 millibus
1349 2565 1584 2620 parvum
1624 2550 1918 2620 tugurium
1954 2550 2105 2606 inter

504 2655 704 2694 arenas
733 2639 1031 2711 conspicio,
1058 2639 1220 2708 cujus
1246 2643 1477 2705 tectum,
1511 2639 1670 2709 quasi
1701 2639 1893 2694 carina
1921 2640 2098 2709 navis,

507 2734 631 2782 erat
654 2729 979 2798 contiguum
1000 2732 1187 2792 terrae,
1221 2727 1358 2780 satis
1388 2727 1567 2781 ﬁrmis
1604 2727 1812 2781 tabulis
1849 2734 2101 2784 constru-

501 2818 806 2872 ctum.Non
820 2817 967 2888 quod
984 2815 1061 2870 ibi
1082 2815 1348 2870 imbrium
1363 2817 1480 2870 ulla
1497 2817 1578 2871 vis
1601 2816 1871 2872 timeatur
1889 2838 1902 2885 ;
1926 2818 2099 2874 fuisse

499 2911 690 2961 autem
719 2905 832 2960 illic
854 2905 1099 2977 pluviam
1129 2921 1232 2959 nec
1256 2904 1556 2977 aliquando
1586 2906 1811 2977 quidem
1841 2907 2097 2964 auditum

498 3002 621 3064 est;
652 2995 751 3052 sed
780 2995 928 3066 quod
967 3000 1258 3051 ventorum
1289 3000 1449 3051 tanta
1476 2995 1558 3050 vis
1580 3001 1686 3066 est,
1703 3001 1768 3050 ut
1795 2997 1842 3051 si
1872 2999 2096 3068 quando

501 3086 583 3139 vel
599 3085 961 3139 clementiore
971 3084 1107 3139 caelo
1128 3085 1478 3156 aliquantum
1497 3084 1712 3155 spirare
1731 3086 1898 3140 flatus
1916 3103 2093 3158 cmpe-

495 3175 589 3243 rit,
621 3176 805 3245 majus
842 3174 900 3228 in
921 3174 1032 3228 illis
1060 3173 1246 3242 terris,
1280 3190 1449 3245 quam
1472 3174 1528 3227 in
1546 3175 1660 3227 ullo
1686 3175 1830 3228 mari
1860 3176 2092 3230 naufra-

492 3263 651 3336 gium
673 3268 858 3331 530
881 3263 974 3318 sit.
995 3263 1161 3319 Nulla
1172 3262 1249 3316 ibi
1270 3263 1548 3333 germina,
1576 3268 1698 3317 sata
1711 3264 1867 3318 nulla
1892 3282 2091 3336 prove-

490 3354 659 3409 niunt
686 3369 701 3410 :
733 3353 940 3426 quippe
959 3353 1019 3407 in
1046 3351 1294 3408 instabili
1322 3353 1444 3407 loco
1473 3352 1763 3408 arentibus
1794 3355 1999 3421 arenis,
2018 3355 2089 3409 ad

491 3459 716 3498 omnem
737 3459 959 3498 morum
983 3447 1276 3497 ventorum
1291 3442 1637 3498 cedentibus.
1654 3443 1862 3497 Verum
1875 3442 1970 3498 ubi
1986 3445 2089 3499 ad-

489 3524 655 3597 versa
670 3532 924 3605 quadam
952 3547 986 3586 a
1014 3532 1156 3587 mari
1176 3531 1561 3604 promontoria
1586 3532 1765 3586 ventis
1794 3532 2080 3602 resistunt,

490 3626 643 3678 terra
657 3622 1069 3694 aliquantulum
1091 3621 1323 3676 solidior
1339 3620 1568 3675 herbam
1599 3637 1785 3675 raram
1814 3626 1983 3692 atque
2002 3621 2085 3677 hi-

2184 2550 2407 2615 poterat
2433 2548 2758 2605 consistere.
2790 2548 2934 2604 Cum
2967 2550 3260 2606 hominum
3290 2569 3474 2609 mores
3503 2572 3781 2627 quaerere-

2184 2651 2329 2702 mus,
2348 2636 2488 2691 illud
2513 2638 2843 2708 praeclarum
2872 2639 3395 2709 animadvertimus,
3413 2643 3553 2698 nihil
3576 2662 3670 2701 eos
3688 2663 3780 2702 ne-

2183 2739 2291 2795 que
2312 2724 2570 2792 vendere,
2590 2744 2772 2798 neque
2802 2744 3008 2783 emere.
3028 2728 3175 2793 Quid
3204 2731 3278 2785 sit
3306 2730 3459 2786 fraus
3472 2739 3641 2806 atque
3660 2736 3778 2790 fur-

2180 2817 2303 2867 tum
2322 2814 2604 2869 nesciunt:
2631 2832 2834 2871 aurum
2850 2822 3018 2889 atque
3030 2824 3332 2889 argentum
3350 2838 3529 2893 neque
3544 2822 3772 2891 habent,

2178 2917 2361 2973 neque
2383 2901 2591 2959 habere
2611 2904 2863 2976 cupiunt.
2881 2907 3025 2961 Nam
3053 2924 3179 2962 cum
3208 2926 3310 2980 ego
3339 2909 3667 2983 presbytero
3694 2913 3778 2968 illi

2177 2990 2370 3047 decem
2393 3009 2593 3048 aureos
2623 2994 2970 3063 obtulissem,
3007 2996 3286 3052 refutavit.
3338 2999 3408 3054 Et
3440 3016 3567 3055 cum
3596 3002 3776 3057 nollet

2177 3096 2271 3134 eos
2301 3081 2573 3153 accipere,
2599 3083 3013 3154 aliquantulum
3035 3085 3495 3143 vestimentorum
3511 3091 3561 3144 ei
3590 3091 3779 3145 indul-

2173 3168 2369 3225 simus.
2396 3170 2555 3235 Quod
2586 3188 2711 3227 cum
2740 3172 2835 3227 ille
2858 3171 3095 3245 benigne
3116 3159 3441 3247 accepisset,
3471 3181 3778 3235 revocanti-

2171 3258 2278 3313 bus
2307 3275 2409 3314 nos
2438 3259 2509 3314 ad
2530 3276 2685 3316 mare
2711 3262 2918 3329 nautis,
2944 3263 3301 3319 discessimus
3332 3266 3401 3321 ab
3422 3284 3508 3323 eo.

2814 3352 3049 3408 CAPUT
3076 3354 3150 3412 II.

2383 3439 2457 3493 De
2483 3439 2644 3493 dictis
2676 3440 2947 3507 Origenis,
2969 3444 3114 3511 quod
3142 3444 3397 3499 heretica
3424 3448 3559 3503 sint.

2240 3525 2514 3599 Prospero
2534 3527 2709 3598 igitur
2739 3546 2909 3584 cursu
2938 3530 3187 3601 {Severus
3225 3533 3404 3603 Sulp.,
3437 3536 3676 3606 dialogo.
3716 3538 3771 3607 1,

2166 3630 2211 3668 c.
2273 3613 2345 3682 3),
2396 3617 2634 3687 septimo
2682 3618 2773 3672 die
2815 3619 3213 3676 Alexandriam
3245 3624 3623 3693 pervenimus,
3662 3626 3767 3683 ubi

487 3711 706 3784 spidam
735 3711 936 3783 gignit,
961 3727 1028 3765 ea
1050 3710 1245 3765 ovibus
1268 3714 1355 3764 est
1382 3708 1650 3781 pabulum
1674 3710 1810 3765 satis
1831 3711 2085 3768 utile.In-
2162 3703 2311 3758 fooda
2344 3704 2493 3759 inter
2520 3706 2807 3778 episcopos
2828 3713 2996 3779 atque
3018 3711 3319 3766 monachos
3339 3714 3650 3770 certamina
3672 3734 3777 3788 ge—

485 3801 619 3856 colae
639 3801 742 3856 loci
767 3801 918 3856 illius
940 3800 1084 3855 lacte
1103 3799 1313 3854 vivunt.
1348 3798 1455 3863 Qui
1484 3799 1804 3853 solertiores
1825 3804 1974 3866 sunt,
2003 3800 2084 3855 vel
2104 3790 2149 3852 Ο
2169 3792 2453 3861 rebantur,
2483 3813 2548 3849 ex
2561 3813 2626 3849 ea
2647 3797 2934 3851 occasione
2963 3798 3048 3852 vel
3069 3801 3408 3872 causa,quod
3423 3807 3762 3877 congregati

490 3892 572 3958 (ut
596 3890 677 3945 ita
705 3890 959 3961 dixerim)
991 3889 1240 3955 ditiores,
1255 3887 1564 3942 hordeaceo
1585 3903 1730 3959 pane
1750 3890 2085 3944 utuntur.Et

485 3976 565 4034 ibi
584 3979 705 4034 sola
731 3979 930 4034 messis
959 3984 1197 4050 est,quze
1215 3977 1502 4032 celeritate
1522 3983 1843 4049 proventus,
1860 3994 1960 4048 per
1977 3994 2079 4033 na-

483 4073 673 4125 turam
703 4068 837 4125 solis
860 4065 976 4124 sive
986 4066 1152 4136 aeris,
1175 4072 1470 4123 ventorum
1485 4081 1647 4122 casus
1662 4065 1897 4121 evadere
1915 4067 2076 4123 solet.

486 4160 703 4231 Quippe
728 4157 906 4213 fertur
929 4173 964 4212 a
979 4156 1069 4213 die
1082 4156 1221 4228 jacti
1252 4154 1501 4223 seminis,
1520 4154 1813 4226 trigesimo
1833 4153 1924 4210 die
1954 4170 2078 4210 ma-

481 4253 784 4305 turescere.
805 4246 1123 4302 Consistere
1138 4250 1327 4300 autem
1346 4244 1423 4298 ibi
1442 4244 1697 4299 homines
1718 4260 1831 4299 non
1850 4245 1963 4299 alia
1984 4262 2077 4299 ra-

482 4336 561 4394 tio
589 4336 739 4404 facit,
765 4352 936 4408 qnam
959 4334 1108 4406 quod
1131 4349 1326 4389 omnes
1352 4331 1565 4387 tributo
1593 4332 1757 4387 liberi
1786 4339 1937 4388 sunt.
1972 4334 2075 4388 Ex-

480 4425 951 4497 tremasiquidem
975 4425 1325 4496 Cyrenarum
1338 4438 1438 4476 ora
1463 4421 1780 4476 estdeserto
1795 4421 1877 4476 illi
1899 4422 2073 4477 conti-

473 4532 607 4589 gua,
641 4514 789 4588 quod
816 4513 966 4569 inter
976 4513 1281 4586 Egyptum
1293 4515 1351 4566 et
1372 4510 1617 4566 Africam
1637 4510 1950 4582 interjacet;
1972 4529 2073 4584 per

478 4604 627 4679 quod
661 4603 795 4658 olim
823 4603 962 4658 Cato
982 4603 1260 4658 Caesarem
1288 4600 1509 4672 fugiens
1544 4601 1704 4658 duxit
1737 4602 2063 4657 exercitum.

548 4694 693 4765 Ergo
711 4697 779 4749 ut
791 4692 862 4748 ad
886 4692 1178 4765 tugurium
1190 4690 1507 4763 illud,quod
1524 4692 1746 4747 eminus
1762 4709 2066 4765 conspexe-

474 4794 618 4851 ratn,
642 4782 919 4855 pertendi,
950 4781 1171 4837 invenio
1200 4780 1279 4835 ibi
1296 4792 1496 4836 'senem
1542 4782 1601 4836 in
1630 4787 1782 4837 veste
1810 4782 2061 4854 pellicea,

475 4872 683 4928 molam
712 4888 883 4926 manu
910 4877 1241 4928 vertentem.
1274 4870 1687 4937 Consalutatus,
1722 4872 1935 4943 accepit
1961 4888 2064 4926 nos

471 4955 1120 5033 benignissime.ijtos
1136 4977 1237 5016 nos
1266 4960 1324 5014 in
1348 4960 1489 5015 illud
1517 4960 1677 5015 littus
1707 4960 2057 5032 exponimus;

471 5055 529 5108 et
554 5068 625 5106 ne
645 5050 834 5106 statim
852 5056 1110 5121 repetere
1136 5066 1361 5105 cursum
1377 5049 1868 5121 possemus,maris
1884 5049 2062 5104 molli-

2165 3882 2222 3935 in
2255 3899 2428 3937 unum
2460 3886 2661 3956 smpius
2691 3887 3428 3960 sacerdotes,frequentibus
3450 3892 3775 3952 decrevisse

2163 3973 2392 4044 synodis
2424 3974 2772 4042 videbantur,
2788 3992 2859 4031 ne
2878 3977 3003 4048 quis
3024 3976 3281 4050 Origenis
3315 3980 3385 4052 (4)
3410 3980 3582 4038 libros
3614 3983 3777 4057 lege-

2160 4070 2249 4117 ret
2277 4067 2376 4117 aut
2403 4062 2659 4131 haberet,
2696 4063 2792 4136 qui
2806 4070 3080 4121 tractator
3097 4073 3417 4125 sanctarum
3444 4069 3775 4145 Scriptura-

2158 4166 2289 4208 rum
2323 4152 2697 4224 peritissimus
2735 4153 3069 4227 habebatur,
3102 4157 3202 4213 sed
3227 4158 3470 4233 episcopi
3500 4162 3775 4234 quaedam

2158 4240 2218 4295 in
2261 4241 2422 4297 libris
2469 4242 2621 4297 illius
2659 4243 2911 4299 insanius
2941 4245 3148 4317 scripta
3177 4247 3585 4305 memorabant.
3621 4251 3770 4317 Qua

2156 4334 2464 4385 assertores
2490 4331 2750 4403 Origenis
2779 4349 2892 4388 non
2918 4334 3041 4388 ausi
3063 4334 3457 4403 defendere,ab
3478 4338 3772 4396 haereticis

2154 4419 2340 4490 potius
2380 4419 2769 4477 fraudulenter
2802 4422 3019 4477 inserta
3051 4423 3341 4495 dicebant;
3382 4430 3440 4481 et
3482 4427 3610 4483 ideo
3642 4445 3773 4487 non

2152 4515 2382 4581 propter
2402 4509 2500 4565 illa
2512 4527 2634 4582 quae
2660 4511 2720 4566 in
2747 4512 3242 4584 reprehensionem
3269 4515 3473 4571 merito
3488 4533 3770 4574 vocarem-

2151 4602 2247 4652 tur
2264 4598 2433 4653 etiam
2445 4600 2663 4672 reliqua
2676 4618 2798 4657 esse
2812 4602 3133 4657 damnanda
3143 4620 3271 4658 cum
3288 4604 3597 4676 legentium
3610 4607 3766 4665 ﬁdes

2148 4687 2309 4743 facile
2337 4694 2527 4761 posset
2555 4689 2761 4745 habere
2786 4690 3193 4759 discrimen,ne
3212 4691 3353 4748 falsa
3380 4701 3748 4765 sequeretur,

2148 4782 2206 4833 et
2218 4782 2409 4833 tamen
2436 4780 2707 4835 catholice
2737 4780 3021 4852 disputata
3050 4781 3338 4836 retineret.
3362 4783 3489 4837 Non
3507 4800 3635 4839 esse
3656 4802 3767 4842 au-

2145 4871 2262 4922 tem
2276 4867 2503 4935 mirum,
2525 4867 2573 4923 si
2598 4867 2826 4923 inlibris
2848 4869 3146 4924 neotericis
3164 4876 3222 4924 et
3241 4876 3496 4928 recenter
3509 4873 3753 4945 scriptis

2143 4956 2297 5012 fraus
2340 4957 2601 5013 haeretica
2637 4957 2836 5013 fuisset
2866 4946 3115 5031 operata,
3151 4976 3274 5031 quae
3313 4960 3373 5015 in
3403 4960 3756 5032 quibusdam

2140 5046 2276 5101 locis
2304 5063 2418 5101 non
2432 5046 2712 5103 timuisset
2730 5048 3000 5119 impetere
3016 5048 3404 5120 Evangelicam
3422 5049 3731 5108 veritatem
3742 5094 3757 5109 .

468 5142 547 5199 tie
571 5140 831 5197 detineri.
855 5140 1122 5211 Egressos
1150 5139 1209 5193 in
1228 5144 1460 5207 terram,
1483 5144 1548 5194 ut
1567 5145 1652 5193 est
1680 5155 1803 5193 mos
1824 5139 2059 5194 humani
2087 5135 2449 5213 DAdversum
2480 5136 2587 5192 hoc
2631 5137 2876 5209 episcOpi
2904 5137 3240 5192 obstinatius
3271 5139 3603 5208 renitentes,
3642 5159 3761 5213 pro

465 5229 697 5305 ingenii,
732 5235 996 5286 naturam
1024 5230 1295 5295 locorum,
1325 5228 1652 5300 cultumque
1678 5226 2058 5282 habitantium

466 5323 706 5383 voluisse
734 5336 1106 5394 cognoscere;
1140 5318 1488 5374 Christianos
1519 5334 1622 5372 nos
1652 5334 1790 5377 esse,
1822 5317 1879 5371 id
1913 5335 2057 5389 prae-

463 5408 624 5486 cipue
642 5428 912 5484 quaerere,
932 5427 1005 5466 an
1024 5412 1213 5465 essent
1231 5408 1402 5479 aliqui
1416 5408 1564 5461 inter
1582 5407 1707 5460 illas
1729 5403 2056 5462 solitudines

464 5500 790 5557 Christiani.
803 5502 958 5556 Tunc
976 5516 1106 5554 vero
1122 5498 1218 5552 ille
1237 5498 1378 5551 flens
1398 5514 1510 5568 prae
1529 5494 1755 5566 gaudio,
1781 5496 1849 5550 ad
1869 5512 2057 5566 genua

464 5598 658 5648 nostra
700 5590 1064 5663 provolvitur,
1095 5589 1416 5657 iterumque
1457 5601 1522 5640 ac
1554 5582 1757 5656 saepius
1798 5601 1900 5640 nos
1926 5587 2055 5642 deo-

462 5683 706 5752 sculans,
732 5681 934 5736 invitat
972 5680 1043 5735 ad
1071 5677 1402 5735 orationem.
1453 5674 1667 5731 Deinde
1697 5675 1962 5748 expositis
1992 5678 2052 5733 in

2138 5229 2414 5297 potestate
2443 5225 2716 5297 cogebant
2733 5231 2888 5283 recta
2915 5227 3085 5282 etiam
3109 5226 3372 5282 universa
3392 5244 3519 5283 cum
3534 5230 3759 5300 pravis,

2140 5321 2197 5370 et
2223 5332 2350 5369 cum
2380 5316 2502 5386 ipso
2522 5322 2750 5371 auctore
2777 5316 3067 5383 damnare,
3112 5316 3245 5388 quia
3274 5316 3412 5372 satis
3453 5334 3628 5389 super
3658 5319 3762 5376 his

2138 5404 2619 5474 sufﬁcerentlibri,
2637 5423 2776 5478 quos
2799 5406 2870 5461 ad
2903 5424 2963 5461 se
2986 5407 3108 5477 jam
3129 5407 3433 5477 recepisset
3466 5406 3756 5478 Ecclesia;

2137 5495 2620 5566 respuendamque
2641 5513 2762 5551 esse
2791 5496 3016 5568 penitus
3044 5496 3343 5556 lectionem
3373 5512 3495 5567 quas
3510 5496 3645 5568 plus
3662 5514 3759 5552 es-

2136 5589 2223 5638 set
2239 5584 2495 5640 nocitura
2526 5585 2924 5658 insipientibus
2938 5603 3108 5657 quam
3136 5584 3432 5657 profutura
3459 5585 3753 5659 sapienti-

2135 5673 2257 5728 bus.
2286 5673 2424 5729 Mihi
2464 5680 2655 5731 autem
2683 5692 2750 5731 ex
2796 5674 2908 5731 illis
2960 5674 3120 5730 libris
3146 5673 3406 5746 quaedam
3455 5673 3750 5731 curiosius
