3876 6380
89 371 203 428 817

874 376 1252 435 EXCERP’I‘A
1291 381 1384 434 EX
1421 377 1698 437 SEVERO
1739 371 2069 430 SULPICIO
2108 374 2196 429 ET
2235 374 2609 432 CASSIANO.

3269 373 3376 434 818

83 500 412 574 indaganti,
438 504 744 560 admodum
774 506 952 561 multa
979 506 1312 578 placuerunt
1336 523 1346 558 :
1375 504 1472 560 sed
1503 499 1914 576 aliquaAmihi
1941 499 2162 556 videtur
2185 501 2242 555 in
2276 501 2554 572 aliquibus
2584 503 2866 575 opusculis
2899 503 3034 559 vitia
3058 503 3364 560 multorum

77 591 453 662 reprehendi,
487 593 546 648 in
577 595 779 666 quibus
802 595 962 650 illum
983 611 1152 667 prava
1185 595 1424 649 sensisse
1451 611 1563 648 non
1594 594 1694 647 du-

81 679 249 735 bium
281 687 387 749 est,
421 700 543 754 quae
572 683 891 739 defensores
927 687 1047 755 ejus
1076 685 1276 739 falsata
1322 684 1684 739 contendunt.

78 769 206 840 Ego
239 772 420 826 miror
437 789 615 828 unum
644 775 1013 846 eumdemque
1042 774 1329 828 hominem
1358 779 1476 828 tam
1507 773 1690 828 diver-

1778 589 1972 661 (Μέθη,
2004 593 2154 660 epist.
2179 589 2248 646 2‘2
2278 593 2353 645 ad
2373 592 2823 659 Eustochium,de
2851 596 3054 648 custod.
3094 595 3363 663 Virgin.);

1774 678 1886 733 imo
1922 679 2071 751 quod
2107 679 2247 734 nihil
2275 679 2498 751 penitus
2528 681 2734 746 omisit,
2772 683 2920 754 quod
2948 700 3060 738 non
3085 687 3360 755 carperet,

1771 768 2060 835 laceraret,
2077 776 2404 840 exponeret;
2427 770 2706 842 praecipue
2723 772 3034 838 avaritiam,
3060 789 3161 826 nec
3178 772 3362 828 minus

79 875 210 912 sum
241 877 275 914 a
308 878 368 914 se
387 878 507 916 esse
537 863 784 933 potuisse
817 868 877 918 ut
909 863 965 917 in
995 881 1060 917 ea
1091 867 1250 934 parte
1282 879 1394 934 qua
1421 862 1692 934 probatur
1771 859 2075 912 vanitatem
2110 859 2416 914 insectatus
2451 865 2557 914 est.
2615 861 2788 915 Multa
2826 861 2895 916 de
2927 861 3209 933 superbia,
3253 878 3366 917 non

79 949 382 1004 neminem
403 957 529 1022 post
545 953 827 1024 apostolos
847 952 1053 1006 habeat
1069 951 1340 1024 aequalem
1365 971 1378 1020 ;
1403 952 1460 1006 in
1476 969 1542 1006 ea
1557 969 1686 1007 vero

80 1053 198 1107 qua
221 1039 358 1108 jure
387 1041 835 1110 reprehenditur,
872 1039 1038 1097 nemo
1076 1041 1383 1096 deformius
1420 1041 1688 1096 doceatur

77 1141 330 1182 errasse.
364 1129 507 1183 Nam
538 1147 664 1184 cum
693 1130 762 1185 ab
792 1131 1066 1202 episcopis
1110 1136 1376 1202 excerpta
1424 1147 1490 1186 ex
1529 1130 1687 1188 libris

79 1216 235 1270 illius
253 1217 438 1272 multa
460 1219 800 1289 legerentur,
824 1237 945 1292 quae
967 1225 1162 1275 contra
1176 1219 1506 1275 catholicam
1521 1221 1688 1276 ﬁdem

78 1305 301 1376 scripta
326 1312 666 1374 constarent,
699 1309 852 1364 locus
879 1309 972 1366 ille
1008 1310 1092 1364 vel
1124 1309 1424 1365 maximam
1453 1309 1689 1381 parabat

79 1391 382 1461 invidiam,
418 1395 477 1450 in
507 1413 616 1468 quo
647 1397 861 1452 editum
881 1398 1171 1468 legebatur
1198 1417 1208 1452 :
1240 1399 1385 1464 Quia
1413 1399 1687 1454 Dominus

77 1487 280 1538 noster
293 1485 324 1538 J
329 1501 458 1539 esus
479 1485 734 1541 Christus
755 1487 900 1541 sicut
919 1504 1020 1559 pro
1038 1488 1422 1559 redemptione
1442 1487 1685 1543 hominis

77 1571 138 1627 in
161 1588 399 1628 carnem
419 1575 682 1642 venisset,
712 1590 933 1631 crucem
956 1593 1057 1648 pro
1088 1577 1332 1632 hominis
1353 1577 1534 1631 salute
1561 1594 1685 1648 per-

73 1678 296 1732 pessus,
336 1669 578 1718 mortem
608 1681 708 1736 pro
735 1665 979 1720 hominis
1010 1666 1322 1720 aeternitate
1356 1671 1680 1737 gustasset;

1767 963 1946 1019 pauca
1956 949 2025 1003 de
2044 949 2440 1019 superstitione
2461 949 3030 1006 disseruit.Caeterum
3046 952 3114 1005 de
3130 951 3367 1006 familia-

1765 1035 2027 1091 ritatibus
2053 1037 2330 1108 virginum
2352 1043 2408 1092 et
2425 1040 3033 1111 monachorum,atque
3055 1041 3224 1095 etiam
3257 1041 3366 1095 cle-

1766 1125 2029 1188 ricorum,
2053 1143 2224 1197 quam
2248 1143 2395 1193 vera,
2420 1145 2588 1198 quam
2609 1128 2773 1182 fortia
2793 1129 3138 1201 disputavit?
3158 1130 3308 1184 unde
3328 1146 3361 1185 a

1771 1213 2103 1285 quibusdam
2118 1215 2322 1269 dicitur
2335 1233 2444 1269 non
2466 1217 2664 1272 amari.
2684 1216 2939 1272 Oderunt
2954 1234 3084 1272 eum
3095 1218 3362 1286 haeretici,

1771 1303 1904 1374 quia
1922 1320 2015 1358 eos
2046 1305 2380 1376 impugnare
2402 1321 2513 1359 non
2552 1305 2777 1360 desinit.
2817 1307 3074 1362 Oderunt
3102 1324 3230 1363 eum
3260 1309 3366 1363 cle-

1768 1390 1888 1457 rici,
1932 1391 2064 1462 quia
2103 1392 2238 1446 vitia
2273 1409 2470 1446 eorum
2518 1392 2827 1447 insectatur
2873 1399 2932 1448 et
2971 1394 3226 1448 crimina.
3260 1394 3369 1449 Sed

1766 1480 1931 1550 plane
1953 1497 2079 1534 eum
2093 1480 2223 1535 boni
2236 1481 2491 1536 homines
2506 1481 2860 1536 admirantur
2872 1487 2930 1537 et
2945 1482 3205 1554 diligunt.
3222 1484 3368 1538 Nam

1767 1569 1864 1641 qui
1884 1586 2013 1624 eum
2029 1570 2352 1626 hzereticum
2367 1587 2488 1625 esse
2509 1570 2876 1638 arbitrantur,
2896 1572 3204 1628 insaniunt.
3225 1573 3369 1628 Vere

1766 1658 2020 1724 dixerim,
2053 1659 2326 1714 catholica
2359 1660 2601 1715 hominis
2632 1660 2888 1728 scientia,
2947 1678 3085 1716 sana
3115 1661 3370 1718 doctrina

71 1749 154 1804 ita
169 1757 323 1805 esset
353 1753 550 1806 eodem
579 1753 774 1808 ordine
795 1755 1068 1825 passionis
1090 1755 1263 1810 etiam
1289 1755 1576 1810 diabolum
1597 1753 1853 1843 re-Best
1884 1765 1895 1800 :
1930 1753 2080 1802 totus
2121 1765 2343 1820 semper
2376 1749 2434 1804 in
2473 1749 2730 1815 lectione.
2766 1756 2917 1805 totus
2957 1751 3016 1806 in
3054 1750 3212 1806 libris
3257 1757 3362 1806 est.

70 1839 432 1911 dempturus,
472 1841 603 1913 quia
635 1843 736 1898 hoc
755 1843 992 1898 bonitati
1015 1844 1164 1898 illius
1194 1844 1501 1915 pietatique
1539 1861 1666 1900 con-

71 1936 307 1998 grueret
325 1936 536 1998 533,
557 1937 620 1985 ut
646 1933 741 2008 qui
763 1933 1046 2004 perditum
1069 1933 1355 1988 hominem
1385 1933 1679 1990 reformas-

69 2023 173 2084 set,
199 2019 530 2092 prolapsum
551 2038 772 2093 quoque
799 2024 1063 2094 angelum
1089 2023 1370 2079 liberaret.
1396 2025 1538 2080 Cum
1556 2025 1673 2080 haec

73 2112 244 2180 atque
282 2109 399 2164 alia
432 2109 756 2181 hujusmodi
785 2111 855 2168 ab
885 2113 1156 2185 episcopis
1186 2114 1574 2184 proderentur,
1608 2131 1673 2170 ex

73 2197 274 2252 studiis
313 2199 564 2270 partium
594 2205 719 2255 orta
757 2205 846 2256 est
872 2219 1078 2272 magna
1123 2203 1344 2258 seditio.
1380 2203 1512 2268 Quae
1545 2220 1675 2258 cum

71 2287 306 2358 reprimi
345 2288 701 2344 sacerdotum
741 2291 1074 2346 auctoritate
1125 2309 1238 2346 non
1276 2297 1482 2364 posset,
1530 2310 1673 2348 saevo

73 2376 328 2448 exemplo
345 2377 419 2430 ad
430 2379 733 2448 regendam
751 2380 1006 2436 Ecclesia
1017 2381 1369 2453 disciplinam
1381 2381 1673 2452 praefectus

75 2465 388 2520 assumitur
421 2485 434 2520 :
477 2468 636 2538 cujus
677 2473 893 2524 terrore
932 2470 1169 2541 dispersi
1209 2471 1428 2538 fratres,
1479 2488 1544 2525 ac
1574 2488 1675 2542 per

75 2553 327 2610 diversas
348 2571 477 2610 oras
506 2557 762 2613 monachi
796 2563 929 2614 sunt
951 2559 1146 2630 fugati,
1169 2560 1248 2614 ita
1267 2565 1349 2628 ut,
1374 2561 1675 2633 propositis

77 2642 289 2709 edictis,
323 2644 384 2698 in
422 2645 578 2699 nulla
597 2651 852 2701 constare
881 2647 1011 2702 sedc
1039 2647 1378 2704 sinerentur.
1411 2649 1556 2704 Illud
1579 2666 1674 2704 au-

79 2736 190 2784 tem
219 2749 310 2786 me
349 2733 657 2789 admodum
699 2736 1077 2807 permovebat,
1112 2738 1261 2810 quod
1295 2738 1673 2811 Hieronymus

76 2819 158 2873 vir
179 2822 422 2877 maxime
451 2824 775 2891 catholicus,
809 2830 867 2880 et
893 2843 1064 2880 sacra:
1094 2827 1232 2897 legis
1271 2827 1668 2898 peritissimus,

79 2909 376 2981 Origenem
405 2917 632 2968 secutus
653 2915 836 2986 primo
861 2920 1114 2986 tempore
1137 2915 1472 2987 putabatur:
1505 2934 1672 2989 quem

76 3013 221 3054 nunc
239 3000 390 3055 idem
412 3001 530 3073 ipse
551 3002 922 3076 Hieronymus
939 3005 1215 3076 prmcipue
1237 3010 1294 3060 et
1311 3007 1502 3061 omnia
1521 3007 1672 3062 illius

75 3088 276 3160 scripta
297 3091 618 3147 damnaret.
645 3093 759 3148 Nec
784 3111 912 3148 vero
937 3111 1106 3150 ausus
1135 3112 1259 3150 sum
1288 3095 1357 3150 de
1388 3113 1671 3168 quoquam

1761 1835 1888 1892 Non
1912 1837 2021 1905 die,
2056 1854 2168 1892 non
2197 1844 2358 1892 nocte
2391 1838 2660 1910 quiescit;
2695 1844 2794 1894 aut
2821 1839 2958 1910 legit
2982 1839 3194 1912 aliquid
3220 1857 3364 1896 sem-

1758 1943 1877 1999 per,
1895 1931 1993 1981 aut
2013 1926 2222 1982 scribit.
2239 1927 2398 1992 Quod
2427 1927 2536 1981 nisi
2557 1927 2695 1982 mihi
2722 1927 2923 1982 fuisset
2946 1929 3117 1983 ﬁxum
3144 1929 3354 1997 animo,

1758 2021 1815 2070 et
1841 2015 2199 2086 promissum,
2232 2016 2346 2070 Deo
2368 2020 2676 2082 teste,ante
2703 2015 3071 2088 prepositum,
3107 2034 3362 2072 eremum

1755 2107 1930 2172 adire,
1970 2106 2055 2160 vel
2085 2106 2349 2177 exiguum
2383 2107 2651 2177 temporis
2684 2113 2955 2178 punctum
2989 2126 3023 2164 a
3053 2113 3211 2162 tanto
3243 2108 3361 2164 viro

1759 2195 2045 2250 discedere
2067 2195 2391 2249 noluissem.
2421 2195 2565 2250 Huic
2596 2213 2728 2268 ergo
2758 2197 2982 2252 traditis
3009 2203 3179 2270 atque
3211 2215 3358 2253 com-

1756 2285 1942 2340 missis
1977 2283 2234 2340 omnibus
2277 2284 2437 2351 meis,
2481 2285 2747 2357 omnique
2793 2286 3024 2352 familia,
3058 2304 3226 2360 quem
3266 2305 3354 2343 me

1756 2379 1952 2429 contra
1975 2375 2320 2429 voluntatem
2351 2373 2524 2428 animi
2557 2375 2667 2429 mei
2698 2380 2890 2430 secuta
2912 2375 3141 2431 tenebat
3168 2376 3359 2449 impli-

1755 2464 1950 2531 citum,
1971 2467 2302 2518 exoneratus
2332 2463 2745 2535 quodammodo
2771 2465 2930 2536 gravi
2957 2465 3103 2520 fasce
3135 2466 3358 2538 penitus

1758 2569 1822 2609 ac
1843 2553 2002 2621 liber,
2034 2569 2294 2624 egressus
2318 2569 2443 2608 sum
2472 2553 2542 2608 ad
2570 2555 2989 2610 Alexandriam.
3009 2556 3263 2612 Visitatis
3281 2557 3357 2613 ibi

1755 2642 2040 2710 fratribus,
2072 2643 2142 2696 ad
2159 2642 2506 2714 superiorem
2537 2642 2666 2697 inde
2693 2643 3055 2712 Thebaidam,
3086 2645 3142 2699 id
3165 2651 3251 2700 est
3284 2645 3355 2702 ad

1754 2730 1981 2804 Egypti
2005 2737 2257 2787 extrema
2286 2732 2570 2787 contendi.
2613 2732 2698 2788 Ibi
2738 2733 2887 2788 enim
2917 2739 3085 2789 vasta:
3116 2735 3362 2806 patentis

1754 2822 1930 2876 eremi
1956 2821 2276 2878 solitudinis
2303 2821 2608 2894 plurimum
2645 2822 2970 2878 ferebantur
2994 2822 3202 2879 habere
3240 2841 3356 2879 mo-

1755 2915 2081 2970 nachorum.
2114 2915 2369 2987 Longum
2410 2920 2515 2982 est,
2568 2915 2615 2971 si
2657 2917 2848 2972 omnia
2885 2918 3110 2990 cupiam
3148 2919 3356 2975 referre

1755 3021 1878 3076 quae
1907 3004 2019 3060 vidi
2045 3021 2057 3058 :
2093 3020 2274 3077 pauca
2304 3022 2550 3077 namque
2599 3007 2997 3078 perstringam.

2372 3094 2607 3150 CAPUT
2633 3095 2727 3151 IV.

181 3146 199 3160 ,
555 3146 558 3147 ν
1143 3146 1259 3150 ___-_
1294 3146 1352 3150 ﬁ-
1395 3146 1671 3168 1_-1____
2385 3146 2492 3150 ---η
2525 3146 2597 3150 __
2633 3146 2727 3151 _--

76 3181 281 3233 temere
307 3179 562 3251 judicare
591 3200 602 3235 :
636 3184 1084 3254 praestantissimi
1113 3190 1304 3239 tamen
1334 3185 1438 3239 viri
1467 3186 1668 3240 doctis-
1689 3146 1733 3207 ϐ
1751 3184 1902 3252 Quod
1925 3185 2138 3238 abbatcs
2164 3184 2441 3252 fratribus
2461 3187 2576 3239 suis
2597 3201 2789 3240 eorum
2822 3187 3048 3240 licentia
3077 3189 3142 3241 in
3172 3203 3352 3244 eremo

74 3266 310 3339 simique
339 3269 665 3325 ferebantur
689 3272 747 3327 in
775 3273 880 3327 hoc
907 3273 1212 3328 certamine
1235 3273 1526 3330 dissidere.
1558 3275 1667 3330 Sed

75 3360 260 3411 tamen
290 3357 406 3413 sive
447 3359 583 3414 illud
613 3378 772 3417 error
801 3367 907 3428 est,
939 3367 1004 3416 ut
1033 3379 1133 3434 ego
1165 3363 1374 3428 sentio;
1406 3363 1520 3417 sive
1550 3363 1665 3419 hae-

75 3446 226 3514 resis,
245 3452 309 3502 ut
320 3453 572 3520 putatur,
597 3467 708 3505 non
731 3451 912 3506 solum
934 3453 1164 3523 reprimi
1185 3469 1297 3507 non
1321 3452 1505 3524 potuit
1524 3453 1666 3508 mul-

74 3535 141 3588 tis
165 3537 741 3594 animadversionibus
769 3540 1142 3607 sacerdotum,
1171 3542 1269 3596 sed
1307 3557 1665 3614 nequaquam
1694 3547 1702 3554 '

72 3627 183 3678 tam
202 3626 314 3680 late
332 3644 392 3681 se
414 3628 688 3699 potuisset
709 3631 787 3683 eil‘
787 3631 1014 3697 undere,
1039 3631 1146 3685 nisi
1171 3631 1528 3686 contentione
1547 3647 1662 3686 cre-

71 3712 583 3772 visset.Istiusmodi
599 3735 734 3788 ergo
748 3719 1123 3774 turbationem
1139 3737 1266 3774 cum
1277 3709 1662 3791 veni,Alexan-

71 3800 186 3856 dria
214 3805 539 3860 ﬂuctuabat.
565 3805 654 3862 Me
677 3808 902 3879 quidem
935 3809 1229 3880 episcopus
1251 3810 1401 3864 illius
1421 3810 1661 3865 civitatis

72 3888 300 3963 benigne
328 3895 652 3963 admodum,
681 3903 738 3951 et
766 3899 966 3952 melius
1005 3916 1174 3970 quam
1204 3899 1475 3971 opinabar
1505 3916 1660 3954 exce-

71 3980 164 4049 pit,
187 4000 490 4056 secumque
518 3991 712 4041 tencre
739 3987 1012 4042 tentabat.
1040 3989 1148 4042 Sed
1169 4005 1281 4044 non
1299 3989 1408 4043 fuit
1434 3988 1655 4044 animus

2032 3276 2341 3328 constitutis
2379 3275 2590 3328 victum
2627 3275 3061 3329 administrant.

1819 3361 1982 3418 Haud
2002 3363 2166 3433 longe
2186 3361 2256 3416 ab
2278 3378 2466 3419 eremo
2477 3362 2742 3433 contigua
2763 3363 2890 3418 Nilo
2913 3363 3146 3432 (Seven,
3162 3365 3346 3434 Sulp.,

1746 3453 1950 3519 dialog.
1976 3453 2025 3519 1,
2057 3467 2100 3507 c.
2129 3453 2202 3520 5),
2227 3451 2406 3506 multa
2430 3457 2563 3506 sunt
2587 3452 2930 3507 monasteria
2957 3471 2968 3506 :
2999 3453 3256 3510 habitant
3285 3456 3344 3512 in

1746 3557 1858 3595 uno
1890 3541 2011 3596 loco
2053 3541 2384 3613 plerumque
2413 3541 2653 3608 centeni,
2689 3541 2892 3614 quibus
2935 3559 3222 3599 summum
3246 3547 3342 3616 jus

1745 3635 1830 3684 est
1871 3629 1974 3685 sub
2007 3629 2224 3686 abbatis
2253 3630 2488 3702 imperio
2525 3631 2726 3698 vivere,
2775 3631 2915 3686 nihil
2949 3631 3181 3688 arbitrio
3235 3651 3336 3691 suo

1741 3732 1928 3789 agere.
1960 3735 2062 3791 per
2107 3718 2298 3774 omnia
2338 3719 2408 3773 ad
2446 3723 2649 3774 nutum
2697 3717 2848 3773 illius
2890 3725 3339 3793 potestatemque

1741 3808 2001 3879 pendere.
2020 3809 2096 3863 Ex
2117 3799 2202 3862 his
2231 3825 2362 3879 ergo
2382 3808 2428 3862 si
2452 3807 2546 3879 qui
2567 3809 2838 3879 majorem
2864 3809 3130 3864 virtutem
3150 3816 3338 3866 mente

1739 3899 2114 3969 conceperint,
2147 3903 2210 3952 ut
2237 3897 2416 3952 acturi
2448 3897 2759 3952 solitariam
2798 3896 2969 3952 vitam
3014 3915 3074 3952 se
3116 3899 3186 3952 ad
3217 3916 3335 3954 ere-

1739 4003 1896 4041 mum
1922 3987 2228 4055 conferant,
2262 4003 2374 4042 non
2407 3986 2514 4042 nisi
2541 3987 2902 4059 permittente
2928 3987 3132 4043 abbate
3161 3988 3338 4044 disce-

70 4066 142 4123 ibi
165 4073 485 4141 consistere,
516 4073 610 4130 ubi
650 4092 843 4132 recens
882 4077 1144 4132 fraternae
1191 4078 1366 4134 cladis
1409 4077 1655 4135 fervebat
1736 4075 1896 4130 dunt.
1930 4077 2059 4131 Haec
2103 4077 2332 4132 illorum
2363 4076 2544 4148 prima
2580 4077 2757 4131 virtus
2789 4082 2891 4143 est,
2925 4093 3124 4148 parere
3152 4078 3335 4134 alieno

71 4156 289 4216 invidia.

665 4253 908 4312 CAPUT
947 4256 1046 4312 III.

167 4340 237 4393 De
273 4345 682 4398 conversatione
714 4345 1043 4414 Hieronymi
1068 4349 1547 4415 Jerosolymitani.

133 4426 308 4498 Igitur
331 4431 462 4486 inde
480 4448 737 4503 egressus
762 4433 956 4503 (Sever.
980 4433 1404 4506 Sulp.,Diaiogo
1432 4435 1478 4503 1,
1503 4453 1548 4491 c.
1578 4437 1651 4504 4),

69 4511 343 4574 Bethleem
371 4521 639 4592 oppidum
678 4523 834 4594 petii,
870 4524 1018 4594 quod
1063 4524 1132 4578 ab
1165 4525 1530 4597 Jerosolymis
1559 4511 1720 4580 sexD

68 4603 302 4661 millibus
320 4609 713 4681 separabatur:
740 4611 809 4665 ab
839 4614 1179 4668 Alexandria
1201 4619 1392 4668 autem
1413 4615 1654 4669 sedecim

1741 4165 1997 4237 imperio.
2019 4166 2405 4238 Transgressis
2428 4182 2563 4236 ergo
2585 4165 2656 4220 ad
2672 4182 2923 4220 eremum
2946 4165 3162 4222 abbatis
3184 4167 3334 4224 illius

1740 4254 2112 4324 ordinatione,
2162 4257 2321 4329 panis
2376 4261 2433 4312 et
2487 4254 2723 4328 quilibet
2767 4255 2913 4312 alius
2960 4256 3116 4313 cibus
3169 4257 3332 4314 mini-

1740 4349 1972 4400 stratur.

2376 4434 2610 4492 CAPUT
2646 4435 2712 4489 V.

1883 4524 2032 4592 Quod
2056 4525 2238 4593 frater
2259 4528 2320 4580 in
2345 4541 2522 4579 eremo
2542 4528 2795 4595 pascitur
2816 4541 2963 4594 pane
2985 4528 3182 4582 cwiico.

1809 4614 1955 4668 Casu
1975 4630 2076 4685 per
2094 4614 2216 4669 illos
2245 4613 2362 4668 dies
2396 4613 2598 4685 quibus
2625 4613 2758 4667 illuc
2792 4613 3127 4668 adveneram
3159 4612 3326 4683 (Seve-

70 4696 440 4754 mansionibus
469 4699 627 4754 abest
655 4701 886 4755 ecclesia
915 4702 1022 4756 loci
1062 4702 1230 4770 illius,
1264 4719 1432 4774 quam
1465 4703 1655 4758 Hiero-

69 4793 258 4850 nymus
273 4787 565 4860 presbyter
576 4789 822 4860 regebat.
840 4791 985 4844 Nam
1001 4791 1268 4862 parochia
1283 4797 1368 4846 est
1383 4792 1645 4864 episcopi,

69 4870 156 4939 qui
183 4873 582 4949 Jerosolymam
620 4885 794 4934 tenet.
836 4880 973 4935 Mihi
1007 4881 1348 4951 jampridem
1379 4882 1651 4954 Hierony-

67 4971 198 5025 mus,
220 4966 504 5035 superiore
540 4967 636 5021 illa
666 4985 789 5022 mea
819 4969 1271 5040 peregrinatione
1303 4976 1646 5042 compertus,

1737 4719 1834 4756 rus
1863 4704 2041 4773 Suip.,
2074 4705 2276 4772 dialog.
2317 4702 2368 4772 1,
2392 4718 2438 4755 c.
2473 4699 2547 4771 5),
2573 4702 2796 4756 cuidam
2827 4701 3077 4757 solitario
3107 4703 3204 4774 qui
3224 4719 3325 4759 nu-

1732 4809 1833 4864 per
1860 4793 1932 4846 ad
1961 4809 2213 4847 eremum
2239 4797 2562 4856 secesserat,
2595 4807 2777 4862 neque
2815 4791 3056 4862 amplius
3102 4791 3172 4846 ab
3216 4793 3324 4848 hoc

1732 4880 2070 4935 monasterio
2100 4897 2268 4952 quam
2315 4895 2412 4934 sex
2457 4879 2705 4934 millibus
2747 4879 3173 4936 tabernaculum
3213 4881 3321 4938 sibi

1730 4961 2114 5036 constituerat,
2140 4985 2341 5041 panem
2363 4968 2532 5023 abbas
2549 4986 2650 5041 per
2678 4969 2818 5024 duos
2847 4986 3050 5042 pueros
3069 4971 3318 5029 miserat.

64 5042 210 5103 facile
239 5053 556 5110 obtinuerat
585 5061 646 5111 ut
668 5058 885 5111 nullum
908 5065 1111 5129 praeter
1138 5059 1296 5114 illum
1329 5060 1466 5114 mihi
1489 5077 1649 5132 expe-
1730 5059 1978 5124 Quorum
2001 5060 2181 5129 major
2194 5057 2435 5112 habebat
2457 5059 2638 5112 aetatis
2655 5075 2832 5114 annos
2853 5059 3190 5132 quindecim,
3208 5061 3320 5114 mi-

64 5137 281 5194 tendum
302 5144 506 5199 rectius
528 5145 852 5202 arbitrarer.
869 5147 969 5201 Vir
989 5147 1139 5202 enim
1163 5155 1366 5220 praeter
1388 5151 1646 5205 ﬁdeime-
1729 5164 1832 5204 nor
1855 5147 2229 5203 duodecennis
2259 5151 2398 5201 erat.
2447 5147 2539 5201 His
2585 5164 2716 5218 ergo
2763 5147 2894 5201 inde
2932 5147 3316 5216 redeuntibus,

66 5221 242 5295 ritum,
262 5229 558 5304 dotemque
580 5234 871 5302 virtutum,
895 5251 1008 5290 non
1042 5237 1223 5291 solum
1245 5238 1458 5292 Latinis
1475 5245 1645 5310 atque
1726 5237 1874 5309 aSpis
1902 5237 2058 5291 mirae
2088 5235 2490 5307 magnitudinis
2527 5235 2682 5290 venit
2711 5235 2930 5290 obviam
2969 5254 2980 5288 :
3034 5238 3194 5306 cujus
3231 5253 3318 5292 oc-

67 5309 276 5384 Graecis,
299 5321 396 5375 sed
421 5328 478 5376 et
503 5321 791 5379 Hebraicis
821 5325 993 5378 etiam
1021 5326 1225 5380 litteris
1256 5327 1509 5382 eruditus
1539 5309 1642 5396 est,
1728 5344 1894 5382 cursu
1922 5327 2060 5380 nihil
2082 5324 2411 5398 perterritis,
2427 5324 2522 5379 ubi
2547 5331 2678 5379 ante
2708 5324 2877 5395 pedes
2903 5329 3095 5391 539
3118 5341 3314 5381 eorum

67 5405 123 5453 ut
152 5420 207 5456 se
236 5406 314 5462 illi
342 5409 399 5464 in
425 5412 576 5466 omni
603 5412 836 5467 scientia
869 5431 1033 5468 nemo
1065 5415 1271 5469 audeat
1300 5433 1644 5488 comparare,
1728 5417 1898 5483 venit,
1924 5416 2081 5488 quasi
2103 5416 2389 5469 incantata
2414 5412 2773 5479 carminibus,
2802 5413 3040 5468 caarulea
3066 5413 3206 5468 colla
3226 5415 3319 5469 de-

67 5486 200 5545 Nam
228 5512 318 5552 sex
349 5516 564 5555 menses
599 5503 748 5574 apud
786 5502 973 5573 ipsum
1013 5503 1092 5558 fui
1134 5512 1513 5560 conversatus.
1548 5507 1650 5562 Cui
1731 5506 1944 5578 posuit;
1974 5505 2155 5559 minor
2174 5521 2238 5559 ex
2260 5503 2447 5575 pueris
2470 5519 2638 5556 manu
2659 5518 2784 5556 eam
2815 5501 3220 5573 apprehensam
3252 5520 3319 5557 ac

65 5574 203 5647 iugis
231 5586 520 5645 adversum
549 5593 726 5646 malos
758 5608 964 5663 pugna,
1001 5599 1449 5666 perpetuumque
1477 5601 1652 5650 certa-
1733 5596 1900 5667 pallio
1930 5595 2255 5661 involutam,
2280 5593 2424 5646 ferre
2454 5592 2658 5662 ccepit;
2687 5589 2889 5644 deinde
2915 5591 3319 5648 monasterium

67 5679 185 5724 men
205 5677 438 5738 concivit
458 5681 587 5737 odia
615 5681 986 5758 perditorum.
1019 5683 1159 5738 Vcre
1180 5682 1377 5755 foteor,
1407 5685 1652 5760 pinxisse
1739 5686 1899 5758 quasi
1929 5684 2102 5740 victor
2130 5684 2434 5756 ingressus,
2467 5680 2525 5737 in
2555 5696 2846 5741 occursum
2878 5679 3117 5740 fratrum
3145 5682 3324 5758 capti-
