3876 6376
3658 317 3769 378 810

476 318 604 381 ,819
836 360 841 365 ~
1616 324 1711 380 DE
1744 325 1936 383 VITIS
1971 325 2270 383 PATRUM
2296 321 2523 381 LIBER
2556 321 2652 387 IV,

495 461 620 503 vam
640 446 899 514 bestiam,
926 447 1174 503 resoluto
1197 446 1389 518 pallio,
1413 462 1527 502 non
1550 447 1671 504 sine
1696 450 1982 519 jactantiae
2001 455 2087 507 tu-
2104 454 2151 513 A
2169 454 2261 505 tus
2281 453 2339 504 et
2367 448 2483 503 illic
2510 451 2641 517 erat~
2655 444 2849 500 multis
2869 443 3113 498 oleribus
3140 442 3416 514 copiosus.
3440 442 3504 501 Id
3534 443 3767 515 quidem

494 552 653 592 more
680 535 956 608 deposuit.
980 535 1088 590 Sed
1117 552 1244 590 cum
1270 535 1573 592 infantium
1589 537 1759 592 ﬁdem
1787 545 1956 610 atque
1980 540 2088 593 vir-
2169 544 2364 594 contra
2390 541 2654 591 naturam
2691 532 2884 599 eremi,
2917 532 3014 587 ubi
3051 532 3243 587 omnia
3275 531 3513 598 arentia,
3559 542 3762 587 exusta

492 629 676 680 tutem
705 625 893 680 caeteri
919 624 1304 697 przedicarent,
1334 625 1505 680 abbas
1524 626 1616 681 ille
1631 627 1816 681 altiori
1833 629 2083 694 consilio,
2169 628 2302 682 solis
2322 624 2633 689 ardoribus,
2651 622 2862 678 nullius
2884 637 3135 693 unquam
3151 619 3382 675 seminis
3400 620 3487 674 vel
3506 621 3763 692 exiguam

492 729 565 769 ne
582 713 863 769 inﬁrmior
881 718 1017 768 tetas
1031 714 1407 782 insolesceret,
1428 720 1728 787 utrumque
1746 715 1917 787 virgis
1942 734 2088 771 com-
2169 716 2415 771 radicem
2434 714 2642 769 ferunt.
2666 711 2877 767 Verum
2906 709 3014 764 hoc
3038 714 3231 764 sancto
3250 708 3331 762 illi
3352 707 3510 763 labor
3528 725 3658 763 cum
3676 726 3766 781 pe-

492 802 727 876 pescuit,
760 802 1004 857 multum
1038 802 1367 874 objurgatos
1403 820 1505 857 cur
1535 803 1641 875 ipsi
1677 804 1826 876 quod
1857 821 1957 876 per
1992 822 2087 860 eos
2168 802 2656 869 cudecommunis,
2680 806 2736 856 et
2762 800 2989 872 propria
3017 797 3319 871 praestabat
3335 797 3766 866 industria;fre-

490 896 756 964 operatus
799 890 981 946 fuerat
1017 891 1289 946 Dominus
1319 892 1728 963 prodidissent;
1771 911 1911 965 opus
1947 894 2086 949 illud

491 996 606 1036 non
634 997 750 1035 sua:
778 979 929 1047 ﬁdei,
962 979 1060 1034 sed
1086 979 1286 1035 divina:
1321 980 1493 1035 fuisse
1521 981 1775 1050 virtutis;
1806 983 2087 1038 discerent

490 1068 677 1141 potius
705 1069 822 1125 Deo
849 1069 911 1123 in
946 1068 1262 1124 humilitate
1296 1070 1525 1138 servire,
1558 1087 1674 1126 non
1707 1071 1768 1126 in
1806 1071 1986 1142 signis
2029 1078 2085 1127 et

2169 910 2346 965 quens
2366 894 2515 947 enim
2535 890 2791 962 irrigatio
2811 906 2969 960 aquae
2988 892 3204 943 tantam
3225 887 3630 959 pinguedinem
3647 904 3766 942 are-

2166 982 2255 1037 nis
2274 981 2462 1047 dabat,
2485 986 2551 1035 ut
2577 980 2784 1034 mirum
2814 978 2874 1033 in
2904 977 3134 1032 modum
3156 976 3337 1031 virere
3366 980 3533 1048 atque
3560 975 3731 1031 fructi
3747 1006 3763 1018 -

2166 1073 2334 1127 ﬁcare
2363 1069 2574 1125 hortuli
2592 1069 2744 1123 illius
2760 1068 2914 1123 olera
2938 1066 3273 1121 videremus.
3294 1065 3373 1120 Ex
3386 1065 3475 1120 his
3495 1081 3630 1136 ergo
3652 1081 3767 1120 una

488 1155 792 1213 virtutibus
833 1157 1087 1229 gloriari,
1123 1157 1255 1229 quia
1306 1158 1506 1213 melior
1552 1164 1702 1214 esset
1738 1159 2084 1215 inﬁrmitatis
2166 1177 2294 1215 cum
2313 1159 2541 1214 domino
2556 1174 2657 1212 suo
2677 1156 2777 1211 bos
2796 1157 2890 1210 ille
2910 1154 3155 1224 vivebat;
3175 1154 3337 1210 nobis
3357 1171 3580 1226 quoque
3610 1171 3682 1209 ex
3703 1171 3769 1210 ea

489 1244 834 1300 conscientia
850 1246 1121 1302 virtutum
1140 1246 1407 1302 vanitate.
1432 1248 1550 1302 Hoc
1568 1247 1665 1303 ubi
1681 1248 1775 1303 ille
1801 1248 1976 1303 frater
1986 1264 2086 1303 au-
2166 1249 2327 1321 copia
2353 1264 2570 1303 caenam
2589 1250 2817 1301 sanctus
2836 1245 2930 1300 ille
2950 1244 3125 1298 dedit.
3148 1244 3283 1299 Post
3306 1260 3527 1298 caenam
3554 1248 3765 1308 autem,

490 1332 629 1388 divit
657 1334 964 1402 solitarius,
1008 1340 1066 1389 et
1100 1334 1443 1406 periclitatos
1469 1336 1776 1392 infantulos
1815 1336 2091 1410 serpentis
2167 1340 2289 1410 jam
2313 1337 2619 1392 inclinante
2639 1350 2889 1406 vespera,
2912 1333 3115 1388 invitat
3141 1348 3244 1387 nos
3263 1332 3335 1387 ad
3363 1331 3624 1387 arborem
3653 1333 3770 1403 pal-

490 1437 746 1489 occursu,
796 1426 854 1477 et
877 1422 1031 1495 ipsos
1058 1423 1288 1495 insuper
1334 1425 1513 1479 multa
1546 1425 1781 1480 verbera
1806 1426 1949 1481 victo
1978 1442 2091 1481 ser-
2175 1444 2300 1493 mae,
2340 1427 2503 1497 cujus
2542 1424 2829 1479 interdum
2877 1422 3059 1494 pomis
3098 1421 3183 1476 uti
3224 1420 3458 1489 solebat,
3492 1438 3615 1493 quae
3654 1421 3769 1475 fere

489 1515 660 1582 pente
685 1511 977 1579 meruisse,
1001 1511 1261 1567 abbatem
1291 1512 1562 1581 obsecrat,
1585 1531 1657 1569 ne
1686 1514 1789 1569 sibi
1816 1520 1945 1587 post
1970 1515 2087 1569 haec
2169 1514 2386 1570 duobus
2414 1513 2662 1569 millibus
2689 1511 2903 1566 aberat.
2932 1512 3078 1565 Nam
3116 1509 3202 1565 hae
3239 1514 3464 1565 tantum
3488 1510 3548 1564 in
3578 1526 3767 1564 eremo

489 1599 642 1655 ullus
670 1600 833 1672 panis
857 1605 957 1656 aut
981 1600 1137 1657 cibus
1156 1602 1358 1673 aliquis
1384 1603 1725 1658 mitteretur.
1748 1604 1986 1675 Jamque
2000 1619 2089 1657 oc-
2170 1604 2417 1666 arbores.
2450 1602 2582 1657 licet
2620 1618 2781 1666 rare,
2814 1598 3097 1654 habentur
3122 1603 3315 1653 tamen
3346 1618 3359 1653 :
3396 1598 3546 1671 quod
3574 1604 3767 1653 utrum

487 1693 652 1789 tavus
665 1688 785 1744 dies
811 1689 996 1746 fuerat
1022 1707 1283 1746 emensus
1307 1708 1417 1763 quo
1439 1708 1497 1747 se
1522 1693 1690 1747 homo
1712 1692 1918 1747 Christi
1942 1692 2089 1746 infra
2102 1730 2151 1792 Β
2168 1694 2344 1749 solers
2365 1691 2672 1762 antiquitas
2687 1688 3087 1761 procuraverit,
3101 1703 3173 1743 an
3189 1688 3322 1742 solis
3336 1693 3539 1744 natura
3553 1688 3762 1758 gignat,

487 1776 799 1848 periculum
818 1778 986 1834 famis
1008 1779 1128 1851 ipse
1153 1780 1522 1835 concluserat.
1554 1781 1805 1836 Arebant
1831 1780 2085 1835 membra
2102 1776 2395 1853 "ignoro;
2420 1780 2529 1834 nisi
2557 1780 2706 1834 Deus
2747 1777 3010 1849 praescius
3051 1777 3372 1831 futurorum
3407 1776 3769 1831 habitandam

481 1865 721 1937 jejunio,
744 1867 845 1921 sed
871 1868 1109 1924 deﬁcere
1128 1885 1286 1924 mens
1300 1870 1439 1924 cmlo
1457 1869 1675 1925 intenta
1701 1887 1813 1925 non
1840 1875 2079 1942 poterat.
2166 1870 2501 1943 quandoque
2528 1866 2736 1923 sanctis
2764 1883 3035 1933 eremum,
3059 1866 3177 1920 haec
3209 1866 3382 1919 servis
3419 1866 3537 1920 suis
3558 1881 3771 1937 praepa-

484 1953 704 2027 Corpus
726 1954 915 2010 inedia
941 1957 1251 2025 fatiscebat,
1284 1959 1422 2013 ﬁdes
1449 1960 1614 2014 ﬁrma
1640 1958 1881 2014 durabat
1911 1977 1923 2013 :
1956 1976 2085 2013 cum

481 2040 713 2099 interim
740 2043 1061 2101 admonitus
1081 2046 1253 2102 abbas
1285 2047 1380 2102 ille
1407 2064 1508 2120 per
1536 2047 1809 2120 Spiritum
1832 2053 1895 2103 ut
1924 2048 2086 2102 disci-

484 2133 683 2204 pulum
703 2132 974 2201 visitaret,
998 2135 1091 2207 pia
1118 2135 1491 2192 sollicitudine
1510 2153 1843 2209 cognoscere
1855 2136 2086 2208 cupiens

486 2237 601 2293 qua
626 2221 753 2277 vita;
804 2222 1121 2280 substantia
1146 2225 1234 2279 vir
1269 2225 1449 2280 ﬁdelis
1481 2225 1747 2293 aleretur,
1782 2226 1877 2298 qui
1915 2224 2087 2279 mini-

482 2310 652 2366 strari
678 2310 785 2366 sibi
812 2328 1016 2384 panem
1037 2312 1107 2367 ab
1134 2314 1363 2369 homine
1393 2314 1685 2382 noluisset,
1704 2314 1777 2368 ad
1797 2314 2087 2385 requiren-

487 2399 623 2454 dum
653 2416 783 2455 eum
819 2402 938 2474 ipse
966 2401 1137 2457 abbas
1167 2402 1557 2474 proﬁciscitur.
1585 2405 1655 2458 At
1684 2403 1796 2468 ille,
1824 2402 1920 2457 ubi
1946 2402 2088 2457 emi-

486 2503 594 2544 nus
633 2505 826 2546 senem
885 2492 1073 2547 venire
1109 2493 1414 2564 conspexit,
1448 2492 1692 2548 occurrit
1741 2492 1793 2547 ei
1837 2491 2081 2558 obviam,

488 2578 608 2649 agit
624 2580 858 2649 gratias,
882 2580 1035 2636 ducit
1054 2581 1126 2637 ad
1141 2583 1421 2639 cellulam.
1448 2584 1590 2637 Cum
1609 2581 1848 2653 ingressi
1875 2581 2088 2653 pariter

488 2666 674 2732 ambo,
704 2669 1058 2741 conspiciunt
1080 2671 1401 2742 palmiciam
1428 2675 1697 2743 sportam,
1738 2670 1917 2725 calido
1942 2686 2087 2742 pane

489 2762 835 2826 congestam,
877 2757 1088 2814 foribus
1121 2758 1344 2814 afﬁxam
1382 2761 1452 2815 de
1478 2765 1637 2832 poste
1688 2760 1969 2832 pendere;
2025 2776 2089 2813 ac

2164 1959 2391 2015 raverit.
2408 1958 2487 2013 Ex
2512 1958 2727 2027 majore
2756 1956 2906 2010 enim
2933 1960 3112 2027 parte,
3145 1972 3267 2026 qum
3294 1954 3442 2009 inter
3469 1954 3568 2009 illa
3588 1954 3772 2009 consi-

2166 2053 2324 2103 stunt
2340 2051 2577 2114 secreta,
2592 2061 2723 2099 cum
2736 2044 2850 2099 alia
2858 2044 3114 2115 germina
3128 2044 3285 2099 nulla
3302 2044 3617 2105 succedant,
3639 2044 3769 2097 ista-

2166 2153 2296 2193 rum
2311 2136 2577 2191 arborum
2599 2133 2781 2206 pomis
2809 2132 2889 2188 ibi
2917 2133 3166 2188 aluntur.
3185 2133 3329 2204 Ergo
3362 2131 3459 2188 ubi
3488 2132 3561 2187 ad
3589 2132 3769 2199 illam,

2168 2226 2240 2281 ad
2269 2241 2440 2297 quam
2472 2240 2574 2279 nos
2608 2224 2811 2295 hospes
2840 2228 3033 2278 noster
3058 2221 3315 2290 ducebat,
3342 2220 3621 2288 arborem,
3653 2238 3776 2293 per-

2167 2314 2440 2381 venimus,
2470 2314 2693 2369 leonem
2734 2313 2815 2368 ibi
2844 2311 3199 2367 oﬁ'endimus.
3249 2310 3370 2375 Quo
3400 2310 3542 2377 viso,
3576 2327 3679 2381 ego
3721 2316 3777 2364 et

2168 2403 2262 2459 ille
2277 2404 2389 2459 dux
2407 2418 2565 2458 meus
2584 2401 2980 2457 intremuimus
2996 2419 3008 2469 ;
3027 2405 3253 2455 sanctus
3272 2400 3367 2454 ille
3382 2399 3776 2454 incunctanter

2168 2492 2402 2549 accessit
2423 2511 2436 2561 ;
2454 2508 2556 2547 nos
2575 2492 2707 2546 licet
2733 2491 2960 2562 trepidi,
2988 2489 3165 2545 secuti
3186 2490 3580 2554 sumus.Fera,
3604 2487 3675 2542 ab
3706 2505 3772 2542 eo

2166 2581 2465 2654 imperata,
2488 2580 2748 2635 modesta
2766 2577 3024 2635 discessit
3039 2583 3097 2633 et
3114 2576 3383 2643 constitit,
3405 2578 3541 2632 dum
3569 2577 3664 2631 ille
3684 2583 3773 2632 at-

2168 2671 2328 2743 tigua
2345 2670 2517 2726 ramis
2536 2668 2928 2725 humilioribus
2956 2683 3125 2740 poma
3144 2667 3489 2738 decerperet.
3514 2668 3771 2738 Cumque

2170 2760 2374 2832 palmis
2388 2760 2614 2831 plenam
2634 2775 2869 2814 manum
2884 2757 3197 2824 obtulisset,
3211 2756 3454 2812 occurrit
3470 2755 3670 2823 bestia,
3690 2773 3776 2809 ac—

372 3219 381 3226 “
442 3209 453 3221 ⁸
491 3198 709 3256 abbatis
737 3201 982 3258 adventu
1011 3203 1325 3275 praastitum
1344 3203 1637 3272 fateretur,
1670 3203 1843 3259 abbas
1871 3221 2002 3259 vero
2032 3204 2097 3258 il-

489 2844 736 2917 primum
766 2846 927 2917 panis
955 2846 1169 2902 calidus
1199 2849 1439 2905 sentitur
1466 2850 1653 2916 odore,
1683 2854 1836 2904 tactu
1866 2865 1997 2904 vero
2024 2865 2089 2903 ac
2169 2850 2554 2922 cepitquetam
2566 2846 2742 2903 libere
2755 2845 3773 2920 quamnullumanimaldomesticum.

493 2933 543 2988 si
584 2938 717 2988 ante
759 2935 1053 3006 paululum
1100 2936 1221 2991 foco
1258 2942 1407 2991 esset
1454 2942 1702 3009 ereptus,
1750 2938 2086 3005 ostenditur,
2171 2939 2242 2995 Et
2279 2955 2409 2994 cum
2440 2938 2794 3005 comedisset,
2830 2936 3133 3005 abscessit;
3174 2952 3276 2990 nos
3320 2935 3439 2990 haec
3471 2933 3775 3001 intuentes,

494 3021 742 3095 Egyptii
769 3029 961 3080 tamen
990 3025 1154 3097 panis
1173 3026 1355 3081 forma
1380 3043 1494 3082 non
1516 3027 1786 3082 cernitur.
1811 3027 2091 3099 Obstupe-
2121 3092 2155 3099 _
2176 3028 2763 3096 etadhuctrementes,
2778 3026 2939 3081 facile
2951 3025 3552 3099 potuimusagnoscere
3569 3028 3781 3095 quanta

490 3092 623 3167 facti
640 3092 827 3178 ambo,
852 3092 1059 3169 munus
1078 3114 1302 3169 caeleste
1331 3120 1691 3186 cognoscunt,
1710 3132 1837 3170 cum
1869 3115 1965 3171 ille
1990 3092 2095 3170 hoc
2114 3092 2157 3152 θ
2176 3117 2238 3174 in
2255 3117 2351 3173 illo
2365 3117 2543 3174 virtus
2562 3116 2713 3186 ﬁdei,
2728 3092 2786 3172 et
2801 3092 3082 3189 quantain
3102 3114 3263 3171 nobis
3285 3092 3432 3170 esset
3450 3092 3779 3169 inﬁrmitas.

491 3241 709 3256 ..νυ-,ιω
737 3241 982 3258 ww...“
1011 3241 1325 3275 ,ηωουιυυιμ
1344 3241 1637 3272 “Nam”
1670 3241 1843 3259 αυυιω
1881 3241 2002 3259 ,νιν
2032 3241 2087 3258 ..-

488 3289 600 3346 lius
627 3289 758 3345 fidei
789 3307 854 3346 ac
884 3291 1079 3346 virtuti
1106 3292 1440 3346 ascriberet:
1472 3293 1555 3346 ita
1601 3293 1770 3346 ambo
1808 3295 2087 3346 caelestem

2784 3242 3017 3299 CAPUT
3041 3241 3165 3298 VII.

532 3306 600 3346 us
627 3289 758 3345 ﬁdei
789 3307 854 3347 ac
884 3291 1079 3347 virtuti
1106 3292 1440 3361 ascriberet;
1472 3293 1555 3348 ita
1601 3293 1770 3349 ambo
1808 3295 2097 3351 caelestem

490 3396 699 3454 panem
710 3397 839 3437 cum
858 3398 1065 3454 magna
1078 3383 1448 3439 exsultatione
1460 3384 1768 3455 fregerunt.
1792 3385 1953 3450 Quod
1968 3401 2087 3441 cum

2180 3370 2333 3439 Quod
2348 3371 2481 3439 lupa
2499 3385 2534 3424 a
2552 3384 2675 3424 sene
2689 3371 2961 3440 pascitur,
2978 3368 3128 3437 furti
3142 3384 3235 3423 rea
3253 3369 3476 3425 veniam
3495 3371 3779 3436 precatur.

493 3468 669 3525 abbas
696 3469 768 3525 ad
787 3471 1192 3528 monasterium
1207 3478 1631 3546 postregressus
1647 3473 1921 3529 fratribus
1948 3480 2100 3529 retu-
2250 3481 2443 3543 540
2453 3475 2644 3531 Alium
2662 3481 2831 3549 atque
2851 3475 3196 3547 singularem
3212 3475 3398 3530 virum
3427 3474 3686 3539 vidimus,
3718 3473 3779 3527 in

495 3557 675 3627 lisset,
696 3564 890 3615 tantus
909 3577 1104 3616 omnes
1131 3562 1458 3618 incenderat
1487 3563 1655 3618 ardor
1683 3563 2019 3632 animarum,
2033 3569 2100 3620 ut
2180 3581 2350 3638 parvo
2373 3565 2619 3636 tugurio,
2638 3565 2695 3620 in
2714 3582 2824 3637 quo
2839 3581 2953 3620 non
2972 3564 3080 3620 nisi
3099 3582 3245 3620 unus
3264 3563 3435 3636 recipi
3450 3568 3660 3636 posset,
3675 3562 3781 3616 ha-

497 3647 757 3704 certatim
778 3649 1120 3708 aderemum
1138 3656 1195 3707 et
1221 3668 1409 3707 sacras
1439 3652 1771 3708 solitudines
1801 3652 1884 3709 ire
1904 3669 2101 3727 prope-
2180 3653 2457 3711 bitantem
2472 3654 2724 3727 (Severus
2752 3654 2933 3724 Sulp.,
2957 3656 3173 3725 dialogo
3200 3654 3254 3721 1,
3293 3671 3338 3708 c.
3371 3650 3443 3723 8).
3472 3652 3617 3708 lluic
3646 3652 3785 3722 lupa

500 3742 715 3794 rarent.
2188 3745 2353 3800 solita
2379 3748 2502 3800 erat
2529 3750 2716 3799 astare
2739 3743 3000 3811 coenanti,
3029 3760 3132 3799 nec
3147 3742 3305 3799 facile
3330 3758 3581 3814 unquam
3600 3740 3785 3795 bestia

573 3827 640 3884 In
669 3827 777 3884 hoc
804 3830 1146 3886 monasterio
1186 3830 1327 3887 duos
1375 3832 1636 3905 ego'jam
1682 3848 1844 3887 senes
1880 3832 1961 3903 (5)
1994 3832 2107 3888 vidi
2188 3833 2504 3901 fallebatur,
2534 3833 2670 3905 quin
2697 3833 2780 3888 illi
2810 3833 2882 3888 ad
2904 3832 3215 3904 legitimam
3236 3832 3431 3887 horam
3464 3830 3786 3885 refectionis

505 3918 694 3987 (Ibid,
727 3934 773 3973 ο.
808 3916 882 3988 6),
911 3919 1007 3991 qui
1034 3936 1135 3993 per
1160 3922 1535 3994 quadraginta
1563 3938 1740 3977 annos
1768 3921 1847 3977 ibi
1878 3922 2105 3995 degere,
2190 3927 2535 3991 occurreret;
2567 3929 2624 3978 et
2649 3928 2768 3978 tam
2795 3922 2892 3977 diu
2920 3939 3021 3994 pro
3051 3921 3263 3977 foribus
3289 3925 3653 3994 exspectaret,
3676 3919 3784 3973 do-

503 4005 587 4062 ita
603 4009 671 4062 ut
686 4022 977 4079 nunquam
994 4008 1125 4065 inde
1155 4009 1533 4077 discesserint,
1550 4009 1895 4067 ferebantur.
1918 4011 2108 4084 Siqui-
2191 4029 2296 4069 nec
2318 4013 2413 4067 ille
2440 4028 2663 4084 panem,
2689 4011 2784 4084 qui
2810 4012 2869 4066 in
2906 4028 3065 4067 caena
3092 4016 3384 4084 supererat
3410 4011 3653 4077 oﬁ‘erret,
3685 4008 3788 4062 illa

508 4093 641 4150 dem
671 4094 729 4150 id
748 4095 819 4150 de
841 4098 1365 4168 eorumvirtutibus,
1398 4104 1456 4154 et
1480 4098 1698 4154 abbatis
1738 4100 1916 4172 ipsius
1947 4100 2111 4156 testi-
2192 4117 2425 4157 manum
2453 4101 2576 4172 ejus
2596 4099 2843 4155 lambere
2867 4101 3048 4167 solita,
3067 4106 3238 4172 atque
3260 4100 3341 4155 ita
3370 4098 3529 4171 quasi
3548 4097 3787 4169 impleto

508 4182 721 4252 monio,
753 4187 811 4239 et
846 4185 1098 4243 omnium
1126 4186 1670 4243 fratrum'audierim
1699 4204 1957 4244 sermone
1984 4206 2111 4246 con-
2195 4191 2376 4248 ofﬁcio
2400 4189 2723 4262 etpraestita
2741 4190 3119 4246 consolatione
3148 4188 3483 4245 discedebat.
3508 4187 3618 4243 Sed
3642 4186 3789 4241 forte

509 4284 650 4328 sono
678 4271 967 4343 celebrari,
995 4275 1145 4347 quod
1170 4291 1349 4332 unum
1371 4291 1571 4332 eorum
1598 4276 1682 4332 sol
1702 4293 1994 4349 nunquam
2029 4278 2113 4335 vi-
2195 4280 2396 4336 accidit
2421 4285 2486 4335 ut
2511 4284 2737 4334 sanctus
2765 4278 2879 4347 ille,
2908 4279 3043 4334 dum
3068 4279 3301 4334 fratrem
3322 4278 3417 4350 qui
3449 4277 3519 4332 ad
3541 4293 3673 4331 eum
3704 4293 3792 4331 ve-

512 4360 687 4417 disset
703 4362 1047 4435 epulantem,
1061 4364 1304 4421 alterum
1323 4382 1615 4439 nunquam
1633 4365 1863 4422 vidisset
1877 4367 2109 4424 iratum.
2195 4373 2360 4426 nerat
2381 4368 2606 4424 deducit
2631 4367 2949 4436 abeuntem,
2979 4368 3190 4424 diutius
3210 4367 3447 4435 abesset,
3471 4372 3528 4422 et
3544 4382 3658 4421 non
3680 4365 3790 4421 nisi

516 4450 629 4507 Sed
647 4451 795 4556 quia.
808 4452 978 4556 unius
1000 4454 1250 4511 eremitm
1270 4455 1613 4556 cognovistis
1641 4456 1934 4528 virtutem,
1968 4458 2113 4515 refe-
2134 4458 2301 4556 Dsub
2317 4463 2479 4514 nocte
2501 4463 2798 4526 remearet,
2820 4458 3048 4514 interim
3068 4458 3246 4513 bestia
3266 4459 3338 4513 ad
3357 4461 3691 4512 consuetum
3723 4456 3790 4511 il-

516 4555 641 4599 ram
672 4540 828 4599 vobis
847 4542 1031 4601 adhuc
1058 4559 1240 4619 pauca
1255 4544 1324 4601 de
1343 4543 1618 4619 pluribus.
2135 4540 2295 4605 "Iud
2323 4554 2545 4620 tempus
2573 4564 2741 4603 coenae
2780 4554 3120 4617 occurreret;
3154 4564 3385 4604 vacuam
3413 4549 3631 4615 cellam,
3656 4563 3791 4603 cum

2198 4638 2535 4695 familiarem
2564 4642 2865 4710 patronum
2890 4637 3085 4693 abesse
3114 4637 3365 4705 sentiret,
3396 4637 3650 4709 ingressa
3681 4642 3787 4705 est,

1400 4668 1497 4728 γι.
2198 4668 2535 4695 ιωιιιιιιιιυιιι
2564 4668 2681 4710 pau
2694 4668 2865 4693 υιιυιιι
2890 4668 3085 4693 causam:
3114 4668 3278 4692 at:qu
3291 4668 3365 4705 Cb,
3396 4668 3511 4709 υιὸι
3525 4668 3650 4693 cana
3681 4668 3787 4705 cae,

1348 4798 1355 4800 ᾗ
1466 4799 1470 4800 ί
2198 4728 2472 4784 curiosius
2500 4728 2793 4800 exPlorans
2836 4726 3069 4783 ubinam
3114 4733 3262 4782 esset
3298 4726 3600 4783 habitator.
3641 4728 3791 4782 Casu

593 4792 747 4863 Quod
769 4796 938 4851 lamna
957 4799 1231 4868 tanquam
1252 4798 1473 4853 animal
1492 4800 1850 4852 mansuetum
1870 4812 1906 4852 a
1926 4812 2047 4854 sene

2198 4820 2464 4892 contigua
2481 4792 2609 4873 cum
2626 4817 2866 4890 panibus
2887 4818 3133 4890 quinque
3149 4817 3411 4890 palmicia
3431 4818 3639 4873 ﬁscella
3657 4834 3792 4890 pen-

1122 4901 1298 4941 οεοαηῑ
1339 4889 1499 4957 091m-
2200 4889 2395 4978 debat;
2419 4925 2484 4963 ex
2507 4908 2595 4962 his
2622 4889 2800 4963 unum
2819 4907 3009 4975 sumit,
3040 4912 3098 4962 et
3122 4889 3575 4977 drevorat,deinde
3597 4889 3793 4980 perpe-

536 5004 543 5009 ‘
590 4993 707 5067 Ego
723 4990 820 5049 ubi
838 4990 1081 5065 primam
1096 4996 1321 5066 partem
1348 4994 1525 5051 eremi
1546 4995 1837 5069 ingressus
1858 5013 1985 5053 sum
2013 4996 2120 5066 (Sc-
2198 5003 2348 5053 trato
2362 4998 2569 5053 scelere
2588 4996 2862 5052 discessit.
2882 4996 3456 5067 Regressuseremita,
3479 4996 3620 5051 vidit
3634 5013 3795 5068 spor-

521 5098 637 5141 ver.
666 5080 851 5153 Sulp.,
890 5081 1027 5136 dial.
1065 5080 1120 5149 1,
1154 5097 1271 5153 cap.
1309 5081 1380 5153 7),
1427 5083 1724 5141 duodecim
1770 5087 1886 5142 fere
1914 5104 1949 5141 a
1992 5086 2118 5142 Nilo
2199 5087 2378 5143 tulam
2404 5087 2753 5152 dissolutam,
2796 5102 2909 5141 non
2937 5090 3228 5142 constante
3265 5103 3476 5159 panum
3526 5103 3792 5142 numero.

521 5171 770 5229 millibus
785 5168 1080 5243 (habebam
1111 5174 1303 5227 autem
1329 5187 1509 5229 unum
1524 5190 1591 5230 ex
1619 5174 1889 5231 fratribus
1919 5175 2119 5231 ducem
2199 5176 2573 5233 Damnumrei
2590 5175 3619 5248 familiarisintelligit,acpropelimcn
3632 5175 3796 5247 panis

521 5262 774 5318 locorum
806 5260 1079 5334 peritum)
1109 5261 1464 5334 pervenimus
1494 5262 1567 5319 ad
1597 5265 1899 5337 quemdam
1927 5281 2119 5321 senem
2202 5269 2477 5339 assumpti
2498 5267 2813 5338 fragmenta
2842 5266 3146 5338 cognoscit.
3169 5266 3280 5321 Sed
3307 5281 3420 5321 non
3436 5270 3558 5320 erat
3581 5265 3795 5321 incerta

522 5351 881 5418 monachum,
929 5348 1034 5405 sub
1078 5350 1267 5406 radice
1316 5351 1525 5407 montis
1578 5353 1927 5410 habitantem
1968 5371 1983 5413 :
2019 5355 2115 5425 ibi,
2202 5356 2460 5428 suspicio,
2496 5373 2618 5427 qua:
2657 5357 2872 5411 furtum
2920 5372 3161 5428 persona
3207 5354 3443 5410 fecisset.
3475 5355 3621 5426 Ergo
3669 5372 3793 5409 cum

521 5441 673 5513 quod
721 5440 803 5527 in.
825 5438 935 5494 illis
981 5438 1118 5495 locis
1164 5440 1518 5496 rarissimum
1565 5446 1668 5509 est,
1718 5449 1922 5515 puteus
1972 5451 2113 5501 erat.
2199 5446 2561 5518 sequentibus
2582 5445 2776 5501 diebus
2796 5447 3099 5501 secundum
3129 5445 3589 5501 consuetudinem
3616 5444 3794 5500 bestia

522 5529 730 5584 Bovem
756 5544 934 5584 unum
972 5527 1233 5597 habebat,
1274 5530 1434 5602 cujus
1470 5530 1562 5586 hic
1589 5537 1712 5587 erat
1744 5538 1895 5589 totus
1935 5534 2112 5603 labor,
2198 5553 2312 5591 non
2341 5536 2574 5603 veniret,
2609 5536 2875 5592 nimirum
2906 5536 3138 5592 audacis
3167 5535 3296 5591 facti
3316 5534 3539 5590 conscia
3564 5535 3638 5590 ad
3668 5552 3793 5591 eum

522 5615 940 5689 impulsarotali
960 5618 1222 5674 machina
1239 5635 1445 5691 aquam
1469 5620 1793 5693 producere,
1809 5639 1941 5679 nam
1961 5624 2116 5680 mille
2196 5624 2385 5679 venire
2416 5624 2801 5693 dissimulans,
2835 5625 2925 5681 cui
2953 5625 3176 5680 fecisset
3204 5624 3493 5697 injuriam,
3525 5640 3677 5697 aegre
3696 5641 3791 5698 pa-

523 5708 624 5763 aut
637 5704 877 5780 amplius
894 5707 1103 5780 pedum
1120 5707 1460 5781 profundum
1476 5710 1632 5784 putei
1648 5711 1948 5772 ferebatur.
1968 5714 2112 5771 Hor—
2196 5713 2442 5773 tiebatur
2468 5715 2705 5773 eremita
2722 5732 2783 5773 se
2812 5715 3052 5774 alumnae
3082 5714 3284 5773 solatio
3305 5713 3671 5775 destitutum:
3693 5730 3790 5789 po-
