3876 6390
167 340 268 397 821

944 342 1319 398 EXCERPTA
1356 343 1453 398 EX
1490 343 1769 400 SEVERO
1811 337 2140 400 SULPICIO
2178 343 2266 399 ET
2304 342 2674 398 CASSIANO.

3334 335 3444 396 822

164 471 379 522 stremo
399 467 550 523 illius
569 468 820 523 oratione
838 472 1112 535 revocata,
1143 468 1446 540 septimum
1468 474 1596 540 post
1614 470 1763 525 diem
1775 470 1823 531 A
1844 469 2101 524 mercede
2126 468 2198 523 ad
2217 467 2621 523 monasterium
2660 465 2970 533 redierunt,
2995 470 3053 521 et
3072 465 3239 520 fidem
3259 465 3442 519 sancti

166 555 347 622 atfuit,
374 561 440 611 ut
463 556 698 624 solebat,
728 563 859 613 ante
887 556 1034 612 fores
1072 557 1334 612 coenanti.
1375 558 1483 613 Sed
1512 565 1575 612 ut
1602 559 1765 615 facile

164 661 428 700 cerneres
455 646 842 701 verecundiam
871 647 1212 718 paenitentis,
1249 663 1358 702 non
1380 664 1518 702 ausa
1537 648 1766 721 propius

165 735 450 801 accedere,
475 735 707 807 dejectis
735 735 1010 807 profundo
1042 736 1254 807 pudore
1281 735 1340 790 in
1367 741 1579 792 terram
1603 738 1767 793 lumi-

164 822 354 890 nibus,
371 824 520 896 quod
531 825 718 896 palam
731 823 936 880 licebat
951 824 1208 895 intelligi,
1225 825 1528 897 quamdam
1545 827 1764 882 veniam

164 912 522 983 precabatur.
542 913 722 978 Quam
743 913 894 967 illius
914 913 1298 968 confusionem
1319 913 1619 970 miseratus
1647 931 1764 971 ere-

163 1001 326 1068 mita,
354 1001 519 1073 jubet
551 1018 676 1056 eam
701 1002 930 1074 propius
959 1002 1240 1070 accedere,
1266 1018 1331 1058 ac
1359 1019 1532 1058 manu
1558 1003 1765 1060 blanda

163 1096 335 1162 caput
361 1091 522 1146 triste
543 1091 852 1163 permulcet
875 1110 888 1159 ;
913 1091 1115 1147 deinde
1135 1108 1279 1164 pane
1299 1093 1582 1165 duplicato
1605 1111 1760 1149 ream

163 1196 326 1235 suam
365 1180 592 1235 refecit:
648 1181 733 1235 ita
775 1181 1186 1252 indulgentiam
1229 1187 1546 1249 consecuta,
1593 1184 1764 1239 officii

163 1269 625 1324 consuetudinem
642 1270 895 1341 deposito
913 1287 1153 1326 maerore
1176 1272 1475 1343 reparavit.
1494 1273 1763 1328 Intuemi-

159 1355 239 1422 ni,
275 1372 486 1427 quaeso,
519 1355 726 1411 Christi
749 1356 919 1411 etiam
945 1356 1006 1411 in
1030 1357 1134 1412 hac
1164 1362 1324 1428 parte
1358 1357 1642 1426 virtutem,
1673 1359 1762 1414 cui

161 1444 312 1516 sapit
326 1459 493 1500 omne
511 1445 659 1516 quod
679 1444 906 1500 brutum
927 1450 1031 1510 est,
1057 1446 1147 1500 cui
1169 1446 1306 1501 mite
1327 1451 1411 1500 est
1432 1463 1597 1501 omne
1613 1449 1761 1519 quod

163 1534 355 1588 smvit:
390 1534 521 1605 lupa
561 1534 806 1589 ofﬁcium
844 1539 1095 1607 praestat,
1143 1533 1324 1590 bestia
1369 1536 1504 1591 furti
1545 1537 1760 1592 crimen

161 1623 435 1692 agnoscit,
471 1623 604 1695 lupa
630 1624 852 1678 conscio
882 1625 1094 1695 pudore
1122 1623 1483 1680 confunditur
1510 1643 1522 1678 :
1564 1631 1761 1682 vocata

162 1712 341 1777 adest,
377 1718 546 1784 caput
574 1712 816 1784 praebet;
852 1718 910 1768 et
949 1712 1120 1768 habet
1143 1729 1372 1769 sensum
1401 1714 1632 1770 indulta:
1651 1715 1758 1771 sibi

1844 558 2196 630 gloriamque
2215 557 2422 613 Christi
2439 573 2606 628 quam
2623 557 2729 628 ipsi
2750 556 3006 611 viderant
3014 560 3438 610 enarraverunt.

2467 646 2697 702 CAPUT
2725 646 2820 700 IX.

1846 738 2040 792 Frater
2059 736 2287 805 quidam
2322 738 2480 790 ibicis
2517 739 2754 804 exemplo
2779 736 2974 789 didicit
3002 735 3139 802 quid
3169 735 3232 786 de
3259 733 3438 787 herbis

2171 824 2344 890 edere,
2378 825 2574 894 quidve
2603 839 2855 892 respuere
2878 823 3104 876 deberet.

1915 911 2046 966 Fuit
2070 917 2128 966 et
2151 913 2294 967 alius
2316 912 2374 967 in
2403 912 2512 966 illis
2541 911 2864 982 regionibus
2885 911 3239 975 anachoreta,
3263 908 3360 980 qui
3379 907 3438 962 in

1845 1015 1913 1055 ea
1938 1006 2116 1072 parte,
2148 1018 2270 1072 quae
2302 1007 2388 1057 est
2416 1002 2646 1072 Syenes,
2678 999 2968 1054 habitabat
2987 1000 3234 1068 (Severus
3253 996 3432 1066 Sulp.,

1845 1090 2062 1158 dialogo
2089 1090 2144 1156 1,
2171 1107 2216 1144 c.
2257 1089 2361 1159 lO).
2395 1091 2498 1144 Hie
2527 1107 2653 1144 cum
2683 1093 2930 1161 primum
2958 1105 3018 1142 se
3065 1089 3134 1142 ad
3184 1103 3437 1141 eremum

1845 1182 2035 1243 644
2064 1179 2410 1245 contulisset,
2454 1179 2643 1233 herbis
2676 1178 3092 1248 herbarumque
3135 1175 3431 1242 radicibus,

1845 1285 1984 1339 quas
2011 1268 2304 1339 praedulcia
2336 1269 2619 1323 interdum
2646 1275 2702 1322 et
2724 1268 2941 1338 saporis
2962 1267 3152 1322 eximii
3181 1267 3291 1320 fert
3319 1281 3438 1320 are-

1843 1372 1934 1422 na,
1969 1357 2237 1423 victurus,
2272 1357 2506 1428 ignarus
2529 1357 2799 1427 germinis
2827 1357 3089 1428 eligendi,
3114 1355 3311 1410 nociva
3326 1356 3439 1426 ple-

1842 1462 2080 1516 rumque
2097 1453 2386 1518 carpebat;
2410 1463 2514 1501 nec
2536 1451 2659 1500 erat
2671 1446 2830 1500 facile
2841 1445 2952 1499 vim
2969 1445 3221 1499 radicum
3242 1461 3440 1515 sapore

1843 1533 2175 1601 discernere,
2216 1535 2349 1606 quia
2385 1535 2575 1590 omnia
2620 1551 2777 1606 teque
2807 1535 3010 1600 dulcia,
3048 1534 3144 1587 sed
3173 1533 3440 1605 pleraque

1842 1621 2141 1676 occultiore
2161 1629 2365 1677 natura
2383 1640 2531 1678 Virus
2549 1623 2755 1678 lethale
2775 1621 3128 1677 cohibebant.
3149 1623 3290 1676 Cum
3305 1637 3440 1691 ergo

1842 1709 2099 1764 edentem
2128 1711 2209 1765 vis
2240 1711 2465 1766 interna
2501 1716 2793 1782 torqueret
2827 1717 2883 1766 et
2912 1711 3204 1765 immensis
3239 1710 3440 1765 dolori-

160 1801 354 1867 venia),
397 1801 541 1856 sicut
568 1802 838 1874 pudorem
867 1802 1044 1873 gessit
1063 1802 1256 1860 errati,
1279 1804 1401 1860 Tua
1418 1803 1537 1858 hinc
1559 1804 1756 1873 virtus,
1775 1788 1822 1849 B
1844 1797 1948 1853 bus
1967 1799 2158 1854 vitalia
2180 1801 2440 1855 universa
2470 1805 2854 1872 quaterentur,
2888 1815 2953 1853 ac
2971 1799 3234 1870 frequens
3266 1797 3442 1854 vomi-

162 1889 422 1958 Christe;
471 1895 569 1945 tua
597 1891 715 1945 haec
742 1897 892 1957 sunt,
926 1890 1166 1958 Christe,
1202 1891 1491 1947 miracula.
1537 1893 1757 1949 Etenim

162 1995 286 2050 qua
305 1978 365 2034 in
393 1984 492 2036 tuo
511 1981 738 2035 nomine
758 1985 1064 2053 cperantur
1083 1980 1228 2035 servi
1252 1979 1357 2045 tui,
1387 1985 1492 2036 tua
1511 1987 1643 2037 sunt
1658 1982 1760 2037 mi-

161 2067 397 2136 rabilia;
429 2074 488 2124 et
514 2068 572 2124 in
599 2069 704 2124 hoc
731 2069 1172 2141 ingemiscimus,
1216 2070 1366 2142 quod
1404 2073 1758 2142 majestatem

160 2163 320 2213 tuam
339 2157 469 2213 ferae
499 2158 769 2226 sentiunt,
798 2159 1054 2214 homines
1085 2175 1198 2214 non
1225 2163 1507 2215 verentur.
1540 2161 1625 2215 Ne
1670 2162 1760 2216 cui

159 2251 351 2302 autem
379 2247 485 2302 hoc
515 2247 842 2303 incredibile
871 2247 1148 2314 videatur,
1181 2250 1400 2320 majora
1426 2249 1608 2304 adhuc
1637 2266 1758 2305 me-

158 2335 413 2392 morabo.
454 2336 618 2392 Fides
662 2336 870 2394 Christi
916 2338 1077 2392 adest
1099 2353 1189 2392 me
1225 2337 1366 2392 nihil
1394 2339 1627 2408 ﬁngere,
1659 2340 1757 2394 sed

161 2442 285 2500 quae
315 2425 456 2482 mihi
476 2425 617 2483 bene
640 2431 928 2499 comperta
948 2431 1082 2483 sunt
1109 2425 1418 2499 explicabo.

757 2517 991 2573 CAPUT
1015 2517 1167 2572 VIII.

158 2607 314 2677 Quod
343 2609 587 2678 quinque
619 2607 796 2662 catuli
825 2609 1045 2661 leonum
1087 2609 1211 2661 σιτσί
1231 2622 1336 2677 per
1365 2607 1757 2663 anachoretam

718 2698 1039 2752 illuminali
1056 2700 1208 2750 sunt.

229 2782 578 2840 Habitabant
603 2783 856 2857 plerique
881 2783 940 2838 in
970 2801 1159 2839 eremo
1188 2783 1308 2840 sine
1337 2784 1466 2840 ullis
1501 2783 1760 2841 taberna-

157 2874 318 2941 culis,
351 2890 491 2945 quos
517 2874 884 2929 anachoretas
913 2879 1113 2928 vocant
1143 2874 1400 2940 (Severus
1430 2875 1611 2946 Sulp.,
1640 2877 1759 2930 dia-

157 2969 274 3034 logo
317 2963 364 3031 1,
391 2979 513 3033 cap.
551 2962 628 3032 9).
663 2963 871 3018 Vivunt
911 2962 1214 3018 herbarum
1252 2963 1554 3033 radicibus,
1601 2965 1756 3020 nullo

156 3069 408 3125 unquam
438 3057 588 3108 certo
609 3052 729 3107 loco
757 3051 1089 3119 consistunt,
1122 3069 1193 3108 ne
1223 3052 1293 3107 ab
1322 3053 1645 3109 hominibus
1672 3053 1754 3109 vi-

1843 1891 1934 1942 tus
1970 1887 2310 1944 cruciatibus
2346 1905 2459 1943 non
2491 1889 2734 1943 ferendis
2772 1888 2954 1960 ipsam
2996 1887 3197 1942 animae
3227 1889 3438 1955 sedem,

1843 1977 2134 2031 stomacho
2161 1978 2280 2048 jam
2295 1977 2606 2046 fatiscente,
2630 1978 2975 2042 dissolveret,
2995 1977 3231 2032 eremita
3251 1977 3442 2032 omnia

1842 2064 2069 2136 penitus
2099 2083 2221 2138 quae
2250 2073 2437 2122 essent
2466 2067 2683 2122 edenda
2705 2067 3030 2133 formidans,
3063 2066 3203 2120 nihil
3220 2067 3339 2137 jam
3360 2071 3441 2120 at-

1841 2159 2084 2210 trectare
2109 2162 2210 2211 aut
2235 2162 2465 2228 gustare
2490 2157 2750 2212 audebat.
2780 2156 3092 2228 Septimum
3114 2172 3336 2229 quoque
3361 2156 3441 2226 je-

1836 2243 2012 2313 junus
2041 2244 2209 2310 diem,
2244 2246 2448 2318 spiritu
2475 2248 2594 2318 jam
2609 2245 3197 2313 deficiente,ducebat,
3222 2261 3350 2299 cum
3368 2245 3440 2300 ad

1841 2348 1972 2386 eum
1999 2332 2138 2401 fera,
2155 2334 2412 2390 cuiibicis
2428 2342 2513 2390 est
2533 2351 2756 2402 nomen,
2772 2335 3028 2390 accessit:
3051 2335 3179 2389 huic
3209 2334 3440 2406 propius

1841 2421 2070 2489 astanti,
2096 2423 2421 2480 fasciculum
2443 2423 2765 2492 herbarum,
2801 2441 2966 2496 quem
2997 2425 3292 2478 collectum
3320 2423 3440 2494 pri-

1840 2509 1932 2564 die
1960 2511 2238 2583 attingere
2263 2514 2499 2569 eremita
2519 2531 2632 2569 non
2654 2513 2914 2580 audebat,
2945 2513 3168 2584 objecit.
3190 2512 3299 2568 Sed
3321 2512 3440 2566 fera

1843 2615 1966 2670 quae
1995 2599 2277 2657 virulenta
2303 2609 2466 2658 erant
2495 2620 2591 2658 ore
2621 2603 3083 2674 discutiens,quae
3103 2601 3329 2656 innoxia
3343 2617 3439 2655 no-

1839 2692 1998 2742 verat
2035 2689 2296 2761 eligebat.
2339 2693 2426 2748 Ita
2470 2693 2556 2747 vir
2591 2697 2818 2748 sanctus
2857 2693 2980 2764 ejus
3022 2692 3276 2763 exemplo
3305 2690 3438 2761 quid

1842 2777 2028 2845 edere,
2066 2780 2201 2850 quid
2230 2798 2495 2854 respuere
2519 2781 2751 2837 deberet
2770 2781 3017 2848 edoctus,
3045 2785 3103 2835 et
3129 2781 3438 2853 periculum

1841 2865 2003 2922 famis
2024 2869 2219 2938 evasit,
2253 2875 2312 2926 et
2337 2871 2641 2926 herbarum
2673 2888 2889 2926 venena
2911 2871 3123 2927 vitavit.

2471 2961 2705 3016 CAPUT
2733 2961 2802 3015 X.

1837 3053 2271 3124 Fraterquidam
2287 3053 2698 3122 quinquaginta
2711 3052 2880 3104 annis
2893 3051 2956 3104 in
2970 3054 3150 3104 monte
3163 3051 3304 3106 Sina
3316 3066 3438 3105 con-

156 3143 418 3198 sitentur.
468 3141 555 3196 Ad
598 3141 900 3213 quemdam
932 3141 1105 3212 igitur
1141 3141 1247 3196 hoc
1290 3140 1404 3197 ritu
1429 3147 1599 3214 atque
1647 3143 1813 3207 haec
1896 3145 2141 3209 stitutus,
2176 3157 2288 3196 non
2310 3141 2535 3208 patitur
2553 3141 2801 3193 aliorum
2821 3140 3073 3207 fratrum
3094 3155 3351 3194 accessus.

154 3233 277 3303 lege
358 3231 650 3298 viventem,
718 3231 829 3286 duo
893 3248 958 3285 ex
1015 3230 1201 3287 Nitria
1261 3231 1558 3299 monachi,
1623 3232 1755 3288 licet

153 3322 320 3393 longe
349 3321 570 3376 diversa
591 3320 839 3390 regione,
863 3324 1053 3374 tamen
1079 3320 1211 3392 quia
1231 3319 1365 3376 olim
1387 3320 1526 3392 ipsis
1555 3320 1614 3376 in
1634 3339 1751 3378 mo-

154 3411 390 3466 nasterii
426 3409 845 3465 conversatione
891 3409 1094 3464 charus
1122 3415 1180 3464 et
1204 3409 1498 3465 familiaris
1531 3410 1745 3479 fuisset,

153 3501 364 3556 auditis
387 3501 512 3571 ejus
535 3499 836 3554 virtutibus
863 3499 1244 3554 tetenderunt.
1271 3499 1450 3564 Quem
1477 3499 1573 3555 diu
1603 3502 1750 3557 mul-

152 3597 388 3661 tumque
418 3589 734 3662 quaesitum,
773 3588 1003 3642 tandem
1032 3605 1224 3643 mense
1255 3589 1494 3660 septimo
1524 3606 1749 3661 repere-

151 3685 288 3735 runt
312 3679 373 3733 in
401 3683 652 3733 extremo
675 3678 771 3731 illo
801 3677 1022 3731 deserto
1047 3678 1195 3748 quod
1225 3682 1310 3732 est
1329 3679 1605 3750 Memphis
1622 3697 1752 3736 con-

147 3770 371 3840 tiguum
401 3768 810 3831 demorantem,
843 3783 981 3837 quas
1000 3767 1092 3820 ille
1123 3767 1453 3823 solitudines
1487 3769 1608 3840 jam
1648 3787 1749 3842 per

149 3871 330 3909 annos
342 3852 632 3908 duodecim
647 3851 937 3906 dicebatur
946 3851 1221 3906 habitare.
1235 3852 1341 3918 Qui
1351 3853 1482 3907 licet
1495 3855 1746 3910 omnium

150 3943 445 3999 hominum
463 3941 666 3996 vitaret
685 3958 998 4008 occursum,
1026 3946 1218 3996 tamen
1244 3942 1450 4012 agnitis
1477 3943 1744 3999 fratribus

150 4050 263 4088 non
291 4031 518 4102 refugit,
549 4046 720 4102 seque
747 4029 1088 4086 cha‘rissimis
1117 4047 1218 4101 per
1245 4031 1494 4086 triduum
1519 4049 1631 4087 non
1651 4050 1744 4087 ne-

147 4121 319 4195 gavit.
347 4121 557 4186 Quarto
584 4120 674 4174 die
686 4119 1096 4191 aliquantulum
1108 4136 1455 4191 progressus,
1472 4138 1601 4175 cum
1618 4140 1744 4194 pro-

144 4216 478 4283 sequcretur
502 4208 791 4276 abeuntes,
813 4209 1046 4262 leaenam
1068 4209 1222 4264 mirae
1245 4210 1648 4280 magnitudinis
1666 4213 1738 4268 ad

141 4318 203 4356 se
241 4299 430 4356 venire
450 4297 817 4374 conspiciunt.
858 4297 1064 4364 Bestia,
1097 4297 1229 4352 licet
1267 4299 1447 4354 tribus
1474 4302 1732 4372 repertis,

1908 3231 2018 3285 Sed
2045 3231 2276 3302 longum
2305 3232 2390 3284 est
2409 3228 2478 3281 de
2498 3225 2757 3282 omnibus
2791 3227 2886 3299 qui
2909 3243 3161 3281 eremum
3180 3227 3435 3282 incolunt

1833 3324 2119 3392 comperta
2145 3318 2304 3373 nobis
2333 3333 2649 3371 memorare
2682 3317 2880 3385 (Sever.
2906 3315 3089 3385 Sulp.,
3128 3317 3345 3385 dialogo
3381 3315 3428 3378 1.

1833 3426 1878 3463 c.
1909 3407 2245 3478 li).Annum
2264 3408 2547 3476 integrum
2577 3411 2633 3461 et
2652 3410 2867 3476 septem
2885 3403 2999 3458 fere
3030 3421 3256 3459 menses
3282 3405 3433 3460 intra

1834 3499 2197 3553 solitudinem
2227 3495 2566 3552 constitutus
2613 3495 2790 3566 exegi,
2829 3493 3032 3564 saepius
3065 3499 3260 3547 tamen
3299 3511 3428 3548 cum

1831 3587 1928 3642 illo
1958 3604 2090 3643 sene
2114 3587 2209 3658 qui
2232 3591 2462 3658 puteum
2490 3589 2546 3638 et
2575 3583 2769 3639 bovem
2798 3582 2997 3637 habuit
3014 3582 3282 3637 habitavi.
3304 3584 3427 3638 Duo

1829 3675 1979 3732 beati
2004 3676 2234 3731 Antonii
2264 3674 2607 3729 monasteria
2628 3673 2759 3740 adii,
2779 3690 2901 3744 quae
2917 3672 3195 3743 hodieque
3211 3671 3281 3726 ab
3303 3673 3426 3743 ejus

1829 3765 2119 3838 discipulis
2150 3766 2491 3820 incoluntur.
2524 3764 2610 3818 Ad
2641 3779 2768 3816 eum
2799 3761 2967 3815 etiam
3002 3762 3186 3815 locum
3215 3760 3274 3814 in
3313 3776 3423 3831 quo

1827 3855 2183 3910 beatissimus
2210 3855 2417 3910 Paulus
2457 3853 2673 3924 primus
2703 3851 2936 3906 eremita
2966 3855 3051 3904 est
3088 3850 3418 3916 diversatus,

1827 3945 2035 4000 accessi
2072 3946 2308 4016 :jugum
2349 3943 2486 3998 Sina
2521 3941 2729 3996 montis
2756 3940 2887 4007 vidi,
2933 3941 3092 4011 cujus
3129 3955 3416 4005 cacumen,

1825 4035 1964 4089 caelo
1977 4051 2120 4106 pene
2132 4034 2478 4104 contiguum,
2502 4047 2860 4103 nequaquam
2884 4029 3024 4083 adiri
3048 4033 3249 4100 potest.
3267 4029 3421 4083 Inter

1828 4124 1997 4196 hujus
2025 4125 2232 4179 montis
2256 4139 2507 4178 secessus
2533 4121 2873 4176 anachoreta
2901 4137 3022 4175 esse
3050 4119 3252 4190 aliquis
3273 4119 3418 4173 fere-

1824 4213 2007 4281 batur,
2038 4230 2206 4285 quem
2227 4213 2324 4267 diu
2353 4212 2708 4282 multumque
2739 4210 3036 4282 quaesitum
3078 4209 3266 4263 videre
3302 4225 3415 4263 non

1817 4304 1994 4374 potui.
2026 4303 2133 4368 Qui
2162 4302 2278 4357 fere
2301 4303 2421 4373 jam
2448 4306 2578 4355 ante
2611 4299 3023 4372 quinquaginta
3040 4315 3266 4353 annosa
3289 4315 3416 4351 con-

140 4407 255 4445 non
297 4390 512 4444 incerta
561 4395 730 4460 quem
785 4391 1034 4459 peteret,
1093 4387 1441 4444 anachoretae
1496 4391 1732 4461 pedibus
1814 4393 2127 4448 versatione
2149 4393 2397 4447 humana
2413 4395 2684 4456 remotus,
2705 4389 2923 4444 nullum
2943 4388 3110 4443 vestis
3129 4405 3292 4442 usum
3319 4387 3416 4442 ha-

137 4477 471 4544 advolvitur,
508 4493 572 4530 ac
595 4476 796 4530 deinde
823 4476 1228 4548 praecedentem
1244 4483 1574 4549 sequuntur.
1589 4481 1734 4535 Nam
1755 4469 1803 4528 D
1824 4481 2008 4548 bebat,
2034 4482 2132 4536 sed
2160 4481 2296 4536 setis
2317 4479 2564 4551 corporis
2583 4477 2671 4533 sui
2698 4483 2881 4533 tectus
2908 4483 3049 4534 erat.
3089 4476 3195 4531 Hic
3221 4476 3413 4546 itaque

137 4567 237 4622 illa
263 4566 502 4639 praeiens
522 4571 576 4620 et
592 4564 830 4620 subinde
846 4570 1081 4632 restans,
1112 4566 1171 4620 in
1192 4583 1286 4621 eos
1306 4566 1652 4636 intendebat,
1673 4576 1738 4624 ut

136 4657 305 4712 facile
334 4660 524 4728 posset
546 4655 784 4725 intelligi
804 4655 861 4710 id
881 4672 1007 4710 eam
1035 4656 1196 4722 velle,
1229 4661 1294 4711 ut
1321 4673 1430 4728 quo
1450 4657 1548 4712 illa
1565 4659 1736 4713 duce-

137 4744 255 4814 bat,
274 4745 617 4800 anachoreta
643 4749 993 4816 sequeretur.
1013 4744 1158 4809 Quid
1185 4745 1405 4799 multis?
1425 4747 1494 4800 ad
1515 4749 1738 4818 spelun-

137 4852 264 4891 cam
295 4834 488 4889 bestiae
508 4834 848 4905 pervenitur,
877 4832 973 4888 ubi
992 4834 1091 4888 illa
1105 4834 1326 4890 adultos
1350 4836 1470 4906 jam
1491 4836 1738 4908 quinque

136 4925 356 4980 catulos
383 4923 646 4978 malefeta
673 4922 975 4978 nutriebat.
1001 4923 1106 4988 Qui
1126 4929 1191 4977 ut
1213 4924 1414 4980 clausis
1430 4925 1737 4981 luminibus

138 5031 205 5070 ex
244 5014 368 5068 alvo
403 5013 601 5068 matris
645 5013 914 5078 exierant,
965 5013 1213 5068 czecitate
1258 5019 1530 5086 perpetua
1575 5021 1735 5071 tene-

139 5104 370 5159 bantur.
405 5103 554 5167 Quos
593 5101 842 5173 singulos
869 5102 938 5157 de
967 5119 1107 5175 rupe
1138 5103 1402 5174 prolatos,
1445 5109 1576 5160 ante
1605 5122 1737 5161 ana-

137 5193 385 5249 choreta;
402 5192 574 5264 pedes
592 5196 773 5246 mater
791 5192 1066 5263 exposuit.
1087 5193 1242 5248 Tunc
1261 5194 1488 5249 demum
1509 5203 1735 5251 sanctus

138 5282 385 5338 advertit
412 5281 546 5353 quid
575 5280 756 5336 bestia
781 5282 1119 5353 postularet;
1144 5282 1510 5355 invocatoque
1529 5285 1738 5341 Christi

141 5371 762 5439 nomine,contrectavit
774 5387 944 5426 manu
959 5371 1153 5426 clausa
1167 5372 1382 5427 lumina
1397 5373 1732 5443 catulorum;

141 5479 205 5517 ac
233 5461 429 5516 statim
457 5462 706 5517 caecitate
728 5461 981 5532 depulsa,
1004 5462 1215 5533 apertis
1236 5463 1408 5517 oculis
1429 5462 1737 5518 bestiarum

142 5551 239 5606 diu
278 5555 488 5624 negata
518 5551 611 5605 lux
648 5550 849 5622 patuit.
887 5552 975 5606 Ita
1012 5552 1214 5606 fratres
1241 5551 1338 5606 illo
1375 5554 1732 5619 anachoreta,

149 5657 310 5716 quem
340 5640 817 5712 desideraverant,
845 5640 1088 5714 visitata,
1122 5641 1406 5700 fructuosa
1424 5640 1630 5702 laboris
1646 5641 1735 5700 sui

1819 4571 2037 4644 quoties
2065 4587 2195 4626 eum
2219 4569 2466 4640 religiosi
2493 4568 2597 4622 viri
2623 4568 2779 4622 adire
2803 4567 3116 4632 voluerunt,
3135 4581 3302 4620 cursu
3317 4581 3411 4619 ra-

1818 4661 1948 4733 pid.)
1973 4660 2099 4715 avia
2118 4665 2333 4732 petens,
2365 4671 2659 4712 occursum
2684 4654 2940 4726 fugiebat
2955 4654 3411 4709 humanum.Uni

1817 4749 2209 4804 tantummodo
2229 4747 2515 4803 ferebatur
2539 4762 2599 4799 se
2628 4751 2760 4798 ante
2785 4742 3234 4815 quinquennium
3264 4759 3408 4815 pree-

1820 4837 2006 4893 buisse
2034 4838 2334 4892 videndum
2355 4835 2470 4907 qui,
2499 4833 2682 4899 credo,
2714 4833 2931 4904 potenti
2954 4833 3062 4888 ﬁde
3082 4832 3140 4887 id
3157 4831 3410 4887 obtinere

1817 4927 2146 5000 promeruit.
2162 4927 2264 4983 Cui
2285 4926 2434 4980 inter
2460 4923 2640 4978 multa
2657 4923 2934 4996 colloquia
2947 4923 3299 4994 percontanti
3314 4938 3414 4977 cur

1817 5016 2074 5072 homines
2101 5021 2395 5088 tantopere
2422 5015 2659 5084 fugeret,
2681 5013 3036 5085 respondisse
3057 5013 3137 5067 illi
3155 5011 3411 5084 perhibe-

1816 5110 1937 5161 tur:
1973 5106 2079 5170 Qui
2103 5105 2173 5160 ab
2201 5103 2521 5160 hominibus
2549 5103 2960 5174 frequentatur,
2989 5119 3101 5158 non
3129 5107 3314 5172 potest
3339 5101 3410 5154 ab

1817 5197 2034 5266 angelis
2061 5194 2459 5250 visitari.Unde
2481 5209 2592 5248 non
2613 5193 2896 5247 immerito
2909 5196 3133 5262 recepta
3147 5190 3411 5261 opinione

1819 5287 2147 5353 multorum,
2165 5286 2316 5356 fama
2333 5284 2676 5353 vulgaverat,
2693 5286 2947 5336 sanctum
2973 5280 3128 5335 illum
3151 5279 3222 5333 ab
3245 5296 3411 5351 ange-

1817 5375 1888 5430 lis
1917 5376 2150 5432 visitari.
2403 5447 2405 5450 .

1893 5465 2006 5535 Ego
2039 5471 2228 5520 autem
2253 5484 2287 5521 a
2317 5465 2454 5521 Sina
2471 5468 2660 5518 monte
2683 5463 2969 5533 digressus
2991 5463 3196 5528 (Ibid),
3230 5460 3301 5514 ad
3315 5460 3411 5514 Ni-

1818 5554 1933 5608 lum
1959 5555 2172 5610 ilumen
2201 5572 2490 5627 regressus
2519 5569 2663 5618 sum,
2692 5554 2848 5623 cujus
2861 5552 3010 5624 ripas
3027 5549 3411 5621 frequentibus

1817 5645 2175 5703 monasteriis
2221 5650 2529 5711 consertas,
2582 5649 2822 5718 utraque
2862 5660 2927 5698 ex
2975 5646 3133 5715 parte
3173 5641 3411 5698 lustravi
