3876 6392
438 299 547 363 823

1569 301 1666 358 DE
1688 300 1878 360 VITIS
1913 296 2211 363 PATRUM
2248 296 2463 353 LIBER
2498 297 2593 355 IV.

3607 298 3712 360 824

440 433 499 487 et
507 429 840 503 plerumque
852 430 982 497 vidi,
998 435 1064 486 ut
1076 429 1290 485 dudum
1305 428 1578 497 dixeram,
1595 445 1709 485 uno
1722 428 1781 484 in
1800 429 1918 484 loco
1928 428 2030 483 ha-
2048 427 2101 487 Α
2121 422 2306 496 operis
2325 439 2452 495 spes
2463 439 2585 479 esse
2616 440 2728 479 non
2757 426 2999 496 poterat,
3020 427 3212 478 tamen
3238 422 3572 480 obedientiae
3598 423 3711 479 vir-

442 518 625 575 bitare
644 523 929 587 centenos,
946 519 1045 575 sed
1072 524 1131 574 et
1157 518 1292 573 bina
1308 523 1368 573 et
1384 522 1548 573 terna
1562 518 1742 573 millia
1761 519 1822 573 in
1836 517 2035 573 iisdem

442 607 639 663 viculis
667 624 835 679 agere
851 608 1160 664 constabat.
1184 608 1302 663 Nec
1324 624 1459 663 sane
1482 606 1562 662 ibi
1583 606 1857 662 minorem
1877 613 2037 678 pute-

436 696 510 751 tis
536 696 944 752 diversantium
977 697 1037 752 in
1071 696 1433 751 multitudine
1470 696 1873 751 monachorum
1914 710 2035 750 esse

436 785 723 853 virtutem,
774 802 946 858 quam
992 802 1187 841 eorum
1216 802 1337 840 esse
1363 784 1717 856 cognovistis,
1750 784 1849 856 qui
1874 800 1934 838 se
1964 783 2034 837 ab

437 874 700 930 humanis
728 874 962 931 cmtibus
988 879 1364 930 removerunt.
1382 873 1689 945 Praecipua,
1720 878 1785 928 ut
1807 874 1924 943 jam
1954 873 2035 927 di-

436 963 511 1031 xi,
545 968 604 1019 et
635 964 821 1036 prima
846 963 924 1019 ibi
953 965 1149 1030 virtus,
1178 962 1518 1018 obedientia.
1551 964 1748 1034 Neque
1777 962 1929 1017 enim
1956 961 2034 1016 ibi

438 1052 605 1107 aliter
629 1052 756 1124 quis
782 1053 1105 1120 adveniens,
1145 1069 1181 1108 a
1208 1052 1534 1108 monasterii
1565 1050 1767 1107 abbate
1795 1051 2033 1122 suscipi-

439 1132 554 1210 tur,
580 1158 750 1214 quam
777 1142 876 1214 qui
905 1147 1159 1199 tentatus
1195 1142 1366 1199 fuerit
1406 1147 1463 1197 et
1494 1141 1783 1213 probatus,
1815 1141 2032 1196 nullum

433 1246 686 1302 unquam
712 1236 1093 1298 recusaturus,
1126 1231 1259 1287 licet
1293 1231 1533 1288 arduum
1570 1236 1628 1287 et
1665 1229 1910 1298 difﬁcile,
1942 1230 2031 1285 in-

437 1319 787 1393 dignumque
806 1319 1025 1377 abbatis
1050 1321 1372 1394 imperium.

1061 1428 1296 1485 CAPUT
1324 1429 1422 1484 XI.

612 1535 936 1590 Obedientias
972 1536 1317 1590 incredibilis
1336 1551 1542 1604 magna
1565 1540 1863 1593 miracula.

514 1639 773 1696 Referam
798 1640 953 1696 vobis
972 1641 1083 1697 duo
1094 1641 1435 1697 incredibilis
1458 1642 1789 1699 obedientiae
1831 1660 2038 1715 magna

2113 518 2206 567 tus
2232 512 2293 567 in
2321 512 2511 567 labore
2539 512 2797 569 durabat.
2824 513 3074 584 Sequens
3097 529 3318 584 quoque
3338 528 3542 579 annus,
3569 529 3711 568 vano

2113 601 2305 657 labore
2321 606 2545 657 tantum
2566 603 2824 657 eﬂ‘ectum
2844 602 3036 656 fratris
3058 602 3253 656 eludit.
3276 602 3465 658 Tertio
3482 602 3713 658 demum

2116 706 2283 758 anno,
2316 691 2735 762 succedentium
2780 697 3100 762 temporum
3139 690 3364 746 labente
3410 691 3708 758 curriculo,

2116 796 2243 835 cum
2272 797 2453 851 neque
2483 786 2644 836 nocte
2672 796 2855 852 neque
2883 781 2973 834 die
3002 780 3267 851 aquarius
3309 780 3404 835 ille
3443 786 3708 847 cessaret,

2114 870 2273 941 virga
2313 868 2520 923 ﬂoruit.
2575 871 2688 940 Ego
2725 869 2845 941 ipse
2883 885 2947 924 ex
2990 869 3089 923 illa
3115 869 3333 940 virgula
3355 869 3711 925 arbusculam

2115 958 2246 1026 vidi,
2265 975 2387 1030 quae
2407 958 2686 1030 hodieque
2706 959 2858 1014 intra
2876 957 3085 1013 atrium
3096 959 3418 1013 monasterii
3441 960 3617 1014 ramis
3636 960 3712 1014 vi-

2114 1047 2367 1102 rentibus
2380 1048 2541 1119 quasi
2553 1048 3011 1103 intestimonium
3023 1052 3560 1120 manens,quantum
3575 1047 3709 1103 obe-

2113 1136 2327 1192 dientia
2350 1137 2576 1205 meruit,
2605 1143 2662 1192 et
2689 1141 2963 1210 quantum
2986 1137 3125 1192 ﬁdes
3152 1141 3358 1210 posset,
3390 1138 3656 1194 ostendit.

2700 1246 2934 1302 CAPUT
2962 1246 3114 1302 XIII.

2116 1354 2397 1407 ﬂamonia
2425 1355 2647 1422 eiiciens
2675 1355 3143 1407 etiamadamone
3161 1355 3488 1423 possidetur,
3503 1356 3612 1423 ﬁne
3630 1359 3711 1409 ta-

2545 1457 2673 1495 men
2698 1443 2917 1496 salubri
2940 1443 3279 1496 restituitur.

2190 1550 2427 1615 Quidam
2444 1565 2510 1605 ex
2524 1548 2730 1604 sanctis
2749 1548 3013 1604 Patribus
3032 1549 3407 1620 fugandorum
3427 1549 3497 1605 de
3517 1566 3710 1622 corpo-

2118 1639 2272 1694 ribus
2315 1638 2557 1693 obsessis
2596 1640 2915 1693 daemonuin
2957 1638 3269 1693 incredibili
3305 1639 3570 1711 praeditus
3607 1656 3708 1712 po-

442 1728 714 1786 miracula
743 1730 937 1800 (Sever.
961 1731 1140 1801 Sulp.,
1170 1732 1387 1800 dialogo
1412 1731 1461 1799 l,
1493 1749 1538 1786 c.
1560 1732 1667 1803 12).
1702 1733 1883 1804 Igitur
1907 1751 2033 1788 cum

2122 1732 2339 1791 testate,
2373 1729 2553 1783 multa
2581 1727 2743 1798 signa
2778 1726 3016 1782 faciebat
3047 1726 3182 1795 (Ser.
3217 1729 3395 1797 Sulp.,
3423 1730 3626 1797 dialog.
3658 1729 3707 1794 1,

442 1781 1871 1804 w—n-w—wwmum-Tq-07"-
1909 1781 2033 1788 --η-
2597 1781 2664 1798 νυ
2732 1781 2737 1782 7
2870 1781 2908 1782 77
3053 1781 3088 1795 .7
3147 1781 3152 1782 7
3225 1781 3242 1784 ἡ
3303 1781 3332 1797 7.
3384 1781 3395 1795 ,
3470 1781 3474 1782 7
3525 1781 3598 1797 77.,
3667 1781 3706 1794 7.

442 1818 672 1892 quidam
695 1818 869 1874 frater
887 1781 2235 1887 smculiactibusabdicatis,monasteriuchap.
2269 1817 2379 1888 14).
2411 1818 2537 1872 Non
2585 1817 2767 1871 solum
2810 1817 2961 1871 enim
3004 1833 3267 1889 praesens,
3312 1833 3493 1888 neque
3538 1816 3709 1871 verbo

440 1924 659 1980 magna:
689 1907 1070 1980 dispositionis
1095 1908 1402 1979 ingressus,
1425 1910 1631 1983 suscipi
1644 1927 1702 1965 se
1724 1917 1950 1983 rogaret
1978 1912 2036 1966 in
2118 1911 2358 1973 tantum,
2389 1906 2487 1961 sed
2515 1911 2574 1961 et
2597 1905 2798 1961 absens
2828 1922 3068 1978 quoque,
3099 1906 3403 1973 interdum,
3437 1905 3604 1961 cilicii
3624 1905 3710 1960 sui

439 1997 954 2069 congregationem,
983 1996 1154 2053 abbas
1180 2000 1348 2070 coepit
1376 1999 1428 2053 ei
1461 2000 1640 2054 multa
1668 2016 1985 2072 proponere
2020 2019 2031 2054 :
2119 1995 2356 2050 ﬁmbriis
2378 2000 2477 2050 aut
2497 1996 2747 2067 epistolis
2763 1995 2950 2050 missis
2966 1994 3191 2050 obsessa
3205 2011 3438 2067 corpora
3456 1995 3707 2050 curabat.

438 2102 637 2160 graves
664 2102 787 2141 esse
814 2086 966 2142 illius
995 2086 1303 2159 disciplina:
1332 2086 1571 2156 labores,
1603 2106 1706 2144 sua
1734 2106 1865 2144 vero
1895 2090 2037 2145 dura
2120 2085 2222 2140 Hic
2242 2101 2375 2156 ergo
2402 2085 2611 2140 mirum
2626 2085 2685 2139 in
2697 2085 2926 2140 modum
2940 2083 3448 2156 frequentabatura
3466 2085 3706 2157 populis,

441 2174 700 2249 imperia,
729 2190 856 2248 quae
875 2175 1089 2231 nullius
1106 2176 1268 2231 facile
1288 2183 1479 2249 posset
1495 2178 1730 2250 implere
1742 2179 2033 2250 patientia;
2120 2191 2191 2229 ex
2217 2173 2411 2229 multis
2433 2173 2569 2228 locis
2589 2174 2659 2228 ad
2686 2190 2816 2229 eum
2836 2173 3185 2229 venientibus
3210 2193 3220 2227 :
3255 2179 3414 2229 taceo
3435 2175 3504 2229 de
3537 2174 3714 2228 mino-

442 2263 595 2320 aliud
617 2265 807 2336 potius
818 2264 1242 2333 monasterium,
1260 2264 1356 2321 ubi
1366 2266 1709 2322 facilioribus
1737 2268 1953 2338 legibus
1965 2268 2040 2321 vi-

442 2358 686 2421 veretur,
712 2358 1016 2426 expeteret,
1041 2360 1099 2409 et
1114 2372 1227 2409 non
1250 2360 1492 2411 tentaret
1505 2357 1735 2428 aggredi
1756 2358 1905 2428 quod
1925 2373 2038 2411 non

443 2446 634 2516 posset
659 2442 986 2515 adimplere.
1011 2444 1111 2499 Ille
1137 2460 1268 2499 vero
1287 2445 1376 2500 his
1395 2446 1706 2501 terroribus
1746 2447 1886 2501 nihil
1915 2463 2040 2517 per-

442 2532 677 2599 moveri,
706 2533 804 2587 sed
829 2534 1009 2604 magis
1028 2550 1251 2588 omnem
1281 2533 1659 2589 obedientiam
1689 2536 1769 2590 ita
1791 2535 2038 2607 polliceri

444 2620 633 2693 ccepit,
664 2626 731 2676 ut
752 2622 800 2677 si
819 2638 949 2677 eum
966 2621 1142 2677 abbas
1162 2623 1221 2677 in
1246 2623 1433 2693 ignem
1458 2624 1539 2679 ire
1563 2625 1909 2695 praeciperet,
1925 2641 2038 2679 non

444 2715 735 2767 recusaret
759 2709 993 2770 intrare.
1025 2711 1205 2777 Quam
1228 2712 1378 2767 illius
1397 2714 1797 2783 professionem
1821 2711 1915 2767 ubi
1946 2712 2039 2767 ab-

445 2798 547 2855 bas
582 2799 815 2871 accepit,
855 2816 970 2855 non
1011 2805 1305 2855 cunctatus
1342 2801 1599 2873 probare,
1628 2800 1790 2873 jubet
1827 2818 1955 2856 eum
1983 2803 2043 2856 in

448 2888 753 2956 clibanum,
769 2888 866 2960 qui
886 2889 1189 2961 coquendis
1209 2889 1447 2961 panibus
1470 2889 1793 2961 parabatur,
1809 2891 2041 2946 intrare.

448 2979 525 3033 At
552 2977 648 3032 ille
675 2993 788 3033 non
814 2977 1033 3034 distulit
1052 2995 1250 3051 parere
1270 2987 1565 3051 praecepto,
1592 2981 1690 3035 sed
1709 2980 1901 3035 statim
1932 2996 2045 3036 me-

2120 2261 2306 2331 ribus;
2339 2261 2605 2334 praefecti,
2641 2265 2892 2330 comites,
2927 2268 3096 2335 atque
3121 2263 3470 2318 diversarum
3496 2263 3714 2335 judices

2120 2356 2484 2424 potestatum,
2517 2369 2632 2425 prae
2666 2352 2880 2408 foribus
2909 2353 3062 2408 illius
3090 2370 3236 2425 saepe
3260 2354 3579 2425 jacuerunt.
3612 2352 3715 2407 Hic

2120 2442 2271 2496 enim
2299 2442 2453 2497 omni
2482 2448 2617 2514 potu
2644 2442 2705 2497 in
2724 2447 3059 2515 perpetuum
3088 2443 3313 2514 penitus
3340 2441 3714 2511 abstinuit,ac

2119 2530 2351 2602 profcibo
2364 2536 2579 2603 septem
2594 2537 2819 2587 tantum
2837 2532 3034 2590 caricis
3048 2531 3713 2588 sustentabatur.lnterea

2119 2625 2310 2674 sancto
2334 2620 2470 2688 viro,
2496 2624 2563 2675 ut
2590 2637 2655 2676 ex
2692 2622 2899 2676 virtute
2928 2621 3126 2688 honor,
3159 2621 3241 2676 ita
3268 2637 3335 2676 ex
3371 2621 3584 2676 honore
3615 2637 3713 2675 va-

2118 2708 2267 2763 nitas
2285 2709 2452 2780 cmpit
2473 2708 2792 2781 subrepere.
2821 2710 2981 2775 Quod
3001 2710 3214 2766 malum
3233 2709 3331 2765 ubi
3350 2710 3445 2765 ille
3465 2710 3712 2782 primum

2125 2797 2311 2869 potuit
2337 2797 2397 2852 in
2426 2815 2485 2853 se
2513 2799 2721 2853 sentire
2740 2798 3004 2870 grassari,
3031 2799 3128 2854 diu
3154 2800 3506 2871 multumque
3527 2800 3715 2854 discu-

2125 2892 2506 2943 tere'conatus
2547 2894 2652 2956 est,
2690 2889 2789 2943 sed
2820 2889 3091 2960 repellere
3118 2890 3343 2961 penitus
3368 2906 3483 2944 non
3510 2890 3713 2961 potuit.

2126 2975 2343 3048 Ubique
2368 2993 2575 3032 nomen
2600 2979 2723 3048 ejus
2743 2978 3025 3034 daemones
3048 2978 3387 3034 fatebantur.
3408 2977 3718 3034 Excludere

448 3066 572 3123 dias
595 3066 853 3122 ﬂammas
863 3066 1002 3121 nihil
1023 3067 1616 3138 cunctatusingressus
1636 3074 1738 3123 est.
1765 3069 1898 3133 Quae
1918 3086 2045 3124 mox
2064 3104 2110 3167 Ο
2127 3083 2161 3121 a
2180 3083 2239 3121 se
2264 3067 2640 3122 conﬂuentem
2665 3067 2935 3139 populum
2964 3083 3076 3123 non
3104 3067 3323 3123 valebat
3346 3086 3357 3122 :
3388 3068 3542 3123 virus
3568 3069 3717 3123 inte-

448 3160 570 3211 tam
599 3155 798 3211 audaci
817 3156 927 3210 ﬂde
954 3156 1127 3223 victae,
1162 3157 1314 3212 velut
1340 3157 1452 3212 illis
1481 3159 1763 3229 quondam
1791 3158 2043 3214 Hebrieis

449 3245 658 3319 pueris,
691 3251 999 3313 cesserunt,
1033 3252 1091 3301 et
1116 3246 1408 3301 confestim
1433 3246 1579 3318 fugit
1606 3247 1949 3302 incendium.
1977 3248 2046 3302 Et

447 3336 570 3409 ipse
606 3334 704 3408 qui
748 3335 1034 3407 ingressus
1063 3340 1166 3403 est,
1200 3341 1257 3391 et
1286 3335 1589 3408 putabatur
1613 3353 1863 3405 arsurus,
1893 3337 2047 3392 velut

446 3424 650 3497 frigido
678 3440 805 3480 rore
830 3424 1118 3497 perfusum
1146 3442 1205 3481 se
1228 3442 1349 3481 esse
1364 3425 1603 3482 miratus
1631 3432 1739 3481 est.
1773 3426 1882 3482 Sed
1913 3426 2047 3498 quid

448 3513 738 3581 mirum,si
751 3519 935 3581 tuum,
960 3515 1201 3583 Christe,
1224 3515 1465 3570 tironem
1493 3516 1640 3586 ignis
1665 3516 1760 3571 ille
1778 3532 1891 3571 non
1914 3516 2046 3571 teti-

447 3602 552 3676 git,
598 3607 664 3657 ut
711 3618 813 3657 nec
859 3601 1120 3658 abbatem
1150 3603 1368 3676 pigeret
1411 3604 1554 3659 dura
1588 3605 1903 3673 mandasse,
1945 3621 2047 3660 nec

451 3690 788 3764 discipulum
828 3692 1127 3765 paeniteret
1164 3692 1540 3749 obedientiam
1582 3695 1850 3766 explesse.
1904 3694 2048 3750 Hinc

453 3798 589 3854 ergo
605 3780 1034 3853 intelligendum
1064 3787 1150 3838 est
1168 3788 1443 3855 quantum
1457 3783 1777 3841 obedientia
1795 3783 2047 3843 obtinere

451 3871 603 3945 apud
633 3871 812 3927 Deum
834 3873 1319 3941 mereamur,dum
1340 3872 1433 3927 ille
1455 3873 1551 3945 qui
1582 3890 1648 3928 eo
1668 3890 1779 3946 quo
1804 3874 2047 3929 advene-

450 3961 544 4018 rat
565 3960 656 4016 die
685 3961 1225 4031 tentaturinfirmus,
1244 3979 1345 4035 per
1373 3962 1687 4034 agilitatem
1719 3962 2047 4018 obedientiaa

446 4050 728 4125 perfectus
738 4050 997 4106 inventus
1007 4056 1111 4106 est.
1134 4052 1334 4107 Merito
1356 4051 1718 4120 felix,merito
1744 4052 2043 4124 gloriosus,

451 4139 723 4216 probatus
750 4140 1089 4204 obedientia,
1115 4142 1461 4213 gloriﬁcatus
1488 4148 1570 4198 est
1600 4143 1881 4215 passione.

1059 4248 1294 4306 CAPUT
1316 4251 1440 4307 XII.

861 4357 1036 4414 Aliud
1058 4359 1402 4414 miraculum
1422 4359 1753 4420 obedientiax.

2122 3156 2233 3211 rim
2259 3155 2440 3211 latens
2467 3156 2727 3229 serpebat
2743 3157 2801 3212 in
2820 3162 3064 3229 pectore,
3086 3162 3143 3213 et
3161 3158 3320 3230 cujus
3338 3163 3481 3213 nutu
3500 3174 3565 3213 ex
3587 3159 3719 3213 alio-

2124 3261 2252 3301 rum
2280 3245 2606 3318 corporibus
2634 3247 2915 3302 daemones
2950 3246 3307 3319 fugabantur,
3342 3248 3589 3321 seipsum
3632 3264 3717 3302 oc-

2126 3335 2292 3390 cultis
2319 3336 2754 3407 cogitationibus
2782 3337 3046 3392 vanitatis
3070 3354 3311 3410 purgare
3339 3354 3452 3393 non
3474 3343 3714 3409 poterat.

2127 3425 2281 3480 Totis
2301 3424 2475 3496 igitur
2492 3426 2749 3498 precibus
2768 3443 3066 3482 conversus
3086 3427 3157 3482 ad
3175 3427 3496 3494 Dominum,
3519 3427 3715 3493 oravit,

2130 3519 2210 3583 ut,
2232 3515 2509 3586 permissa
2531 3514 2589 3570 in
2611 3531 2671 3570 se
2691 3515 2897 3571 diaboli
2930 3520 3226 3587 potestate,
3256 3516 3454 3571 similis
3483 3516 3594 3571 illis
3624 3518 3719 3571 ﬁe-

2128 3609 2217 3659 ret
2243 3620 2383 3676 quos
2395 3604 2512 3676 ipse
2523 3611 2832 3661 curaverat.
2852 3606 2996 3671 Quid
3011 3605 3236 3661 multis?
3257 3606 3350 3661 ille
3377 3612 3714 3677 praepotens,

2126 3693 2222 3748 ille
2241 3694 2416 3764 signis
2439 3700 2609 3766 atque
2628 3694 2928 3751 virtutibus
2947 3700 3065 3750 toto
3088 3695 3316 3751 Oriente
3330 3696 3607 3766 vulgatus,
3624 3696 3717 3751 ille

2128 3783 2200 3838 ad
2230 3784 2390 3854 cujus
2418 3783 2613 3839 limina
2637 3785 2829 3857 populi
2853 3790 2983 3839 ante
3008 3785 3408 3851 conﬂuxerant,
3429 3792 3719 3857 correptus

2130 3889 2165 3927 a
2194 3873 2445 3928 daemone
2480 3878 2593 3941 est;
2640 3891 2705 3929 ac
2740 3879 2993 3930 retentus
3021 3874 3082 3929 in
3112 3874 3368 3943 vinculis,
3402 3874 3593 3929 omnia
3621 3876 3719 3929 illa

2131 3978 2254 4034 quae
2283 3979 2661 4034 energumeno
2691 3965 2873 4019 solent
2890 3964 3013 4019 ﬁeri
3033 3981 3349 4037 perpessus,
3392 3963 3586 4035 quinto
3618 3964 3717 4019 de-

2129 4068 2286 4106 mum
2314 4069 2508 4107 mense
2535 4058 2807 4125 purgatus
2838 4060 2925 4109 est
2947 4070 3060 4109 non
3082 4058 3306 4109 tantum
3329 4054 3597 4118 daemone,
3621 4055 3718 4109 sed

2129 4141 2277 4215 quod
2306 4142 2390 4198 illi
2415 4148 2538 4198 erat
2565 4143 2759 4198 utilius
2778 4149 2948 4216 atque
2969 4144 3235 4216 optatius,
3257 4143 3429 4199 etiam
3448 4143 3713 4199 vanitate.

2723 4250 2957 4306 CAPUT
2976 4250 3121 4305 XIV.

2156 4339 2404 4394 Eremila
2432 4340 2506 4395 ad
2522 4342 2783 4395 saculum
2810 4341 3025 4395 rediens
3046 4341 3310 4411 quomodo
3332 4342 3570 4410 punitus
3594 4347 3689 4396 est.

521 4446 764 4514 Quidam
777 4446 1231 4504 itidemfraterin
1242 4448 1437 4505 eodem
1450 4452 1791 4507 monasterio
1803 4452 1875 4508 ad
1889 4467 2109 4530 eum-D
2196 4446 2534 4503 Adolescens
2564 4447 2793 4519 quidam
2820 4447 3091 4520 praedives
3119 4447 3317 4520 opibus
3348 4448 3484 4515 (δθυσ
3529 4448 3711 4519 δυιΡο,

447 4536 578 4594 dem
605 4536 868 4594 abbatem
894 4536 1247 4611 recipiendus
1282 4544 1472 4606 542
1509 4540 1813 4597 advenerat
1837 4544 2038 4612 (Sever.

446 4628 628 4699 Sulp.,
661 4629 867 4697 dialog.
896 4626 1128 4700 4,0.13).
1159 4628 1302 4683 Cum
1331 4629 1514 4700 prima
1533 4630 1586 4685 ei
1604 4630 1697 4687 lex
1710 4631 2040 4690 obedientiae

446 4716 876 4785 proponeretur,
899 4728 964 4768 ac
978 4717 1268 4786 perpetem
1287 4713 1648 4785 polliceretur
1660 4717 1732 4771 ad
1752 4718 1944 4773 omnia
1954 4720 2040 4774 vel

446 4806 703 4857 extrema
724 4802 1074 4873 patientiam,
1100 4819 1234 4859 casu
1256 4802 1430 4859 abbas
1459 4806 1799 4861 storacinam
1826 4807 2040 4880 virgam

446 4889 665 4946 aridam
697 4906 870 4945 manu
907 4889 1175 4961 gerebat:
1208 4891 1355 4947 hanc
1381 4893 1504 4948 ﬁxit
1528 4893 1586 4948 in
1611 4898 1845 4963 terram,
1870 4901 2040 4969 atque

444 4977 528 5035 illi
555 4978 781 5035 advena:
816 4978 874 5034 id
909 4979 1093 5052 cperis
1120 4979 1384 5052 injunxit,
1427 4987 1493 5038 ut
1529 4988 1648 5039 tam
1677 4984 1774 5040 diu
1809 4985 2038 5058 virgula:

442 5083 652 5142 aquam
672 5068 949 5140 irriguam
966 5068 1333 5140 ministraret,
1348 5072 1525 5129 donec
1543 5074 1709 5145 (quod
1725 5080 1918 5131 contra
1934 5093 2036 5132 na-

440 5163 631 5215 turam
663 5159 804 5226 erat)
834 5157 993 5231 virga
1019 5159 1179 5216 arida
1206 5160 1267 5215 in
1295 5161 1413 5216 solo
1444 5167 1639 5217 arente
1666 5163 1963 5221 viresceret
1992 5167 2033 5222 ¹.

438 5247 738 5321 Subjectus
764 5248 860 5304 ille
887 5248 1062 5304 frater
1080 5250 1235 5305 durae
1254 5250 1394 5321 legis
1415 5250 1668 5324 imperio,
1695 5270 1899 5326 aquam
1914 5272 2036 5327 pro-

436 5338 576 5410 priis
603 5338 856 5395 humeris
891 5338 1141 5412 quotidie
1165 5340 1526 5409 eonvehebat,
1556 5328 1678 5415 quae
1708 5360 1742 5399 a
1770 5344 1896 5400 Nilo
1926 5346 2033 5401 ﬂu-

437 5427 591 5484 mine
617 5444 719 5500 per
746 5428 858 5484 duo
876 5428 992 5484 fere
1016 5429 1195 5484 millia
1216 5429 1530 5502 petebatur.
1549 5432 1787 5506 Jamque
1806 5451 2033 5491 emenso

440 5518 574 5574 anni
594 5518 795 5591 spatio,
817 5518 978 5575 labor
1001 5536 1117 5576 non
1141 5519 1395 5577 cessabat
1422 5523 1729 5594 operantis,
1752 5524 1822 5578 de
1850 5523 2034 5581 fructu

508 5634 527 5669 ¹
561 5632 755 5693 Simile
783 5635 934 5709 apud
962 5636 1175 5710 Pelag.,
1201 5636 1371 5694 libell.
1400 5652 1475 5709 ιν,
1506 5654 1663 5697 num.
1697 5637 1756 5700 3.

2122 4536 2326 4605 dialog.
2359 4537 2412 4604 1,
2444 4553 2561 4607 cap.
2593 4537 2916 4607 15),genere
2946 4537 3147 4605 clarus,
3169 4536 3382 4592 habens
3394 4553 3629 4592 uxorem
3660 4543 3719 4593 et

2122 4624 2300 4680 lilium
2329 4626 2645 4697 parvulum,
2676 4644 2805 4682 cum
2828 4627 2888 4683 in
2917 4627 3158 4701 Egypto
3186 4626 3447 4683 tribunus
3476 4633 3627 4683 esset
3661 4634 3719 4684 et

2119 4715 2506 4788 frequentibus
2538 4716 2835 4772 adversum
2878 4717 3136 4773 Blembos
3186 4716 3385 4790 [Forte,
3427 4716 3713 4791 Blemyes]

2121 4804 2570 4877 expeditionibus
2580 4806 2837 4878 quaedam
2847 4807 3022 4862 eremi
3033 4807 3377 4877 contigisset,
3391 4812 3717 4862 sanctorum

2120 4895 2292 4950 etiam
2307 4894 2673 4950 tabernacula
2686 4897 2974 4968 complura
2994 4896 3238 4963 vidisset,
3267 4913 3302 4950 a
3320 4895 3483 4951 beato
3500 4897 3716 4953 Joanne

2120 4986 2355 5039 eremita
2383 4984 2610 5040 verbum
2642 4985 2838 5041 salutis
2867 4986 3097 5057 accepit.
3130 4987 3246 5041 Nec
3270 4991 3522 5041 moratus
3538 4986 3714 5042 inuti-

2117 5074 2231 5128 lem
2258 5075 2521 5130 militiam
2550 5092 2679 5130 cum
2703 5092 2846 5131 vano
2866 5076 3077 5131 honore
3093 5076 3186 5130 illo
3202 5080 3580 5143 contemnere,
3596 5092 3715 5131 ere-

2118 5180 2273 5218 mum
2300 5168 2623 5220 constanter
2641 5165 2946 5237 ingressus,
2976 5164 3130 5220 brevi
3170 5171 3423 5236 tempore
3459 5165 3519 5220 in
3556 5166 3711 5221 omni

2114 5270 2321 5325 genere
2334 5254 2603 5310 virtutum
2617 5255 2895 5326 perfectus
2911 5254 3141 5309 emicuit
3159 5253 3200 5309 ².
3232 5254 3440 5309 Potens
3454 5254 3709 5325 jejuniis,

2116 5344 2436 5399 humilitate
2464 5345 2816 5416 conspicuus,
2839 5344 2948 5399 ﬁde
2968 5346 3185 5409 ﬁrmus,
3205 5344 3366 5399 facile
3385 5360 3445 5398 se
3458 5344 3712 5416 antiquis

2115 5434 2403 5488 monachis
2416 5434 2603 5488 studio
2614 5434 2836 5489 virtutis
2850 5434 3332 5506 aequaveratCum
3343 5433 3571 5489 interim
3585 5432 3715 5488 sub-

2114 5523 2185 5578 iit
2214 5539 2344 5578 eum
2370 5523 2635 5595 cogitatio
2656 5523 2863 5594 injecta
2882 5540 2983 5596 per
3007 5522 3311 5593 diabolum,
3335 5524 3485 5596 quod
3502 5523 3712 5580 rectius

2186 5638 2210 5674 ²
2233 5640 2315 5697 De
2344 5656 2409 5697 eo
2438 5639 2712 5709 Ruﬂinus,
2746 5639 2839 5697 lib.
2873 5654 2936 5710 η,
2969 5656 3019 5697 c.
3054 5640 3103 5696 l.
