3876 6390
195 312 307 371 825

969 318 1348 376 EXCERPTA
1386 321 1482 377 EX
1520 321 1799 380 SEVERO
1826 307 2170 383 .SULPICIO
2208 325 2297 381 ET
2330 324 2705 382 CASSIANO.

3367 326 3475 384 826

191 442 341 493 esset
359 442 426 493 ut
445 438 654 495 rediret
673 439 745 495 ad
769 440 1329 516 patriam,ﬁliumque
1354 444 1583 501 unicum
1612 462 1677 501 ac
1697 446 1856 509 do-A
1874 447 2028 504 Nave
2052 465 2064 502 :
2095 448 2257 503 Solve
2283 447 2582 520 corrigiam
2611 451 2976 508 calceamenti
2994 452 3100 517 tui,
3132 452 3288 508 locus
3317 453 3470 510 enim

187 543 345 582 mum
374 532 554 583 totam
573 545 702 583 cum
732 546 903 585 uxore
924 532 1198 587 salvaret:
1228 535 1377 606 quod
1395 534 1593 606 utique
1618 539 1676 589 et
1704 551 1792 590 ac-

184 617 403 688 ceptius
424 618 541 672 Deo
569 618 730 680 foret.
748 636 916 691 quam
941 620 988 675 si
1011 622 1193 676 solum
1215 639 1276 677 se
1305 624 1504 679 saeculo
1527 625 1785 695 eriperet,

185 711 243 761 et
270 706 511 761 salutem
534 723 765 762 suorum
785 710 1113 780 negligeret.
1133 712 1456 767 Istiusmodi
1487 730 1619 784 ergo
1637 714 1789 769 falsa;

178 795 417 866 justitiae
446 795 629 850 colore
650 803 965 867 superatus,
989 805 1114 870 post
1130 801 1559 871 quadriennium
1587 802 1788 857 cellam

184 901 345 938 suam
368 890 539 955 atque
554 886 903 956 propositum
928 889 1166 943 eremita
1186 889 1452 945 deseruit.
1481 891 1590 945 Sed
1616 891 1710 946 ubi
1727 892 1799 946 ad

183 972 502 1045 proximum
526 976 951 1042 monasterium,
976 978 1125 1049 quod
1150 995 1183 1032 a
1204 979 1397 1033 multis
1415 978 1678 1034 fratribus
1701 981 1801 1035 ha-

182 1061 476 1117 bitabatur
506 1064 757 1132 accessit,
778 1081 1006 1119 causam
1035 1067 1388 1123 discessionis
1416 1074 1585 1140 atque
1605 1070 1790 1124 consi-

188 1149 329 1206 lium
361 1153 742 1222 quaerentibus
779 1156 1096 1211 conﬁtetur.
1130 1157 1521 1212 Renitentibus
1554 1160 1784 1227 cunctis,

189 1246 245 1293 et
257 1241 538 1313 praecipue
559 1241 664 1297 loci
686 1243 833 1298 illius
849 1244 1069 1313 abbate,
1089 1247 1233 1301 male
1249 1248 1438 1302 animo
1451 1249 1561 1303 ﬁxa
1571 1254 1793 1305 senten-

187 1329 269 1383 tia
300 1347 415 1384 non
454 1332 638 1402 potuit
667 1334 843 1388 evelli.
878 1334 1058 1404 Igitur
1086 1335 1291 1390 infelici
1329 1353 1388 1391 se
1416 1335 1791 1393 obstinatione

188 1418 527 1490 proripiens,
552 1437 680 1475 cum
702 1422 891 1477 dolore
919 1424 1169 1479 omnium
1200 1426 1489 1496 digressus
1518 1431 1603 1481 est
1622 1444 1656 1480 a
1683 1427 1791 1481 fra-

187 1506 388 1562 tribus.
433 1509 503 1563 Et
521 1509 609 1563 vix
636 1527 672 1564 a
701 1520 1001 1584 conspectu
1041 1531 1236 1569 eorum
1266 1514 1629 1583 abscesserat,
1662 1533 1790 1570 mox

185 1596 458 1668 impletur
486 1598 757 1668 daemone,
781 1608 1153 1675 cruentasque
1179 1621 1407 1674 spumas
1443 1621 1538 1659 ore
1568 1606 1790 1675 provol-

186 1702 341 1753 vens,
373 1688 494 1742 suis
532 1689 793 1745 dentibus
832 1692 1079 1763 seipsum
1118 1693 1415 1748 lacerabat.
1458 1694 1672 1748 Deinde
1717 1695 1788 1749 ad

187 1773 336 1828 idem
350 1778 759 1833 monasterium
781 1780 1018 1835 fratrum
1038 1782 1288 1837 humeris
1304 1788 1642 1853 reportatus,
1658 1800 1787 1838 cum

188 1863 433 1917 coerceri
463 1864 521 1919 in
555 1882 620 1919 eo
647 1866 973 1924 immundus
1018 1870 1249 1941 spiritus
1284 1889 1397 1926 non
1427 1873 1653 1939 valeret,
1686 1889 1786 1926 ne-

186 1952 447 2008 cessitate
465 1961 698 2025 cogente
718 1957 912 2013 ferreis
928 1960 1160 2015 nexibus
1175 1961 1456 2032 alligatus,
1476 1963 1646 2033 pedes
1661 1978 1788 2016 cum

184 2042 451 2097 manibus
488 2044 832 2104 vinciuntur.
870 2049 995 2103 Non
1030 2049 1315 2105 immerita
1342 2067 1507 2122 pcena
1535 2051 1787 2122 fugitivo.

186 2130 324 2185 Post
347 2131 635 2189 biennium
654 2152 779 2190 vero
802 2138 1053 2193 oratione
1069 2145 1392 2195 sanctorum
1412 2139 1482 2195 ab
1495 2140 1788 2196 immundo

187 2220 391 2291 spiritu
410 2222 698 2292 liberatus,
724 2226 795 2281 ad
816 2244 1086 2297 eremum,
1110 2230 1259 2284 unde
1284 2230 1635 2297 discesserat,
1661 2247 1788 2286 mox

187 2326 498 2380 regressus,
533 2318 589 2368 et
618 2314 734 2386 ipse
758 2323 1038 2373 correctus
1066 2324 1168 2386 est,
1196 2324 1253 2373 et
1279 2319 1405 2373 aliis
1432 2319 1656 2375 futurus
1684 2336 1786 2391 pro

189 2402 465 2471 exemplo,
485 2418 556 2457 ne
577 2420 742 2475 quem
762 2412 861 2461 aut
889 2407 1042 2462 falsae
1068 2408 1302 2479 justitiae
1333 2408 1552 2477 umbra,
1579 2414 1679 2464 aut
1704 2409 1789 2464 in-

185 2493 342 2632 serta
360 2490 643 2549 mobilitas
656 2493 840 2550 inutili
858 2496 1081 2552 levitate
1098 2498 1396 2571 compellat
1417 2499 1590 2556 semel
1605 2502 1788 2571 coepta

230 2594 469 2632 eserere.

230 2594 469 2635 eserere.

797 2712 1030 2768 CAPUT
1069 2714 1185 2768 XV.

188 2833 265 2886 De
291 2834 487 2888 habitu
510 2838 589 2890 vel
609 2838 924 2891 vestimento
950 2840 1334 2907 zEgg/ptiorum
1364 2840 1785 2894 monachorum.

260 2947 451 3007 543
465 2942 608 2998 Sunt
617 2949 886 3014 praeterea
905 2946 1158 3016 quaedam
1178 2946 1237 3001 in
1248 2946 1371 3018 ipso
1391 2946 1788 3019 Egyptiorum

188 3028 391 3085 habitu
419 3047 535 3086 non
560 3038 782 3088 tantum
814 3035 885 3088 ad
915 3051 1110 3090 curam
1133 3036 1382 3108 corporis
1411 3042 1686 3108 quantum
1716 3037 1788 3091 ad

1873 538 1932 592 in
1960 553 2069 610 quo
2107 542 2224 593 stas
2250 542 2404 593 terra
2432 544 2625 594 sancta
2653 545 2738 595 est
2768 542 2955 610 (Exod.
2989 556 3053 598 In
3078 560 3097 608 ;
3130 543 3291 597 Josue
3320 544 3398 611 v).

2470 646 2703 702 CAPUT
2730 647 2874 703 XVI.

1870 753 1943 806 De
1961 753 2223 806 canonico
2244 754 2565 807 orationum
2586 755 2760 821 modo,
2784 760 2833 808 et
2847 757 3086 824 perfecta
3106 756 3469 810 abrenuntia-

2486 844 2631 896 tione
2658 847 2861 897 sxculi.
3010 844 3017 851 ’

1951 947 2147 1019 Itaque
2175 965 2276 1020 per
2302 949 2620 1005 universam
2665 951 2968 1023 Egyptum
2999 958 3056 1007 et
3101 953 3466 1019 Thebaidam,

1879 1035 2218 1109 ubicumque
2237 1038 2516 1094 habentur
2542 1042 2903 1108 monasteria,
2933 1043 3247 1113 legitimum
3268 1043 3473 1098 oratio-

1872 1141 2010 1180 num
2031 1127 2329 1183 modumin
2344 1130 2673 1200 vespertinis
2689 1132 3051 1187 conventibus
3071 1150 3171 1187 seu
3181 1133 3470 1188 nocturnis

1873 1214 2078 1284 vigiliis
2099 1221 2297 1271 tenent
2318 1218 2482 1285 (Cass.
2503 1222 2547 1275 ι.
2571 1234 2612 1273 II
2640 1223 2842 1285 lnstit.,
2866 1238 2911 1275 c.
2936 1220 3150 1283 3.)Non
3180 1223 3331 1276 enim
3353 1221 3469 1276 illic

1875 1304 2171 1375 quisquam
2193 1307 2616 1377 congregationi
2644 1309 2882 1363 fratrum
2907 1309 3177 1365 interesse
3197 1310 3471 1382 permitti-

1872 1398 1986 1461 tur,
2017 1394 2124 1448 nisi
2150 1396 2307 1467 prius
2334 1397 2609 1452 universis
2650 1398 3007 1454 facultatibus
3056 1400 3172 1454 suis
3201 1400 3471 1454 reddatur

1774 1500 1789 1560 ί
1872 1487 2187 1539 extraneus.
2205 1485 2274 1540 Et
2291 1485 2387 1557 qui
2399 1486 2684 1557 ingressus
2696 1488 2754 1542 in
2773 1488 3262 1560 congregationem
3278 1488 3471 1555 fuerit,

1869 1572 1950 1627 sic
1976 1572 2443 1646 obedirecogitur
2455 1577 2687 1643 cunctis,
2703 1582 2764 1631 ut
2786 1577 3136 1632 redeundum
3156 1577 3261 1632 sibi
3278 1594 3470 1633 secun-

1869 1661 2003 1716 dum
2029 1664 2367 1718 sententiam
2395 1664 2620 1719 Domini
2649 1664 2718 1720 ad
2739 1665 3034 1720 infantiam
3049 1666 3347 1738 pristinam
3372 1684 3469 1721 no-

1868 1750 2026 1817 verit,
2035 1752 2175 1805 nihil
2195 1752 2299 1806 sibi
2312 1753 2757 1809 consideratione
2772 1755 2953 1810 aetatis
2972 1756 3057 1809 vel
3069 1772 3347 1811 annorum
3368 1771 3470 1810 nu-

1804 1821 1850 1881 Β
1870 1841 2193 1895 merositate
2209 1858 2572 1912 praesumens,
2591 1860 2760 1915 quam
2779 1844 2839 1898 in
2858 1845 3058 1899 saeculo
3073 1844 3317 1900 inaniter
3338 1861 3467 1900 con-

1870 1934 2153 2000 sumptam
2173 1947 2231 1985 se
2254 1937 2481 2003 reputat
2500 1933 2811 2004 perdidisse
2833 1952 2846 1997 ;
2870 1933 2967 1987 sed
2992 1950 3093 2005 pro
3123 1933 3468 1989 rudimento-

1872 2034 1998 2071 rum
2029 2021 2230 2073 merito
2259 2025 2316 2075 et
2343 2021 2588 2076 tirocinii
2616 2022 2882 2088 novitate,
2909 2039 3075 2095 quam
3102 2039 3161 2078 se
3189 2039 3385 2093 gerere
3405 2023 3467 2078 in

1874 2106 2079 2162 Christi
2098 2108 2301 2165 militia
2327 2111 2690 2182 recognoscit,
2715 2111 2952 2168 subdere
2971 2129 3030 2168 se
3046 2112 3213 2167 etiam
3230 2110 3468 2185 juniori-

1869 2193 1974 2251 bus
2003 2199 2378 2270 compellitur.

1941 2285 2121 2357 Igitur
2139 2304 2240 2359 per
2265 2290 2587 2346 universam
2615 2291 2700 2360 (ut
2722 2291 2984 2359 diximus)
3001 2291 3305 2364 Egyptum
3330 2289 3462 2345 duo-

1866 2373 2129 2430 denarius
2158 2379 2504 2449 psalmorum
2540 2397 2808 2436 numerus
2833 2382 3022 2452 (Ibid.,
3050 2397 3096 2435 c.
3138 2380 3215 2450 4),
3259 2384 3379 2435 tam
3404 2378 3463 2434 in

1866 2465 2198 2536 vespertinis
2221 2484 2392 2538 quam
2412 2469 2471 2523 in
2492 2471 2781 2525 nocturnis
2803 2469 3253 2526 solemnitatibus
3273 2473 3465 2524 custo-

1867 2552 2038 2621 ditur,
2062 2554 2142 2608 ita
2156 2556 2447 2625 duntaxat,
2462 2565 2527 2614 ut
2549 2566 2676 2631 post
2700 2560 2853 2632 ipsos
2867 2560 3112 2631 psalmos
3130 2559 3255 2613 duae
3270 2558 3466 2612 lectio-

1875 2657 1995 2710 nes,
2010 2659 2124 2699 una
2138 2648 2358 2715 veteris,
2378 2648 2488 2703 alia
2507 2649 2633 2704 novi
2648 2649 3015 2715 Testamenti,
3029 2648 3463 2721 subsequantur.

1875 2731 1983 2795 Qui
2012 2734 2210 2789 modus
2234 2732 2549 2809 antiquitus
2590 2739 2947 2804 constitutus,
2995 2738 3200 2793 idcirco
3241 2753 3343 2809 per
3381 2740 3469 2791 tot

1873 2822 2076 2876 saecula
2125 2824 2493 2881 intemeratus
2537 2829 2826 2899 perdurat,
2885 2827 3017 2899 quia
3072 2842 3186 2881 non
3220 2826 3469 2880 humana

1870 2911 2263 2969 adinventione
2291 2922 2535 2971 statutus
2572 2935 2607 2971 a
2646 2916 2960 2973 senioribus
2997 2917 3334 2982 afﬁrmatur,
3367 2915 3466 2969 sed

1870 3000 2087 3056 ccelitus
2116 3005 2368 3075 angelico
2397 3006 2711 3062 ministerio
2735 3006 2997 3062 Patribus
3021 3005 3272 3076 antiquis
3290 3003 3467 3060 fuisse

188 3136 417 3176 morum
440 3120 744 3178 formulam
770 3089 1558 3196 congruentiaiwassian:In
1803 3112 1847 3174 C
1869 3089 2110 3146 delatus'

190 3227 239 3265 c.
268 3211 346 3281 4).
376 3210 622 3267 Cucullis
646 3229 890 3286 namque
906 3215 1196 3287 perparvis
1216 3215 1603 3271 indesinenter
1621 3222 1788 3271 utun-

189 3306 287 3355 tur
323 3300 520 3356 diebus
554 3318 618 3356 ac
660 3302 933 3371 noctibus,
970 3304 1179 3360 scilicet
1217 3310 1282 3360 ut
1307 3305 1693 3361 innocentiam
1733 3310 1789 3361 et

192 3390 610 3463 simplicitatem
655 3393 1015 3465 parvulorum
1049 3395 1265 3466 jugiter
1292 3396 1575 3452 custodire
1616 3396 1789 3452 etiam

192 3480 510 3537 imitatione
536 3483 713 3555 ipsius
748 3485 1039 3541 velaminis
1065 3492 1547 3544 commoueantur.

269 3570 515 3627 Colobiis
541 3579 763 3645 quoque
783 3575 944 3630 lineis
965 3576 1280 3631 induuntur
1306 3578 1465 3649 (Ibid.
1478 3616 1493 3644 ,
1507 3594 1549 3632 ο.
1569 3577 1646 3647 5),
1667 3593 1791 3648 quae

193 3659 281 3714 vix
309 3660 382 3715 ad
409 3661 626 3717 cubitos
663 3680 841 3736 usque
869 3666 1217 3737 pertingunt,
1248 3666 1430 3722 nudas
1463 3666 1533 3721 de
1571 3666 1789 3738 reliquo

192 3748 598 3807 circumferunt
626 3770 845 3822 manus,
862 3760 925 3809 ut
943 3760 1263 3828 amputatos
1291 3772 1387 3811 eos
1411 3755 1618 3811 habere
1633 3760 1791 3811 actus

192 3844 252 3894 et
263 3856 433 3911 opera
454 3842 652 3917 mundi
672 3843 841 3915 hujus
861 3849 1129 3917 suggerat
1141 3844 1407 3901 abscissio
1417 3845 1703 3901 manicaru
1712 3863 1786 3904 m.

263 3930 401 3986 Post
418 3931 537 3987 haec
562 3916 806 4004 angusto
826 3916 1051 4006 palliolo
1072 3941 1191 3991 tam
1209 3935 1450 3991 amictus
1470 3935 1790 3992 humilitate

192 4037 365 4093 quam
395 4021 609 4078 vilitate
646 4023 832 4095 pretii,
879 4025 1022 4079 colla
1064 4024 1280 4098 pariter
1315 4029 1486 4098 atque
1523 4025 1790 4080 humeros

187 4116 410 4183 tegunt,
443 4113 592 4185 quod
638 4114 904 4170 mafortes
931 4119 1051 4170 tam
1097 4119 1291 4170 nostro
1330 4131 1500 4187 quam
1538 4115 1789 4188 ipsorum

191 4206 554 4273 nuncupatur
581 4203 801 4276 eloquio
831 4206 1012 4276 (Ibid.,
1036 4221 1082 4261 c.
1106 4206 1179 4277 7).

263 4292 540 4348 Ultimum
567 4297 654 4348 est
684 4292 910 4350 habitus
949 4311 1146 4352 eorum
1182 4295 1344 4367 pellis
1384 4295 1633 4368 caprina,
1666 4310 1789 4367 quae

190 4382 431 4437 melotes
458 4382 776 4455 appellatur
805 4384 984 4455 (Ibid.,
1017 4402 1063 4440 ο.
1102 4381 1180 4455 8).
1207 4384 1316 4450 Qui
1339 4388 1534 4440 tamen
1562 4383 1789 4440 habitus

2439 3185 2673 3240 CAPUT
2718 3186 2891 3241 XVII.

1873 3289 1970 3343 Ubi
2013 3292 2240 3357 angelus
2286 3292 2347 3344 in
2391 3294 2806 3360 congregatione
2854 3293 3140 3346 seniorum
3177 3291 3464 3345 duodecim

2225 3382 2466 3448 psalmos
2506 3382 2655 3435 visus
2691 3382 2804 3450 fuit
2833 3385 3096 3436 cantasse.

1939 3486 2084 3540 Nam
2112 3466 2260 3552 cuin,
2294 3485 2352 3540 in
2380 3485 2703 3558 primordiis
2723 3488 2854 3542 ﬁdei
2890 3488 3079 3557 (0ass.,
3109 3489 3147 3543 ι.
3180 3501 3221 3542 II
3253 3489 3464 3549 Instit.,

1873 3591 1917 3629 c.
1943 3574 2013 3645 5),
2042 3574 2205 3646 pauci
2227 3573 2472 3646 quidem,
2500 3576 2598 3631 sed
2623 3576 3005 3649 probatissimi
3028 3576 3148 3644 viri,
3168 3576 3466 3633 monacho-

1871 3679 1997 3719 rum
2011 3663 2237 3718 nomine
2253 3670 2632 3731 censerentur,
2660 3666 2867 3738 quique
2878 3667 2998 3737 jam
3014 3683 3273 3722 normam
3284 3666 3467 3721 viven-

1872 3753 1941 3826 di,
1960 3769 1994 3807 a
2022 3753 2435 3808 successoribus
2471 3756 2854 3827 apostolorum
2895 3761 3275 3829 susceperant,
3309 3772 3463 3811 sece-

1872 3844 2066 3897 dentes
2078 3842 2136 3896 in
2151 3843 2453 3899 secretiora
2462 3844 2858 3901 suburbiorum
2873 3846 3014 3914 loca,
3030 3844 3277 3916 agebant
3292 3844 3462 3900 vitam

1870 3937 2029 3987 tanto
2053 3931 2403 3989 abstinentiae
2424 3934 2609 4005 rigore
2628 3935 2964 4001 districtam,
2989 3940 3054 3991 ut
3073 3934 3334 3991 omnibus
3350 3939 3465 3990 stu-

1872 4021 1995 4094 pori
2014 4027 2160 4077 esset
2176 4027 2296 4077 tam
2309 4024 2487 4079 ardua
2504 4025 2938 4081 conversationis
2955 4041 3148 4081 eorum
3167 4024 3457 4097 professio.

1872 4112 1944 4167 Hi
1973 4128 2105 4183 ergo
2132 4112 2476 4169 venerabiles
2514 4115 2729 4182 Patres,
2775 4115 3032 4187 pervigili
3061 4132 3199 4171 cura
3224 4115 3465 4187 posteris

1871 4202 2249 4273 consulentes,
2286 4202 2384 4275 qui
2412 4203 2612 4260 modus
2642 4204 2969 4277 quotidiana
2997 4204 3176 4261 cultui
3203 4221 3307 4278 per
3332 4204 3465 4260 uni-

1871 4308 2096 4348 versum
2114 4292 2486 4350 fraternitatis
2509 4310 2712 4368 corpus
2730 4295 2958 4351 decerni
2985 4295 3234 4364 deberet,
3260 4299 3490 4350 tracta-.

1872 4382 1989 4437 turi
2009 4399 2203 4438 omnes
2229 4382 2291 4439 in
2309 4400 2488 4440 unum
2513 4385 2700 4440 locum
2724 4385 3080 4454 conveniunt,
3093 4389 3160 4442 ut
3175 4385 3467 4441 heredita-

189 4471 353 4544 pellis
389 4472 633 4544 caprinae
669 4473 950 4544 signiﬁcat
986 4474 1324 4530 mortiﬁcata
1351 4474 1603 4530 membra
1633 4473 1787 4530 omni
1800 4474 1851 4537 D
1868 4476 1983 4527 tem
1999 4473 2224 4545 pietatis
2243 4490 2308 4529 ac
2325 4474 2478 4546 pacis
2497 4474 2910 4530 successoribus
2922 4474 3039 4530 suis
3059 4473 3375 4529 absolutam
3393 4473 3464 4528 ab

189 4562 509 4634 petulantia
532 4563 840 4618 carnalium
859 4564 1203 4636 passionum,
1231 4564 1435 4621 debere
1451 4581 1546 4621 eos
1561 4564 1620 4621 in
1640 4581 1786 4621 sum-

187 4667 285 4707 ma
309 4652 583 4708 virtutum
610 4654 889 4724 gravitate
917 4654 1243 4710 consistere.

264 4742 659 4799 Calceamenta
680 4759 900 4817 quoque
917 4744 1093 4815 (Ibid.,
1117 4761 1164 4799 c.
1197 4742 1299 4814 10),
1322 4744 1475 4800 velut
1490 4743 1790 4813 interdicta

190 4833 522 4904 Evangelico
550 4839 827 4905 praecepto
868 4839 1193 4890 recusantes
1224 4836 1439 4903 (Matth.
1472 4839 1522 4888 et
1555 4836 1678 4889 Luc.
1708 4834 1782 4904 χ),

189 4938 321 4978 cum
346 4922 650 4978 inﬁrmitas
680 4923 927 4996 corporis
955 4925 1040 4979 vel
1069 4924 1380 4979 matutinus
1408 4923 1565 4996 rigor
1586 4924 1788 4980 hiemis

188 5012 366 5080 saevit,
398 5029 500 5067 seu
519 5013 817 5068 meridiani
836 5018 1005 5069 aestus
1033 5014 1215 5069 fervor
1241 5014 1505 5085 exegerit,
1534 5018 1789 5070 tantum-

188 5102 360 5158 modo
388 5103 655 5158 muniunt
681 5103 868 5175 pedes.
903 5103 1117 5169 Quibus
1154 5109 1346 5160 tamen
1382 5104 1575 5175 caligis
1606 5120 1788 5176 quan-

190 5208 363 5265 quam
377 5192 530 5247 licito
551 5197 805 5260 utantur,
826 5198 1020 5266 utpote
1032 5194 1256 5249 Domini
1270 5195 1537 5251 mandato
1558 5210 1786 5251 conces-

188 5283 268 5338 sis
298 5282 441 5354 (Act.
472 5296 582 5351 xu;
609 5284 780 5338 Marc.
821 5287 918 5353 vi),
951 5299 1307 5356 nequaquam
1333 5290 1525 5341 tamen
1552 5284 1787 5357 pedibus

190 5372 578 5428 easinhaerere
588 5373 942 5444 permittunt,
966 5390 1094 5429 cum
1113 5374 1387 5430 accedunt
1409 5375 1482 5430 ad
1506 5374 1787 5430 celebran-

188 5463 266 5517 da
308 5478 410 5517 seu
451 5462 523 5516 ad
547 5463 909 5535 percipienda
938 5468 1292 5520 sacrosancta
1327 5465 1616 5538 mysteria,
1646 5465 1787 5521 illud

186 5553 363 5608 etiam
390 5552 774 5608 existimantes
797 5554 1103 5610 secundum
1133 5554 1380 5611 litteram
1406 5555 1675 5611 custodiri
1694 5555 1787 5609 de-

186 5642 341 5713 bere,
373 5643 526 5718 quod
562 5642 774 5702 dicitur
811 5644 882 5701 ad
915 5645 1141 5719 Moysen
1182 5650 1240 5702 et
1276 5645 1349 5703 ad
1384 5646 1577 5703 Iesum
1603 5644 1785 5704 ﬁlium

1870 4561 2026 4618 omni
2039 4562 2470 4634 dispensationis
2496 4564 2595 4618 lite
2612 4564 3081 4631 transmitterem,
3109 4567 3365 4617 verentes
3392 4578 3466 4617 ne

1871 4651 2052 4723 quain
2063 4652 2401 4724 quotidianis
2416 4651 2866 4708 solemnitatibus
2884 4652 3035 4707 inter
3045 4651 3190 4707 viros
3205 4651 3462 4723 ejusdem

1870 4742 2101 4796 culturae
2129 4742 2476 4797 dissonantia
2499 4742 2586 4798 vel
2613 4742 2852 4797 varietas
2882 4746 3092 4810 exorta,
3128 4740 3465 4814 quandoque

1866 4830 1927 4886 in
1944 4836 2230 4903 posterum
2250 4832 2456 4887 erroris
2474 4832 2623 4888 noxii
2636 4848 2869 4904 germen
2883 4832 3187 4888 emitteret.
3209 4833 3462 4906 Cumque

1869 4937 1971 4993 pro
1999 4936 2099 4976 suo
2128 4921 2514 4994 unusquisque
2539 4921 2775 4991 fervore,
2791 4922 3010 4977 diverso
3028 4923 3196 4979 modo
3216 4923 3463 4996 psalmo-

1868 5027 1995 5066 rum
2022 5026 2290 5067 numeros
2310 5011 2651 5081 institueret,
2684 5017 2743 5068 et
2768 5013 2864 5069 alii
2893 5014 3338 5088 quinquagenos,
3366 5012 3464 5068 alii

1868 5117 2173 5173 sexagenos
2202 5102 2476 5174 psalmos;
2509 5103 2767 5159 nonnulli
2797 5120 2926 5160 vero
2955 5120 3058 5159 nec
3101 5105 3206 5158 hoc
3235 5103 3463 5174 quidem

1868 5191 2116 5247 contenti
2141 5208 2376 5248 numero
2406 5193 2730 5249 transcendi
2758 5210 2889 5250 eum
2917 5193 3120 5249 debere
3145 5197 3457 5260 censerent,

1869 5288 2128 5355 essetque
2146 5282 2295 5338 inter
2313 5298 2407 5338 eos
2420 5298 2522 5354 pro
2541 5283 2832 5354 religionis
2849 5283 3028 5353 gloria
3042 5283 3136 5355 pia
3153 5282 3458 5349 contentio,

1868 5372 1950 5429 ita
1972 5379 2038 5430 ut
2063 5379 2288 5446 tempus
2319 5373 2649 5446 vespertinae
2676 5372 3046 5430 solemnitatis
3072 5370 3463 5427 sacratissime

1868 5464 2163 5536 quaestioni
2189 5465 2537 5531 succederet;
2553 5468 2783 5537 repente
2808 5478 2956 5518 unus
2979 5462 3039 5519 in
3058 5461 3243 5517 medio
3261 5477 3458 5517 eorum

1866 5555 2112 5627 psalmos
2131 5555 2369 5611 Domino
2378 5562 2707 5613 cantaturus
2725 5552 2991 5625 exsurgit.
3007 5551 3461 5625 Cumque,admi-

1868 5645 2122 5704 rantibus
2140 5646 2373 5716 cunctis,
2385 5646 2647 5705 undecim
2669 5645 2935 5720 psalmos,
2949 5643 3268 5702 orationum
3288 5642 3459 5703 inter-
