3876 6382
469 313 577 373 827

1585 329 1681 386 DE
1715 330 1904 389 VI’I‘IS
1940 332 2237 391 PATRUM
2272 334 2487 391 LIBER
2524 335 2620 394 1V.

3630 341 3735 402 828

462 444 707 536 jectione
731 446 1042 519 distinctos,
1068 452 1345 526 contiguis
1363 455 1614 513 versibus
1633 458 1797 529 parili
1817 475 2059 530 pronun-
2072 457 2379 521 AAlleluia
2405 458 2592 515 nullus
2621 458 2842 516 dicatur
2854 460 3123 533 psalmus,
3157 461 3266 519 nisi
3285 462 3333 519 is
3355 462 3452 536 qui
3476 464 3537 521 in
3566 465 3732 522 titulo

466 531 703 590 tiatione
721 542 1019 601 cantasset.
1037 540 1432 599 duodecimum
1452 545 1554 601 sub
1571 547 1811 602 Alleluia
1830 565 2058 621 respon-

465 622 622 677 sione
647 640 1062 697 consummans,
1106 631 1177 685 ab
1205 634 1594 690 universorum
1624 638 1797 691 oculis
1827 645 2055 709 repente

466 710 807 783 subtractus,
849 718 1143 788 quastioni
1193 725 1407 794 pariter
1434 729 1492 779 et
1523 726 1859 782 caerimoniis
1884 729 2055 785 ﬁnem

464 798 751 871 imposuit.

536 888 749 945 Exhinc
776 894 957 950 sancti
994 896 1090 968 qui
1115 898 1352 955 aderant
1376 903 1645 971 seniores,
1677 904 2055 977 intelligentes

463 978 714 1068 angelico
734 983 1060 1054 magisterio
1084 991 1611 1061 congregationibus
1625 994 1865 1052 fratrum
1892 1013 2059 1068 gene-

461 1066 641 1123 ralem
651 1085 923 1128 canonem
937 1090 1052 1130 non
1062 1076 1184 1131 sine
1198 1078 1613 1151 dispensatione
1622 1085 1846 1141 Domini
1859 1066 2060 1142 consti-

459 1158 667 1249 tutum,
688 1158 1054 1223 decreverunt
1079 1167 1230 1224 hunc
1257 1185 1555 1227 numerum
1585 1184 1702 1230 tam
1717 1174 1773 1229 in
1788 1177 2059 1249 vesperti-

461 1244 552 1300 nis
581 1264 751 1319 quam
780 1252 838 1308 in
864 1258 1154 1313 nocturnis
1173 1258 1374 1330 vigiliis
1391 1263 1674 1319 custodire
1700 1244 1954 1336 (Ibid.,-c.
1973 1265 2051 1331 6).

532 1343 722 1406 544
759 1342 875 1398 Has
902 1343 1077 1417 igitur
1106 1349 1399 1419 praedictas
1437 1353 1717 1409 orationes
1749 1355 1854 1410 hoc
1890 1357 2055 1412 modo

460 1423 737 1514 incipiunt
780 1436 951 1503 atque
979 1445 1370 1494 consummant
1402 1440 1591 1508 (0ass.,
1629 1445 1726 1498 lib.
1774 1458 1816 1497 II
1845 1447 2052 1514 lnstit.,

459 1528 509 1569 ο.
541 1511 617 1584 7),
648 1521 714 1572 ut
746 1518 905 1576 ﬁnito
949 1525 1185 1594 psalmo,
1219 1544 1388 1599 quem
1440 1530 1631 1586 Gloria
1672 1511 2051 1604 subsequitur,

458 1616 573 1657 non
596 1606 790 1662 statim
809 1609 881 1665 ad
893 1610 1334 1672 incurvationem
1359 1635 1608 1689 genuum
1639 1629 1922 1687 corruant,
1955 1624 2054 1678 sed

458 1695 763 1780 antequam
782 1713 969 1768 genua
988 1702 1235 1773 ﬂectant,
1255 1708 1539 1780 paulisper
1554 1716 1744 1778 orant;
1764 1717 1821 1766 et
1838 1718 2053 1768 stantes

2137 562 2239 601 suo
2259 547 2499 602 Alleluia
2519 548 2879 621 inscriptione
2903 556 3265 621 praenotatur.

2208 636 2437 691 Nullum
2460 637 2630 691 etiam
2651 643 2874 710 tempus
2901 638 2971 693 ab
3000 639 3183 711 operis
3215 641 3611 698 exercitatione
3639 660 3728 699 va-

2136 740 2304 779 cuum
2336 726 2578 781 transire
2607 728 2919 782 concedunt
2939 729 3124 801 (lbid.,
3145 745 3190 784 c.
3218 727 3331 802 12,)
3353 731 3487 803 quia
3515 748 3626 787 non
3648 749 3732 788 so-

2135 812 2255 868 lum
2308 830 2376 869 ea
2420 832 2542 886 quae
2590 815 2701 870 diei
2740 816 3004 887 splendor
3032 818 3243 873 emittit
3271 820 3425 875 omni
3463 820 3730 877 instantia

2136 902 2395 958 manibus
2425 919 2680 959 exercere
2699 906 3083 975 contendunt;
3110 908 3208 962 sed
3235 909 3406 963 etiam
3424 909 3519 964 illa
3539 926 3732 983 Opera-

2138 990 2357 1046 tionum
2384 1009 2595 1063 genera
2622 993 2859 1049 sollicita
2899 1000 3087 1049 mente
3116 997 3467 1069 perquirunt,
3500 1014 3624 1071 quae
3661 1016 3731 1055 ne

2140 1079 2318 1151 ipsius
2359 1081 2585 1152 quidem
2630 1083 2810 1137 noctis
2851 1083 3198 1139 densissima:
3226 1086 3469 1141 tenebrae
3505 1088 3732 1143 valeant

2140 1168 2727 1241 impedire,credentes
2740 1188 2799 1226 se
2818 1176 2977 1227 tanto
2988 1171 3370 1229 sublimiorem
3392 1175 3729 1247 spiritalium

2135 1259 2671 1331 oontemplationum
2694 1261 2997 1333 puritatem
3017 1263 3221 1317 mentis
3242 1263 3451 1318 intuitu
3472 1264 3732 1335 qumsitu—

2135 1361 2248 1415 ros,
2281 1352 2491 1418 quanto
2528 1348 2742 1404 diutius
2768 1349 2977 1405 fuerint
3011 1367 3147 1422 erga
3172 1352 3358 1424 operis
3396 1352 3730 1407 studiumac

2135 1434 2343 1491 laboris
2362 1435 2583 1491 intenti.

2209 1525 2325 1579 Hoc
2346 1541 2567 1596 quoque
2592 1542 2755 1580 nosse
2775 1526 3043 1582 debemus
3060 1528 3250 1600 (lbid.,
3274 1546 3321 1583 ε.
3345 1525 3456 1597 18),
3486 1546 3523 1583 a
3541 1546 3732 1601 vespe-

2135 1628 2201 1666 ra
2238 1612 2483 1679 Sabbati,
2531 1631 2654 1685 quae
2692 1614 2924 1670 lucescit
2964 1615 3025 1670 in
3062 1616 3210 1671 diem
3254 1617 3627 1684 Dominicum,
3658 1620 3730 1673 ad

2134 1717 2423 1773 vesperam
2454 1707 2801 1773 sequentem,
2833 1704 2982 1775 apud
3006 1721 3101 1759 eos
3128 1722 3317 1775 genua
3346 1722 3459 1761 non
3488 1708 3726 1777 curvari,

456 1777 518 1873 in
547 1783 972 1873 supplicatione,
1003 1777 1277 1863 majorem
1304 1777 1523 1866 partem
1544 1798 1811 1854 horarum
1849 1818 2046 1873 expen-

2134 1790 2232 1844 sed
2260 1806 2363 1845 nec
2393 1790 2527 1845 totis
2556 1790 2783 1862 quidem
2808 1793 3285 1864 quinquagesimae
3307 1794 3523 1851 diebus.

459 1866 620 1960 dunt.
640 1871 837 1946 Itaque
855 1884 984 1949 post
1002 1880 1119 1936 haec
1139 1890 1343 1954 puncto
1360 1885 1685 1942 brevissimo
1701 1866 2053 1960 procidentes

458 1956 530 2013 ad
541 1961 931 2032 terram,velut
940 1976 1166 2026 orantes
1181 1978 1403 2029 tantum
1414 1976 1662 2032 divinam
1676 1956 2049 2051 clementiam,

456 2060 589 2103 cum
607 2066 829 2108 summa
847 2072 1043 2114 rursus
1056 2062 1346 2117 velocitate
1367 2072 1739 2137 consurgunt;
1761 2084 1827 2124 ac
1844 2068 2052 2125 iterum

457 2139 718 2207 expansis
746 2143 1025 2215 manibus,
1057 2150 1254 2205 eodem
1293 2153 1458 2207 modo
1490 2171 1600 2226 quo
1644 2156 1802 2227 prius
1837 2163 2051 2216 stantes

2738 1881 2971 1936 CAPUT
3008 1882 3128 1936 XX.

2132 1968 2206 2023 De
2229 1983 2383 2038 opere
2411 1984 2708 2037 manuum,
2738 1974 2785 2023 et
2806 1986 2909 2024 cur
2931 1974 3114 2038 tertia,
3137 1976 3305 2039 serta,
3338 1977 3388 2026 et
3412 1988 3562 2027 nona
3585 1975 3732 2043 psal-

2845 2061 3018 2114 latur.

2203 2146 2289 2200 Ita
2319 2161 2561 2217 namque
2591 2145 2660 2200 ab
2694 2146 2775 2201 eis
2800 2146 3149 2203 incessanter
3175 2148 3425 2221 operatio
3455 2165 3730 2205 manuum

458 2233 899 2298 oraverunt,suis
908 2236 1165 2306 precibus
1178 2239 1448 2297 intentius
1457 2243 2046 2304 immorantes.Dicunt

2133 2232 2393 2304 privatim
2415 2251 2516 2306 per
2544 2235 2771 2290 cellulas
2799 2242 3088 2292 exercetur
3102 2237 3296 2309 (Casa,
3320 2239 3414 2293 lib.
3438 2251 3503 2292 In
3518 2240 3727 2307 Instit.,

456 2314 608 2371 enim
624 2317 815 2390 ipsi,in
827 2327 981 2379 terra
993 2326 1202 2383 diutius
1218 2332 1678 2401 procumbentem
1690 2338 2045 2404 monachum,
2133 2338 2179 2377 σο
2207 2322 2282 2392 2),
2316 2329 2381 2379 ιιι
2407 2324 2753 2395 Psalmm‘um
2773 2342 2995 2397 quoque
3022 2326 3108 2380 νει
3127 2331 3457 2382 cateiam!“
3482 2327 3731 2399 δούρω-

459 2405 621 2476 quasi
639 2406 698 2463 in
714 2410 969 2469 oratione
990 2415 1206 2472 enixius
1225 2417 1594 2486 laborantem.
1618 2440 1730 2479 non
1759 2426 1943 2481 solum
1970 2428 2046 2481 di-

2132 2426 2323 2466 rarum
2338 2413 2586 2468 studium
2601 2430 2704 2485 per
2724 2419 2907 2469 totum
2922 2414 3034 2469 diei
3055 2415 3297 2487 spatium
3314 2415 3529 2487 jugiter
3548 2416 3730 2471 medi-

457 2494 633 2550 versis
660 2499 1108 2571 cogitationibus,
1132 2507 1230 2562 sed
1258 2509 1429 2564 etiam
1458 2528 1654 2568 somno
1686 2514 1915 2584 gravius
1945 2515 2050 2571 im-
2128 2504 2333 2569 tantes:
2367 2502 2425 2557 in
2455 2502 2544 2557 δίε
2572 2502 2769 2558 οίῖίοίίδ
2798 2520 2921 2575 qua?
2947 2520 3051 2559 n03
3075 2508 3287 2560 Statum
3315 2509 3570 2577 tempore
3589 2505 3731 2561 οθιε·

456 2585 721 2654 pugnari.
742 2587 1137 2661 Experimento
1156 2594 1453 2653 didicimus
1484 2600 1633 2671 quod
1652 2602 1907 2674 plerique
1935 2621 2048 2659 non
2130 2587 2379 2657 bmmus»
2398 2596 2581 2645 “tum
2601 2592 2714 2647 ἀίθί
2734 2597 2958 2665 tempus
2979 2593 3300 2649 absumant-

456 2675 575 2727 tam
624 2675 892 2733 orationis
928 2683 1114 2750 gratia
1158 2701 1328 2756 quam
1366 2687 1686 2745 refectionis
1724 2691 1958 2747 obtentu
1988 2694 2049 2747 in
2198 2679 2448 2735 Τθηίειω
2482 2697 2612 2735 "ero
2651 2681 2869 2749 horam,
2908 2687 2969 2737 et
3012 2687 3252 2751 Senam:
3301 2687 3472 2755 atque
3494 2699 3726 2751 nonam.

454 2762 667 2855 terram
698 2769 988 2838 prostrati,
1016 2771 1230 2829 diutius
1275 2775 1531 2832 videntur
1567 2779 1878 2836 orationem
1915 2799 2046 2855 pro-

2131 2766 2293 2823 trinis
2322 2769 2553 2840 psalmis
2573 2770 2823 2842 quotidie
2843 2770 3049 2827 ﬁniunt
3070 2773 3249 2843 (Ibid.,
3267 2788 3315 2827 c.
3344 2770 3422 2844 3).
3445 2773 3546 2828 His
3575 2772 3729 2828 enim

455 2849 703 2911 trahere.
1915 2849 1935 2855 ’
2127 2856 2309 2912 tribus
2329 2858 2675 2929 temporibus
2697 2860 2868 2915 etiam
2881 2860 3171 2916 Danielem
3190 2861 3524 2933 prophetam
3544 2862 3730 2935 quoti-

1023 2947 1256 3009 CAPUT
1275 2954 1476 3011 XVIII,
2131 2946 2224 3001 die
2262 2946 2520 3002 fenestris
2552 2950 2761 3019 apertis
2800 2949 2860 3004 in
2905 2949 3189 3005 caenaculo
3250 2967 3443 3022 preces
3486 2951 3726 3006 Domino

454 3029 675 3097 Quanta
686 3032 939 3090 discretio
953 3043 1001 3092 et
1012 3041 1355 3097 observantia
1372 3048 1435 3099 in
1445 3049 1693 3102 oratione
1710 3052 1942 3104 tenenda
1951 3054 2044 3106 sit.

2131 3033 2337 3091 fudisse
2364 3038 2752 3107 cognoscimus
2771 3039 3004 3109 lDanicl.
3022 3038 3117 3111 vr).
3150 3040 3265 3094 Nec
3297 3040 3580 3095 immerito
3607 3040 3727 3095 haec

525 3118 669 3175 Cum
704 3121 882 3194 igitur
905 3128 1203 3197 praedictas
1231 3132 1636 3204 solemnitates,
1669 3153 1807 3208 quas
1839 3139 1921 3193 illi
1951 3157 2045 3212 sy-

452 3223 659 3265 naxeos
677 3219 892 3283 vocant,
925 3216 1260 3275 celebraturi
1287 3224 1627 3280 conveniunt
1657 3226 1846 3294 (Cassa,
1880 3231 1975 3283 lib.
2002 3244 2045 3286 II

451 3298 657 3367 Instit.,
682 3318 728 3355 ο.
766 3300 870 3374 10),
893 3309 1114 3362 tantum
1134 3308 1417 3380 praebetur
1441 3329 1475 3366 a
1494 3314 1707 3369 cunctis
1733 3315 2042 3385 silentium,

451 3391 517 3442 ut
539 3403 668 3443 cum
697 3390 757 3445 in
786 3406 963 3448 unum
992 3401 1114 3451 tam
1144 3414 1445 3456 numerosa
1473 3401 1712 3459 fratrum
1743 3406 2044 3463 multitudo

451 3478 761 3548 conveniat,
793 3482 1003 3539 nullius
1034 3502 1158 3555 vox,
1196 3494 1424 3562 excepto
1452 3494 1725 3561 canentis,
1757 3502 2039 3565 personet.

449 3565 517 3620 In
537 3582 649 3637 qua
665 3570 918 3627 oratione
934 3589 1049 3630 non
1072 3582 1300 3648 sputum
1320 3580 1617 3647 emittitur,
1632 3599 1745 3637 non
1765 3586 2043 3641 excreatio

448 3653 740 3729 obstrepit,
759 3675 871 3716 non
898 3663 1155 3721 oscitatio
1173 3668 1526 3725 somnolenta
1555 3672 1833 3743 trahitur;
1856 3675 2037 3730 nulla-

450 3760 560 3815 que
613 3763 716 3802 vox
765 3748 975 3824 absque
1030 3756 1334 3812 sacerdotis
1388 3775 1611 3830 precem
1661 3763 2043 3819 concludentis

448 3835 693 3892 auditur.
733 3839 877 3895 Cum
903 3847 1095 3898 autem
1124 3845 1219 3901 ille
1238 3847 1334 3918 qui
1363 3849 1674 3904 orationem
1703 3852 2043 3910 collectums

448 3930 533 3980 est
562 3941 594 3980 e
621 3932 777 3983 terra
816 3933 1140 4001 surrexerit,
1170 3934 1253 3990 ita
1288 3942 1353 3991 ut
1380 3938 1567 3993 nullus
1596 3956 1698 3994 nec
1738 3946 2042 4015 antequam

447 4012 751 4072 inclinetur
778 4018 891 4088 ille,
921 4037 1072 4090 genu
1102 4024 1347 4093 ﬂectere,
1377 4043 1480 4081 nec
1498 4044 1626 4083 cum
1652 4045 1717 4083 ex
1742 4012 1908 4086 terra
1923 4049 2043 4088 sur-

448 4103 611 4171 rexit,
650 4107 861 4162 morari
899 4118 1223 4180 praesumat.
1254 4113 1388 4169 Ideo
1440 4117 1590 4171 enim
1634 4119 1915 4175 orationes
1960 4121 2042 4176 illi

448 4192 617 4247 celeri
645 4194 758 4250 ﬁne
802 4198 1161 4268 concludunt,
1193 4218 1265 4257 ne
1291 4202 1435 4258 forte
1482 4205 1915 4265 immorantibus
1960 4210 2040 4266 eis

425 4280 682 4371 .diutius,
710 4285 1085 4343 redundantia
1117 4292 1373 4363 quaedam
1399 4295 1550 4366 sputi
1575 4312 1675 4352 seu
1703 4298 2041 4371 phlegmatis

2127 3124 2425 3196 specialius
2448 3132 2703 3198 tempora
2724 3127 3001 3198 religiosis
3041 3133 3175 3183 sunt
3210 3127 3405 3184 ofﬁciis
3432 3128 3721 3202 deputata,

2125 3213 2187 3269 in
2210 3214 2298 3270 his
2327 3216 2603 3287 siquidem
2636 3218 3074 3289 promissionum
3103 3218 3389 3291 perfectio,
3419 3225 3477 3275 et
3502 3236 3727 3275 summa

2125 3308 2331 3359 nostra:
2359 3306 2557 3360 salutis
2595 3312 2681 3361 est
2716 3307 3043 3379 adimpleta.
3075 3307 3232 3362 Ilora
3258 3324 3501 3380 namque
3527 3309 3718 3376 tertia,

2126 3394 2499 3463 repromissus
2551 3395 2684 3449 olim
2713 3412 2814 3467 per
2856 3397 3160 3468 prophetas
3199 3396 3439 3468 Spiritus
3468 3403 3716 3465 sanctus,

2124 3497 2295 3553 super
2304 3484 2585 3553 apostolos
2600 3484 3351 3557 descendit,linguarumque
3367 3486 3620 3541 omnium
3636 3487 3719 3543 eis

2123 3570 2416 3625 scientiam
2444 3572 2600 3626 dedit
2632 3573 2769 3645 (Act.
2790 3576 2871 3641 η).
2896 3574 3049 3629 Hora
3075 3579 3266 3630 autem
3306 3579 3478 3643 sexta,
3514 3576 3722 3632 imma-

2123 3660 2311 3715 culata
2329 3661 2514 3717 hostia
2532 3662 2806 3717 Dominus
2835 3668 3026 3718 noster
3047 3664 3077 3719 J
3080 3680 3210 3719 esus
3221 3664 3481 3721 Christus
3497 3663 3721 3721 oblatus

2124 3755 2212 3804 est
2240 3749 2417 3817 Patri,
2450 3767 2786 3823 crucemque
2812 3769 2915 3824 pro
2941 3752 3114 3809 totius
3144 3753 3340 3809 mundi
3376 3755 3558 3810 salute
3591 3771 3724 3811 con-

2122 3839 2414 3909 scendens,
2437 3840 2671 3895 humani
2684 3841 2908 3912 generis
2921 3842 3132 3898 delevit
3150 3848 3380 3914 peccata
3391 3844 3612 3913 (Coloss.
3629 3845 3689 3915 II)
3702 3886 3716 3899 .

2124 3927 2331 3984 Eadem
2351 3945 2573 4002 quoque
2592 3931 2733 3986 hora
2754 3932 2921 3987 Petro
2941 3931 3001 3987 in
3025 3947 3254 3987 excessu
3274 3932 3479 3988 mentis
3499 3933 3719 3989 vocatio

2120 4017 2396 4089 gentium,
2415 4034 2516 4090 per
2534 4019 2990 4076 summissionem
3010 4020 3157 4076 vasis
3174 4021 3477 4093 evangelici
3498 4022 3718 4078 caelitus

2123 4105 2312 4173 delati,
2338 4113 2395 4161 et
2412 4108 2727 4179 puriﬁcatio
2759 4109 3011 4165 omnium
3042 4125 3314 4181 generum
3340 4110 3715 4168 animantium

2121 4194 2180 4249 in
2201 4196 2396 4250 eodem
2411 4213 2541 4252 vase
2560 4198 3008 4266 consistentium,
3027 4200 3217 4254 delata
3229 4199 3302 4255 ad
3326 4215 3458 4256 eum
3485 4216 3618 4255 voce
3633 4201 3716 4257 di-

2120 4284 2330 4341 vinitus
2358 4287 2656 4355 revelatur,
2675 4287 2894 4343 dicente
2914 4288 2966 4344 ei
2985 4306 2996 4342 :
3022 4288 3219 4360 Surge,
3245 4290 3427 4357 Petre,
3446 4289 3638 4346 occide
3657 4296 3716 4346 et

446 4370 827 4447 interrumpat
860 4377 1131 4434 orationis
1184 4397 1509 4453 excessum;
1550 4390 1609 4440 et
1648 4386 1855 4443 idcirco
1902 4390 2038 4446 dum

2131 4374 2397 4430 manduca
2419 4378 2558 4444 (Act.
2590 4375 2666 4448 x).
2697 4377 2859 4443 Quod
2886 4394 2983 4433 vas
3011 4383 3256 4449 quatuor
3273 4377 3448 4435 initiis
3476 4379 3548 4434 de
3574 4381 3715 4435 coelo

443 4461 628 4518 adhuc
679 4464 873 4535 fervet,
918 4468 1071 4525 velut
1122 4470 1193 4526 de
1235 4470 1489 4530 faucibus
1531 4474 1743 4533 inimici
1775 4478 2041 4535 velociter

2131 4464 2507 4534 summissum,
2524 4481 2638 4521 non
2667 4466 2821 4522 aliud
2840 4483 3012 4539 quam
3040 4468 3398 4539 Evangelium
3415 4468 3715 4541 designare

447 4554 721 4625 rapienda
750 4561 854 4613 est.
898 4558 1007 4624 Qui
1035 4576 1165 4618 cum
1207 4562 1282 4617 sit
1306 4562 1467 4618 nobis
1513 4581 1736 4639 semper
1781 4567 2035 4638 infestus,

2131 4554 2416 4611 manifeste
2439 4556 2812 4627 cognoscitur.
2841 4557 2996 4612 Hora
3012 4573 3140 4613 vero
3167 4573 3318 4614 nona
3343 4558 3603 4614 Christus
3622 4559 3713 4615 in-

446 4645 582 4698 tunc
600 4646 841 4703 maxime
871 4648 1083 4706 assistit
1102 4650 1373 4722 infestior,
1391 4670 1520 4709 cum
1548 4660 1744 4712 contra
1762 4672 1823 4712 se
1842 4658 2040 4715 offerre

446 4745 551 4789 nos
576 4733 814 4792 Domino
836 4754 1031 4810 preces
1050 4739 1220 4800 videt.

519 4822 894 4887 Quamobrem
929 4828 1127 4885 utilius
1151 4836 1399 4901 censent,
1429 4832 1624 4891 breves
1662 4836 1890 4909 quidem
1910 4854 2040 4894 ora-

446 4910 648 4981 tiones,
668 4915 767 4969 sed
793 4916 1161 4976 creberrimas
1179 4922 1303 4978 ﬁeri
1319 4923 1500 4991 (Ibid.,
1526 4941 1572 4980 c.
1599 4923 1704 4996 11).
1728 4926 2040 5000 Meliusque

449 5016 573 5058 esse
599 5003 810 5071 dicunt,
830 5006 1024 5067 decem
1058 5010 1260 5081 psalmi
1303 5028 1498 5069 versus
1537 5030 1664 5070 cum
1703 5016 2038 5073 contritione

445 5092 629 5149 cordis
647 5099 706 5150 et
722 5111 851 5151 cum
871 5098 1191 5156 rationabili
1209 5102 1588 5175 assignatione
1607 5110 1852 5174 cantare,
1870 5124 2039 5179 quam

444 5186 679 5242 totidem
711 5187 957 5260 psalmos
982 5205 1112 5246 cum
1139 5191 1464 5248 confusione
1492 5195 1697 5250 mentis
1727 5195 2031 5253 effundere.

1041 5271 1275 5329 CAPUT
1298 5273 1449 5329 XIX.

444 5357 597 5424 Quod
623 5359 689 5413 in
714 5362 1059 5429 responsione
1085 5363 1330 5418 Alleluia
1360 5379 1475 5419 non
1509 5366 1734 5421 dicatur
1762 5370 2030 5436 psalmus,

755 5452 869 5504 nisi
890 5453 990 5521 qui
1020 5451 1117 5506 hoc
1154 5454 1317 5507 titulo
1339 5460 1704 5522 prwnotatur.

516 5535 660 5590 Illud
689 5553 912 5610 quoque
938 5541 1090 5612 apud
1118 5558 1214 5597 eos
1237 5542 1391 5597 omni
1411 5542 1767 5599 observantia
1796 5547 2037 5601 custodi-

446 5627 543 5682 tur
573 5625 769 5695 (Gass.,
810 5629 909 5684 lib.
940 5643 980 5686 ιι
1015 5631 1225 5701 Instit.,
1247 5648 1295 5687 c.
1327 5632 1435 5701 11),
1474 5637 1541 5689 ut
1575 5633 1634 5689 in
1674 5635 2037 5709 responsione

2120 4642 2281 4699 ferna
2308 4650 2627 4715 penetrans,
2660 4645 3072 4702 inextricabiles
3096 4647 3298 4703 tartari
3324 4646 3591 4725 tenebras
3619 4664 3715 4704 co-

2119 4734 2438 4789 ruscatione
2463 4734 2553 4790 sui
2594 4736 2908 4807 splendoris
2939 4736 3209 4792 exstinxit
3255 4738 3469 4809 (Matth.
3512 4742 3712 4809 xxvn);

2118 4827 2425 4895 portasque
2474 4840 2650 4879 aereas
2704 4826 2826 4896 ejus
2870 4825 3190 4897 eﬁringens,
3230 4831 3289 4881 et
3312 4842 3468 4882 seras
3503 4826 3714 4883 ferreas

2119 4917 2434 4981 conterens,
2451 4913 3031 4986 captivitatemmﬁ
3045 4920 3366 4971 sanctorum
3375 4931 3500 4988 qua
3518 4916 3713 4972 clausa

2120 5001 2436 5071 tenebatur,
2494 5019 2685 5059 secum
2730 5004 3043 5059 transvexit
3088 5005 3161 5059 ad
3197 5005 3384 5073 caelos,
3433 5005 3714 5078 ignesque

2119 5092 2445 5165 rhomphzea
2486 5092 2765 5163 submota,
2814 5094 3110 5165 antiquum
3164 5094 3406 5151 incolam
3448 5095 3714 5167 paradiso

2120 5182 2384 5237 restituit.
2404 5183 2614 5237 Eadem
2639 5199 2862 5256 quoque
2888 5181 3031 5238 hora
3059 5184 3351 5239 Cornelius
3379 5184 3634 5240 centurio
3654 5184 3714 5241 in

2116 5271 2374 5345 precibus
2400 5272 2705 5344 persistens
2727 5275 2864 5346 (Act.
2886 5275 2959 5343 κ),
2973 5273 3567 5328 commemorationem
3590 5290 3715 5328 ora-

2116 5362 2336 5417 tionum
2350 5367 2407 5416 et
2416 5362 2903 5435 eleemosynarum
2917 5377 3150 5418 suarum
3167 5367 3299 5417 ante
3313 5362 3493 5417 Deum
3507 5362 3712 5418 factam

2118 5451 2190 5507 ab
2206 5452 2406 5523 angelo
2417 5452 2523 5508 sibi
2541 5453 2806 5523 loquente
2824 5452 3127 5523 cognoscit.
3142 5451 3355 5517 Quibus
3375 5452 3713 5507 testimoniis

2118 5541 2329 5614 liquido
2348 5541 2746 5613 comprobatur
2759 5558 2873 5598 non
2885 5542 3170 5597 immerito
3186 5540 3397 5596 sanctis
3417 5546 3477 5595 et
3493 5546 3715 5613 aposto-

2117 5636 2240 5696 licis
2270 5634 2404 5691 viris
2420 5634 2523 5690 has
2551 5634 2720 5690 horas
2746 5633 3023 5708 religiosis
3050 5631 3332 5705 obsequiis
3359 5637 3713 5691 consecutus
