3876 6378
219 346 329 406 829
985 347 1362 406 EXCERP’I‘A
1398 350 1495 407 EX
1530 350 1829 409 SEVERO
1846 350 2181 413 SULPICIO
2220 350 2308 406 ET
2344 346 2722 405 CASSIANO.
3389 338 3500 398 830

219 489 254 527 a
278 472 441 529 nobis
463 489 686 546 quoque
697 474 978 531 observari
988 473 1254 530 similiter
1271 480 1531 547 oportere
1554 495 1566 531 :
1595 477 1692 551 qui
1704 478 1812 533 nisi
1828 480 1882 540 Α
1961 477 2044 532 Ac
2071 476 2301 532 demum
2323 476 2555 531 docetur
2570 470 2834 545 primitus
2854 485 2986 526 suas
2997 466 3221 524 vincere
3240 466 3499 522 volunta-

221 563 377 616 velut
393 563 519 633 lege
539 564 781 634 quadam
805 564 1017 618 solvere
1038 563 1158 618 hac
1177 564 1402 635 pietatis
1413 565 1598 621 ofﬁcia
1616 567 1817 622 saltem
1900 569 2004 631 tes,
2020 570 2079 620 et
2097 582 2163 621 ea
2177 565 2260 621 illi
2280 564 2482 636 sapius
2498 563 2776 634 imperare
2797 560 3046 625 student,
3064 573 3186 628 qua
3216 555 3499 612 senserint

220 651 450 706 statutis
478 651 825 724 temporibus
851 653 1166 723 adigamur,
1194 657 1377 708 totum
1422 655 1533 709 diei
1573 656 1819 726 spatium
1901 654 2092 708 animo
2121 655 2244 725 ejus
2272 670 2393 708 esse
2423 650 2704 706 contraria
2736 649 2917 717 (Ibid,
2945 663 2991 700 ο.
3014 645 3092 715 8).
3116 643 3497 699 Pronuntiant

221 740 501 795 oblivione
529 746 627 795 aut
659 741 875 796 desidia
901 742 986 795 vel
1007 741 1163 796 vanis
1193 743 1650 814 occupationibus
1669 745 1821 800 invo-
1903 742 2052 797 enim
2070 744 2392 797 nullatenus
2420 757 2584 813 posse
2603 738 2936 793 monachum
2958 734 3257 807 praevalere
3270 732 3359 787 vel
3373 732 3491 798 ira.

222 828 347 896 luti,
378 829 590 901 absque
621 828 889 885 orationis
918 830 1368 902 interpellatione
1400 848 1815 889 consumamus.
1901 832 1989 886 vel
2025 831 2287 898 tristitia,
2312 832 2402 886 vel
2427 828 2653 902 spiritui
2671 823 3074 891 fornicationis,
3106 822 3218 878 nisi
3237 822 3394 893 prius
3414 820 3497 875 di-

821 918 1054 974 CAPUT
1083 920 1229 974 XXI.
1902 921 2101 976 dicerit
2134 921 2470 975 mortiﬁcare
2500 935 2601 990 per
2635 914 3011 971 obedientiam
3059 929 3190 967 suas
3234 910 3495 965 volunta-

224 1006 361 1062 Cum
376 1012 589 1077 quanta
606 1009 930 1062 discretione
944 1013 992 1062 et
1005 1012 1219 1063 cautela
1235 1011 1613 1078 suscipiantur
1627 1012 1690 1065 in
1704 1027 1819 1065 mo-
1901 1016 1988 1065 tes
2010 1030 2023 1076 ;
2056 1010 2153 1064 sed
2174 1027 2277 1064 nec
2295 1009 2672 1064 humilitatem
2702 1006 2928 1076 quidem
2957 1001 3140 1057 cordis
3158 1016 3366 1064 veram,
3392 1014 3497 1054 nec

540 1101 783 1151 nasterio
813 1098 1275 1151 abrenuntiantes
1302 1101 1515 1152 sarculo.
1901 1117 2029 1156 cum
2056 1099 2324 1153 fratribus
2349 1097 2703 1153 concordiam
2752 1096 2974 1149 ﬁrmam
3020 1107 3182 1162 posse
3227 1088 3492 1156 retinere,

296 1185 439 1239 Cum
465 1185 642 1255 igitur
668 1184 792 1256 quis
821 1185 1246 1240 renuntiaturus
1275 1186 1462 1241 saculi
1487 1187 1820 1258 negotiis,in
1902 1204 2004 1244 nec
2031 1188 2091 1243 in
2132 1185 2470 1243 monasterio
2515 1185 2728 1240 diutius
2766 1196 3098 1254 permanere
3123 1195 3254 1235 cum
3282 1176 3379 1250 qui
3401 1192 3493 1233 vo-

224 1274 632 1328 monasterium
654 1290 713 1328 se
734 1274 941 1344 suscipi
961 1274 1240 1345 rogaverit
1281 1276 1470 1342 (Casa,
1487 1279 1524 1329 l.
1543 1290 1595 1329 Iv
1610 1278 1817 1343 Instit.,
1903 1277 2149 1333 luntates
2177 1293 2308 1331 suas
2332 1292 2446 1330 non
2474 1273 2732 1329 didicerit
2762 1286 3050 1342 superare.

224 1378 271 1415 ο.
304 1360 381 1429 3),
403 1378 515 1416 non
527 1368 658 1416 ante
680 1362 1000 1417 admittitur
1018 1380 1189 1434 quam
1205 1362 1403 1418 diebus
1428 1364 1621 1418 decem
1640 1366 1725 1419 vel
1755 1382 1821 1420 eo
2477 1363 2709 1419 CAPUT
2738 1361 2922 1418 XXII.

225 1450 471 1520 amplius
514 1466 616 1521 pro
667 1449 878 1505 foribus
932 1451 1260 1506 monasterii
1330 1451 1626 1519 excubans,
1679 1453 1822 1507 indi-
1906 1456 2058 1524 Quod
2090 1458 2283 1509 nullus
2324 1456 2383 1508 in
2421 1454 2754 1508 monasterio
2785 1453 2905 1504 sine
2937 1449 3186 1518 jussione
3217 1445 3502 1501 seniorum

225 1537 374 1592 cium
398 1539 827 1610 perseverantia
858 1557 991 1607 sua,
1028 1541 1241 1612 pariter
1267 1540 1604 1596 humilitatis
1638 1558 1702 1595 ac
1727 1559 1822 1613 pa-
2329 1558 2490 1611 agere
2514 1541 2735 1610 aliquid
2746 1541 3069 1609 praisumat.

224 1626 439 1682 tientia
487 1628 971 1683 demonstraverit.
1025 1630 1278 1701 Cumque
1307 1630 1558 1684 omnium
1582 1630 1822 1685 fratrum
1975 1634 2110 1688 Post
2138 1632 2257 1686 hac
2296 1635 2455 1685 tanta
2483 1628 2835 1687 observantia
2864 1626 3014 1698 apud
3045 1641 3140 1680 eos
3167 1621 3497 1681 obedientia

224 1716 686 1787 praetereuntium
714 1716 950 1787 genibus
979 1718 1322 1789 provolutus,
1361 1723 1417 1773 et
1445 1718 1515 1772 ab
1546 1718 2102 1793 universish-regula
2128 1720 2441 1776 custoditur
2496 1719 2681 1789 (0ass.,
2717 1720 2755 1771 ι.
2789 1731 2843 1771 1v
2870 1718 3079 1781 Instit.,
3110 1731 3156 1768 c.
3195 1710 3302 1781 10),
3334 1717 3399 1766 ut
3411 1712 3501 1782 ju-

222 1804 501 1859 refutatus
529 1811 699 1877 atque
728 1806 1023 1877 despectus
1048 1806 1139 1871 sit,
1177 1807 1337 1878 quasi
1376 1808 1472 1877 qui
1508 1824 1622 1862 non
1652 1781 1879 1863 causaB
1901 1814 2087 1866 niores
2106 1810 2317 1881 absque
2329 1807 2613 1880 praepositi
2628 1806 2715 1861 sui
2734 1804 2970 1860 scientia
2993 1803 3081 1858 vel
3095 1802 3376 1874 permissu
3395 1815 3501 1855 nec

220 1893 528 1965 religionis,
576 1895 673 1949 sed
721 1895 1069 1949 necessitatis
1124 1894 1357 1950 obtentu
1410 1897 1817 1952 monasterium
1900 1902 2133 1973 adipsas
2154 1899 2380 1971 quidem
2398 1897 2685 1952 naturales
2706 1890 3496 1964 necessitatesprogredipra-

217 1987 375 2053 optet
404 1983 637 2050 intrare,
674 1984 895 2054 injuriis
923 2000 1143 2055 quoque
1164 1985 1356 2040 multis
1375 1986 1624 2051 affectus,
1651 2003 1817 2058 expe-
1901 1994 2129 2045 sumant
2152 2008 2164 2057 ;
2197 1993 2253 2043 et
2271 1988 2351 2042 sic
2366 1986 2628 2041 universa
2643 1988 2937 2055 pracepta,
2959 1999 3080 2053 qua
3103 1981 3182 2036 eis
3203 1979 3274 2033 ab
3293 1977 3495 2032 abbate

217 2069 527 2126 rimentum
543 2072 762 2127 dederit
781 2072 1107 2127 constantiae
1129 2090 1241 2127 sua
1265 2092 1277 2140 ;
1312 2078 1369 2128 et
1388 2075 1569 2145 qualis
1595 2074 1818 2129 futurus
1898 2078 2418 2148 fuerintimperata,
2437 2074 2717 2145 complere
2737 2072 3026 2137 festinant,
3052 2076 3321 2140 tanquam
3352 2066 3400 2121 si
3427 2082 3495 2121 ex

215 2159 287 2214 sit
313 2160 374 2214 in
402 2160 829 2228 tentationibus,
863 2161 1142 2233 approbrii
1173 2163 1475 2218 tolerantia
1505 2164 1811 2218 declarave-
1900 2168 2017 2223 Deo
2043 2167 2158 2221 sint
2180 2165 2396 2219 calitus
2428 2164 2598 2230 edita,
2616 2166 2681 2217 ut
2709 2160 3008 2232 aliquando
3038 2159 3207 2213 etiam
3230 2155 3493 2227 impossi—

217 2249 319 2317 rit;
350 2255 521 2321 atque
552 2250 633 2305 ita
651 2252 1008 2323 postmodum
1030 2257 1340 2323 susceptus,
1365 2252 1655 2323 diligentia
1670 2270 1818 2308 sum-
1898 2255 2037 2311 bilia
2063 2255 2290 2311 sibimet
2329 2254 2624 2325 imperata,
2658 2268 2726 2306 ea
2752 2251 2861 2305 ﬁde
2888 2266 2954 2304 ac
2981 2248 3273 2303 devotione
3313 2244 3493 2300 susci-

218 2354 313 2392 ma
339 2339 689 2411 perquiritur
715 2356 786 2394 ne
816 2340 884 2394 de
914 2339 1270 2395 facultatibus
1299 2341 1415 2395 suis
1441 2340 1731 2397 inhaserit
1766 2342 1817 2397 ei
1898 2346 2076 2419 piant,
2111 2350 2174 2400 ut
2199 2349 2320 2400 tota
2362 2343 2566 2398 virtute
2606 2341 2875 2414 perﬁcere
2907 2356 2976 2394 ea
3012 2343 3072 2392 et
3103 2348 3495 2393 consummare

217 2427 302 2481 vel
324 2428 493 2484 unius
514 2428 730 2483 nummi
749 2429 1026 2500 contagio.
1054 2428 1241 2484 Scient
1258 2429 1409 2484 enim
1425 2446 1555 2485 eum
1575 2430 1679 2485 sub
1694 2447 1817 2486 mo-
1898 2435 2174 2490 nitantur.

217 2516 762 2589 nasteriidisciplina
780 2518 1112 2573 diuturnum
1136 2535 1257 2573 esse
1289 2535 1401 2573 non
1414 2520 1704 2590 posse,sed
1716 2536 1818 2574 nec
1969 2525 2166 2595 Itaque
2194 2521 2548 2577 considentes
2574 2520 2726 2575 intra
2749 2518 2955 2574 cubilia
2994 2534 3116 2582 sua,
3149 2520 3206 2570 et
3237 2514 3395 2586 operi
3430 2529 3497 2569 ac

218 2605 602 2660 humilitatem
622 2611 721 2661 aut
741 2606 1117 2661 obedientiam
1138 2607 1410 2674 obtinere,
1436 2608 1482 2662 si
1511 2607 1569 2662 in
1588 2625 1819 2680 conspe-
1902 2611 2257 2667 meditationi
2299 2610 2549 2665 studium
2594 2607 2807 2681 pariter
2850 2606 3237 2678 impendentes
3278 2604 3493 2671 (lbid.,

219 2701 314 2749 ctu
347 2696 470 2766 ejus
497 2696 1053 2767 quantulumcunque
1080 2696 1329 2767 pecunia
1352 2696 1675 2751 latitaverit.
1901 2719 1947 2757 ο.
1986 2699 2093 2771 12),
2122 2716 2250 2755 cum
2279 2700 2504 2771 signum
2534 2697 2763 2768 aliquod
2784 2696 3071 2752 audierint
3093 2695 3165 2750 ad
3185 2692 3497 2748 orationem

292 2783 668 2849 Quamobrem
701 2785 780 2839 ita
807 2785 1056 2839 nudatur
1079 2785 1485 2856 unusquisque,
1517 2802 1646 2841 cum
1671 2803 1820 2841 rece-
1903 2807 2000 2846 eos
2027 2807 2127 2845 seu
2156 2789 2228 2844 ad
2248 2805 2387 2861 opus
2405 2786 2908 2859 aliquodinvitans,
2937 2784 3192 2841 certatim
3215 2783 3286 2838 de
3303 2780 3497 2837 cubili-
3598 2856 3603 2863 _

220 2879 353 2946 ptus
382 2873 569 2940 fuerit,
614 2874 767 2927 omni
814 2873 1054 2944 pristina
1095 2873 1380 2941 facultate,
1416 2880 1482 2929 ut
1519 2891 1589 2929 ne
1635 2875 1818 2947 ipsum
1901 2879 2008 2935 bus
2034 2879 2150 2934 suis
2181 2878 2568 2949 unusquisque
2596 2874 2931 2948 prorumpit,
2955 2875 3037 2928 ita
3055 2878 3120 2927 ut
3133 2873 3227 2926 ille
3248 2870 3344 2942 qui
3364 2868 3497 2925 scri-

225 2962 453 3035 quidem
476 2963 871 3017 vestimentum
893 2979 1003 3034 quo
1018 2962 1250 3018 indutus
1261 2968 1346 3017 est
1364 2963 1571 3019 habere
1590 2965 1821 3036 permit-
1901 2975 2097 3041 pturas
2126 2973 2363 3033 exercet,
2397 2983 2521 3020 cum
2550 2969 2807 3036 repertus
2837 2962 3005 3018 fuerit
3028 2962 3322 3016 inchoasse
3349 2960 3496 3014 litte-

222 3056 378 3108 tatur
406 3052 645 3106 ulterius
669 3053 851 3123 (Ibid,
877 3069 923 3107 ο.
956 3054 1029 3119 ν);
1062 3052 1161 3106 sed
1185 3052 1246 3106 in
1269 3057 1549 3107 conventu
1576 3052 1817 3109 fratrum
1836 3100 1881 3162 Ο
1902 3074 2043 3124 ram,
2091 3057 2252 3112 ﬁnire
2295 3072 2409 3111 non
2436 3054 2666 3121 audeat;
2699 3053 2799 3108 sed
2838 3052 2897 3107 in
2926 3052 3123 3106 eodem
3152 3055 3360 3123 puncto
3386 3065 3497 3120 quo

223 3141 530 3162 __-.I___L___
560 3140 612 3162 ἑ..
648 3141 889 3162 ---.1ε--...
955 3140 1172 3162 -.η-ἔλα-..
1191 3140 1431 3162 _._.-_..22_
1452 3141 1638 3162 £_._I__---
1661 3143 1784 3162 ,ΛΑΞΑ
1955 3146 1968 3162 1
2006 3151 2059 3162 .-
2092 3152 2121 3162 ρ
2140 3151 2190 3162 Α-
2307 3161 2338 3162 ,,
2414 3145 2510 3162 4'”,
2550 3160 2562 3162 _
2585 3142 2760 3162 A__!4_‘_
2783 3140 3057 3162 __-_ln-_.L2-
3090 3138 3228 3162 _2__2
3265 3138 3471 3162 -J-.-_-

223 3141 533 3214 productus
560 3140 619 3195 in
648 3141 914 3208 medium,
949 3140 1172 3196 exuitur
1191 3140 1433 3213 propriis
1451 3141 1816 3211 indumentis,
1836 3138 1881 3162 υ
1902 3146 1973 3201 ad
2001 3151 2195 3212 546
2212 3161 2377 3201 aures
2402 3145 2525 3214 ejus
2546 3142 2763 3199 sonitus
2782 3140 3059 3213 pulsantis
3087 3138 3234 3211 signi
3263 3138 3497 3193 advene-

224 3246 290 3285 ac
309 3247 412 3302 per
438 3246 640 3285 manus
670 3229 886 3285 abbatis
906 3229 1162 3285 induitur
1174 3230 1503 3285 monasterii
1524 3231 1822 3286 vestimen-
1903 3236 1997 3303 rit,
2029 3251 2252 3291 summa
2274 3233 2566 3287 velocitate
2598 3230 2910 3303 prosiliens,
2932 3246 3005 3284 ne
3024 3232 3246 3283 tantum
3268 3226 3495 3297 quidem

222 3320 316 3387 tis,
351 3325 418 3374 ut
444 3336 545 3392 per
566 3320 669 3374 hoc
694 3336 807 3374 non
848 3320 1029 3375 solum
1070 3336 1131 3374 se
1168 3318 1443 3374 universis
1490 3319 1660 3375 rebus
1706 3321 1822 3376 suis
1904 3341 2073 3379 mora
2103 3324 2154 3379 ei
2181 3324 2524 3394 interponat,
2556 3324 2830 3393 quantum
2851 3318 3020 3389 capti
3038 3316 3214 3389 apicis
3242 3330 3499 3371 consum-

225 3409 474 3481 antiquis
485 3408 701 3464 noverit
719 3409 1040 3480 spoliatum,
1065 3408 1164 3465 sed
1185 3408 1358 3463 etiam
1371 3409 1525 3463 omni
1546 3410 1821 3465 mundiali
1904 3419 2023 3468 met
2048 3412 2311 3483 effigiem.

222 3497 373 3553 fastu
391 3498 664 3570 deposito,
685 3498 755 3552 ad
770 3497 977 3553 Christi
996 3502 1389 3570 paupertatem
1408 3502 1466 3553 et
1482 3499 1734 3570 inopiam
1763 3516 1822 3554 se
1974 3502 2135 3557 Illam
2157 3517 2291 3556 sane
2312 3500 2578 3555 virtutem
2600 3499 2749 3553 inter
2767 3501 2996 3553 cateras
3015 3494 3397 3551 institutiones
3410 3506 3501 3545 eo-

228 3587 584 3643 descendisse
607 3592 923 3659 cognoscat.
1904 3607 2032 3646 rum
2054 3607 2316 3661 magnam
2344 3606 2465 3644 esse
2481 3588 2843 3659 cognovimus
2883 3586 3198 3652 (0ass.,.lib.
3222 3597 3294 3649 1v,
3315 3599 3359 3637 ο.
3393 3579 3494 3648 13),

300 3677 405 3733 Illa
424 3693 553 3733 vero
575 3694 697 3749 qua
722 3676 911 3749 posuit
933 3676 1266 3731 vestimenta
1295 3676 1478 3746 (Ibid,
1513 3692 1561 3734 ο.
1591 3675 1669 3746 6),
1701 3681 1825 3732 tan-
1909 3679 2057 3751 quod
2077 3680 2216 3733 nulli
2241 3679 2528 3745 ﬁscellam,
2551 3678 2691 3732 nulli
2718 3676 3059 3749 peculiarem
3097 3678 3367 3745 spor-tam,
3399 3686 3503 3723 nec

229 3766 324 3821 diu
358 3771 715 3821 reservantur
742 3766 801 3820 in
836 3764 1196 3833 monasterio,
1235 3765 1412 3820 donec
1442 3766 1724 3837 profectus
1773 3772 1829 3822 et
1908 3768 2123 3838 aliquid
2139 3768 2293 3823 aliud
2309 3768 2468 3839 quasi
2492 3767 2780 3839 proprium
2799 3759 3385 3838 possidereliceat.sed
3400 3775 3503 3813 nec

230 3855 668 3911 conversationis
693 3856 815 3927 ejus
844 3871 909 3909 ac
925 3854 1239 3911 tolerantia
1256 3854 1523 3910 virtutem
1544 3855 1830 3912 evidenter
1909 3857 2076 3913 verbo
2107 3857 2334 3930 quidem
2361 3857 2569 3911 audeat
2595 3856 2720 3928 quis
2739 3856 2925 3910 dicere
2946 3852 3157 3924 aliquid
3176 3866 3296 3905 esse
3313 3864 3498 3913 suum.

229 3932 558 4018 agnoscant.
594 3945 660 4000 Et
681 3945 728 3999 si
753 3961 916 4017 posse
932 3961 1061 3999 eum
1090 3943 1168 3999 ibi
1190 3944 1497 4017 perdurare
1534 3961 1825 4017 perspexe-
2472 3945 2706 4001 CAPUT
2729 3945 2930 4000 XXIII.

229 4034 365 4103 rint,
379 4039 515 4089 tunc
530 4033 911 4107 indigentibus
928 4033 1470 4090 eademvestimenta
1485 4034 1822 4106 largiuntur;
1968 4040 2041 4094 De
2071 4038 2249 4092 tribus
2275 4037 2468 4105 granis
2498 4037 2771 4089 lenticula
2800 4036 3137 4102 negligenter
3162 4030 3426 4085 dimissis.

230 4125 319 4181 sin
336 4141 465 4180 vero
479 4124 538 4179 in
560 4123 974 4196 quadamillum
988 4123 1437 4179 murmuratione
1463 4124 1546 4178 vel
1576 4124 1829 4196 qualibet
1979 4126 2159 4198 Igitur
2184 4125 2246 4180 in
2285 4124 2601 4195 septimana
2626 4123 2921 4195 cujusdam
2951 4120 3163 4191 fratris,
3195 4118 3292 4191 qui
3320 4116 3504 4173 ofﬁcio

230 4212 593 4269 inobedienta
629 4212 1120 4285 deprehenderint,
1167 4216 1434 4268 exuentes
1474 4229 1606 4268 eum
1635 4230 1828 4269 mona-
1910 4216 2161 4288 coquina
2208 4212 2558 4270 deserviebat
2594 4214 2785 4282 (Casa,
2839 4213 2935 4268 lib.
2969 4225 3022 4266 xv
3071 4212 3279 4276 Instit.,
3311 4224 3357 4263 c.
3390 4207 3503 4275 20),

232 4301 411 4370 sterii,
427 4301 628 4374 quibus
641 4302 871 4358 indutus
882 4306 1022 4371 erat,
1036 4301 1404 4370 vestimentis,
1430 4306 1486 4357 et
1501 4302 1828 4358 revestitum
1911 4324 2039 4362 cum
2061 4304 2391 4378 praeteriens
2415 4303 2752 4377 praepositus
2780 4299 3128 4367 monasterii,
3172 4298 3285 4353 tria
3328 4312 3509 4369 grana

233 4390 502 4463 antiquis,
526 4408 649 4465 qua
668 4396 891 4447 servata
915 4390 1157 4461 fuerant,
1185 4390 1475 4464 depellunt
1503 4390 1572 4447 de
1600 4408 1830 4464 congre-
1847 4460 1887 4466 _
1909 4395 2188 4451 lenticula
2204 4395 2393 4466 jacere
2419 4392 2651 4448 vidisset
2685 4392 2746 4446 in
2773 4395 2945 4458 terra,
2991 4406 3115 4462 qua
3148 4386 3310 4442 fratri
3352 4384 3509 4440 festi.

233 4460 486 4553 εαιὶὧιθο
541 4460 565 4465 ν
1146 4460 1151 4461 7
1257 4460 1278 4464 _
1710 4460 1733 4464 ν
1847 4460 2073 4541 I)nanti
2123 4460 2537 4540 advcoctionem
2577 4460 3027 4554 praeparandam,
3076 4478 3227 4531 inter
3280 4489 3504 4541 manus,

308 4570 452 4627 Cum
470 4569 649 4643 igitur
667 4570 792 4643 quis
816 4575 1126 4643 susceptus,
1171 4575 1229 4627 et
1268 4570 1374 4627 hac
1415 4570 1834 4645 perseverantia
1915 4574 2138 4648 quando
2168 4588 2317 4645 aqua
2350 4570 2662 4638 lavabatur,
2710 4570 2901 4641 elapsa
2939 4567 3181 4633 fuerant,
3213 4562 3508 4619 confestim

241 4661 372 4734 (qua
401 4660 662 4729 diximus)
688 4660 858 4716 fuerit
878 4660 1290 4735 comprobatus,
1318 4677 1384 4717 ac
1412 4660 1681 4734 depositis
1708 4677 1834 4733 pro-
1915 4680 2085 4736 super
2106 4663 2213 4717 hoc
2230 4660 2491 4716 abbatem
2515 4657 2813 4715 consuluit.
2835 4658 2991 4713 Tunc
3016 4655 3191 4710 frater
3217 4653 3332 4720 ille,
3353 4651 3509 4706 velut

235 4750 377 4823 priis
403 4750 768 4819 indumentis,
803 4750 1001 4807 habitu
1025 4750 1408 4806 monasteriali
1440 4750 1610 4806 fuerit
1647 4750 1831 4806 accin-
1914 4753 2253 4809 interversor
2277 4755 2335 4805 et
2372 4749 2662 4821 neglector
2695 4745 2840 4803 sacri
2875 4744 3080 4818 peculii
3095 4743 3403 4817 judicatus,
3436 4739 3508 4796 ab

238 4845 365 4896 ctus
393 4840 576 4912 (Ibid.,
609 4858 654 4895 ο.
684 4838 757 4913 7),
790 4857 904 4897 non
929 4840 1120 4896 statim
1148 4840 1569 4913 congregationi
1593 4840 1834 4897 fratrum
1916 4842 2170 4900 oratione
2199 4855 2502 4912 suspensus
2514 4834 3174 4908 estzcujusnegligentia
3189 4836 3381 4889 reatus
3395 4846 3510 4887 non

235 4930 587 4985 commisceri
601 4930 969 5003 permitittur;
984 4930 1082 4987 sed
1098 4930 1403 5003 deputatur
1419 4930 1585 4987 alicui
1604 4930 1832 4998 seniori,
1916 4933 2081 4988 aliter
2113 4930 2166 4986 ei
2211 4929 2479 4985 remissus
2507 4932 2611 4997 est,
2641 4925 2753 4982 nisi
2776 4942 2908 4981 cum
2932 4924 3159 5000 publica
3180 4920 3514 4998 pauitantia

240 5019 339 5093 qui
366 5036 622 5075 seorsum
646 5036 761 5076 non
790 5020 955 5092 longe
982 5038 1017 5076 a
1042 5020 1315 5077 vestibulo
1343 5020 1669 5077 monasterii
1689 5036 1837 5076 com-
1914 5022 2189 5080 diluisset.

237 5126 495 5179 manens,
517 5108 688 5166 habet
702 5126 894 5166 curam
913 5110 1339 5183 peregrinorum
1352 5116 1520 5183 atque
1539 5110 1837 5167 advenien—
2459 5107 2693 5164 CAPUT
2713 5106 2961 5164 XXXIV.

233 5198 381 5254 tium
403 5198 752 5271 deputatam,
785 5200 977 5272 eisque
1002 5215 1228 5256 omnem
1256 5200 1609 5273 diligentiam
1652 5214 1837 5255 susce-
1916 5203 1992 5259 De
2019 5202 2229 5258 duobus
2258 5198 2563 5267 monachis,
2596 5201 2661 5253 in
2690 5212 2933 5269 quorum
2958 5196 3268 5266 septimam
3289 5191 3510 5260 lignum

236 5288 447 5362 ptionis
458 5294 517 5344 et
529 5289 898 5346 humanitatis
913 5290 1204 5362 impendit.
1218 5289 1469 5363 Cumque
1480 5290 1687 5346 ibidem
1707 5306 1838 5347 cum
2605 5289 2818 5356 defecit.

237 5377 362 5450 ipso
392 5377 614 5450 integro
640 5396 786 5435 anno
829 5379 1166 5448 deserviens,
1201 5380 1413 5453 absque
1460 5381 1579 5436 ulla
1609 5379 1839 5453 querela
1989 5380 2132 5438 Novi
2170 5379 2310 5436 alios
2354 5377 2758 5451 fratres(0ass.,
2783 5376 2877 5431 lib.
2931 5388 2986 5429 IV
3038 5373 3244 5438 Instit.,
3292 5367 3404 5438 2i),
3451 5366 3511 5423 in

242 5484 411 5523 suum
440 5468 588 5524 circa
606 5470 935 5542 peregrinos
950 5470 1261 5526 exhibuerit
1275 5470 1840 5539 famulatum,doctus
1923 5487 2165 5545 quorum
2211 5470 2526 5543 septimana
2547 5482 2677 5524 cum
2719 5462 3011 5520 accidisset
3039 5464 3198 5515 tanta
3226 5459 3512 5530 lignorum

239 5574 344 5630 per
360 5558 482 5614 hac
507 5558 694 5631 prima
718 5559 1073 5616 institutione
1113 5561 1466 5631 humilitatis,
1498 5560 1840 5618 admiscetur
1920 5560 2176 5633 penuria,
2198 5563 2263 5616 ut
2272 5575 2385 5617 non
2405 5560 2554 5614 esset
2564 5555 2787 5629 penitus
2797 5551 2946 5609 unde
2959 5549 3112 5608 soliti
3129 5548 3236 5605 cibi
3247 5546 3515 5605 fratribus

242 5649 493 5721 Ροδίδεθο
522 5650 943 5723 congregationi
969 5649 1228 5708 fratrum.
1923 5653 2278 5723 pararentur,
2329 5653 2389 5705 et
2432 5647 2610 5707 donec
2649 5646 2879 5716 possent
2904 5645 3162 5714 coempta
3199 5636 3426 5707 deferri,
3451 5640 3517 5693 ut
