  <div class='ocr_page' id='page_1' title='image "/cluster/home/n/w/nwhite01/storage/ocr_20150623/73/umn.31951002477366m/421.png"; bbox 0 0 3876 6410; ppageno 0'>
   <div class='ocr_carea' id='block_1_1' title="bbox 413 361 513 419">
    <p class='ocr_par' dir='ltr' id='par_1_1' title="bbox 413 361 513 419">
     <span class='ocr_line' id='line_1_1' title="bbox 413 361 513 419; baseline -0.01 0"><span class='ocrx_word' id='word_1_1' title='bbox 413 361 513 419; x_wconf 78' lang='grc'><strong>831</strong></span> 
     </span>
    </p>
   </div>
   <div class='ocr_carea' id='block_1_2' title="bbox 1517 371 2555 432">
    <p class='ocr_par' dir='ltr' id='par_1_2' title="bbox 1517 371 2555 432">
     <span class='ocr_line' id='line_1_2' title="bbox 1517 371 2555 432; baseline 0.004 -4"><span class='ocrx_word' id='word_1_2' title='bbox 1517 371 1612 428; x_wconf 89' lang='lat' dir='ltr'><strong>DE</strong></span> <span class='ocrx_word' id='word_1_3' title='bbox 1646 372 1836 430; x_wconf 90' lang='lat' dir='ltr'><strong>VITIS</strong></span> <span class='ocrx_word' id='word_1_4' title='bbox 1873 374 2170 431; x_wconf 84' lang='lat' dir='ltr'><strong>PATRUM</strong></span> <span class='ocrx_word' id='word_1_5' title='bbox 2206 376 2422 432; x_wconf 85' lang='lat' dir='ltr'><strong>LIBER</strong></span> <span class='ocrx_word' id='word_1_6' title='bbox 2459 377 2555 432; x_wconf 87' lang='lat' dir='ltr'><strong>IV.</strong></span> 
     </span>
    </p>
   </div>
   <div class='ocr_carea' id='block_1_3' title="bbox 3576 376 3684 434">
    <p class='ocr_par' dir='ltr' id='par_1_3' title="bbox 3576 376 3684 434">
     <span class='ocr_line' id='line_1_3' title="bbox 3576 376 3684 434; baseline -0.019 0"><span class='ocrx_word' id='word_1_7' title='bbox 3576 376 3684 434; x_wconf 77' lang='lat'><strong>832</strong></span> 
     </span>
    </p>
   </div>
   <div class='ocr_carea' id='block_1_4' title="bbox 406 492 3685 573">
    <p class='ocr_par' dir='ltr' id='par_1_4' title="bbox 406 492 3685 573">
     <span class='ocr_line' id='line_1_4' title="bbox 406 492 3685 573; baseline 0.003 -28"><span class='ocrx_word' id='word_1_8' title='bbox 406 492 749 564; x_wconf 86' lang='lat' dir='ltr'><strong>xerophagia</strong></span> <span class='ocrx_word' id='word_1_9' title='bbox 766 496 1012 552; x_wconf 77' lang='lat' dir='ltr'><strong>contenti</strong></span> <span class='ocrx_word' id='word_1_10' title='bbox 1025 500 1211 552; x_wconf 87' lang='lat' dir='ltr'><strong>essent</strong></span> <span class='ocrx_word' id='word_1_11' title='bbox 1225 496 1444 552; x_wconf 82' lang='lat' dir='ltr'><strong>abbatis</strong></span> <span class='ocrx_word' id='word_1_12' title='bbox 1454 497 1655 554; x_wconf 80' lang='lat' dir='ltr'><strong>fuisset</strong></span> <span class='ocrx_word' id='word_1_13' title='bbox 1666 500 2004 555; x_wconf 86' lang='lat' dir='ltr'><strong>auctoritate</strong></span> <span class='ocrx_word' id='word_1_14' title='bbox 2021 503 2071 562; x_wconf 82' lang='grc' dir='ltr'>Α</span> <span class='ocrx_word' id='word_1_15' title='bbox 2089 517 2258 556; x_wconf 82' lang='lat' dir='ltr'><strong>senex</strong></span> <span class='ocrx_word' id='word_1_16' title='bbox 2284 503 2527 556; x_wconf 80' lang='lat' dir='ltr'><strong>latenter</strong></span> <span class='ocrx_word' id='word_1_17' title='bbox 2551 501 2748 556; x_wconf 90' lang='lat' dir='ltr'><strong>diebus</strong></span> <span class='ocrx_word' id='word_1_18' title='bbox 2772 500 3009 572; x_wconf 85' lang='lat' dir='ltr'><strong>singulis</strong></span> <span class='ocrx_word' id='word_1_19' title='bbox 3026 500 3389 573; x_wconf 87' lang='lat' dir='ltr'><strong>explorasset,</strong></span> <span class='ocrx_word' id='word_1_20' title='bbox 3403 500 3685 557; x_wconf 91' lang='lat' dir='ltr'><strong>etvideret</strong></span> 
     </span>
    </p>
   </div>
   <div class='ocr_carea' id='block_1_5' title="bbox 406 587 2007 660">
    <p class='ocr_par' dir='ltr' id='par_1_5' title="bbox 406 587 2007 660">
     <span class='ocr_line' id='line_1_5' title="bbox 406 587 2007 660; baseline 0.007 -25"><span class='ocrx_word' id='word_1_21' title='bbox 406 587 779 654; x_wconf 71' lang='lat' dir='ltr'><strong>pmceptum;</strong></span> <span class='ocrx_word' id='word_1_22' title='bbox 825 590 1085 659; x_wconf 88' lang='lat' dir='ltr'><strong>essetque</strong></span> <span class='ocrx_word' id='word_1_23' title='bbox 1126 587 1227 642; x_wconf 92' lang='lat' dir='ltr'><strong>hoc</strong></span> <span class='ocrx_word' id='word_1_24' title='bbox 1259 588 1535 643; x_wconf 82' lang='lat' dir='ltr'>universis</span> <span class='ocrx_word' id='word_1_25' title='bbox 1570 590 1858 660; x_wconf 89' lang='lat' dir='ltr'><strong>placitum,</strong></span> <span class='ocrx_word' id='word_1_26' title='bbox 1904 608 2007 647; x_wconf 91' lang='lat' dir='ltr'><strong>nec</strong></span> 
     </span>
    </p>
   </div>
   <div class='ocr_carea' id='block_1_6' title="bbox 407 669 2002 750">
    <p class='ocr_par' dir='ltr' id='par_1_6' title="bbox 407 669 2002 750">
     <span class='ocr_line' id='line_1_6' title="bbox 407 669 2002 750; baseline 0.008 -27"><span class='ocrx_word' id='word_1_27' title='bbox 407 669 706 741; x_wconf 83' lang='lat' dir='ltr'><strong>quisquam</strong></span> <span class='ocrx_word' id='word_1_28' title='bbox 718 679 906 743; x_wconf 84' lang='lat' dir='ltr'><strong>posset</strong></span> <span class='ocrx_word' id='word_1_29' title='bbox 921 675 1097 731; x_wconf 90' lang='lat' dir='ltr'><strong>ullum</strong></span> <span class='ocrx_word' id='word_1_30' title='bbox 1113 677 1379 731; x_wconf 88' lang='lat' dir='ltr'><strong>coctionis</strong></span> <span class='ocrx_word' id='word_1_31' title='bbox 1389 694 1618 749; x_wconf 90' lang='lat' dir='ltr'><strong>sperare</strong></span> <span class='ocrx_word' id='word_1_32' title='bbox 1631 680 2002 750; x_wconf 86' lang='lat' dir='ltr'><strong>pulmentum;</strong></span> 
     </span>
    </p>
   </div>
   <div class='ocr_carea' id='block_1_7' title="bbox 405 757 2005 831">
    <p class='ocr_par' dir='ltr' id='par_1_7' title="bbox 405 757 2005 831">
     <span class='ocr_line' id='line_1_7' title="bbox 405 757 2005 831; baseline 0.006 -18"><span class='ocrx_word' id='word_1_33' title='bbox 405 757 551 824; x_wconf 87' lang='lat' dir='ltr'><strong>illos,</strong></span> <span class='ocrx_word' id='word_1_34' title='bbox 573 759 727 814; x_wconf 89' lang='lat' dir='ltr'><strong>velut</strong></span> <span class='ocrx_word' id='word_1_35' title='bbox 740 760 835 831; x_wconf 87' lang='lat' dir='ltr'><strong>qui</strong></span> <span class='ocrx_word' id='word_1_36' title='bbox 849 760 1036 818; x_wconf 87' lang='lat' dir='ltr'><strong>fructu</strong></span> <span class='ocrx_word' id='word_1_37' title='bbox 1065 780 1130 819; x_wconf 92' lang='lat' dir='ltr'><strong>ac</strong></span> <span class='ocrx_word' id='word_1_38' title='bbox 1156 765 1413 821; x_wconf 81' lang='lat' dir='ltr'><strong>mercede</strong></span> <span class='ocrx_word' id='word_1_39' title='bbox 1432 766 1519 820; x_wconf 90' lang='lat' dir='ltr'><strong>sui</strong></span> <span class='ocrx_word' id='word_1_40' title='bbox 1544 766 1750 822; x_wconf 78' lang='lat' dir='ltr'><strong>laboris</strong></span> <span class='ocrx_word' id='word_1_41' title='bbox 1773 773 1834 822; x_wconf 89' lang='lat' dir='ltr'><strong>et</strong></span> <span class='ocrx_word' id='word_1_42' title='bbox 1848 768 2005 823; x_wconf 88' lang='lat' dir='ltr'><strong>obse-</strong></span> 
     </span>
    </p>
   </div>
   <div class='ocr_carea' id='block_1_8' title="bbox 408 846 2005 927">
    <p class='ocr_par' dir='ltr' id='par_1_8' title="bbox 408 846 2005 927">
     <span class='ocr_line' id='line_1_8' title="bbox 408 846 2005 927; baseline 0.008 -28"><span class='ocrx_word' id='word_1_43' title='bbox 408 846 527 917; x_wconf 92' lang='lat' dir='ltr'><strong>quii</strong></span> <span class='ocrx_word' id='word_1_44' title='bbox 536 847 1010 927; x_wconf 86' lang='lat' dir='ltr'><strong>fraudarentur,si</strong></span> <span class='ocrx_word' id='word_1_45' title='bbox 1023 853 1083 907; x_wconf 94' lang='lat' dir='ltr'><strong>in</strong></span> <span class='ocrx_word' id='word_1_46' title='bbox 1095 854 1290 908; x_wconf 83' lang='lat' dir='ltr'><strong>ordine</strong></span> <span class='ocrx_word' id='word_1_47' title='bbox 1301 854 1433 909; x_wconf 84' lang='lat' dir='ltr'>vicis</span> <span class='ocrx_word' id='word_1_48' title='bbox 1450 872 1562 910; x_wconf 87' lang='lat' dir='ltr'><strong>suae</strong></span> <span class='ocrx_word' id='word_1_49' title='bbox 1574 854 1725 909; x_wconf 90' lang='lat' dir='ltr'>cibos</span> <span class='ocrx_word' id='word_1_50' title='bbox 1740 855 2005 912; x_wconf 81' lang='lat' dir='ltr'>fratribus</span> 
     </span>
    </p>
   </div>
   <div class='ocr_carea' id='block_1_9' title="bbox 408 939 2008 1015">
    <p class='ocr_par' dir='ltr' id='par_1_9' title="bbox 408 939 2008 1015">
     <span class='ocr_line' id='line_1_9' title="bbox 408 939 2008 1015; baseline 0.007 -26"><span class='ocrx_word' id='word_1_51' title='bbox 408 950 524 990; x_wconf 91' lang='lat' dir='ltr'><strong>non</strong></span> <span class='ocrx_word' id='word_1_52' title='bbox 554 939 864 996; x_wconf 82' lang='lat' dir='ltr'><strong>secundum</strong></span> <span class='ocrx_word' id='word_1_53' title='bbox 900 942 1361 998; x_wconf 87' lang='lat' dir='ltr'><strong>consuetudinem</strong></span> <span class='ocrx_word' id='word_1_54' title='bbox 1399 944 1764 1015; x_wconf 79' lang='lat' dir='ltr'><strong>paravissent,</strong></span> <span class='ocrx_word' id='word_1_55' title='bbox 1784 950 2008 1001; x_wconf 91' lang='lat' dir='ltr'><strong>tantum</strong></span> 
     </span>
    </p>
   </div>
   <div class='ocr_carea' id='block_1_10' title="bbox 410 1023 2010 1101">
    <p class='ocr_par' dir='ltr' id='par_1_10' title="bbox 410 1023 2010 1101">
     <span class='ocr_line' id='line_1_10' title="bbox 410 1023 2010 1101; baseline 0.007 -23"><span class='ocrx_word' id='word_1_56' title='bbox 410 1023 515 1079; x_wconf 90' lang='lat' dir='ltr'>sibi</span> <span class='ocrx_word' id='word_1_57' title='bbox 534 1029 830 1097; x_wconf 89' lang='lat' dir='ltr'><strong>spontanei</strong></span> <span class='ocrx_word' id='word_1_58' title='bbox 866 1029 1074 1085; x_wconf 88' lang='lat' dir='ltr'><strong>laboris</strong></span> <span class='ocrx_word' id='word_1_59' title='bbox 1105 1048 1170 1085; x_wconf 88' lang='lat' dir='ltr'><strong>ac</strong></span> <span class='ocrx_word' id='word_1_60' title='bbox 1209 1031 1601 1088; x_wconf 88' lang='lat' dir='ltr'><strong>sollicitudinis</strong></span> <span class='ocrx_word' id='word_1_61' title='bbox 1629 1033 1915 1101; x_wconf 89' lang='lat' dir='ltr'><strong>indixisse,</strong></span> <span class='ocrx_word' id='word_1_62' title='bbox 1943 1039 2010 1091; x_wconf 90' lang='lat' dir='ltr'><strong>ut</strong></span> 
     </span>
    </p>
   </div>
   <div class='ocr_carea' id='block_1_11' title="bbox 409 1113 2008 1192">
    <p class='ocr_par' dir='ltr' id='par_1_11' title="bbox 409 1113 2008 1192">
     <span class='ocr_line' id='line_1_11' title="bbox 409 1113 2008 1192; baseline 0.008 -26"><span class='ocrx_word' id='word_1_63' title='bbox 409 1113 470 1167; x_wconf 91' lang='lat' dir='ltr'><strong>in</strong></span> <span class='ocrx_word' id='word_1_64' title='bbox 490 1113 602 1169; x_wconf 89' lang='lat' dir='ltr'><strong>illis</strong></span> <span class='ocrx_word' id='word_1_65' title='bbox 617 1116 793 1172; x_wconf 87' lang='lat' dir='ltr'><strong>aridis</strong></span> <span class='ocrx_word' id='word_1_66' title='bbox 816 1135 879 1173; x_wconf 89' lang='lat' dir='ltr'><strong>ac</strong></span> <span class='ocrx_word' id='word_1_67' title='bbox 898 1117 1349 1187; x_wconf 89' lang='lat' dir='ltr'><strong>sterilibuslocis,</strong></span> <span class='ocrx_word' id='word_1_68' title='bbox 1370 1119 1426 1175; x_wconf 88' lang='lat' dir='ltr'><strong>in</strong></span> <span class='ocrx_word' id='word_1_69' title='bbox 1439 1120 1804 1192; x_wconf 86' lang='lat' dir='ltr'><strong>quibusligna</strong></span> <span class='ocrx_word' id='word_1_70' title='bbox 1814 1124 1922 1178; x_wconf 91' lang='lat' dir='ltr'><strong>nisi</strong></span> <span class='ocrx_word' id='word_1_71' title='bbox 1938 1125 2008 1179; x_wconf 91' lang='lat' dir='ltr'><strong>de</strong></span> 
     </span>
    </p>
   </div>
   <div class='ocr_carea' id='block_1_12' title="bbox 408 1201 2009 1284">
    <p class='ocr_par' dir='ltr' id='par_1_12' title="bbox 408 1201 2009 1284">
     <span class='ocr_line' id='line_1_12' title="bbox 408 1201 2009 1284; baseline 0.006 -27"><span class='ocrx_word' id='word_1_72' title='bbox 408 1201 711 1260; x_wconf 86' lang='lat' dir='ltr'><strong>fructiferis</strong></span> <span class='ocrx_word' id='word_1_73' title='bbox 740 1205 1034 1262; x_wconf 82' lang='lat' dir='ltr'><strong>arboribus</strong></span> <span class='ocrx_word' id='word_1_74' title='bbox 1064 1208 1409 1276; x_wconf 86' lang='lat' dir='ltr'><strong>excidantur,</strong></span> <span class='ocrx_word' id='word_1_75' title='bbox 1443 1211 1781 1266; x_wconf 89' lang='lat' dir='ltr'><strong>omnimodis</strong></span> <span class='ocrx_word' id='word_1_76' title='bbox 1802 1229 2009 1284; x_wconf 91' lang='lat' dir='ltr'><strong>neque-</strong></span> 
     </span>
    </p>
   </div>
   <div class='ocr_carea' id='block_1_13' title="bbox 407 1292 2010 1373">
    <p class='ocr_par' dir='ltr' id='par_1_13' title="bbox 407 1292 2010 1373">
     <span class='ocr_line' id='line_1_13' title="bbox 407 1292 2010 1373; baseline 0.007 -27"><span class='ocrx_word' id='word_1_77' title='bbox 407 1296 513 1346; x_wconf 83' lang='lat' dir='ltr'><strong>unt</strong></span> <span class='ocrx_word' id='word_1_78' title='bbox 529 1292 787 1362; x_wconf 77' lang='lat' dir='ltr'><strong>inveniri,</strong></span> <span class='ocrx_word' id='word_1_79' title='bbox 807 1312 988 1367; x_wconf 89' lang='lat' dir='ltr'><strong>neque</strong></span> <span class='ocrx_word' id='word_1_80' title='bbox 1000 1297 1149 1351; x_wconf 91' lang='lat' dir='ltr'><strong>enim</strong></span> <span class='ocrx_word' id='word_1_81' title='bbox 1162 1297 1221 1352; x_wconf 91' lang='lat' dir='ltr'><strong>in</strong></span> <span class='ocrx_word' id='word_1_82' title='bbox 1242 1298 1353 1353; x_wconf 91' lang='lat' dir='ltr'><strong>illis</strong></span> <span class='ocrx_word' id='word_1_83' title='bbox 1368 1298 1504 1354; x_wconf 90' lang='lat' dir='ltr'><strong>locis</strong></span> <span class='ocrx_word' id='word_1_84' title='bbox 1518 1300 1635 1353; x_wconf 90' lang='lat' dir='ltr'><strong>ulla</strong></span> <span class='ocrx_word' id='word_1_85' title='bbox 1650 1302 2010 1373; x_wconf 89' lang='lat' dir='ltr'><strong>reperiuntur</strong></span> 
     </span>
    </p>
   </div>
   <div class='ocr_carea' id='block_1_14' title="bbox 407 1379 2007 1458">
    <p class='ocr_par' dir='ltr' id='par_1_14' title="bbox 407 1379 2007 1458">
     <span class='ocr_line' id='line_1_14' title="bbox 407 1379 2007 1458; baseline 0.007 -22"><span class='ocrx_word' id='word_1_86' title='bbox 407 1379 619 1437; x_wconf 83' lang='lat' dir='ltr'><strong>fruteta</strong></span> <span class='ocrx_word' id='word_1_87' title='bbox 631 1383 1113 1457; x_wconf 75' lang='lat' dir='ltr'><strong>silvestrianitur</strong></span> <span class='ocrx_word' id='word_1_88' title='bbox 1124 1403 1223 1458; x_wconf 86' lang='lat' dir='ltr'><strong>per</strong></span> <span class='ocrx_word' id='word_1_89' title='bbox 1238 1392 1468 1442; x_wconf 86' lang='lat' dir='ltr'><strong>extensa</strong></span> <span class='ocrx_word' id='word_1_90' title='bbox 1488 1390 1612 1443; x_wconf 87' lang='lat' dir='ltr'><strong>avia</strong></span> <span class='ocrx_word' id='word_1_91' title='bbox 1626 1389 2007 1446; x_wconf 89' lang='lat' dir='ltr'><strong>discurrentes</strong></span> 
     </span>
    </p>
   </div>
   <div class='ocr_carea' id='block_1_15' title="bbox 407 1468 2005 1548">
    <p class='ocr_par' dir='ltr' id='par_1_15' title="bbox 407 1468 2005 1548">
     <span class='ocr_line' id='line_1_15' title="bbox 407 1468 2005 1548; baseline 0.008 -25"><span class='ocrx_word' id='word_1_92' title='bbox 407 1468 612 1525; x_wconf 81' lang='lat' dir='ltr'><strong>fratres</strong></span> <span class='ocrx_word' id='word_1_93' title='bbox 631 1471 732 1541; x_wconf 89' lang='lat' dir='ltr'><strong>illi,</strong></span> <span class='ocrx_word' id='word_1_94' title='bbox 752 1474 878 1529; x_wconf 91' lang='lat' dir='ltr'><strong>etin</strong></span> <span class='ocrx_word' id='word_1_95' title='bbox 900 1490 1173 1543; x_wconf 89' lang='lat' dir='ltr'><strong>eremum,</strong></span> <span class='ocrx_word' id='word_1_96' title='bbox 1198 1493 1320 1548; x_wconf 62' lang='lat' dir='ltr'><strong>qua;</strong></span> <span class='ocrx_word' id='word_1_97' title='bbox 1332 1494 1524 1531; x_wconf 91' lang='lat' dir='ltr'><strong>versus</strong></span> <span class='ocrx_word' id='word_1_98' title='bbox 1543 1495 1699 1533; x_wconf 88' lang='lat' dir='ltr'><strong>mare</strong></span> <span class='ocrx_word' id='word_1_99' title='bbox 1721 1480 2005 1536; x_wconf 89' lang='lat' dir='ltr'><strong>Mortuum</strong></span> 
     </span>
    </p>
   </div>
   <div class='ocr_carea' id='block_1_16' title="bbox 408 1559 2007 1642">
    <p class='ocr_par' dir='ltr' id='par_1_16' title="bbox 408 1559 2007 1642">
     <span class='ocr_line' id='line_1_16' title="bbox 408 1559 2007 1642; baseline 0.008 -29"><span class='ocrx_word' id='word_1_100' title='bbox 408 1559 685 1628; x_wconf 86' lang='lat' dir='ltr'><strong>tenditur,</strong></span> <span class='ocrx_word' id='word_1_101' title='bbox 708 1561 1000 1631; x_wconf 89' lang='lat' dir='ltr'><strong>abeuntes,</strong></span> <span class='ocrx_word' id='word_1_102' title='bbox 1014 1564 1256 1621; x_wconf 86' lang='lat' dir='ltr'><strong>festucas</strong></span> <span class='ocrx_word' id='word_1_103' title='bbox 1277 1571 1474 1621; x_wconf 90' lang='lat' dir='ltr'><strong>tenues</strong></span> <span class='ocrx_word' id='word_1_104' title='bbox 1495 1585 1558 1623; x_wconf 92' lang='lat' dir='ltr'><strong>ac</strong></span> <span class='ocrx_word' id='word_1_105' title='bbox 1579 1568 1845 1639; x_wconf 89' lang='lat' dir='ltr'><strong>spinulas,</strong></span> <span class='ocrx_word' id='word_1_106' title='bbox 1867 1587 2007 1642; x_wconf 90' lang='lat' dir='ltr'><strong>quas</strong></span> 
     </span>
    </p>
   </div>
   <div class='ocr_carea' id='block_1_17' title="bbox 406 1650 2006 1728">
    <p class='ocr_par' dir='ltr' id='par_1_17' title="bbox 406 1650 2006 1728">
     <span class='ocr_line' id='line_1_17' title="bbox 406 1650 2006 1728; baseline 0.008 -27"><span class='ocrx_word' id='word_1_107' title='bbox 406 1652 609 1704; x_wconf 81' lang='lat' dir='ltr'><strong>ventus</strong></span> <span class='ocrx_word' id='word_1_108' title='bbox 622 1650 732 1706; x_wconf 91' lang='lat' dir='ltr'><strong>huc</strong></span> <span class='ocrx_word' id='word_1_109' title='bbox 746 1651 992 1724; x_wconf 89' lang='lat' dir='ltr'><strong>illucque</strong></span> <span class='ocrx_word' id='word_1_110' title='bbox 1011 1653 1371 1726; x_wconf 88' lang='lat' dir='ltr'><strong>disperserat,</strong></span> <span class='ocrx_word' id='word_1_111' title='bbox 1385 1656 1726 1728; x_wconf 86' lang='lat' dir='ltr'><strong>colligentes,</strong></span> <span class='ocrx_word' id='word_1_112' title='bbox 1748 1664 2006 1713; x_wconf 82' lang='lat' dir='ltr'><strong>cunctam</strong></span> 
     </span>
    </p>
   </div>
   <div class='ocr_carea' id='block_1_18' title="bbox 2089 589 3686 662">
    <p class='ocr_par' dir='ltr' id='par_1_18' title="bbox 2089 589 3686 662">
     <span class='ocr_line' id='line_1_18' title="bbox 2089 589 3686 662; baseline -0.001 -18"><span class='ocrx_word' id='word_1_113' title='bbox 2089 605 2217 644; x_wconf 91' lang='lat' dir='ltr'><strong>eum</strong></span> <span class='ocrx_word' id='word_1_114' title='bbox 2245 590 2486 662; x_wconf 87' lang='lat' dir='ltr'><strong>simplici</strong></span> <span class='ocrx_word' id='word_1_115' title='bbox 2510 589 2693 645; x_wconf 88' lang='lat' dir='ltr'><strong>cordis</strong></span> <span class='ocrx_word' id='word_1_116' title='bbox 2729 589 2931 644; x_wconf 74' lang='lat' dir='ltr'><strong>affectu</strong></span> <span class='ocrx_word' id='word_1_117' title='bbox 2960 589 3285 644; x_wconf 89' lang='lat' dir='ltr'><strong>mandatum</strong></span> <span class='ocrx_word' id='word_1_118' title='bbox 3317 604 3504 656; x_wconf 86' lang='lat' dir='ltr'><strong>suum,</strong></span> <span class='ocrx_word' id='word_1_119' title='bbox 3531 590 3686 643; x_wconf 89' lang='lat' dir='ltr'><strong>velut</strong></span> 
     </span>
    </p>
   </div>
   <div class='ocr_carea' id='block_1_19' title="bbox 2089 678 3683 750">
    <p class='ocr_par' dir='ltr' id='par_1_19' title="bbox 2089 678 3683 750">
     <span class='ocr_line' id='line_1_19' title="bbox 2089 678 3683 750; baseline -0.001 -18"><span class='ocrx_word' id='word_1_120' title='bbox 2089 678 2357 733; x_wconf 91' lang='lat' dir='ltr'><strong>divinitus</strong></span> <span class='ocrx_word' id='word_1_121' title='bbox 2401 678 2761 750; x_wconf 89' lang='lat' dir='ltr'><strong>imperatum,</strong></span> <span class='ocrx_word' id='word_1_122' title='bbox 2813 695 3055 746; x_wconf 91' lang='lat' dir='ltr'><strong>servare,</strong></span> <span class='ocrx_word' id='word_1_123' title='bbox 3123 678 3401 733; x_wconf 86' lang='lat' dir='ltr'><strong>miserans</strong></span> <span class='ocrx_word' id='word_1_124' title='bbox 3456 678 3683 733; x_wconf 87' lang='lat' dir='ltr'><strong>tandem</strong></span> 
     </span>
    </p>
   </div>
   <div class='ocr_carea' id='block_1_20' title="bbox 2089 766 3684 840">
    <p class='ocr_par' dir='ltr' id='par_1_20' title="bbox 2089 766 3684 840">
     <span class='ocr_line' id='line_1_20' title="bbox 2089 766 3684 840; baseline 0 -19"><span class='ocrx_word' id='word_1_125' title='bbox 2089 771 2205 821; x_wconf 90' lang='lat' dir='ltr'><strong>tam</strong></span> <span class='ocrx_word' id='word_1_126' title='bbox 2227 768 2380 840; x_wconf 84' lang='lat' dir='ltr'><strong>longi</strong></span> <span class='ocrx_word' id='word_1_127' title='bbox 2399 768 2605 823; x_wconf 90' lang='lat' dir='ltr'><strong>laboris</strong></span> <span class='ocrx_word' id='word_1_128' title='bbox 2628 769 2749 839; x_wconf 92' lang='lat' dir='ltr'><strong>ejus</strong></span> <span class='ocrx_word' id='word_1_129' title='bbox 2770 767 3265 840; x_wconf 89' lang='lat' dir='ltr'><strong>perseverantiam,</strong></span> <span class='ocrx_word' id='word_1_130' title='bbox 3304 767 3574 822; x_wconf 88' lang='lat' dir='ltr'><strong>accedens</strong></span> <span class='ocrx_word' id='word_1_131' title='bbox 3612 766 3684 821; x_wconf 87' lang='lat' dir='ltr'><strong>ad</strong></span> 
     </span>
    </p>
   </div>
   <div class='ocr_carea' id='block_1_21' title="bbox 2087 856 3682 928">
    <p class='ocr_par' dir='ltr' id='par_1_21' title="bbox 2087 856 3682 928">
     <span class='ocr_line' id='line_1_21' title="bbox 2087 856 3682 928; baseline -0.001 -17"><span class='ocrx_word' id='word_1_132' title='bbox 2087 857 2309 911; x_wconf 90' lang='lat' dir='ltr'><strong>aridum</strong></span> <span class='ocrx_word' id='word_1_133' title='bbox 2354 857 2680 928; x_wconf 84' lang='lat' dir='ltr'><strong>virgultum,</strong></span> <span class='ocrx_word' id='word_1_134' title='bbox 2733 857 2903 911; x_wconf 81' lang='lat' dir='ltr'><strong>dixit:</strong></span> <span class='ocrx_word' id='word_1_135' title='bbox 2940 856 2985 913; x_wconf 95' lang='grc' dir='ltr'>Ο</span> <span class='ocrx_word' id='word_1_136' title='bbox 3036 856 3115 911; x_wconf 82' lang='lat' dir='ltr'><strong>fili</strong></span> <span class='ocrx_word' id='word_1_137' title='bbox 3152 858 3413 922; x_wconf 85' lang='lat' dir='ltr'><strong>Joannes,</strong></span> <span class='ocrx_word' id='word_1_138' title='bbox 3457 856 3682 911; x_wconf 90' lang='lat' dir='ltr'><strong>misitne</strong></span> 
     </span>
    </p>
   </div>
   <div class='ocr_carea' id='block_1_22' title="bbox 2090 945 3683 1018">
    <p class='ocr_par' dir='ltr' id='par_1_22' title="bbox 2090 945 3683 1018">
     <span class='ocr_line' id='line_1_22' title="bbox 2090 945 3683 1018; baseline 0 -19"><span class='ocrx_word' id='word_1_139' title='bbox 2090 947 2305 1001; x_wconf 90' lang='lat' dir='ltr'><strong>radices</strong></span> <span class='ocrx_word' id='word_1_140' title='bbox 2333 947 2452 1001; x_wconf 81' lang='lat' dir='ltr'><strong>haec</strong></span> <span class='ocrx_word' id='word_1_141' title='bbox 2479 945 2664 1012; x_wconf 91' lang='lat' dir='ltr'><strong>arbor,</strong></span> <span class='ocrx_word' id='word_1_142' title='bbox 2694 962 2767 1000; x_wconf 90' lang='lat' dir='ltr'><strong>an</strong></span> <span class='ocrx_word' id='word_1_143' title='bbox 2795 945 2950 1000; x_wconf 85' lang='lat' dir='ltr'><strong>non?</strong></span> <span class='ocrx_word' id='word_1_144' title='bbox 2982 946 3234 1018; x_wconf 91' lang='lat' dir='ltr'><strong>Cumque</strong></span> <span class='ocrx_word' id='word_1_145' title='bbox 3258 946 3352 1000; x_wconf 91' lang='lat' dir='ltr'><strong>ille</strong></span> <span class='ocrx_word' id='word_1_146' title='bbox 3380 945 3594 1002; x_wconf 87' lang='lat' dir='ltr'><strong>nescire</strong></span> <span class='ocrx_word' id='word_1_147' title='bbox 3621 961 3683 1000; x_wconf 88' lang='lat' dir='ltr'><strong>se</strong></span> 
     </span>
    </p>
   </div>
   <div class='ocr_carea' id='block_1_23' title="bbox 2090 1033 3684 1106">
    <p class='ocr_par' dir='ltr' id='par_1_23' title="bbox 2090 1033 3684 1106">
     <span class='ocr_line' id='line_1_23' title="bbox 2090 1033 3684 1106; baseline 0 -17"><span class='ocrx_word' id='word_1_148' title='bbox 2090 1034 2340 1103; x_wconf 84' lang='lat' dir='ltr'><strong>dixisset,</strong></span> <span class='ocrx_word' id='word_1_149' title='bbox 2364 1052 2550 1100; x_wconf 84' lang='lat' dir='ltr'><strong>senex,</strong></span> <span class='ocrx_word' id='word_1_150' title='bbox 2583 1036 2735 1090; x_wconf 92' lang='lat' dir='ltr'><strong>velut</strong></span> <span class='ocrx_word' id='word_1_151' title='bbox 2754 1040 2982 1090; x_wconf 87' lang='lat' dir='ltr'><strong>tentans</strong></span> <span class='ocrx_word' id='word_1_152' title='bbox 3010 1035 3058 1090; x_wconf 93' lang='lat' dir='ltr'><strong>si</strong></span> <span class='ocrx_word' id='word_1_153' title='bbox 3080 1036 3202 1106; x_wconf 89' lang='lat' dir='ltr'><strong>jam</strong></span> <span class='ocrx_word' id='word_1_154' title='bbox 3242 1034 3359 1090; x_wconf 91' lang='lat' dir='ltr'><strong>suis</strong></span> <span class='ocrx_word' id='word_1_155' title='bbox 3401 1033 3684 1089; x_wconf 88' lang='lat' dir='ltr'><strong>radicibus</strong></span> 
     </span>
    </p>
   </div>
   <div class='ocr_carea' id='block_1_24' title="bbox 2087 1123 3683 1196">
    <p class='ocr_par' dir='ltr' id='par_1_24' title="bbox 2087 1123 3683 1196">
     <span class='ocr_line' id='line_1_24' title="bbox 2087 1123 3683 1196; baseline -0.001 -18"><span class='ocrx_word' id='word_1_156' title='bbox 2087 1124 2604 1189; x_wconf 88' lang='lat' dir='ltr'><strong>teneretur,evulsit</strong></span> <span class='ocrx_word' id='word_1_157' title='bbox 2623 1140 2813 1178; x_wconf 92' lang='lat' dir='ltr'><strong>coram</strong></span> <span class='ocrx_word' id='word_1_158' title='bbox 2833 1124 2954 1196; x_wconf 91' lang='lat' dir='ltr'><strong>ipso</strong></span> <span class='ocrx_word' id='word_1_159' title='bbox 2966 1124 3290 1194; x_wconf 87' lang='lat' dir='ltr'><strong>virgultum;</strong></span> <span class='ocrx_word' id='word_1_160' title='bbox 3315 1128 3372 1178; x_wconf 92' lang='lat' dir='ltr'><strong>et</strong></span> <span class='ocrx_word' id='word_1_161' title='bbox 3384 1123 3683 1195; x_wconf 90' lang='lat' dir='ltr'><strong>projiciens</strong></span> 
     </span>
    </p>
   </div>
   <div class='ocr_carea' id='block_1_25' title="bbox 2087 1212 3682 1286">
    <p class='ocr_par' dir='ltr' id='par_1_25' title="bbox 2087 1212 3682 1286">
     <span class='ocr_line' id='line_1_25' title="bbox 2087 1212 3682 1286; baseline 0 -19"><span class='ocrx_word' id='word_1_162' title='bbox 2087 1213 2311 1285; x_wconf 87' lang='lat' dir='ltr'><strong>longius</strong></span> <span class='ocrx_word' id='word_1_163' title='bbox 2338 1214 2495 1282; x_wconf 91' lang='lat' dir='ltr'><strong>illud,</strong></span> <span class='ocrx_word' id='word_1_164' title='bbox 2530 1214 2793 1286; x_wconf 64' lang='lat' dir='ltr'><strong>praecepit</strong></span> <span class='ocrx_word' id='word_1_165' title='bbox 2817 1213 3089 1285; x_wconf 89' lang='lat' dir='ltr'><strong>discipulo</strong></span> <span class='ocrx_word' id='word_1_166' title='bbox 3120 1218 3186 1268; x_wconf 91' lang='lat' dir='ltr'><strong>ut</strong></span> <span class='ocrx_word' id='word_1_167' title='bbox 3212 1212 3471 1285; x_wconf 90' lang='lat' dir='ltr'><strong>deinceps</strong></span> <span class='ocrx_word' id='word_1_168' title='bbox 3493 1213 3682 1284; x_wconf 87' lang='lat' dir='ltr'><strong>rigare</strong></span> 
     </span>
    </p>
   </div>
   <div class='ocr_carea' id='block_1_26' title="bbox 2089 1308 2353 1357">
    <p class='ocr_par' dir='ltr' id='par_1_26' title="bbox 2089 1308 2353 1357">
     <span class='ocr_line' id='line_1_26' title="bbox 2089 1308 2353 1357; baseline -0.004 0"><span class='ocrx_word' id='word_1_169' title='bbox 2089 1308 2353 1357; x_wconf 90' lang='lat' dir='ltr'><strong>cessaret.</strong></span> 
     </span>
    </p>
   </div>
   <div class='ocr_carea' id='block_1_27' title="bbox 2629 1388 3115 1447">
    <p class='ocr_par' dir='ltr' id='par_1_27' title="bbox 2629 1388 3115 1447">
     <span class='ocr_line' id='line_1_27' title="bbox 2629 1388 3115 1447; baseline -0.006 0"><span class='ocrx_word' id='word_1_170' title='bbox 2629 1390 2863 1447; x_wconf 84' lang='lat' dir='ltr'><strong>CAPUT</strong></span> <span class='ocrx_word' id='word_1_171' title='bbox 2889 1388 3115 1446; x_wconf 82' lang='lat' dir='ltr'><strong>XXVII.</strong></span> 
     </span>
    </p>
   </div>
   <div class='ocr_carea' id='block_1_28' title="bbox 2088 1481 3683 1551">
    <p class='ocr_par' dir='ltr' id='par_1_28' title="bbox 2088 1481 3683 1551">
     <span class='ocr_line' id='line_1_28' title="bbox 2088 1481 3683 1551; baseline -0.001 -15"><span class='ocrx_word' id='word_1_172' title='bbox 2088 1482 2161 1536; x_wconf 82' lang='lat' dir='ltr'><strong>De</strong></span> <span class='ocrx_word' id='word_1_173' title='bbox 2195 1483 2441 1536; x_wconf 86' lang='lat' dir='ltr'><strong>immani</strong></span> <span class='ocrx_word' id='word_1_174' title='bbox 2481 1498 2632 1547; x_wconf 70' lang='lat' dir='ltr'><strong>saxo,</strong></span> <span class='ocrx_word' id='word_1_175' title='bbox 2681 1482 2826 1551; x_wconf 81' lang='lat' dir='ltr'><strong>quod</strong></span> <span class='ocrx_word' id='word_1_176' title='bbox 2864 1482 3011 1534; x_wconf 82' lang='lat' dir='ltr'><strong>idem</strong></span> <span class='ocrx_word' id='word_1_177' title='bbox 3036 1482 3274 1536; x_wconf 78' lang='lat' dir='ltr'><strong>Joannes</strong></span> <span class='ocrx_word' id='word_1_178' title='bbox 3308 1496 3407 1550; x_wconf 80' lang='lat' dir='ltr'><strong>per</strong></span> <span class='ocrx_word' id='word_1_179' title='bbox 3435 1481 3683 1535; x_wconf 77' lang='lat' dir='ltr'><strong>obedien-</strong></span> 
     </span>
    </p>
   </div>
   <div class='ocr_carea' id='block_1_29' title="bbox 2686 1570 3090 1622">
    <p class='ocr_par' dir='ltr' id='par_1_29' title="bbox 2686 1570 3090 1622">
     <span class='ocr_line' id='line_1_29' title="bbox 2686 1570 3090 1622; baseline 0 0"><span class='ocrx_word' id='word_1_180' title='bbox 2686 1571 2826 1622; x_wconf 86' lang='lat' dir='ltr'><strong>tiam</strong></span> <span class='ocrx_word' id='word_1_181' title='bbox 2853 1570 3090 1622; x_wconf 69' lang='lat' dir='ltr'><strong>advexit.</strong></span> 
     </span>
    </p>
   </div>
   <div class='ocr_carea' id='block_1_30' title="bbox 2158 1655 3684 1730">
    <p class='ocr_par' dir='ltr' id='par_1_30' title="bbox 2158 1655 3684 1730">
     <span class='ocr_line' id='line_1_30' title="bbox 2158 1655 3684 1730; baseline -0.003 -15"><span class='ocrx_word' id='word_1_182' title='bbox 2158 1663 2344 1724; x_wconf 58' lang='lat'><strong>54&#39;!</strong></span> <span class='ocrx_word' id='word_1_183' title='bbox 2377 1659 2573 1730; x_wconf 88' lang='lat' dir='ltr'><strong>Itaque</strong></span> <span class='ocrx_word' id='word_1_184' title='bbox 2593 1674 2722 1712; x_wconf 91' lang='lat' dir='ltr'><strong>cum</strong></span> <span class='ocrx_word' id='word_1_185' title='bbox 2741 1658 2861 1730; x_wconf 90' lang='lat' dir='ltr'><strong>jam</strong></span> <span class='ocrx_word' id='word_1_186' title='bbox 2889 1657 3040 1711; x_wconf 88' lang='lat' dir='ltr'><strong>fama</strong></span> <span class='ocrx_word' id='word_1_187' title='bbox 3062 1655 3390 1712; x_wconf 60' lang='lat' dir='ltr'><strong>obedientia;</strong></span> <span class='ocrx_word' id='word_1_188' title='bbox 3418 1658 3540 1729; x_wconf 89' lang='lat' dir='ltr'><strong>ejus</strong></span> <span class='ocrx_word' id='word_1_189' title='bbox 3583 1673 3684 1729; x_wconf 90' lang='lat' dir='ltr'><strong>per</strong></span> 
     </span>
    </p>
   </div>
   <div class='ocr_carea' id='block_1_31' title="bbox 408 1736 3683 1820">
    <p class='ocr_par' dir='ltr' id='par_1_31' title="bbox 408 1736 3683 1820">
     <span class='ocr_line' id='line_1_31' title="bbox 408 1736 3683 1820; baseline 0.003 -30"><span class='ocrx_word' id='word_1_190' title='bbox 408 1736 824 1795; x_wconf 87' lang='lat' dir='ltr'><strong>solemnitatem</strong></span> <span class='ocrx_word' id='word_1_191' title='bbox 838 1741 1718 1819; x_wconf 90' lang='lat' dir='ltr'><strong>ciborumspontaneisobsequiis</strong></span> <span class='ocrx_word' id='word_1_192' title='bbox 1733 1764 2009 1820; x_wconf 71' lang='lat' dir='ltr'><strong>praepara-</strong></span> <span class='ocrx_word' id='word_1_193' title='bbox 2088 1748 2432 1801; x_wconf 86' lang='lat' dir='ltr'><strong>monasteria</strong></span> <span class='ocrx_word' id='word_1_194' title='bbox 2469 1748 2731 1801; x_wconf 88' lang='lat' dir='ltr'><strong>universa</strong></span> <span class='ocrx_word' id='word_1_195' title='bbox 2766 1747 3043 1817; x_wconf 87' lang='lat' dir='ltr'><strong>fragraret</strong></span> <span class='ocrx_word' id='word_1_196' title='bbox 3095 1746 3284 1813; x_wconf 58' lang='lat' dir='ltr'><strong>(Casa,</strong></span> <span class='ocrx_word' id='word_1_197' title='bbox 3330 1748 3425 1800; x_wconf 94' lang='lat' dir='ltr'><strong>lib.</strong></span> <span class='ocrx_word' id='word_1_198' title='bbox 3475 1761 3529 1800; x_wconf 86' lang='lat' dir='ltr'><strong>Iv</strong></span> <span class='ocrx_word' id='word_1_199' title='bbox 3584 1748 3683 1801; x_wconf 88' lang='lat' dir='ltr'><strong>In-</strong></span> 
     </span>
    </p>
   </div>
   <div class='ocr_carea' id='block_1_32' title="bbox 407 1820 2006 1908">
    <p class='ocr_par' dir='ltr' id='par_1_32' title="bbox 407 1829 2006 1906">
     <span class='ocr_line' id='line_1_32' title="bbox 407 1829 2006 1906; baseline 0.008 -26"><span class='ocrx_word' id='word_1_200' title='bbox 407 1833 627 1882; x_wconf 84' lang='lat' dir='ltr'><strong>verunt.</strong></span> <span class='ocrx_word' id='word_1_201' title='bbox 649 1829 831 1886; x_wconf 88' lang='lat' dir='ltr'><strong>Tanta</strong></span> <span class='ocrx_word' id='word_1_202' title='bbox 844 1848 1089 1906; x_wconf 86' lang='lat' dir='ltr'><strong>namque</strong></span> <span class='ocrx_word' id='word_1_203' title='bbox 1102 1834 1209 1888; x_wconf 82' lang='lat' dir='ltr'><strong>fide</strong></span> <span class='ocrx_word' id='word_1_204' title='bbox 1235 1835 1350 1890; x_wconf 84' lang='lat' dir='ltr'><strong>haec</strong></span> <span class='ocrx_word' id='word_1_205' title='bbox 1368 1851 1471 1890; x_wconf 88' lang='lat' dir='ltr'><strong>sua</strong></span> <span class='ocrx_word' id='word_1_206' title='bbox 1487 1852 1722 1891; x_wconf 91' lang='lat' dir='ltr'><strong>munera</strong></span> <span class='ocrx_word' id='word_1_207' title='bbox 1740 1837 2006 1892; x_wconf 87' lang='lat' dir='ltr'><strong>fratribus</strong></span> 
     </span>
    </p>
   </div>
   <div class='ocr_carea' id='block_1_33' title="bbox 2092 1820 3686 1908">
    <p class='ocr_par' dir='ltr' id='par_1_33' title="bbox 2092 1834 3686 1908">
     <span class='ocr_line' id='line_1_33' title="bbox 2092 1834 3686 1908; baseline 0.001 -18"><span class='ocrx_word' id='word_1_208' title='bbox 2092 1835 2630 1908; x_wconf 69' lang='lat' dir='ltr'><strong>slit.,c.25),quidam</strong></span> <span class='ocrx_word' id='word_1_209' title='bbox 2648 1836 2848 1890; x_wconf 83' lang='lat' dir='ltr'><strong>fratres</strong></span> <span class='ocrx_word' id='word_1_210' title='bbox 2870 1834 3355 1907; x_wconf 87' lang='lat' dir='ltr'><strong>probationis,imo</strong></span> <span class='ocrx_word' id='word_1_211' title='bbox 3368 1835 3686 1891; x_wconf 83' lang='lat' dir='ltr'><strong>aedificatio-</strong></span> 
     </span>
    </p>
   </div>
   <div class='ocr_carea' id='block_1_34' title="bbox 409 1915 2007 1998">
    <p class='ocr_par' dir='ltr' id='par_1_34' title="bbox 409 1915 2007 1998">
     <span class='ocr_line' id='line_1_34' title="bbox 409 1915 2007 1998; baseline 0.007 -28"><span class='ocrx_word' id='word_1_212' title='bbox 409 1915 801 1987; x_wconf 87' lang='lat' dir='ltr'><strong>exhibuerunt,</strong></span> <span class='ocrx_word' id='word_1_213' title='bbox 832 1925 899 1975; x_wconf 92' lang='lat' dir='ltr'><strong>ut</strong></span> <span class='ocrx_word' id='word_1_214' title='bbox 925 1922 1096 1977; x_wconf 91' lang='lat' dir='ltr'><strong>etiam</strong></span> <span class='ocrx_word' id='word_1_215' title='bbox 1125 1940 1253 1978; x_wconf 90' lang='lat' dir='ltr'><strong>cum</strong></span> <span class='ocrx_word' id='word_1_216' title='bbox 1273 1924 1398 1978; x_wconf 92' lang='lat' dir='ltr'><strong>illos</strong></span> <span class='ocrx_word' id='word_1_217' title='bbox 1434 1925 1666 1980; x_wconf 87' lang='lat' dir='ltr'><strong>honeste</strong></span> <span class='ocrx_word' id='word_1_218' title='bbox 1702 1932 1895 1998; x_wconf 86' lang='lat' dir='ltr'><strong>posset</strong></span> <span class='ocrx_word' id='word_1_219' title='bbox 1923 1928 2007 1981; x_wconf 89' lang='lat' dir='ltr'><strong>vel</strong></span> 
     </span>
    </p>
   </div>
   <div class='ocr_carea' id='block_1_35' title="bbox 412 2003 2006 2086">
    <p class='ocr_par' dir='ltr' id='par_1_35' title="bbox 412 2003 2006 2086">
     <span class='ocr_line' id='line_1_35' title="bbox 412 2003 2006 2086; baseline 0.007 -27"><span class='ocrx_word' id='word_1_220' title='bbox 412 2003 700 2076; x_wconf 87' lang='lat' dir='ltr'><strong>lignorum</strong></span> <span class='ocrx_word' id='word_1_221' title='bbox 729 2025 994 2066; x_wconf 85' lang='lat' dir='ltr'><strong>excusare</strong></span> <span class='ocrx_word' id='word_1_222' title='bbox 1042 2013 1297 2084; x_wconf 89' lang='lat' dir='ltr'><strong>penuria,</strong></span> <span class='ocrx_word' id='word_1_223' title='bbox 1326 2013 1411 2067; x_wconf 90' lang='lat' dir='ltr'><strong>vel</strong></span> <span class='ocrx_word' id='word_1_224' title='bbox 1441 2012 1659 2069; x_wconf 89' lang='lat' dir='ltr'>abbatis</span> <span class='ocrx_word' id='word_1_225' title='bbox 1686 2014 2006 2086; x_wconf 88' lang='lat' dir='ltr'><strong>imperium,</strong></span> 
     </span>
    </p>
   </div>
   <div class='ocr_carea' id='block_1_36' title="bbox 407 2095 2005 2172">
    <p class='ocr_par' dir='ltr' id='par_1_36' title="bbox 407 2095 2005 2172">
     <span class='ocr_line' id='line_1_36' title="bbox 407 2095 2005 2172; baseline 0.005 -23"><span class='ocrx_word' id='word_1_226' title='bbox 407 2108 511 2166; x_wconf 89' lang='lat' dir='ltr'><strong>pro</strong></span> <span class='ocrx_word' id='word_1_227' title='bbox 529 2111 631 2151; x_wconf 92' lang='lat' dir='ltr'><strong>suo</strong></span> <span class='ocrx_word' id='word_1_228' title='bbox 645 2095 829 2154; x_wconf 88' lang='lat' dir='ltr'><strong>fructu</strong></span> <span class='ocrx_word' id='word_1_229' title='bbox 846 2104 1017 2172; x_wconf 89' lang='lat' dir='ltr'><strong>atque</strong></span> <span class='ocrx_word' id='word_1_230' title='bbox 1030 2102 1286 2156; x_wconf 87' lang='lat' dir='ltr'><strong>mercede</strong></span> <span class='ocrx_word' id='word_1_231' title='bbox 1299 2102 1586 2157; x_wconf 89' lang='lat' dir='ltr'><strong>noluerint</strong></span> <span class='ocrx_word' id='word_1_232' title='bbox 1594 2102 1748 2159; x_wconf 88' lang='lat' dir='ltr'><strong>abuti</strong></span> <span class='ocrx_word' id='word_1_233' title='bbox 1762 2103 2005 2159; x_wconf 87' lang='lat' dir='ltr'><strong>licentia.</strong></span> 
     </span>
    </p>
   </div>
   <div class='ocr_carea' id='block_1_37' title="bbox 997 2190 1423 2246">
    <p class='ocr_par' dir='ltr' id='par_1_37' title="bbox 997 2190 1423 2246">
     <span class='ocr_line' id='line_1_37' title="bbox 997 2190 1423 2246; baseline 0.005 -2"><span class='ocrx_word' id='word_1_234' title='bbox 997 2190 1231 2246; x_wconf 85' lang='lat' dir='ltr'>CAPUT</span> <span class='ocrx_word' id='word_1_235' title='bbox 1253 2191 1423 2246; x_wconf 90' lang='lat' dir='ltr'>XXX.</span> 
     </span>
    </p>
   </div>
   <div class='ocr_carea' id='block_1_38' title="bbox 409 2274 2004 2352">
    <p class='ocr_par' dir='ltr' id='par_1_38' title="bbox 409 2274 2004 2352">
     <span class='ocr_line' id='line_1_38' title="bbox 409 2274 2004 2352; baseline 0.005 -23"><span class='ocrx_word' id='word_1_236' title='bbox 409 2274 484 2329; x_wconf 77' lang='lat' dir='ltr'><strong>De</strong></span> <span class='ocrx_word' id='word_1_237' title='bbox 503 2275 652 2331; x_wconf 81' lang='lat' dir='ltr'><strong>beato</strong></span> <span class='ocrx_word' id='word_1_238' title='bbox 668 2278 902 2344; x_wconf 79' lang='lat' dir='ltr'><strong>Joanne,</strong></span> <span class='ocrx_word' id='word_1_239' title='bbox 924 2281 1026 2347; x_wconf 87' lang='lat' dir='ltr'><strong>qui</strong></span> <span class='ocrx_word' id='word_1_240' title='bbox 1043 2280 1326 2335; x_wconf 77' lang='lat' dir='ltr'><strong>habitabat</strong></span> <span class='ocrx_word' id='word_1_241' title='bbox 1343 2284 1514 2350; x_wconf 65' lang='lat' dir='ltr'><strong>juxta</strong></span> <span class='ocrx_word' id='word_1_242' title='bbox 1550 2282 1686 2349; x_wconf 79' lang='lat' dir='ltr'><strong>Lyco</strong></span> <span class='ocrx_word' id='word_1_243' title='bbox 1724 2284 2004 2352; x_wconf 76' lang='lat' dir='ltr'><strong>oppidum.</strong></span> 
     </span>
    </p>
   </div>
   <div class='ocr_carea' id='block_1_39' title="bbox 479 2363 2009 2441">
    <p class='ocr_par' dir='ltr' id='par_1_39' title="bbox 479 2363 2009 2441">
     <span class='ocr_line' id='line_1_39' title="bbox 479 2363 2009 2441; baseline 0.005 -22"><span class='ocrx_word' id='word_1_244' title='bbox 479 2363 872 2421; x_wconf 89' lang='lat' dir='ltr'><strong>Necessarium</strong></span> <span class='ocrx_word' id='word_1_245' title='bbox 896 2383 1025 2422; x_wconf 91' lang='lat' dir='ltr'><strong>reor</strong></span> <span class='ocrx_word' id='word_1_246' title='bbox 1062 2368 1193 2423; x_wconf 89' lang='lat' dir='ltr'><strong>huic</strong></span> <span class='ocrx_word' id='word_1_247' title='bbox 1220 2369 1377 2441; x_wconf 91' lang='lat' dir='ltr'><strong>operi</strong></span> <span class='ocrx_word' id='word_1_248' title='bbox 1416 2372 2009 2427; x_wconf 84' lang='lat' dir='ltr'><strong>commemorationem</strong></span> 
     </span>
    </p>
   </div>
   <div class='ocr_carea' id='block_1_40' title="bbox 405 2452 2007 2538">
    <p class='ocr_par' dir='ltr' id='par_1_40' title="bbox 405 2452 2007 2538">
     <span class='ocr_line' id='line_1_40' title="bbox 405 2452 2007 2538; baseline 0.004 -29"><span class='ocrx_word' id='word_1_249' title='bbox 405 2452 592 2509; x_wconf 89' lang='lat' dir='ltr'><strong>facere</strong></span> <span class='ocrx_word' id='word_1_250' title='bbox 636 2454 786 2512; x_wconf 89' lang='lat' dir='ltr'><strong>beati</strong></span> <span class='ocrx_word' id='word_1_251' title='bbox 827 2456 1059 2512; x_wconf 88' lang='lat' dir='ltr'><strong>Joannis</strong></span> <span class='ocrx_word' id='word_1_252' title='bbox 1107 2458 1295 2529; x_wconf 76' lang='lat' dir='ltr'><strong>(Cass.,</strong></span> <span class='ocrx_word' id='word_1_253' title='bbox 1348 2460 1444 2514; x_wconf 89' lang='lat' dir='ltr'><strong>lib.</strong></span> <span class='ocrx_word' id='word_1_254' title='bbox 1487 2473 1540 2514; x_wconf 83' lang='grc' dir='ltr'><strong>ιν</strong></span> <span class='ocrx_word' id='word_1_255' title='bbox 1571 2463 1778 2538; x_wconf 80' lang='lat' dir='ltr'><strong>Instit.,</strong></span> <span class='ocrx_word' id='word_1_256' title='bbox 1815 2480 1860 2516; x_wconf 94' lang='lat' dir='ltr'><strong>c.</strong></span> <span class='ocrx_word' id='word_1_257' title='bbox 1892 2460 1959 2517; x_wconf 72' lang='lat'><strong>23</strong></span> <span class='ocrx_word' id='word_1_258' title='bbox 1993 2480 2007 2528; x_wconf 91' lang='lat'><strong>;</strong></span> 
     </span>
    </p>
   </div>
   <div class='ocr_carea' id='block_1_41' title="bbox 406 2544 2012 2622">
    <p class='ocr_par' dir='ltr' id='par_1_41' title="bbox 406 2544 2012 2622">
     <span class='ocr_line' id='line_1_41' title="bbox 406 2544 2012 2622; baseline 0.003 -22"><span class='ocrx_word' id='word_1_259' title='bbox 406 2544 578 2611; x_wconf 60' lang='lat' dir='ltr'><strong>[lu/fi,</strong></span> <span class='ocrx_word' id='word_1_260' title='bbox 628 2545 724 2599; x_wconf 90' lang='lat' dir='ltr'><strong>lib.</strong></span> <span class='ocrx_word' id='word_1_261' title='bbox 776 2559 839 2612; x_wconf 80' lang='grc' dir='ltr'><strong>ιι,</strong></span> <span class='ocrx_word' id='word_1_262' title='bbox 891 2562 1008 2616; x_wconf 85' lang='lat' dir='ltr'><strong>cap.</strong></span> <span class='ocrx_word' id='word_1_263' title='bbox 1052 2548 1122 2614; x_wconf 70' lang='grc' dir='ltr'><strong>ἰ),</strong></span> <span class='ocrx_word' id='word_1_264' title='bbox 1170 2548 1266 2619; x_wconf 93' lang='lat' dir='ltr'><strong>qui</strong></span> <span class='ocrx_word' id='word_1_265' title='bbox 1306 2555 1686 2604; x_wconf 85' lang='lat' dir='ltr'><strong>commoratus</strong></span> <span class='ocrx_word' id='word_1_266' title='bbox 1729 2556 1818 2605; x_wconf 91' lang='lat' dir='ltr'><strong>est</strong></span> <span class='ocrx_word' id='word_1_267' title='bbox 1849 2551 2012 2622; x_wconf 85' lang='lat' dir='ltr'><strong>juxta</strong></span> 
     </span>
    </p>
   </div>
   <div class='ocr_carea' id='block_1_42' title="bbox 408 2630 2015 2711">
    <p class='ocr_par' dir='ltr' id='par_1_42' title="bbox 408 2630 2015 2711">
     <span class='ocr_line' id='line_1_42' title="bbox 408 2630 2015 2711; baseline 0.004 -23"><span class='ocrx_word' id='word_1_268' title='bbox 408 2630 577 2703; x_wconf 81' lang='lat' dir='ltr'><strong>Lyco,</strong></span> <span class='ocrx_word' id='word_1_269' title='bbox 610 2633 758 2703; x_wconf 88' lang='lat' dir='ltr'><strong>quod</strong></span> <span class='ocrx_word' id='word_1_270' title='bbox 780 2640 864 2689; x_wconf 89' lang='lat' dir='ltr'><strong>est</strong></span> <span class='ocrx_word' id='word_1_271' title='bbox 894 2635 1163 2707; x_wconf 90' lang='lat' dir='ltr'><strong>oppidum</strong></span> <span class='ocrx_word' id='word_1_272' title='bbox 1190 2637 1507 2704; x_wconf 65' lang='lat' dir='ltr'><strong>Thebaidis,</strong></span> <span class='ocrx_word' id='word_1_273' title='bbox 1550 2640 1758 2710; x_wconf 90' lang='lat' dir='ltr'><strong>quique</strong></span> <span class='ocrx_word' id='word_1_274' title='bbox 1785 2644 2015 2711; x_wconf 85' lang='lat' dir='ltr'><strong>propter</strong></span> 
     </span>
    </p>
   </div>
   <div class='ocr_carea' id='block_1_43' title="bbox 412 2718 2015 2798">
    <p class='ocr_par' dir='ltr' id='par_1_43' title="bbox 412 2718 2015 2798">
     <span class='ocr_line' id='line_1_43' title="bbox 412 2718 2015 2798; baseline 0.006 -26"><span class='ocrx_word' id='word_1_275' title='bbox 412 2718 748 2775; x_wconf 63' lang='lat' dir='ltr'><strong>obedientia;</strong></span> <span class='ocrx_word' id='word_1_276' title='bbox 768 2722 1034 2777; x_wconf 87' lang='lat' dir='ltr'><strong>virtutem</strong></span> <span class='ocrx_word' id='word_1_277' title='bbox 1051 2740 1232 2796; x_wconf 91' lang='lat' dir='ltr'><strong>usque</strong></span> <span class='ocrx_word' id='word_1_278' title='bbox 1254 2725 1325 2780; x_wconf 89' lang='lat' dir='ltr'><strong>ad</strong></span> <span class='ocrx_word' id='word_1_279' title='bbox 1338 2726 1645 2798; x_wconf 69' lang='lat' dir='ltr'><strong>prophetiae</strong></span> <span class='ocrx_word' id='word_1_280' title='bbox 1659 2728 1901 2797; x_wconf 89' lang='lat' dir='ltr'><strong>gratiam</strong></span> <span class='ocrx_word' id='word_1_281' title='bbox 1925 2745 2015 2783; x_wconf 92' lang='lat' dir='ltr'><strong>su-</strong></span> 
     </span>
    </p>
   </div>
   <div class='ocr_carea' id='block_1_44' title="bbox 410 2807 2013 2883">
    <p class='ocr_par' dir='ltr' id='par_1_44' title="bbox 410 2807 2013 2883">
     <span class='ocr_line' id='line_1_44' title="bbox 410 2807 2013 2883; baseline 0.006 -21"><span class='ocrx_word' id='word_1_282' title='bbox 410 2807 701 2864; x_wconf 90' lang='lat' dir='ltr'><strong>blimatus.</strong></span> <span class='ocrx_word' id='word_1_283' title='bbox 725 2810 815 2865; x_wconf 84' lang='lat' dir='ltr'><strong>Sic</strong></span> <span class='ocrx_word' id='word_1_284' title='bbox 835 2811 983 2865; x_wconf 90' lang='lat' dir='ltr'><strong>enim</strong></span> <span class='ocrx_word' id='word_1_285' title='bbox 1001 2829 1102 2883; x_wconf 91' lang='lat' dir='ltr'><strong>per</strong></span> <span class='ocrx_word' id='word_1_286' title='bbox 1128 2818 1312 2868; x_wconf 91' lang='lat' dir='ltr'><strong>totum</strong></span> <span class='ocrx_word' id='word_1_287' title='bbox 1332 2815 1535 2869; x_wconf 89' lang='lat' dir='ltr'><strong>claruit</strong></span> <span class='ocrx_word' id='word_1_288' title='bbox 1557 2816 1850 2883; x_wconf 90' lang='lat' dir='ltr'><strong>mundum,</strong></span> <span class='ocrx_word' id='word_1_289' title='bbox 1874 2822 1938 2871; x_wconf 90' lang='lat' dir='ltr'><strong>ut</strong></span> <span class='ocrx_word' id='word_1_290' title='bbox 1957 2822 2013 2872; x_wconf 90' lang='lat' dir='ltr'><strong>et</strong></span> 
     </span>
    </p>
   </div>
   <div class='ocr_carea' id='block_1_45' title="bbox 411 2896 2009 2972">
    <p class='ocr_par' dir='ltr' id='par_1_45' title="bbox 411 2896 2009 2972">
     <span class='ocr_line' id='line_1_45' title="bbox 411 2896 2009 2972; baseline 0.006 -21"><span class='ocrx_word' id='word_1_291' title='bbox 411 2896 642 2969; x_wconf 86' lang='lat' dir='ltr'><strong>regibus</strong></span> <span class='ocrx_word' id='word_1_292' title='bbox 663 2899 859 2954; x_wconf 90' lang='lat' dir='ltr'><strong>mundi</strong></span> <span class='ocrx_word' id='word_1_293' title='bbox 881 2900 1049 2972; x_wconf 86' lang='lat' dir='ltr'><strong>hujus</strong></span> <span class='ocrx_word' id='word_1_294' title='bbox 1070 2902 1273 2957; x_wconf 90' lang='lat' dir='ltr'><strong>merito</strong></span> <span class='ocrx_word' id='word_1_295' title='bbox 1295 2920 1396 2958; x_wconf 89' lang='lat' dir='ltr'><strong>suo</strong></span> <span class='ocrx_word' id='word_1_296' title='bbox 1408 2904 1739 2959; x_wconf 87' lang='lat' dir='ltr'><strong>redderetur</strong></span> <span class='ocrx_word' id='word_1_297' title='bbox 1756 2905 2009 2962; x_wconf 90' lang='lat' dir='ltr'><strong>illustris.</strong></span> 
     </span>
    </p>
   </div>
   <div class='ocr_carea' id='block_1_46' title="bbox 410 2987 2011 3067">
    <p class='ocr_par' dir='ltr' id='par_1_46' title="bbox 410 2987 2011 3067">
     <span class='ocr_line' id='line_1_46' title="bbox 410 2987 2011 3067; baseline 0.006 -26"><span class='ocrx_word' id='word_1_298' title='bbox 410 2987 559 3042; x_wconf 90' lang='lat' dir='ltr'><strong>Nam</strong></span> <span class='ocrx_word' id='word_1_299' title='bbox 585 3002 712 3043; x_wconf 91' lang='lat' dir='ltr'><strong>cum</strong></span> <span class='ocrx_word' id='word_1_300' title='bbox 740 2988 800 3044; x_wconf 94' lang='lat' dir='ltr'><strong>in</strong></span> <span class='ocrx_word' id='word_1_301' title='bbox 831 2991 1115 3058; x_wconf 85' lang='lat' dir='ltr'><strong>extremis,</strong></span> <span class='ocrx_word' id='word_1_302' title='bbox 1149 2997 1215 3046; x_wconf 92' lang='lat' dir='ltr'><strong>ut</strong></span> <span class='ocrx_word' id='word_1_303' title='bbox 1240 2992 1371 3060; x_wconf 90' lang='lat' dir='ltr'><strong>dixi,</strong></span> <span class='ocrx_word' id='word_1_304' title='bbox 1417 2993 1715 3049; x_wconf 72' lang='lat' dir='ltr'><strong>Thebaides</strong></span> <span class='ocrx_word' id='word_1_305' title='bbox 1758 2994 2011 3067; x_wconf 89' lang='lat' dir='ltr'><strong>partibus</strong></span> 
     </span>
    </p>
   </div>
   <div class='ocr_carea' id='block_1_47' title="bbox 409 3080 2010 3152">
    <p class='ocr_par' dir='ltr' id='par_1_47' title="bbox 409 3080 2010 3152">
     <span class='ocr_line' id='line_1_47' title="bbox 409 3080 2010 3152; baseline 0.006 -22"><span class='ocrx_word' id='word_1_306' title='bbox 409 3082 808 3145; x_wconf 86' lang='lat' dir='ltr'><strong>commaneret,</strong></span> <span class='ocrx_word' id='word_1_307' title='bbox 835 3095 950 3133; x_wconf 92' lang='lat' dir='ltr'><strong>non</strong></span> <span class='ocrx_word' id='word_1_308' title='bbox 970 3085 1101 3134; x_wconf 90' lang='lat' dir='ltr'><strong>ante</strong></span> <span class='ocrx_word' id='word_1_309' title='bbox 1121 3080 1498 3152; x_wconf 85' lang='lat' dir='ltr'><strong>praesumebat</strong></span> <span class='ocrx_word' id='word_1_310' title='bbox 1534 3083 1879 3138; x_wconf 89' lang='lat' dir='ltr'><strong>Theodosius</strong></span> <span class='ocrx_word' id='word_1_311' title='bbox 1902 3083 2010 3139; x_wconf 90' lang='lat' dir='ltr'><strong>im-</strong></span> 
     </span>
    </p>
   </div>
   <div class='ocr_carea' id='block_1_48' title="bbox 409 3167 2074 3244">
    <p class='ocr_par' dir='ltr' id='par_1_48' title="bbox 409 3167 2074 3244">
     <span class='ocr_line' id='line_1_48' title="bbox 409 3167 2074 3244; baseline 0.005 -24"><span class='ocrx_word' id='word_1_312' title='bbox 409 3170 639 3238; x_wconf 87' lang='lat' dir='ltr'><strong>perator</strong></span> <span class='ocrx_word' id='word_1_313' title='bbox 665 3167 735 3221; x_wconf 88' lang='lat' dir='ltr'><strong>ad</strong></span> <span class='ocrx_word' id='word_1_314' title='bbox 764 3170 1201 3240; x_wconf 64' lang='lat' dir='ltr'><strong>praepotentium</strong></span> <span class='ocrx_word' id='word_1_315' title='bbox 1230 3175 1603 3242; x_wconf 86' lang='lat' dir='ltr'><strong>tyrannorum</strong></span> <span class='ocrx_word' id='word_1_316' title='bbox 1636 3170 1784 3227; x_wconf 91' lang='lat' dir='ltr'><strong>bella</strong></span> <span class='ocrx_word' id='word_1_317' title='bbox 1813 3189 2009 3244; x_wconf 86' lang='lat' dir='ltr'><strong>proce-</strong></span> <span class='ocrx_word' id='word_1_318' title='bbox 2030 3183 2074 3244; x_wconf 72' lang='grc' dir='ltr'>α</span> 
     </span>
    </p>
   </div>
   <div class='ocr_carea' id='block_1_49' title="bbox 408 3256 2010 3333">
    <p class='ocr_par' dir='ltr' id='par_1_49' title="bbox 408 3256 2010 3333">
     <span class='ocr_line' id='line_1_49' title="bbox 408 3256 2010 3333; baseline 0.003 -22"><span class='ocrx_word' id='word_1_319' title='bbox 408 3256 562 3324; x_wconf 90' lang='lat' dir='ltr'><strong>dere,</strong></span> <span class='ocrx_word' id='word_1_320' title='bbox 585 3273 755 3328; x_wconf 91' lang='lat' dir='ltr'><strong>quam</strong></span> <span class='ocrx_word' id='word_1_321' title='bbox 784 3258 936 3313; x_wconf 90' lang='lat' dir='ltr'><strong>illius</strong></span> <span class='ocrx_word' id='word_1_322' title='bbox 959 3260 1310 3316; x_wconf 89' lang='lat' dir='ltr'><strong>animaretur</strong></span> <span class='ocrx_word' id='word_1_323' title='bbox 1332 3261 1572 3316; x_wconf 92' lang='lat' dir='ltr'><strong>oraculis</strong></span> <span class='ocrx_word' id='word_1_324' title='bbox 1593 3266 1760 3333; x_wconf 91' lang='lat' dir='ltr'><strong>atque</strong></span> <span class='ocrx_word' id='word_1_325' title='bbox 1782 3278 2010 3333; x_wconf 89' lang='lat' dir='ltr'><strong>respon-</strong></span> 
     </span>
    </p>
   </div>
   <div class='ocr_carea' id='block_1_50' title="bbox 406 3343 2003 3418">
    <p class='ocr_par' dir='ltr' id='par_1_50' title="bbox 406 3343 2003 3418">
     <span class='ocr_line' id='line_1_50' title="bbox 406 3343 2003 3418; baseline 0.004 -20"><span class='ocrx_word' id='word_1_326' title='bbox 406 3343 505 3399; x_wconf 89' lang='lat' dir='ltr'><strong>sis.</strong></span> <span class='ocrx_word' id='word_1_327' title='bbox 551 3344 765 3409; x_wconf 86' lang='lat' dir='ltr'><strong>Quibus</strong></span> <span class='ocrx_word' id='word_1_328' title='bbox 812 3347 1116 3415; x_wconf 88' lang='lat' dir='ltr'><strong>conﬁdens,</strong></span> <span class='ocrx_word' id='word_1_329' title='bbox 1165 3348 1321 3403; x_wconf 91' lang='lat' dir='ltr'><strong>velut</strong></span> <span class='ocrx_word' id='word_1_330' title='bbox 1361 3348 1580 3404; x_wconf 79' lang='lat' dir='ltr'><strong>caelitus</strong></span> <span class='ocrx_word' id='word_1_331' title='bbox 1629 3349 1735 3404; x_wconf 92' lang='lat' dir='ltr'><strong>sibi</strong></span> <span class='ocrx_word' id='word_1_332' title='bbox 1786 3350 2003 3418; x_wconf 86' lang='lat' dir='ltr'><strong>delatis,</strong></span> 
     </span>
    </p>
   </div>
   <div class='ocr_carea' id='block_1_51' title="bbox 405 3434 2010 3513">
    <p class='ocr_par' dir='ltr' id='par_1_51' title="bbox 405 3434 2010 3513">
     <span class='ocr_line' id='line_1_51' title="bbox 405 3434 2010 3513; baseline 0.004 -25"><span class='ocrx_word' id='word_1_333' title='bbox 405 3434 660 3508; x_wconf 66' lang='lat' dir='ltr'><strong>trophaea</strong></span> <span class='ocrx_word' id='word_1_334' title='bbox 689 3435 760 3491; x_wconf 92' lang='lat' dir='ltr'><strong>de</strong></span> <span class='ocrx_word' id='word_1_335' title='bbox 783 3436 1093 3511; x_wconf 88' lang='lat' dir='ltr'><strong>desperatis</strong></span> <span class='ocrx_word' id='word_1_336' title='bbox 1113 3438 1277 3494; x_wconf 89' lang='lat' dir='ltr'><strong>bellis</strong></span> <span class='ocrx_word' id='word_1_337' title='bbox 1303 3443 1475 3511; x_wconf 91' lang='lat' dir='ltr'><strong>atque</strong></span> <span class='ocrx_word' id='word_1_338' title='bbox 1501 3439 1757 3495; x_wconf 87' lang='lat' dir='ltr'><strong>hostibus</strong></span> <span class='ocrx_word' id='word_1_339' title='bbox 1788 3456 2010 3513; x_wconf 90' lang='lat' dir='ltr'><strong>semper</strong></span> 
     </span>
    </p>
   </div>
   <div class='ocr_carea' id='block_1_52' title="bbox 409 3524 738 3596">
    <p class='ocr_par' dir='ltr' id='par_1_52' title="bbox 409 3524 738 3596">
     <span class='ocr_line' id='line_1_52' title="bbox 409 3524 738 3596; baseline 0.006 -18"><span class='ocrx_word' id='word_1_340' title='bbox 409 3524 738 3596; x_wconf 86' lang='lat' dir='ltr'><strong>reportavit.</strong></span> 
     </span>
    </p>
   </div>
   <div class='ocr_carea' id='block_1_53' title="bbox 985 3616 1437 3673">
    <p class='ocr_par' dir='ltr' id='par_1_53' title="bbox 985 3616 1437 3673">
     <span class='ocr_line' id='line_1_53' title="bbox 985 3616 1437 3673; baseline 0 -2"><span class='ocrx_word' id='word_1_341' title='bbox 985 3616 1222 3673; x_wconf 85' lang='lat' dir='ltr'>CAPUT</span> <span class='ocrx_word' id='word_1_342' title='bbox 1239 3616 1437 3673; x_wconf 90' lang='lat' dir='ltr'><strong>XXVI.</strong></span> 
     </span>
    </p>
   </div>
   <div class='ocr_carea' id='block_1_54' title="bbox 724 3705 1682 3776">
    <p class='ocr_par' dir='ltr' id='par_1_54' title="bbox 724 3705 1682 3776">
     <span class='ocr_line' id='line_1_54' title="bbox 724 3705 1682 3776; baseline 0.002 -17"><span class='ocrx_word' id='word_1_343' title='bbox 724 3706 798 3759; x_wconf 81' lang='lat' dir='ltr'><strong>De</strong></span> <span class='ocrx_word' id='word_1_344' title='bbox 822 3705 1127 3761; x_wconf 75' lang='lat' dir='ltr'><strong>obedientia</strong></span> <span class='ocrx_word' id='word_1_345' title='bbox 1156 3708 1400 3776; x_wconf 80' lang='lat' dir='ltr'><strong>ejusdem</strong></span> <span class='ocrx_word' id='word_1_346' title='bbox 1428 3708 1682 3764; x_wconf 77' lang='lat' dir='ltr'><strong>Joannis.</strong></span> 
     </span>
    </p>
   </div>
   <div class='ocr_carea' id='block_1_55' title="bbox 479 3791 2010 3865">
    <p class='ocr_par' dir='ltr' id='par_1_55' title="bbox 479 3791 2010 3865">
     <span class='ocr_line' id='line_1_55' title="bbox 479 3791 2010 3865; baseline 0.003 -18"><span class='ocrx_word' id='word_1_347' title='bbox 479 3792 585 3847; x_wconf 86' lang='lat' dir='ltr'><strong>Hic</strong></span> <span class='ocrx_word' id='word_1_348' title='bbox 620 3791 812 3865; x_wconf 84' lang='lat' dir='ltr'><strong>itaque</strong></span> <span class='ocrx_word' id='word_1_349' title='bbox 861 3791 1059 3848; x_wconf 88' lang='lat' dir='ltr'><strong>beatus</strong></span> <span class='ocrx_word' id='word_1_350' title='bbox 1095 3795 1340 3850; x_wconf 89' lang='lat' dir='ltr'><strong>Joannes</strong></span> <span class='ocrx_word' id='word_1_351' title='bbox 1387 3794 1457 3849; x_wconf 89' lang='lat' dir='ltr'><strong>ab</strong></span> <span class='ocrx_word' id='word_1_352' title='bbox 1500 3796 1878 3853; x_wconf 90' lang='lat' dir='ltr'><strong>adolescentia</strong></span> <span class='ocrx_word' id='word_1_353' title='bbox 1907 3813 2010 3852; x_wconf 92' lang='lat' dir='ltr'><strong>sua</strong></span> 
     </span>
    </p>
   </div>
   <div class='ocr_carea' id='block_1_56' title="bbox 404 3882 2007 3955">
    <p class='ocr_par' dir='ltr' id='par_1_56' title="bbox 404 3882 2007 3955">
     <span class='ocr_line' id='line_1_56' title="bbox 404 3882 2007 3955; baseline 0.002 -17"><span class='ocrx_word' id='word_1_354' title='bbox 404 3897 584 3954; x_wconf 81' lang='lat' dir='ltr'><strong>usque</strong></span> <span class='ocrx_word' id='word_1_355' title='bbox 612 3882 683 3937; x_wconf 86' lang='lat' dir='ltr'><strong>ad</strong></span> <span class='ocrx_word' id='word_1_356' title='bbox 707 3882 1012 3955; x_wconf 81' lang='lat' dir='ltr'><strong>perfectam</strong></span> <span class='ocrx_word' id='word_1_357' title='bbox 1048 3900 1114 3939; x_wconf 89' lang='lat' dir='ltr'><strong>ac</strong></span> <span class='ocrx_word' id='word_1_358' title='bbox 1149 3883 1366 3939; x_wconf 91' lang='lat' dir='ltr'><strong>virilem</strong></span> <span class='ocrx_word' id='word_1_359' title='bbox 1394 3889 1617 3940; x_wconf 87' lang='lat' dir='ltr'><strong>aetatem</strong></span> <span class='ocrx_word' id='word_1_360' title='bbox 1661 3886 1885 3941; x_wconf 90' lang='lat' dir='ltr'><strong>cuidam</strong></span> <span class='ocrx_word' id='word_1_361' title='bbox 1917 3903 2007 3941; x_wconf 92' lang='lat' dir='ltr'><strong>se-</strong></span> 
     </span>
    </p>
   </div>
   <div class='ocr_carea' id='block_1_57' title="bbox 406 3971 2010 4047">
    <p class='ocr_par' dir='ltr' id='par_1_57' title="bbox 406 3971 2010 4047">
     <span class='ocr_line' id='line_1_57' title="bbox 406 3971 2010 4047; baseline 0.003 -22"><span class='ocrx_word' id='word_1_362' title='bbox 406 3971 554 4026; x_wconf 91' lang='lat' dir='ltr'><strong>niori</strong></span> <span class='ocrx_word' id='word_1_363' title='bbox 591 3971 913 4027; x_wconf 88' lang='lat' dir='ltr'><strong>deserviens</strong></span> <span class='ocrx_word' id='word_1_364' title='bbox 953 3972 1137 4042; x_wconf 61' lang='lat' dir='ltr'><strong>(Casa,</strong></span> <span class='ocrx_word' id='word_1_365' title='bbox 1173 3974 1269 4028; x_wconf 89' lang='lat' dir='ltr'><strong>lib.</strong></span> <span class='ocrx_word' id='word_1_366' title='bbox 1304 3987 1361 4027; x_wconf 86' lang='lat' dir='ltr'><strong>Iv</strong></span> <span class='ocrx_word' id='word_1_367' title='bbox 1389 3974 1597 4042; x_wconf 80' lang='lat' dir='ltr'><strong>Instit.,</strong></span> <span class='ocrx_word' id='word_1_368' title='bbox 1621 3992 1667 4029; x_wconf 91' lang='lat' dir='ltr'><strong>c.</strong></span> <span class='ocrx_word' id='word_1_369' title='bbox 1691 3974 1801 4047; x_wconf 72' lang='lat'><strong>34),</strong></span> <span class='ocrx_word' id='word_1_370' title='bbox 1834 3976 2010 4030; x_wconf 89' lang='lat' dir='ltr'><strong>donec</strong></span> 
     </span>
    </p>
   </div>
   <div class='ocr_carea' id='block_1_58' title="bbox 406 4059 2009 4131">
    <p class='ocr_par' dir='ltr' id='par_1_58' title="bbox 406 4059 2009 4131">
     <span class='ocr_line' id='line_1_58' title="bbox 406 4059 2009 4131; baseline 0.003 -17"><span class='ocrx_word' id='word_1_371' title='bbox 406 4060 502 4114; x_wconf 90' lang='lat' dir='ltr'><strong>ille</strong></span> <span class='ocrx_word' id='word_1_372' title='bbox 545 4059 607 4115; x_wconf 89' lang='lat' dir='ltr'><strong>in</strong></span> <span class='ocrx_word' id='word_1_373' title='bbox 650 4060 820 4131; x_wconf 86' lang='lat' dir='ltr'><strong>hujus</strong></span> <span class='ocrx_word' id='word_1_374' title='bbox 863 4060 991 4116; x_wconf 75' lang='lat' dir='ltr'><strong>vitae</strong></span> <span class='ocrx_word' id='word_1_375' title='bbox 1037 4062 1460 4118; x_wconf 82' lang='lat' dir='ltr'><strong>conversatione</strong></span> <span class='ocrx_word' id='word_1_376' title='bbox 1499 4063 1741 4130; x_wconf 89' lang='lat' dir='ltr'><strong>duravit,</strong></span> <span class='ocrx_word' id='word_1_377' title='bbox 1772 4068 1933 4118; x_wconf 88' lang='lat' dir='ltr'><strong>tanta</strong></span> <span class='ocrx_word' id='word_1_378' title='bbox 1957 4065 2009 4119; x_wconf 93' lang='lat' dir='ltr'><strong>ei</strong></span> 
     </span>
    </p>
   </div>
   <div class='ocr_carea' id='block_1_59' title="bbox 406 4147 2011 4225">
    <p class='ocr_par' dir='ltr' id='par_1_59' title="bbox 406 4147 2011 4225">
     <span class='ocr_line' id='line_1_59' title="bbox 406 4147 2011 4225; baseline 0.004 -23"><span class='ocrx_word' id='word_1_379' title='bbox 406 4147 725 4203; x_wconf 89' lang='lat' dir='ltr'><strong>humilitate</strong></span> <span class='ocrx_word' id='word_1_380' title='bbox 762 4148 1008 4216; x_wconf 81' lang='lat' dir='ltr'><strong>inhaesit,</strong></span> <span class='ocrx_word' id='word_1_381' title='bbox 1060 4155 1127 4205; x_wconf 88' lang='lat' dir='ltr'><strong>ut</strong></span> <span class='ocrx_word' id='word_1_382' title='bbox 1172 4150 1280 4223; x_wconf 89' lang='lat' dir='ltr'><strong>ipsi</strong></span> <span class='ocrx_word' id='word_1_383' title='bbox 1310 4167 1538 4223; x_wconf 89' lang='lat' dir='ltr'><strong>quoque</strong></span> <span class='ocrx_word' id='word_1_384' title='bbox 1575 4153 1696 4208; x_wconf 90' lang='lat' dir='ltr'><strong>seni</strong></span> <span class='ocrx_word' id='word_1_385' title='bbox 1723 4157 2011 4225; x_wconf 89' lang='lat' dir='ltr'><strong>stuporem</strong></span> 
     </span>
    </p>
   </div>
   <div class='ocr_carea' id='block_1_60' title="bbox 405 4236 2008 4313">
    <p class='ocr_par' dir='ltr' id='par_1_60' title="bbox 405 4236 2008 4313">
     <span class='ocr_line' id='line_1_60' title="bbox 405 4236 2008 4313; baseline 0.003 -20"><span class='ocrx_word' id='word_1_386' title='bbox 405 4252 691 4293; x_wconf 91' lang='lat' dir='ltr'><strong>summum</strong></span> <span class='ocrx_word' id='word_1_387' title='bbox 709 4236 1031 4293; x_wconf 89' lang='lat' dir='ltr'><strong>obedientia</strong></span> <span class='ocrx_word' id='word_1_388' title='bbox 1045 4237 1198 4293; x_wconf 91' lang='lat' dir='ltr'><strong>illius</strong></span> <span class='ocrx_word' id='word_1_389' title='bbox 1221 4239 1517 4295; x_wconf 89' lang='lat' dir='ltr'><strong>incuteret.</strong></span> <span class='ocrx_word' id='word_1_390' title='bbox 1539 4241 1714 4313; x_wconf 88' lang='lat' dir='ltr'><strong>Cujus</strong></span> <span class='ocrx_word' id='word_1_391' title='bbox 1733 4242 1879 4298; x_wconf 89' lang='lat' dir='ltr'><strong>hanc</strong></span> <span class='ocrx_word' id='word_1_392' title='bbox 1900 4243 2008 4298; x_wconf 90' lang='lat' dir='ltr'><strong>vir-</strong></span> 
     </span>
    </p>
   </div>
   <div class='ocr_carea' id='block_1_61' title="bbox 404 4327 2005 4402">
    <p class='ocr_par' dir='ltr' id='par_1_61' title="bbox 404 4327 2005 4402">
     <span class='ocr_line' id='line_1_61' title="bbox 404 4327 2005 4402; baseline 0.003 -20"><span class='ocrx_word' id='word_1_393' title='bbox 404 4329 608 4395; x_wconf 87' lang='lat' dir='ltr'><strong>tutem,</strong></span> <span class='ocrx_word' id='word_1_394' title='bbox 639 4330 832 4382; x_wconf 90' lang='lat' dir='ltr'><strong>utrum</strong></span> <span class='ocrx_word' id='word_1_395' title='bbox 860 4327 930 4382; x_wconf 89' lang='lat' dir='ltr'><strong>de</strong></span> <span class='ocrx_word' id='word_1_396' title='bbox 959 4343 1092 4382; x_wconf 86' lang='lat' dir='ltr'><strong>vera</strong></span> <span class='ocrx_word' id='word_1_397' title='bbox 1120 4328 1230 4383; x_wconf 85' lang='lat' dir='ltr'><strong>fide</strong></span> <span class='ocrx_word' id='word_1_398' title='bbox 1260 4345 1325 4383; x_wconf 89' lang='lat' dir='ltr'><strong>ac</strong></span> <span class='ocrx_word' id='word_1_399' title='bbox 1353 4329 1632 4402; x_wconf 89' lang='lat' dir='ltr'><strong>profunda</strong></span> <span class='ocrx_word' id='word_1_400' title='bbox 1660 4331 1846 4387; x_wconf 89' lang='lat' dir='ltr'><strong>cordis</strong></span> <span class='ocrx_word' id='word_1_401' title='bbox 1873 4332 2005 4387; x_wconf 90' lang='lat' dir='ltr'><strong>sim-</strong></span> 
     </span>
    </p>
   </div>
   <div class='ocr_carea' id='block_1_62' title="bbox 2090 1923 3686 1996">
    <p class='ocr_par' dir='ltr' id='par_1_62' title="bbox 2090 1923 3686 1996">
     <span class='ocr_line' id='line_1_62' title="bbox 2090 1923 3686 1996; baseline -0.001 -17"><span class='ocrx_word' id='word_1_402' title='bbox 2090 1925 2178 1980; x_wconf 90' lang='lat' dir='ltr'><strong>nis</strong></span> <span class='ocrx_word' id='word_1_403' title='bbox 2198 1927 2321 1996; x_wconf 87' lang='lat' dir='ltr'><strong>ejus</strong></span> <span class='ocrx_word' id='word_1_404' title='bbox 2344 1942 2513 1980; x_wconf 90' lang='lat' dir='ltr'><strong>causa</strong></span> <span class='ocrx_word' id='word_1_405' title='bbox 2523 1929 2798 1980; x_wconf 91' lang='lat' dir='ltr'><strong>venerunt</strong></span> <span class='ocrx_word' id='word_1_406' title='bbox 2809 1925 2879 1979; x_wconf 89' lang='lat' dir='ltr'><strong>ad</strong></span> <span class='ocrx_word' id='word_1_407' title='bbox 2895 1940 3106 1979; x_wconf 91' lang='lat' dir='ltr'><strong>senem.</strong></span> <span class='ocrx_word' id='word_1_408' title='bbox 3127 1923 3285 1978; x_wconf 91' lang='lat' dir='ltr'><strong>Tunc</strong></span> <span class='ocrx_word' id='word_1_409' title='bbox 3302 1939 3469 1977; x_wconf 84' lang='lat' dir='ltr'><strong>senex</strong></span> <span class='ocrx_word' id='word_1_410' title='bbox 3483 1939 3686 1978; x_wconf 85' lang='lat' dir='ltr'><strong>vocans</strong></span> 
     </span>
    </p>
   </div>
   <div class='ocr_carea' id='block_1_63' title="bbox 2092 2011 3687 2085">
    <p class='ocr_par' dir='ltr' id='par_1_63' title="bbox 2092 2011 3687 2085">
     <span class='ocr_line' id='line_1_63' title="bbox 2092 2011 3687 2085; baseline 0 -18"><span class='ocrx_word' id='word_1_411' title='bbox 2092 2013 2428 2085; x_wconf 89' lang='lat' dir='ltr'><strong>discipulum</strong></span> <span class='ocrx_word' id='word_1_412' title='bbox 2458 2031 2642 2081; x_wconf 90' lang='lat' dir='ltr'><strong>suum,</strong></span> <span class='ocrx_word' id='word_1_413' title='bbox 2676 2014 2756 2068; x_wconf 93' lang='lat' dir='ltr'><strong>ait</strong></span> <span class='ocrx_word' id='word_1_414' title='bbox 2780 2013 2851 2068; x_wconf 91' lang='lat' dir='ltr'><strong>ad</strong></span> <span class='ocrx_word' id='word_1_415' title='bbox 2881 2029 3010 2067; x_wconf 91' lang='lat' dir='ltr'><strong>eum</strong></span> <span class='ocrx_word' id='word_1_416' title='bbox 3040 2030 3051 2066; x_wconf 90' lang='lat'>:</span> <span class='ocrx_word' id='word_1_417' title='bbox 3084 2012 3281 2079; x_wconf 81' lang='lat' dir='ltr'><strong>Curre,</strong></span> <span class='ocrx_word' id='word_1_418' title='bbox 3321 2011 3585 2080; x_wconf 91' lang='lat' dir='ltr'><strong>Joannes,</strong></span> <span class='ocrx_word' id='word_1_419' title='bbox 3628 2016 3687 2067; x_wconf 90' lang='lat' dir='ltr'><strong>et</strong></span> 
     </span>
    </p>
   </div>
   <div class='ocr_carea' id='block_1_64' title="bbox 2090 2096 3684 2170">
    <p class='ocr_par' dir='ltr' id='par_1_64' title="bbox 2090 2096 3684 2170">
     <span class='ocr_line' id='line_1_64' title="bbox 2090 2096 3684 2170; baseline -0.002 -16"><span class='ocrx_word' id='word_1_420' title='bbox 2090 2115 2286 2155; x_wconf 91' lang='lat' dir='ltr'><strong>saxum</strong></span> <span class='ocrx_word' id='word_1_421' title='bbox 2305 2100 2445 2154; x_wconf 89' lang='lat' dir='ltr'><strong>illud</strong></span> <span class='ocrx_word' id='word_1_422' title='bbox 2474 2100 2582 2154; x_wconf 90' lang='lat' dir='ltr'><strong>huc</strong></span> <span class='ocrx_word' id='word_1_423' title='bbox 2611 2099 2839 2153; x_wconf 89' lang='lat' dir='ltr'><strong>advolve</strong></span> <span class='ocrx_word' id='word_1_424' title='bbox 2868 2098 3220 2170; x_wconf 88' lang='lat' dir='ltr'><strong>quantocius.</strong></span> <span class='ocrx_word' id='word_1_425' title='bbox 3246 2096 3353 2161; x_wconf 87' lang='lat' dir='ltr'><strong>Qui</strong></span> <span class='ocrx_word' id='word_1_426' title='bbox 3390 2096 3684 2151; x_wconf 89' lang='lat' dir='ltr'><strong>confestim</strong></span> 
     </span>
    </p>
   </div>
   <div class='ocr_carea' id='block_1_65' title="bbox 2090 2185 3684 2260">
    <p class='ocr_par' dir='ltr' id='par_1_65' title="bbox 2090 2185 3684 2260">
     <span class='ocr_line' id='line_1_65' title="bbox 2090 2185 3684 2260; baseline -0.003 -17"><span class='ocrx_word' id='word_1_427' title='bbox 2090 2205 2285 2244; x_wconf 83' lang='lat' dir='ltr'><strong>saxum</strong></span> <span class='ocrx_word' id='word_1_428' title='bbox 2332 2190 2598 2255; x_wconf 90' lang='lat' dir='ltr'><strong>immane,</strong></span> <span class='ocrx_word' id='word_1_429' title='bbox 2648 2187 2912 2260; x_wconf 89' lang='lat' dir='ltr'><strong>applicita</strong></span> <span class='ocrx_word' id='word_1_430' title='bbox 2958 2202 3109 2241; x_wconf 91' lang='lat' dir='ltr'><strong>nunc</strong></span> <span class='ocrx_word' id='word_1_431' title='bbox 3135 2185 3364 2252; x_wconf 90' lang='lat' dir='ltr'><strong>cervice,</strong></span> <span class='ocrx_word' id='word_1_432' title='bbox 3388 2202 3538 2240; x_wconf 92' lang='lat' dir='ltr'><strong>nunc</strong></span> <span class='ocrx_word' id='word_1_433' title='bbox 3564 2190 3684 2240; x_wconf 84' lang='lat' dir='ltr'><strong>toto</strong></span> 
     </span>
    </p>
   </div>
   <div class='ocr_carea' id='block_1_66' title="bbox 2089 2274 3688 2351">
    <p class='ocr_par' dir='ltr' id='par_1_66' title="bbox 2089 2274 3688 2351">
     <span class='ocr_line' id='line_1_66' title="bbox 2089 2274 3688 2351; baseline -0.003 -18"><span class='ocrx_word' id='word_1_434' title='bbox 2089 2283 2494 2351; x_wconf 89' lang='lat' dir='ltr'><strong>pectore,tanto</strong></span> <span class='ocrx_word' id='word_1_435' title='bbox 2507 2278 2633 2332; x_wconf 91' lang='lat' dir='ltr'><strong>nisu</strong></span> <span class='ocrx_word' id='word_1_436' title='bbox 2654 2282 2822 2349; x_wconf 86' lang='lat' dir='ltr'><strong>atque</strong></span> <span class='ocrx_word' id='word_1_437' title='bbox 2841 2281 3044 2331; x_wconf 90' lang='lat' dir='ltr'><strong>conatu</strong></span> <span class='ocrx_word' id='word_1_438' title='bbox 3059 2275 3378 2348; x_wconf 87' lang='lat' dir='ltr'><strong>provolvere</strong></span> <span class='ocrx_word' id='word_1_439' title='bbox 3388 2274 3688 2329; x_wconf 88' lang='lat' dir='ltr'><strong>contende-</strong></span> 
     </span>
    </p>
   </div>
   <div class='ocr_carea' id='block_1_67' title="bbox 2090 2362 3686 2433">
    <p class='ocr_par' dir='ltr' id='par_1_67' title="bbox 2090 2362 3686 2433">
     <span class='ocr_line' id='line_1_67' title="bbox 2090 2362 3686 2433; baseline -0.001 -12"><span class='ocrx_word' id='word_1_440' title='bbox 2090 2365 2205 2433; x_wconf 90' lang='lat' dir='ltr'><strong>bat,</strong></span> <span class='ocrx_word' id='word_1_441' title='bbox 2223 2372 2288 2421; x_wconf 91' lang='lat' dir='ltr'><strong>ut</strong></span> <span class='ocrx_word' id='word_1_442' title='bbox 2308 2367 2510 2421; x_wconf 92' lang='lat' dir='ltr'><strong>sudore</strong></span> <span class='ocrx_word' id='word_1_443' title='bbox 2534 2365 2911 2421; x_wconf 91' lang='lat' dir='ltr'><strong>membrorum</strong></span> <span class='ocrx_word' id='word_1_444' title='bbox 2950 2381 3201 2431; x_wconf 86' lang='lat' dir='ltr'><strong>suorum,</strong></span> <span class='ocrx_word' id='word_1_445' title='bbox 3228 2379 3341 2418; x_wconf 94' lang='lat' dir='ltr'><strong>non</strong></span> <span class='ocrx_word' id='word_1_446' title='bbox 3376 2362 3559 2419; x_wconf 91' lang='lat' dir='ltr'><strong>solum</strong></span> <span class='ocrx_word' id='word_1_447' title='bbox 3594 2369 3686 2419; x_wconf 90' lang='lat' dir='ltr'><strong>to-</strong></span> 
     </span>
    </p>
   </div>
   <div class='ocr_carea' id='block_1_68' title="bbox 2091 2452 3687 2525">
    <p class='ocr_par' dir='ltr' id='par_1_68' title="bbox 2091 2452 3687 2525">
     <span class='ocr_line' id='line_1_68' title="bbox 2091 2452 3687 2525; baseline -0.001 -15"><span class='ocrx_word' id='word_1_448' title='bbox 2091 2460 2214 2510; x_wconf 91' lang='lat' dir='ltr'><strong>tum</strong></span> <span class='ocrx_word' id='word_1_449' title='bbox 2230 2455 2549 2510; x_wconf 89' lang='lat' dir='ltr'><strong>infunderet</strong></span> <span class='ocrx_word' id='word_1_450' title='bbox 2563 2456 2979 2521; x_wconf 85' lang='lat' dir='ltr'><strong>vestimentum,</strong></span> <span class='ocrx_word' id='word_1_451' title='bbox 2996 2452 3095 2509; x_wconf 88' lang='lat' dir='ltr'><strong>sed</strong></span> <span class='ocrx_word' id='word_1_452' title='bbox 3106 2453 3276 2508; x_wconf 89' lang='lat' dir='ltr'><strong>etiam</strong></span> <span class='ocrx_word' id='word_1_453' title='bbox 3290 2468 3491 2508; x_wconf 84' lang='lat' dir='ltr'><strong>saxum</strong></span> <span class='ocrx_word' id='word_1_454' title='bbox 3501 2452 3687 2525; x_wconf 89' lang='lat' dir='ltr'><strong>ipsum</strong></span> 
     </span>
    </p>
   </div>
   <div class='ocr_carea' id='block_1_69' title="bbox 2093 2543 3687 2615">
    <p class='ocr_par' dir='ltr' id='par_1_69' title="bbox 2093 2543 3687 2615">
     <span class='ocr_line' id='line_1_69' title="bbox 2093 2543 3687 2615; baseline -0.001 -17"><span class='ocrx_word' id='word_1_455' title='bbox 2093 2544 2207 2600; x_wconf 89' lang='lat' dir='ltr'><strong>suis</strong></span> <span class='ocrx_word' id='word_1_456' title='bbox 2237 2544 2541 2600; x_wconf 91' lang='lat' dir='ltr'><strong>cervicibus</strong></span> <span class='ocrx_word' id='word_1_457' title='bbox 2578 2545 2947 2598; x_wconf 89' lang='lat' dir='ltr'><strong>humectaret.</strong></span> <span class='ocrx_word' id='word_1_458' title='bbox 2987 2544 3054 2598; x_wconf 91' lang='lat' dir='ltr'><strong>In</strong></span> <span class='ocrx_word' id='word_1_459' title='bbox 3091 2543 3197 2598; x_wconf 91' lang='lat' dir='ltr'><strong>hoc</strong></span> <span class='ocrx_word' id='word_1_460' title='bbox 3231 2558 3453 2615; x_wconf 90' lang='lat' dir='ltr'><strong>quoque</strong></span> <span class='ocrx_word' id='word_1_461' title='bbox 3485 2559 3687 2614; x_wconf 87' lang='lat' dir='ltr'><strong>parum</strong></span> 
     </span>
    </p>
   </div>
   <div class='ocr_carea' id='block_1_70' title="bbox 2094 2631 3687 2706">
    <p class='ocr_par' dir='ltr' id='par_1_70' title="bbox 2094 2631 3687 2706">
     <span class='ocr_line' id='line_1_70' title="bbox 2094 2631 3687 2706; baseline -0.002 -18"><span class='ocrx_word' id='word_1_462' title='bbox 2094 2634 2332 2688; x_wconf 88' lang='lat' dir='ltr'><strong>metiens</strong></span> <span class='ocrx_word' id='word_1_463' title='bbox 2352 2632 2862 2706; x_wconf 85' lang='lat' dir='ltr'><strong>impossibilitatem</strong></span> <span class='ocrx_word' id='word_1_464' title='bbox 2891 2632 3157 2704; x_wconf 67' lang='lat' dir='ltr'><strong>praecepti</strong></span> <span class='ocrx_word' id='word_1_465' title='bbox 3187 2631 3272 2687; x_wconf 90' lang='lat' dir='ltr'><strong>vel</strong></span> <span class='ocrx_word' id='word_1_466' title='bbox 3292 2631 3443 2698; x_wconf 84' lang='lat' dir='ltr'><strong>facti,</strong></span> <span class='ocrx_word' id='word_1_467' title='bbox 3473 2648 3573 2704; x_wconf 92' lang='lat' dir='ltr'><strong>pro</strong></span> <span class='ocrx_word' id='word_1_468' title='bbox 3603 2647 3687 2685; x_wconf 88' lang='lat' dir='ltr'><strong>re-</strong></span> 
     </span>
    </p>
   </div>
   <div class='ocr_carea' id='block_1_71' title="bbox 2092 2720 3689 2795">
    <p class='ocr_par' dir='ltr' id='par_1_71' title="bbox 2092 2720 3689 2795">
     <span class='ocr_line' id='line_1_71' title="bbox 2092 2720 3689 2795; baseline -0.001 -18"><span class='ocrx_word' id='word_1_469' title='bbox 2092 2723 2344 2778; x_wconf 88' lang='lat' dir='ltr'><strong>verentia</strong></span> <span class='ocrx_word' id='word_1_470' title='bbox 2373 2723 2522 2778; x_wconf 90' lang='lat' dir='ltr'><strong>senis</strong></span> <span class='ocrx_word' id='word_1_471' title='bbox 2549 2728 2605 2778; x_wconf 91' lang='lat' dir='ltr'><strong>et</strong></span> <span class='ocrx_word' id='word_1_472' title='bbox 2635 2722 2888 2795; x_wconf 89' lang='lat' dir='ltr'><strong>obsequii</strong></span> <span class='ocrx_word' id='word_1_473' title='bbox 2920 2721 3278 2794; x_wconf 87' lang='lat' dir='ltr'><strong>simplicitate</strong></span> <span class='ocrx_word' id='word_1_474' title='bbox 3306 2720 3544 2788; x_wconf 89' lang='lat' dir='ltr'><strong>sincera,</strong></span> <span class='ocrx_word' id='word_1_475' title='bbox 3574 2737 3689 2792; x_wconf 84' lang='lat' dir='ltr'><strong>qua</strong></span> 
     </span>
    </p>
   </div>
   <div class='ocr_carea' id='block_1_72' title="bbox 2094 2810 3690 2883">
    <p class='ocr_par' dir='ltr' id='par_1_72' title="bbox 2094 2810 3690 2883">
     <span class='ocr_line' id='line_1_72' title="bbox 2094 2810 3690 2883; baseline -0.001 -17"><span class='ocrx_word' id='word_1_476' title='bbox 2094 2812 2355 2867; x_wconf 91' lang='lat' dir='ltr'><strong>credebat</strong></span> <span class='ocrx_word' id='word_1_477' title='bbox 2383 2816 2504 2867; x_wconf 87' lang='lat' dir='ltr'><strong>tota</strong></span> <span class='ocrx_word' id='word_1_478' title='bbox 2533 2812 2661 2878; x_wconf 84' lang='lat' dir='ltr'><strong>fide,</strong></span> <span class='ocrx_word' id='word_1_479' title='bbox 2696 2828 2887 2866; x_wconf 91' lang='lat' dir='ltr'><strong>senem</strong></span> <span class='ocrx_word' id='word_1_480' title='bbox 2918 2810 3060 2865; x_wconf 87' lang='lat' dir='ltr'><strong>nihil</strong></span> <span class='ocrx_word' id='word_1_481' title='bbox 3090 2827 3252 2883; x_wconf 92' lang='lat' dir='ltr'><strong>posse</strong></span> <span class='ocrx_word' id='word_1_482' title='bbox 3292 2810 3574 2865; x_wconf 91' lang='lat' dir='ltr'><strong>incassum</strong></span> <span class='ocrx_word' id='word_1_483' title='bbox 3623 2826 3690 2864; x_wconf 88' lang='lat' dir='ltr'><strong>ac</strong></span> 
     </span>
    </p>
   </div>
   <div class='ocr_carea' id='block_1_73' title="bbox 2093 2897 3690 2973">
    <p class='ocr_par' dir='ltr' id='par_1_73' title="bbox 2093 2897 3690 2973">
     <span class='ocr_line' id='line_1_73' title="bbox 2093 2897 3690 2973; baseline -0.001 -18"><span class='ocrx_word' id='word_1_484' title='bbox 2093 2901 2213 2956; x_wconf 87' lang='lat' dir='ltr'><strong>sine</strong></span> <span class='ocrx_word' id='word_1_485' title='bbox 2252 2901 2469 2955; x_wconf 89' lang='lat' dir='ltr'><strong>ratione</strong></span> <span class='ocrx_word' id='word_1_486' title='bbox 2508 2901 2826 2973; x_wconf 64' lang='lat' dir='ltr'><strong>praecipere.</strong></span> <span class='ocrx_word' id='word_1_487' title='bbox 2861 2900 3166 2972; x_wconf 88' lang='lat' dir='ltr'><strong>Hucusque</strong></span> <span class='ocrx_word' id='word_1_488' title='bbox 3202 2897 3421 2953; x_wconf 87' lang='lat' dir='ltr'><strong>abbatis</strong></span> <span class='ocrx_word' id='word_1_489' title='bbox 3458 2899 3690 2954; x_wconf 86' lang='lat' dir='ltr'><strong>Joannis</strong></span> 
     </span>
    </p>
   </div>
   <div class='ocr_carea' id='block_1_74' title="bbox 2093 2986 3690 3062">
    <p class='ocr_par' dir='ltr' id='par_1_74' title="bbox 2093 2986 3690 3062">
     <span class='ocr_line' id='line_1_74' title="bbox 2093 2986 3690 3062; baseline -0.001 -18"><span class='ocrx_word' id='word_1_490' title='bbox 2093 3006 2271 3062; x_wconf 88' lang='lat' dir='ltr'><strong>pauca</strong></span> <span class='ocrx_word' id='word_1_491' title='bbox 2289 2990 2358 3045; x_wconf 92' lang='lat' dir='ltr'><strong>de</strong></span> <span class='ocrx_word' id='word_1_492' title='bbox 2387 2990 2580 3045; x_wconf 86' lang='lat' dir='ltr'><strong>multis</strong></span> <span class='ocrx_word' id='word_1_493' title='bbox 2602 2990 2804 3044; x_wconf 86' lang='lat' dir='ltr'><strong>dixisse</strong></span> <span class='ocrx_word' id='word_1_494' title='bbox 2827 2988 3070 3044; x_wconf 80' lang='lat' dir='ltr'><strong>sufficiat</strong></span> <span class='ocrx_word' id='word_1_495' title='bbox 3088 3007 3100 3057; x_wconf 85' lang='lat'><strong>;</strong></span> <span class='ocrx_word' id='word_1_496' title='bbox 3125 3004 3275 3043; x_wconf 90' lang='lat' dir='ltr'><strong>nunc</strong></span> <span class='ocrx_word' id='word_1_497' title='bbox 3293 2986 3509 3043; x_wconf 89' lang='lat' dir='ltr'><strong>abbatis</strong></span> <span class='ocrx_word' id='word_1_498' title='bbox 3525 2987 3690 3043; x_wconf 91' lang='lat' dir='ltr'><strong>Mutii</strong></span> 
     </span>
    </p>
   </div>
   <div class='ocr_carea' id='block_1_75' title="bbox 2093 3077 3380 3151">
    <p class='ocr_par' dir='ltr' id='par_1_75' title="bbox 2093 3077 3380 3151">
     <span class='ocr_line' id='line_1_75' title="bbox 2093 3077 3380 3151; baseline -0.002 -17"><span class='ocrx_word' id='word_1_499' title='bbox 2093 3078 2301 3135; x_wconf 89' lang='lat' dir='ltr'><strong>factum</strong></span> <span class='ocrx_word' id='word_1_500' title='bbox 2330 3078 2564 3151; x_wconf 90' lang='lat' dir='ltr'><strong>dignum</strong></span> <span class='ocrx_word' id='word_1_501' title='bbox 2590 3078 2864 3134; x_wconf 86' lang='lat' dir='ltr'><strong>memoria</strong></span> <span class='ocrx_word' id='word_1_502' title='bbox 2892 3077 3380 3150; x_wconf 88' lang='lat' dir='ltr'><strong>comprehendam.</strong></span> 
     </span>
    </p>
   </div>
   <div class='ocr_carea' id='block_1_76' title="bbox 2635 3167 3149 3223">
    <p class='ocr_par' dir='ltr' id='par_1_76' title="bbox 2635 3167 3149 3223">
     <span class='ocr_line' id='line_1_76' title="bbox 2635 3167 3149 3223; baseline -0.006 0"><span class='ocrx_word' id='word_1_503' title='bbox 2635 3168 2870 3223; x_wconf 83' lang='lat' dir='ltr'><strong>CAPUT</strong></span> <span class='ocrx_word' id='word_1_504' title='bbox 2897 3167 3149 3223; x_wconf 82' lang='lat' dir='ltr'><strong>XXVIII.</strong></span> 
     </span>
    </p>
   </div>
   <div class='ocr_carea' id='block_1_77' title="bbox 2330 3256 3439 3327">
    <p class='ocr_par' dir='ltr' id='par_1_77' title="bbox 2330 3256 3439 3327">
     <span class='ocr_line' id='line_1_77' title="bbox 2330 3256 3439 3327; baseline -0.003 -15"><span class='ocrx_word' id='word_1_505' title='bbox 2330 3259 2403 3312; x_wconf 81' lang='lat' dir='ltr'><strong>De</strong></span> <span class='ocrx_word' id='word_1_506' title='bbox 2434 3260 2688 3312; x_wconf 83' lang='lat' dir='ltr'><strong>mirabili</strong></span> <span class='ocrx_word' id='word_1_507' title='bbox 2710 3259 2987 3327; x_wconf 76' lang='lat' dir='ltr'><strong>patientia</strong></span> <span class='ocrx_word' id='word_1_508' title='bbox 3012 3258 3224 3311; x_wconf 78' lang='lat' dir='ltr'><strong>abbatis</strong></span> <span class='ocrx_word' id='word_1_509' title='bbox 3253 3256 3439 3311; x_wconf 79' lang='lat' dir='ltr'><strong>Mutii.</strong></span> 
     </span>
    </p>
   </div>
   <div class='ocr_carea' id='block_1_78' title="bbox 2162 3345 3691 3419">
    <p class='ocr_par' dir='ltr' id='par_1_78' title="bbox 2162 3345 3691 3419">
     <span class='ocr_line' id='line_1_78' title="bbox 2162 3345 3691 3419; baseline 0 -18"><span class='ocrx_word' id='word_1_510' title='bbox 2162 3347 2266 3402; x_wconf 89' lang='lat' dir='ltr'><strong>Hic</strong></span> <span class='ocrx_word' id='word_1_511' title='bbox 2276 3363 2518 3419; x_wconf 89' lang='lat' dir='ltr'><strong>namque</strong></span> <span class='ocrx_word' id='word_1_512' title='bbox 2535 3346 2706 3401; x_wconf 89' lang='lat' dir='ltr'><strong>abbas</strong></span> <span class='ocrx_word' id='word_1_513' title='bbox 2719 3346 2947 3411; x_wconf 79' lang='lat' dir='ltr'><strong>Mutius,</strong></span> <span class='ocrx_word' id='word_1_514' title='bbox 2957 3345 3355 3404; x_wconf 89' lang='lat' dir='ltr'><strong>abrenuntiare</strong></span> <span class='ocrx_word' id='word_1_515' title='bbox 3365 3345 3691 3401; x_wconf 87' lang='lat' dir='ltr'><strong>desiderans</strong></span> 
     </span>
    </p>
   </div>
   <div class='ocr_carea' id='block_1_79' title="bbox 2090 3436 3685 3508">
    <p class='ocr_par' dir='ltr' id='par_1_79' title="bbox 2090 3436 3685 3508">
     <span class='ocr_line' id='line_1_79' title="bbox 2090 3436 3685 3508; baseline 0.001 -17"><span class='ocrx_word' id='word_1_516' title='bbox 2090 3437 2218 3492; x_wconf 91' lang='lat' dir='ltr'><strong>huic</strong></span> <span class='ocrx_word' id='word_1_517' title='bbox 2238 3436 2879 3499; x_wconf 88' lang='lat' dir='ltr'><strong>mundo,monasterium</strong></span> <span class='ocrx_word' id='word_1_518' title='bbox 2901 3436 3065 3508; x_wconf 90' lang='lat' dir='ltr'><strong>petiit</strong></span> <span class='ocrx_word' id='word_1_519' title='bbox 3083 3436 3271 3502; x_wconf 61' lang='lat' dir='ltr'><strong>(Casa,</strong></span> <span class='ocrx_word' id='word_1_520' title='bbox 3298 3436 3395 3490; x_wconf 86' lang='lat' dir='ltr'><strong>lib.</strong></span> <span class='ocrx_word' id='word_1_521' title='bbox 3420 3436 3450 3490; x_wconf 79' lang='lat'><strong>4</strong></span> <span class='ocrx_word' id='word_1_522' title='bbox 3475 3438 3685 3504; x_wconf 79' lang='lat' dir='ltr'><strong>[mtit.,</strong></span> 
     </span>
    </p>
   </div>
   <div class='ocr_carea' id='block_1_80' title="bbox 2088 3524 3688 3598">
    <p class='ocr_par' dir='ltr' id='par_1_80' title="bbox 2088 3524 3688 3598">
     <span class='ocr_line' id='line_1_80' title="bbox 2088 3524 3688 3598; baseline -0.001 -17"><span class='ocrx_word' id='word_1_523' title='bbox 2088 3543 2138 3581; x_wconf 90' lang='lat' dir='ltr'><strong>c.</strong></span> <span class='ocrx_word' id='word_1_524' title='bbox 2170 3526 2288 3597; x_wconf 85' lang='lat'><strong>27).</strong></span> <span class='ocrx_word' id='word_1_525' title='bbox 2314 3527 2422 3592; x_wconf 88' lang='lat' dir='ltr'><strong>Qui</strong></span> <span class='ocrx_word' id='word_1_526' title='bbox 2442 3531 2560 3581; x_wconf 90' lang='lat' dir='ltr'><strong>tam</strong></span> <span class='ocrx_word' id='word_1_527' title='bbox 2579 3526 2675 3580; x_wconf 93' lang='lat' dir='ltr'><strong>diu</strong></span> <span class='ocrx_word' id='word_1_528' title='bbox 2698 3536 2799 3598; x_wconf 88' lang='lat' dir='ltr'><strong>pro</strong></span> <span class='ocrx_word' id='word_1_529' title='bbox 2820 3524 3032 3580; x_wconf 87' lang='lat' dir='ltr'><strong>foribus</strong></span> <span class='ocrx_word' id='word_1_530' title='bbox 3053 3524 3380 3580; x_wconf 88' lang='lat' dir='ltr'><strong>monasterii</strong></span> <span class='ocrx_word' id='word_1_531' title='bbox 3406 3541 3534 3580; x_wconf 93' lang='lat' dir='ltr'><strong>cum</strong></span> <span class='ocrx_word' id='word_1_532' title='bbox 3556 3540 3688 3597; x_wconf 87' lang='lat' dir='ltr'><strong>par-</strong></span> 
     </span>
    </p>
   </div>
   <div class='ocr_carea' id='block_1_81' title="bbox 2092 3612 3689 3679">
    <p class='ocr_par' dir='ltr' id='par_1_81' title="bbox 2092 3612 3689 3679">
     <span class='ocr_line' id='line_1_81' title="bbox 2092 3612 3689 3679; baseline 0 -11"><span class='ocrx_word' id='word_1_533' title='bbox 2092 3615 2220 3671; x_wconf 91' lang='lat' dir='ltr'><strong>vulo</strong></span> <span class='ocrx_word' id='word_1_534' title='bbox 2265 3615 2382 3670; x_wconf 84' lang='lat' dir='ltr'><strong>tilio</strong></span> <span class='ocrx_word' id='word_1_535' title='bbox 2433 3620 2556 3671; x_wconf 90' lang='lat' dir='ltr'><strong>octo</strong></span> <span class='ocrx_word' id='word_1_536' title='bbox 2606 3614 2825 3669; x_wconf 87' lang='lat' dir='ltr'><strong>circiter</strong></span> <span class='ocrx_word' id='word_1_537' title='bbox 2870 3630 3148 3669; x_wconf 87' lang='lat' dir='ltr'><strong>annorum</strong></span> <span class='ocrx_word' id='word_1_538' title='bbox 3176 3612 3484 3679; x_wconf 84' lang='lat' dir='ltr'><strong>excubavit,</strong></span> <span class='ocrx_word' id='word_1_539' title='bbox 3510 3614 3689 3669; x_wconf 90' lang='lat' dir='ltr'><strong>donec</strong></span> 
     </span>
    </p>
   </div>
   <div class='ocr_carea' id='block_1_82' title="bbox 2092 3702 3680 3777">
    <p class='ocr_par' dir='ltr' id='par_1_82' title="bbox 2092 3702 3680 3777">
     <span class='ocr_line' id='line_1_82' title="bbox 2092 3702 3680 3777; baseline -0.001 -17"><span class='ocrx_word' id='word_1_540' title='bbox 2092 3705 2300 3777; x_wconf 90' lang='lat' dir='ltr'><strong>suscipi</strong></span> <span class='ocrx_word' id='word_1_541' title='bbox 2320 3710 2650 3760; x_wconf 88' lang='lat' dir='ltr'><strong>mereretur.</strong></span> <span class='ocrx_word' id='word_1_542' title='bbox 2675 3705 2930 3775; x_wconf 85' lang='lat' dir='ltr'><strong>Cumque</strong></span> <span class='ocrx_word' id='word_1_543' title='bbox 2949 3702 3178 3758; x_wconf 90' lang='lat' dir='ltr'><strong>tandem</strong></span> <span class='ocrx_word' id='word_1_544' title='bbox 3198 3703 3406 3775; x_wconf 89' lang='lat' dir='ltr'><strong>recepti</strong></span> <span class='ocrx_word' id='word_1_545' title='bbox 3424 3702 3680 3772; x_wconf 88' lang='lat' dir='ltr'><strong>fuissent,</strong></span> 
     </span>
    </p>
   </div>
   <div class='ocr_carea' id='block_1_83' title="bbox 2092 3792 3686 3865">
    <p class='ocr_par' dir='ltr' id='par_1_83' title="bbox 2092 3792 3686 3865">
     <span class='ocr_line' id='line_1_83' title="bbox 2092 3792 3686 3865; baseline -0.001 -17"><span class='ocrx_word' id='word_1_546' title='bbox 2092 3794 2385 3849; x_wconf 81' lang='lat' dir='ltr'><strong>confestim</strong></span> <span class='ocrx_word' id='word_1_547' title='bbox 2408 3793 2478 3848; x_wconf 91' lang='lat' dir='ltr'><strong>ab</strong></span> <span class='ocrx_word' id='word_1_548' title='bbox 2506 3793 2743 3848; x_wconf 89' lang='lat' dir='ltr'><strong>invicem</strong></span> <span class='ocrx_word' id='word_1_549' title='bbox 2775 3792 3020 3865; x_wconf 89' lang='lat' dir='ltr'><strong>separati</strong></span> <span class='ocrx_word' id='word_1_550' title='bbox 3044 3797 3194 3860; x_wconf 91' lang='lat' dir='ltr'><strong>sunt,</strong></span> <span class='ocrx_word' id='word_1_551' title='bbox 3226 3808 3297 3847; x_wconf 91' lang='lat' dir='ltr'><strong>ne</strong></span> <span class='ocrx_word' id='word_1_552' title='bbox 3329 3792 3543 3846; x_wconf 91' lang='lat' dir='ltr'><strong>scilicet</strong></span> <span class='ocrx_word' id='word_1_553' title='bbox 3562 3793 3686 3864; x_wconf 89' lang='lat' dir='ltr'><strong>jugi</strong></span> 
     </span>
    </p>
   </div>
   <div class='ocr_carea' id='block_1_84' title="bbox 2087 3880 3689 3956">
    <p class='ocr_par' dir='ltr' id='par_1_84' title="bbox 2087 3880 3689 3956">
     <span class='ocr_line' id='line_1_84' title="bbox 2087 3880 3689 3956; baseline -0.001 -19"><span class='ocrx_word' id='word_1_554' title='bbox 2087 3883 2300 3939; x_wconf 89' lang='lat' dir='ltr'><strong>visione</strong></span> <span class='ocrx_word' id='word_1_555' title='bbox 2314 3884 2551 3956; x_wconf 89' lang='lat' dir='ltr'><strong>parvuli,</strong></span> <span class='ocrx_word' id='word_1_556' title='bbox 2571 3883 3031 3939; x_wconf 88' lang='lat' dir='ltr'><strong>reminisceretur</strong></span> <span class='ocrx_word' id='word_1_557' title='bbox 3047 3885 3208 3954; x_wconf 89' lang='lat' dir='ltr'><strong>pater</strong></span> <span class='ocrx_word' id='word_1_558' title='bbox 3227 3897 3395 3953; x_wconf 91' lang='lat' dir='ltr'><strong>quam</strong></span> <span class='ocrx_word' id='word_1_559' title='bbox 3408 3880 3496 3952; x_wconf 90' lang='lat' dir='ltr'><strong>abj</strong></span> <span class='ocrx_word' id='word_1_560' title='bbox 3504 3885 3689 3936; x_wconf 88' lang='lat' dir='ltr'><strong>ecerat</strong></span> 
     </span>
    </p>
   </div>
   <div class='ocr_carea' id='block_1_85' title="bbox 2090 3971 3689 4045">
    <p class='ocr_par' dir='ltr' id='par_1_85' title="bbox 2090 3971 3689 4045">
     <span class='ocr_line' id='line_1_85' title="bbox 2090 3971 3689 4045; baseline -0.002 -15"><span class='ocrx_word' id='word_1_561' title='bbox 2090 3974 2416 4030; x_wconf 85' lang='lat' dir='ltr'><strong>facultatem</strong></span> <span class='ocrx_word' id='word_1_562' title='bbox 2440 3994 2453 4042; x_wconf 88' lang='lat'><strong>;</strong></span> <span class='ocrx_word' id='word_1_563' title='bbox 2479 3979 2537 4029; x_wconf 89' lang='lat' dir='ltr'><strong>et</strong></span> <span class='ocrx_word' id='word_1_564' title='bbox 2561 3972 3037 4045; x_wconf 91' lang='lat' dir='ltr'><strong>quemadmodum</strong></span> <span class='ocrx_word' id='word_1_565' title='bbox 3055 3971 3285 4027; x_wconf 88' lang='lat' dir='ltr'><strong>divitem</strong></span> <span class='ocrx_word' id='word_1_566' title='bbox 3328 3988 3389 4027; x_wconf 90' lang='lat' dir='ltr'><strong>se</strong></span> <span class='ocrx_word' id='word_1_567' title='bbox 3425 3972 3547 4043; x_wconf 91' lang='lat' dir='ltr'><strong>jam</strong></span> <span class='ocrx_word' id='word_1_568' title='bbox 3577 3988 3689 4027; x_wconf 91' lang='lat' dir='ltr'><strong>non</strong></span> 
     </span>
    </p>
   </div>
   <div class='ocr_carea' id='block_1_86' title="bbox 2093 4060 3688 4134">
    <p class='ocr_par' dir='ltr' id='par_1_86' title="bbox 2093 4060 3688 4134">
     <span class='ocr_line' id='line_1_86' title="bbox 2093 4060 3688 4134; baseline -0.003 -15"><span class='ocrx_word' id='word_1_569' title='bbox 2093 4080 2215 4119; x_wconf 92' lang='lat' dir='ltr'><strong>esse</strong></span> <span class='ocrx_word' id='word_1_570' title='bbox 2234 4062 2550 4129; x_wconf 89' lang='lat' dir='ltr'><strong>sciebat,ita</strong></span> <span class='ocrx_word' id='word_1_571' title='bbox 2586 4068 2647 4117; x_wconf 93' lang='lat' dir='ltr'><strong>et</strong></span> <span class='ocrx_word' id='word_1_572' title='bbox 2686 4067 2906 4134; x_wconf 88' lang='lat' dir='ltr'><strong>patrem</strong></span> <span class='ocrx_word' id='word_1_573' title='bbox 2929 4076 2991 4117; x_wconf 90' lang='lat' dir='ltr'><strong>se</strong></span> <span class='ocrx_word' id='word_1_574' title='bbox 3012 4076 3133 4115; x_wconf 91' lang='lat' dir='ltr'><strong>esse</strong></span> <span class='ocrx_word' id='word_1_575' title='bbox 3150 4060 3411 4115; x_wconf 89' lang='lat' dir='ltr'><strong>nesciret.</strong></span> <span class='ocrx_word' id='word_1_576' title='bbox 3436 4060 3595 4124; x_wconf 89' lang='lat' dir='ltr'><strong>Quod</strong></span> <span class='ocrx_word' id='word_1_577' title='bbox 3622 4066 3688 4115; x_wconf 90' lang='lat' dir='ltr'><strong>ut</strong></span> 
     </span>
    </p>
   </div>
   <div class='ocr_carea' id='block_1_87' title="bbox 2092 4148 3689 4226">
    <p class='ocr_par' dir='ltr' id='par_1_87' title="bbox 2092 4148 3689 4226">
     <span class='ocr_line' id='line_1_87' title="bbox 2092 4148 3689 4226; baseline -0.003 -18"><span class='ocrx_word' id='word_1_578' title='bbox 2092 4152 2312 4226; x_wconf 90' lang='lat' dir='ltr'><strong>plenius</strong></span> <span class='ocrx_word' id='word_1_579' title='bbox 2332 4150 2684 4225; x_wconf 85' lang='lat' dir='ltr'><strong>probaretur,</strong></span> <span class='ocrx_word' id='word_1_580' title='bbox 2708 4156 2899 4205; x_wconf 90' lang='lat' dir='ltr'><strong>utrum</strong></span> <span class='ocrx_word' id='word_1_581' title='bbox 2920 4150 3039 4222; x_wconf 90' lang='lat' dir='ltr'><strong>ipse</strong></span> <span class='ocrx_word' id='word_1_582' title='bbox 3063 4148 3190 4222; x_wconf 90' lang='lat' dir='ltr'><strong>plus</strong></span> <span class='ocrx_word' id='word_1_583' title='bbox 3214 4149 3422 4204; x_wconf 84' lang='lat' dir='ltr'><strong>faceret</strong></span> <span class='ocrx_word' id='word_1_584' title='bbox 3447 4149 3689 4204; x_wconf 81' lang='lat' dir='ltr'><strong>affectio-</strong></span> 
     </span>
    </p>
   </div>
   <div class='ocr_carea' id='block_1_88' title="bbox 2091 4237 3684 4314">
    <p class='ocr_par' dir='ltr' id='par_1_88' title="bbox 2091 4237 3684 4314">
     <span class='ocr_line' id='line_1_88' title="bbox 2091 4237 3684 4314; baseline -0.004 -15"><span class='ocrx_word' id='word_1_585' title='bbox 2091 4259 2164 4299; x_wconf 89' lang='lat' dir='ltr'><strong>ne</strong></span> <span class='ocrx_word' id='word_1_586' title='bbox 2192 4241 2482 4314; x_wconf 91' lang='lat' dir='ltr'><strong>sanguinis</strong></span> <span class='ocrx_word' id='word_1_587' title='bbox 2510 4258 2584 4296; x_wconf 86' lang='lat' dir='ltr'><strong>an</strong></span> <span class='ocrx_word' id='word_1_588' title='bbox 2613 4239 2962 4307; x_wconf 60' lang='lat' dir='ltr'><strong>obedientia,</strong></span> <span class='ocrx_word' id='word_1_589' title='bbox 2987 4237 3379 4311; x_wconf 86' lang='lat' dir='ltr'><strong>negligebatur</strong></span> <span class='ocrx_word' id='word_1_590' title='bbox 3397 4238 3684 4312; x_wconf 85' lang='lat' dir='ltr'><strong>parvulus,</strong></span> 
     </span>
    </p>
   </div>
   <div class='ocr_carea' id='block_1_89' title="bbox 2087 4326 3688 4404">
    <p class='ocr_par' dir='ltr' id='par_1_89' title="bbox 2087 4326 3688 4404">
     <span class='ocr_line' id='line_1_89' title="bbox 2087 4326 3688 4404; baseline -0.003 -18"><span class='ocrx_word' id='word_1_591' title='bbox 2087 4330 2290 4404; x_wconf 89' lang='lat' dir='ltr'><strong>pannis</strong></span> <span class='ocrx_word' id='word_1_592' title='bbox 2317 4330 2504 4402; x_wconf 91' lang='lat' dir='ltr'><strong>potius</strong></span> <span class='ocrx_word' id='word_1_593' title='bbox 2532 4347 2700 4403; x_wconf 88' lang='lat' dir='ltr'><strong>quam</strong></span> <span class='ocrx_word' id='word_1_594' title='bbox 2728 4327 3079 4384; x_wconf 85' lang='lat' dir='ltr'><strong>vestimentis</strong></span> <span class='ocrx_word' id='word_1_595' title='bbox 3106 4326 3359 4382; x_wconf 90' lang='lat' dir='ltr'><strong>indutus.</strong></span> <span class='ocrx_word' id='word_1_596' title='bbox 3385 4326 3494 4382; x_wconf 92' lang='lat' dir='ltr'><strong>Sed</strong></span> <span class='ocrx_word' id='word_1_597' title='bbox 3520 4330 3578 4382; x_wconf 94' lang='lat' dir='ltr'><strong>et</strong></span> <span class='ocrx_word' id='word_1_598' title='bbox 3601 4343 3688 4381; x_wconf 90' lang='lat' dir='ltr'><strong>co-</strong></span> 
     </span>
    </p>
   </div>
   <div class='ocr_carea' id='block_1_90' title="bbox 402 4414 3686 4493">
    <p class='ocr_par' dir='ltr' id='par_1_90' title="bbox 402 4414 3686 4493">
     <span class='ocr_line' id='line_1_90' title="bbox 402 4414 3686 4493; baseline 0 -22"><span class='ocrx_word' id='word_1_599' title='bbox 402 4414 653 4489; x_wconf 90' lang='lat' dir='ltr'><strong>plicitate</strong></span> <span class='ocrx_word' id='word_1_600' title='bbox 702 4415 1084 4484; x_wconf 88' lang='lat' dir='ltr'><strong>descenderet,</strong></span> <span class='ocrx_word' id='word_1_601' title='bbox 1114 4417 1305 4473; x_wconf 91' lang='lat' dir='ltr'><strong>volens</strong></span> <span class='ocrx_word' id='word_1_602' title='bbox 1334 4434 1503 4474; x_wconf 89' lang='lat' dir='ltr'><strong>senex</strong></span> <span class='ocrx_word' id='word_1_603' title='bbox 1533 4421 1886 4476; x_wconf 80' lang='lat' dir='ltr'><strong>manifestius</strong></span> <span class='ocrx_word' id='word_1_604' title='bbox 1916 4438 2006 4476; x_wconf 88' lang='lat' dir='ltr'><strong>ex-</strong></span> <span class='ocrx_word' id='word_1_605' title='bbox 2084 4420 2267 4493; x_wconf 91' lang='lat' dir='ltr'><strong>laphis</strong></span> <span class='ocrx_word' id='word_1_606' title='bbox 2292 4426 2463 4492; x_wconf 90' lang='lat' dir='ltr'><strong>atque</strong></span> <span class='ocrx_word' id='word_1_607' title='bbox 2490 4419 2667 4491; x_wconf 90' lang='lat' dir='ltr'><strong>alapis</strong></span> <span class='ocrx_word' id='word_1_608' title='bbox 2697 4419 2979 4491; x_wconf 80' lang='lat' dir='ltr'><strong>expositus</strong></span> <span class='ocrx_word' id='word_1_609' title='bbox 3009 4417 3380 4484; x_wconf 89' lang='lat' dir='ltr'><strong>diversorum,</strong></span> <span class='ocrx_word' id='word_1_610' title='bbox 3404 4431 3545 4487; x_wconf 91' lang='lat' dir='ltr'><strong>quos</strong></span> <span class='ocrx_word' id='word_1_611' title='bbox 3564 4416 3686 4488; x_wconf 84' lang='lat' dir='ltr'><strong>ple-</strong></span> 
     </span>
    </p>
   </div>
   <div class='ocr_carea' id='block_1_91' title="bbox 403 4501 3682 4583">
    <p class='ocr_par' dir='ltr' id='par_1_91' title="bbox 403 4501 3682 4583">
     <span class='ocr_line' id='line_1_91' title="bbox 403 4501 3682 4583; baseline 0 -24"><span class='ocrx_word' id='word_1_612' title='bbox 403 4505 645 4578; x_wconf 88' lang='lat' dir='ltr'><strong>plorare,</strong></span> <span class='ocrx_word' id='word_1_613' title='bbox 677 4505 729 4560; x_wconf 91' lang='lat' dir='ltr'><strong>ei</strong></span> <span class='ocrx_word' id='word_1_614' title='bbox 776 4505 957 4578; x_wconf 89' lang='lat' dir='ltr'><strong>plura,</strong></span> <span class='ocrx_word' id='word_1_615' title='bbox 1008 4506 1178 4561; x_wconf 81' lang='lat' dir='ltr'><strong>etiam</strong></span> <span class='ocrx_word' id='word_1_616' title='bbox 1206 4508 1495 4579; x_wconf 86' lang='lat' dir='ltr'><strong>superﬂua</strong></span> <span class='ocrx_word' id='word_1_617' title='bbox 1534 4514 1593 4564; x_wconf 91' lang='lat' dir='ltr'><strong>et</strong></span> <span class='ocrx_word' id='word_1_618' title='bbox 1617 4510 2000 4583; x_wconf 91' lang='lat' dir='ltr'><strong>impossibilia,</strong></span> <span class='ocrx_word' id='word_1_619' title='bbox 2016 4501 2068 4562; x_wconf 87' lang='lat' dir='ltr'><strong>D</strong></span> <span class='ocrx_word' id='word_1_620' title='bbox 2087 4527 2327 4583; x_wconf 88' lang='lat' dir='ltr'><strong>rumque</strong></span> <span class='ocrx_word' id='word_1_621' title='bbox 2341 4508 2443 4564; x_wconf 92' lang='lat' dir='ltr'><strong>sub</strong></span> <span class='ocrx_word' id='word_1_622' title='bbox 2455 4509 2630 4564; x_wconf 91' lang='lat' dir='ltr'><strong>oculis</strong></span> <span class='ocrx_word' id='word_1_623' title='bbox 2650 4509 2767 4565; x_wconf 89' lang='lat' dir='ltr'><strong>suis</strong></span> <span class='ocrx_word' id='word_1_624' title='bbox 2786 4514 2947 4580; x_wconf 85' lang='lat' dir='ltr'><strong>pater</strong></span> <span class='ocrx_word' id='word_1_625' title='bbox 2960 4506 3247 4563; x_wconf 90' lang='lat' dir='ltr'><strong>innocenti</strong></span> <span class='ocrx_word' id='word_1_626' title='bbox 3262 4505 3491 4578; x_wconf 88' lang='lat' dir='ltr'><strong>parvulo</strong></span> <span class='ocrx_word' id='word_1_627' title='bbox 3512 4504 3682 4560; x_wconf 88' lang='lat' dir='ltr'><strong>etiam</strong></span> 
     </span>
    </p>
   </div>
   <div class='ocr_carea' id='block_1_92' title="bbox 401 4595 3687 4672">
    <p class='ocr_par' dir='ltr' id='par_1_92' title="bbox 401 4595 3687 4672">
     <span class='ocr_line' id='line_1_92' title="bbox 401 4595 3687 4672; baseline -0.001 -21"><span class='ocrx_word' id='word_1_628' title='bbox 401 4595 751 4668; x_wconf 83' lang='lat' dir='ltr'><strong>frequentius</strong></span> <span class='ocrx_word' id='word_1_629' title='bbox 798 4595 1149 4668; x_wconf 90' lang='lat' dir='ltr'><strong>injungebat,</strong></span> <span class='ocrx_word' id='word_1_630' title='bbox 1204 4613 1270 4651; x_wconf 87' lang='lat' dir='ltr'><strong>ex</strong></span> <span class='ocrx_word' id='word_1_631' title='bbox 1299 4597 1501 4669; x_wconf 89' lang='lat' dir='ltr'><strong>quibus</strong></span> <span class='ocrx_word' id='word_1_632' title='bbox 1525 4599 1999 4670; x_wconf 75' lang='lat' dir='ltr'><strong>paucanarrabo.</strong></span> <span class='ocrx_word' id='word_1_633' title='bbox 2082 4600 2262 4672; x_wconf 86' lang='lat' dir='ltr'><strong>gratis</strong></span> <span class='ocrx_word' id='word_1_634' title='bbox 2288 4597 2557 4654; x_wconf 89' lang='lat' dir='ltr'><strong>cernebat</strong></span> <span class='ocrx_word' id='word_1_635' title='bbox 2575 4598 2790 4665; x_wconf 86' lang='lat' dir='ltr'><strong>inferri,</strong></span> <span class='ocrx_word' id='word_1_636' title='bbox 2825 4598 2907 4653; x_wconf 90' lang='lat' dir='ltr'><strong>ita</strong></span> <span class='ocrx_word' id='word_1_637' title='bbox 2942 4601 3007 4652; x_wconf 93' lang='lat' dir='ltr'><strong>ut</strong></span> <span class='ocrx_word' id='word_1_638' title='bbox 3042 4611 3332 4668; x_wconf 89' lang='lat' dir='ltr'><strong>nunquam</strong></span> <span class='ocrx_word' id='word_1_639' title='bbox 3352 4611 3526 4666; x_wconf 87' lang='lat' dir='ltr'><strong>genas</strong></span> <span class='ocrx_word' id='word_1_640' title='bbox 3564 4595 3687 4667; x_wconf 89' lang='lat' dir='ltr'><strong>ejus</strong></span> 
     </span>
    </p>
   </div>
   <div class='ocr_carea' id='block_1_93' title="bbox 404 4685 1999 4760">
    <p class='ocr_par' dir='ltr' id='par_1_93' title="bbox 404 4685 1999 4760">
     <span class='ocr_line' id='line_1_93' title="bbox 404 4685 1999 4760; baseline 0.003 -19"><span class='ocrx_word' id='word_1_641' title='bbox 404 4685 658 4757; x_wconf 90' lang='lat' dir='ltr'><strong>Sumpsit</strong></span> <span class='ocrx_word' id='word_1_642' title='bbox 683 4701 930 4757; x_wconf 89' lang='lat' dir='ltr'><strong>namque</strong></span> <span class='ocrx_word' id='word_1_643' title='bbox 960 4686 1030 4741; x_wconf 90' lang='lat' dir='ltr'><strong>de</strong></span> <span class='ocrx_word' id='word_1_644' title='bbox 1056 4685 1296 4757; x_wconf 89' lang='lat' dir='ltr'><strong>lignario</strong></span> <span class='ocrx_word' id='word_1_645' title='bbox 1327 4703 1430 4742; x_wconf 91' lang='lat' dir='ltr'><strong>suo</strong></span> <span class='ocrx_word' id='word_1_646' title='bbox 1468 4688 1775 4760; x_wconf 87' lang='lat' dir='ltr'><strong>virgultum</strong></span> <span class='ocrx_word' id='word_1_647' title='bbox 1813 4706 1999 4757; x_wconf 81' lang='lat' dir='ltr'><strong>senex,</strong></span> 
     </span>
    </p>
   </div>
   <div class='ocr_carea' id='block_1_94' title="bbox 404 4770 2000 4847">
    <p class='ocr_par' dir='ltr' id='par_1_94' title="bbox 404 4770 2000 4847">
     <span class='ocr_line' id='line_1_94' title="bbox 404 4770 2000 4847; baseline 0.003 -22"><span class='ocrx_word' id='word_1_648' title='bbox 404 4771 555 4842; x_wconf 92' lang='lat' dir='ltr'><strong>quod</strong></span> <span class='ocrx_word' id='word_1_649' title='bbox 581 4770 714 4826; x_wconf 69' lang='lat' dir='ltr'><strong>olim</strong></span> <span class='ocrx_word' id='word_1_650' title='bbox 746 4771 992 4828; x_wconf 89' lang='lat' dir='ltr'><strong>excisum</strong></span> <span class='ocrx_word' id='word_1_651' title='bbox 1020 4772 1215 4828; x_wconf 92' lang='lat' dir='ltr'><strong>usibus</strong></span> <span class='ocrx_word' id='word_1_652' title='bbox 1242 4772 1351 4828; x_wconf 81' lang='lat' dir='ltr'><strong>foci</strong></span> <span class='ocrx_word' id='word_1_653' title='bbox 1380 4773 1566 4830; x_wconf 90' lang='lat' dir='ltr'><strong>fuerat</strong></span> <span class='ocrx_word' id='word_1_654' title='bbox 1602 4781 2000 4847; x_wconf 73' lang='lat' dir='ltr'><strong>praeparatum,</strong></span> 
     </span>
    </p>
   </div>
   <div class='ocr_carea' id='block_1_95' title="bbox 402 4859 2005 4937">
    <p class='ocr_par' dir='ltr' id='par_1_95' title="bbox 402 4859 2005 4937">
     <span class='ocr_line' id='line_1_95' title="bbox 402 4859 2005 4937; baseline 0.004 -23"><span class='ocrx_word' id='word_1_655' title='bbox 402 4875 533 4915; x_wconf 90' lang='lat' dir='ltr'><strong>cum</strong></span> <span class='ocrx_word' id='word_1_656' title='bbox 558 4859 665 4914; x_wconf 88' lang='lat' dir='ltr'><strong>hoc</strong></span> <span class='ocrx_word' id='word_1_657' title='bbox 693 4875 881 4915; x_wconf 90' lang='lat' dir='ltr'><strong>coram</strong></span> <span class='ocrx_word' id='word_1_658' title='bbox 905 4860 1027 4933; x_wconf 91' lang='lat' dir='ltr'><strong>ipso</strong></span> <span class='ocrx_word' id='word_1_659' title='bbox 1056 4861 1331 4917; x_wconf 82' lang='lat' dir='ltr'><strong>inﬁxisset</strong></span> <span class='ocrx_word' id='word_1_660' title='bbox 1374 4862 1433 4917; x_wconf 92' lang='lat' dir='ltr'><strong>in</strong></span> <span class='ocrx_word' id='word_1_661' title='bbox 1473 4869 1705 4931; x_wconf 91' lang='lat' dir='ltr'><strong>terram,</strong></span> <span class='ocrx_word' id='word_1_662' title='bbox 1742 4866 2005 4937; x_wconf 66' lang='lat' dir='ltr'><strong>praecepit</strong></span> 
     </span>
    </p>
   </div>
   <div class='ocr_carea' id='block_1_96' title="bbox 405 4948 2000 5025">
    <p class='ocr_par' dir='ltr' id='par_1_96' title="bbox 405 4948 2000 5025">
     <span class='ocr_line' id='line_1_96' title="bbox 405 4948 2000 5025; baseline 0.003 -21"><span class='ocrx_word' id='word_1_663' title='bbox 405 4949 458 5004; x_wconf 92' lang='lat' dir='ltr'><strong>ei</strong></span> <span class='ocrx_word' id='word_1_664' title='bbox 503 4953 586 5016; x_wconf 87' lang='lat' dir='ltr'><strong>ut,</strong></span> <span class='ocrx_word' id='word_1_665' title='bbox 637 4948 869 5005; x_wconf 90' lang='lat' dir='ltr'><strong>advecta</strong></span> <span class='ocrx_word' id='word_1_666' title='bbox 917 4965 1082 5022; x_wconf 87' lang='lat' dir='ltr'><strong>aqua,</strong></span> <span class='ocrx_word' id='word_1_667' title='bbox 1133 4951 1383 5023; x_wconf 90' lang='lat' dir='ltr'><strong>quotidie</strong></span> <span class='ocrx_word' id='word_1_668' title='bbox 1426 4952 1567 5008; x_wconf 91' lang='lat' dir='ltr'><strong>illud</strong></span> <span class='ocrx_word' id='word_1_669' title='bbox 1606 4953 1690 5008; x_wconf 90' lang='lat' dir='ltr'><strong>bis</strong></span> <span class='ocrx_word' id='word_1_670' title='bbox 1717 4954 2000 5025; x_wconf 87' lang='lat' dir='ltr'><strong>irrigaret.</strong></span> 
     </span>
    </p>
   </div>
   <div class='ocr_carea' id='block_1_97' title="bbox 403 5037 2005 5110">
    <p class='ocr_par' dir='ltr' id='par_1_97' title="bbox 403 5037 2005 5110">
     <span class='ocr_line' id='line_1_97' title="bbox 403 5037 2005 5110; baseline 0.004 -18"><span class='ocrx_word' id='word_1_671' title='bbox 403 5037 565 5104; x_wconf 90' lang='lat' dir='ltr'><strong>Quod</strong></span> <span class='ocrx_word' id='word_1_672' title='bbox 590 5042 931 5110; x_wconf 66' lang='lat' dir='ltr'><strong>praeceptum</strong></span> <span class='ocrx_word' id='word_1_673' title='bbox 971 5040 1337 5095; x_wconf 89' lang='lat' dir='ltr'><strong>veneratione</strong></span> <span class='ocrx_word' id='word_1_674' title='bbox 1382 5041 1550 5097; x_wconf 90' lang='lat' dir='ltr'><strong>solita</strong></span> <span class='ocrx_word' id='word_1_675' title='bbox 1591 5042 1711 5097; x_wconf 90' lang='lat' dir='ltr'><strong>sine</strong></span> <span class='ocrx_word' id='word_1_676' title='bbox 1753 5044 1871 5098; x_wconf 88' lang='lat' dir='ltr'><strong>ulla</strong></span> <span class='ocrx_word' id='word_1_677' title='bbox 1897 5045 2005 5099; x_wconf 91' lang='lat' dir='ltr'><strong>im-</strong></span> 
     </span>
    </p>
   </div>
   <div class='ocr_carea' id='block_1_98' title="bbox 407 5126 2002 5204">
    <p class='ocr_par' dir='ltr' id='par_1_98' title="bbox 407 5126 2002 5204">
     <span class='ocr_line' id='line_1_98' title="bbox 407 5126 2002 5204; baseline 0.003 -21"><span class='ocrx_word' id='word_1_678' title='bbox 407 5126 796 5201; x_wconf 87' lang='lat' dir='ltr'><strong>possibilitatis</strong></span> <span class='ocrx_word' id='word_1_679' title='bbox 840 5128 1287 5184; x_wconf 90' lang='lat' dir='ltr'><strong>consideratione</strong></span> <span class='ocrx_word' id='word_1_680' title='bbox 1314 5131 1639 5187; x_wconf 90' lang='lat' dir='ltr'><strong>adolescens</strong></span> <span class='ocrx_word' id='word_1_681' title='bbox 1674 5133 2002 5204; x_wconf 90' lang='lat' dir='ltr'><strong>suscipiens,</strong></span> 
     </span>
    </p>
   </div>
   <div class='ocr_carea' id='block_1_99' title="bbox 397 5216 2004 5295">
    <p class='ocr_par' dir='ltr' id='par_1_99' title="bbox 397 5216 2004 5295">
     <span class='ocr_line' id='line_1_99' title="bbox 397 5216 2004 5295; baseline 0.004 -22"><span class='ocrx_word' id='word_1_682' title='bbox 397 5216 481 5273; x_wconf 82' lang='lat' dir='ltr'><strong>ita</strong></span> <span class='ocrx_word' id='word_1_683' title='bbox 510 5216 854 5290; x_wconf 87' lang='lat' dir='ltr'><strong>quotidianis</strong></span> <span class='ocrx_word' id='word_1_684' title='bbox 891 5217 1091 5273; x_wconf 87' lang='lat' dir='ltr'><strong>diebus</strong></span> <span class='ocrx_word' id='word_1_685' title='bbox 1121 5219 1378 5291; x_wconf 83' lang='lat' dir='ltr'><strong>explevit,</strong></span> <span class='ocrx_word' id='word_1_686' title='bbox 1413 5225 1477 5275; x_wconf 92' lang='lat' dir='ltr'><strong>ut</strong></span> <span class='ocrx_word' id='word_1_687' title='bbox 1518 5237 1722 5293; x_wconf 87' lang='lat' dir='ltr'><strong>aquam</strong></span> <span class='ocrx_word' id='word_1_688' title='bbox 1754 5239 1857 5295; x_wconf 92' lang='lat' dir='ltr'><strong>per</strong></span> <span class='ocrx_word' id='word_1_689' title='bbox 1893 5224 2004 5279; x_wconf 91' lang='lat' dir='ltr'><strong>duo</strong></span> 
     </span>
    </p>
   </div>
   <div class='ocr_carea' id='block_1_100' title="bbox 399 5306 2005 5383">
    <p class='ocr_par' dir='ltr' id='par_1_100' title="bbox 399 5306 2005 5383">
     <span class='ocr_line' id='line_1_100' title="bbox 399 5306 2005 5383; baseline 0.003 -21"><span class='ocrx_word' id='word_1_690' title='bbox 399 5307 668 5363; x_wconf 88' lang='lat' dir='ltr'><strong>milliaria</strong></span> <span class='ocrx_word' id='word_1_691' title='bbox 693 5306 1078 5364; x_wconf 89' lang='lat' dir='ltr'><strong>indesinenter</strong></span> <span class='ocrx_word' id='word_1_692' title='bbox 1095 5314 1421 5380; x_wconf 85' lang='lat' dir='ltr'><strong>apportans,</strong></span> <span class='ocrx_word' id='word_1_693' title='bbox 1446 5311 1768 5366; x_wconf 89' lang='lat' dir='ltr'><strong>nullatenus</strong></span> <span class='ocrx_word' id='word_1_694' title='bbox 1789 5311 2005 5383; x_wconf 89' lang='lat' dir='ltr'><strong>lignum</strong></span> 
     </span>
    </p>
   </div>
   <div class='ocr_carea' id='block_1_101' title="bbox 398 5396 2003 5472">
    <p class='ocr_par' dir='ltr' id='par_1_101' title="bbox 398 5396 2003 5472">
     <span class='ocr_line' id='line_1_101' title="bbox 398 5396 2003 5472; baseline 0.004 -21"><span class='ocrx_word' id='word_1_695' title='bbox 398 5401 643 5452; x_wconf 86' lang='lat' dir='ltr'><strong>cessaret</strong></span> <span class='ocrx_word' id='word_1_696' title='bbox 674 5396 892 5467; x_wconf 79' lang='lat' dir='ltr'><strong>rigare;</strong></span> <span class='ocrx_word' id='word_1_697' title='bbox 918 5403 1089 5470; x_wconf 90' lang='lat' dir='ltr'><strong>atque</strong></span> <span class='ocrx_word' id='word_1_698' title='bbox 1112 5414 1213 5471; x_wconf 91' lang='lat' dir='ltr'><strong>per</strong></span> <span class='ocrx_word' id='word_1_699' title='bbox 1241 5403 1425 5455; x_wconf 89' lang='lat' dir='ltr'><strong>totum</strong></span> <span class='ocrx_word' id='word_1_700' title='bbox 1446 5401 1580 5456; x_wconf 89' lang='lat' dir='ltr'><strong>anni</strong></span> <span class='ocrx_word' id='word_1_701' title='bbox 1601 5402 1865 5472; x_wconf 89' lang='lat' dir='ltr'><strong>spatium,</strong></span> <span class='ocrx_word' id='word_1_702' title='bbox 1890 5419 2003 5458; x_wconf 90' lang='lat' dir='ltr'><strong>non</strong></span> 
     </span>
    </p>
   </div>
   <div class='ocr_carea' id='block_1_102' title="bbox 401 5484 2003 5561">
    <p class='ocr_par' dir='ltr' id='par_1_102' title="bbox 401 5484 2003 5561">
     <span class='ocr_line' id='line_1_102' title="bbox 401 5484 2003 5561; baseline 0.003 -20"><span class='ocrx_word' id='word_1_703' title='bbox 401 5484 704 5541; x_wconf 85' lang='lat' dir='ltr'><strong>inﬁrmitas</strong></span> <span class='ocrx_word' id='word_1_704' title='bbox 724 5486 992 5561; x_wconf 89' lang='lat' dir='ltr'><strong>corporis,</strong></span> <span class='ocrx_word' id='word_1_705' title='bbox 1015 5503 1130 5542; x_wconf 91' lang='lat' dir='ltr'><strong>non</strong></span> <span class='ocrx_word' id='word_1_706' title='bbox 1149 5489 1439 5561; x_wconf 91' lang='lat' dir='ltr'><strong>occupatio</strong></span> <span class='ocrx_word' id='word_1_707' title='bbox 1460 5491 1809 5545; x_wconf 87' lang='lat' dir='ltr'><strong>necessitatis</strong></span> <span class='ocrx_word' id='word_1_708' title='bbox 1833 5492 2003 5547; x_wconf 91' lang='lat' dir='ltr'><strong>ullius</strong></span> 
     </span>
    </p>
   </div>
   <div class='ocr_carea' id='block_1_103' title="bbox 403 5572 2002 5653">
    <p class='ocr_par' dir='ltr' id='par_1_103' title="bbox 403 5572 2002 5653">
     <span class='ocr_line' id='line_1_103' title="bbox 403 5572 2002 5653; baseline 0.006 -27"><span class='ocrx_word' id='word_1_709' title='bbox 403 5572 775 5642; x_wconf 73' lang='lat' dir='ltr'><strong>intercedens,</strong></span> <span class='ocrx_word' id='word_1_710' title='bbox 808 5574 879 5629; x_wconf 90' lang='lat' dir='ltr'><strong>ab</strong></span> <span class='ocrx_word' id='word_1_711' title='bbox 909 5576 1265 5632; x_wconf 88' lang='lat' dir='ltr'><strong>observantia</strong></span> <span class='ocrx_word' id='word_1_712' title='bbox 1309 5579 1571 5651; x_wconf 71' lang='lat' dir='ltr'><strong>praecepti</strong></span> <span class='ocrx_word' id='word_1_713' title='bbox 1611 5579 1780 5651; x_wconf 88' lang='lat' dir='ltr'><strong>hujus</strong></span> <span class='ocrx_word' id='word_1_714' title='bbox 1819 5581 2002 5653; x_wconf 88' lang='lat' dir='ltr'><strong>potuit</strong></span> 
     </span>
    </p>
   </div>
   <div class='ocr_carea' id='block_1_104' title="bbox 403 5661 2002 5740">
    <p class='ocr_par' dir='ltr' id='par_1_104' title="bbox 403 5661 2002 5740">
     <span class='ocr_line' id='line_1_104' title="bbox 403 5661 2002 5740; baseline 0.006 -24"><span class='ocrx_word' id='word_1_715' title='bbox 403 5676 537 5718; x_wconf 83' lang='lat' dir='ltr'><strong>eum</strong></span> <span class='ocrx_word' id='word_1_716' title='bbox 575 5661 868 5735; x_wconf 88' lang='lat' dir='ltr'><strong>impedire.</strong></span> <span class='ocrx_word' id='word_1_717' title='bbox 920 5666 1177 5740; x_wconf 88' lang='lat' dir='ltr'><strong>Cumque</strong></span> <span class='ocrx_word' id='word_1_718' title='bbox 1217 5666 1365 5726; x_wconf 88' lang='lat' dir='ltr'><strong>hanc</strong></span> <span class='ocrx_word' id='word_1_719' title='bbox 1410 5668 1769 5725; x_wconf 87' lang='lat' dir='ltr'><strong>sedulitatem</strong></span> <span class='ocrx_word' id='word_1_720' title='bbox 1796 5670 2002 5726; x_wconf 85' lang='lat' dir='ltr'><strong>tacitus</strong></span> 
     </span>
    </p>
   </div>
   <div class='ocr_carea' id='block_1_105' title="bbox 2085 4684 3685 4761">
    <p class='ocr_par' dir='ltr' id='par_1_105' title="bbox 2085 4684 3685 4761">
     <span class='ocr_line' id='line_1_105' title="bbox 2085 4684 3685 4761; baseline -0.004 -16"><span class='ocrx_word' id='word_1_721' title='bbox 2085 4689 2196 4745; x_wconf 91' lang='lat' dir='ltr'><strong>nisi</strong></span> <span class='ocrx_word' id='word_1_722' title='bbox 2216 4690 2594 4761; x_wconf 80' lang='lat' dir='ltr'><strong>lacrymarum</strong></span> <span class='ocrx_word' id='word_1_723' title='bbox 2630 4687 2988 4743; x_wconf 91' lang='lat' dir='ltr'><strong>sordentibus</strong></span> <span class='ocrx_word' id='word_1_724' title='bbox 3015 4684 3263 4757; x_wconf 87' lang='lat' dir='ltr'><strong>vestigiis</strong></span> <span class='ocrx_word' id='word_1_725' title='bbox 3298 4684 3515 4741; x_wconf 89' lang='lat' dir='ltr'><strong>videret</strong></span> <span class='ocrx_word' id='word_1_726' title='bbox 3548 4684 3685 4740; x_wconf 84' lang='lat' dir='ltr'><strong>infe-</strong></span> 
     </span>
    </p>
   </div>
   <div class='ocr_carea' id='block_1_106' title="bbox 2085 4772 3679 4847">
    <p class='ocr_par' dir='ltr' id='par_1_106' title="bbox 2085 4772 3679 4847">
     <span class='ocr_line' id='line_1_106' title="bbox 2085 4772 3679 4847; baseline -0.004 -15"><span class='ocrx_word' id='word_1_727' title='bbox 2085 4782 2222 4832; x_wconf 89' lang='lat' dir='ltr'><strong>ctas.</strong></span> <span class='ocrx_word' id='word_1_728' title='bbox 2247 4778 2503 4847; x_wconf 88' lang='lat' dir='ltr'><strong>Cumque</strong></span> <span class='ocrx_word' id='word_1_729' title='bbox 2525 4776 2718 4830; x_wconf 89' lang='lat' dir='ltr'><strong>taliter</strong></span> <span class='ocrx_word' id='word_1_730' title='bbox 2744 4775 2928 4830; x_wconf 89' lang='lat' dir='ltr'><strong>infans</strong></span> <span class='ocrx_word' id='word_1_731' title='bbox 2954 4773 3058 4830; x_wconf 93' lang='lat' dir='ltr'><strong>sub</strong></span> <span class='ocrx_word' id='word_1_732' title='bbox 3083 4773 3256 4829; x_wconf 91' lang='lat' dir='ltr'><strong>oculis</strong></span> <span class='ocrx_word' id='word_1_733' title='bbox 3284 4773 3333 4845; x_wconf 89' lang='lat' dir='ltr'><strong>ej</strong></span> <span class='ocrx_word' id='word_1_734' title='bbox 3344 4789 3407 4828; x_wconf 92' lang='lat' dir='ltr'><strong>us</strong></span> <span class='ocrx_word' id='word_1_735' title='bbox 3439 4788 3542 4844; x_wconf 90' lang='lat' dir='ltr'><strong>per</strong></span> <span class='ocrx_word' id='word_1_736' title='bbox 3562 4772 3679 4826; x_wconf 89' lang='lat' dir='ltr'><strong>sin-</strong></span> 
     </span>
    </p>
   </div>
   <div class='ocr_carea' id='block_1_107' title="bbox 2087 4860 3687 4939">
    <p class='ocr_par' dir='ltr' id='par_1_107' title="bbox 2087 4860 3687 4939">
     <span class='ocr_line' id='line_1_107' title="bbox 2087 4860 3687 4939; baseline -0.004 -18"><span class='ocrx_word' id='word_1_737' title='bbox 2087 4867 2249 4939; x_wconf 86' lang='lat' dir='ltr'><strong>gulos</strong></span> <span class='ocrx_word' id='word_1_738' title='bbox 2268 4867 2386 4921; x_wconf 91' lang='lat' dir='ltr'><strong>dies</strong></span> <span class='ocrx_word' id='word_1_739' title='bbox 2399 4871 2666 4936; x_wconf 86' lang='lat' dir='ltr'><strong>ageretur</strong></span> <span class='ocrx_word' id='word_1_740' title='bbox 2682 4865 2775 4919; x_wconf 92' lang='lat' dir='ltr'><strong>ille</strong></span> <span class='ocrx_word' id='word_1_741' title='bbox 2797 4882 2897 4937; x_wconf 91' lang='lat' dir='ltr'><strong>pro</strong></span> <span class='ocrx_word' id='word_1_742' title='bbox 2919 4880 3111 4919; x_wconf 90' lang='lat' dir='ltr'><strong>amore</strong></span> <span class='ocrx_word' id='word_1_743' title='bbox 3131 4862 3338 4918; x_wconf 87' lang='lat' dir='ltr'><strong>Christi</strong></span> <span class='ocrx_word' id='word_1_744' title='bbox 3352 4866 3411 4917; x_wconf 90' lang='lat' dir='ltr'><strong>et</strong></span> <span class='ocrx_word' id='word_1_745' title='bbox 3428 4860 3687 4916; x_wconf 88' lang='lat' dir='ltr'><strong>obedien-</strong></span> 
     </span>
    </p>
   </div>
   <div class='ocr_carea' id='block_1_108' title="bbox 2083 4951 3683 5027">
    <p class='ocr_par' dir='ltr' id='par_1_108' title="bbox 2083 4951 3683 5027">
     <span class='ocr_line' id='line_1_108' title="bbox 2083 4951 3683 5027; baseline -0.004 -14"><span class='ocrx_word' id='word_1_746' title='bbox 2083 4957 2177 5013; x_wconf 61' lang='lat' dir='ltr'><strong>tia;</strong></span> <span class='ocrx_word' id='word_1_747' title='bbox 2204 4956 2433 5023; x_wconf 86' lang='lat' dir='ltr'><strong>virtute,</strong></span> <span class='ocrx_word' id='word_1_748' title='bbox 2461 4955 2644 5026; x_wconf 88' lang='lat' dir='ltr'><strong>rigido</strong></span> <span class='ocrx_word' id='word_1_749' title='bbox 2672 4972 2896 5027; x_wconf 90' lang='lat' dir='ltr'><strong>semper</strong></span> <span class='ocrx_word' id='word_1_750' title='bbox 2924 4959 2982 5008; x_wconf 92' lang='lat' dir='ltr'><strong>et</strong></span> <span class='ocrx_word' id='word_1_751' title='bbox 3004 4952 3280 5007; x_wconf 90' lang='lat' dir='ltr'><strong>immobili</strong></span> <span class='ocrx_word' id='word_1_752' title='bbox 3305 4951 3516 5007; x_wconf 90' lang='lat' dir='ltr'><strong>viscere</strong></span> <span class='ocrx_word' id='word_1_753' title='bbox 3553 4968 3683 5023; x_wconf 89' lang='lat' dir='ltr'><strong>per-</strong></span> 
     </span>
    </p>
   </div>
   <div class='ocr_carea' id='block_1_109' title="bbox 2087 5041 3685 5117">
    <p class='ocr_par' dir='ltr' id='par_1_109' title="bbox 2087 5041 3685 5117">
     <span class='ocr_line' id='line_1_109' title="bbox 2087 5041 3685 5117; baseline -0.004 -16"><span class='ocrx_word' id='word_1_754' title='bbox 2087 5046 2459 5101; x_wconf 89' lang='lat' dir='ltr'><strong>duravit.Non</strong></span> <span class='ocrx_word' id='word_1_755' title='bbox 2479 5045 2629 5099; x_wconf 90' lang='lat' dir='ltr'><strong>enim</strong></span> <span class='ocrx_word' id='word_1_756' title='bbox 2650 5049 2933 5117; x_wconf 80' lang='lat' dir='ltr'><strong>reputavit</strong></span> <span class='ocrx_word' id='word_1_757' title='bbox 2947 5045 3066 5115; x_wconf 90' lang='lat' dir='ltr'><strong>jam</strong></span> <span class='ocrx_word' id='word_1_758' title='bbox 3089 5058 3254 5097; x_wconf 91' lang='lat' dir='ltr'><strong>suum</strong></span> <span class='ocrx_word' id='word_1_759' title='bbox 3283 5041 3481 5108; x_wconf 83' lang='lat' dir='ltr'><strong>filium,</strong></span> <span class='ocrx_word' id='word_1_760' title='bbox 3515 5058 3685 5113; x_wconf 89' lang='lat' dir='ltr'><strong>quem</strong></span> 
     </span>
    </p>
   </div>
   <div class='ocr_carea' id='block_1_110' title="bbox 2087 5129 3686 5207">
    <p class='ocr_par' dir='ltr' id='par_1_110' title="bbox 2087 5129 3686 5207">
     <span class='ocr_line' id='line_1_110' title="bbox 2087 5129 3686 5207; baseline -0.004 -17"><span class='ocrx_word' id='word_1_761' title='bbox 2087 5152 2277 5191; x_wconf 90' lang='lat' dir='ltr'><strong>secum</strong></span> <span class='ocrx_word' id='word_1_762' title='bbox 2305 5134 2517 5207; x_wconf 90' lang='lat' dir='ltr'><strong>pariter</strong></span> <span class='ocrx_word' id='word_1_763' title='bbox 2541 5134 2823 5189; x_wconf 87' lang='lat' dir='ltr'><strong>obtulerat</strong></span> <span class='ocrx_word' id='word_1_764' title='bbox 2847 5132 3202 5198; x_wconf 90' lang='lat' dir='ltr'><strong>Christo,nec</strong></span> <span class='ocrx_word' id='word_1_765' title='bbox 3221 5129 3449 5186; x_wconf 89' lang='lat' dir='ltr'><strong>curabat</strong></span> <span class='ocrx_word' id='word_1_766' title='bbox 3471 5130 3539 5184; x_wconf 90' lang='lat' dir='ltr'><strong>de</strong></span> <span class='ocrx_word' id='word_1_767' title='bbox 3550 5148 3686 5202; x_wconf 76' lang='lat' dir='ltr'><strong>prae-</strong></span> 
     </span>
    </p>
   </div>
   <div class='ocr_carea' id='block_1_111' title="bbox 2087 5220 3684 5296">
    <p class='ocr_par' dir='ltr' id='par_1_111' title="bbox 2087 5220 3684 5296">
     <span class='ocr_line' id='line_1_111' title="bbox 2087 5220 3684 5296; baseline -0.001 -18"><span class='ocrx_word' id='word_1_768' title='bbox 2087 5224 2338 5281; x_wconf 89' lang='lat' dir='ltr'><strong>sentibus</strong></span> <span class='ocrx_word' id='word_1_769' title='bbox 2367 5225 2489 5296; x_wconf 90' lang='lat' dir='ltr'><strong>ejus</strong></span> <span class='ocrx_word' id='word_1_770' title='bbox 2518 5224 2760 5295; x_wconf 89' lang='lat' dir='ltr'><strong>injuriis.</strong></span> <span class='ocrx_word' id='word_1_771' title='bbox 2794 5222 2904 5278; x_wconf 86' lang='lat' dir='ltr'><strong>Sed</strong></span> <span class='ocrx_word' id='word_1_772' title='bbox 2921 5222 3101 5293; x_wconf 81' lang='lat' dir='ltr'><strong>magis</strong></span> <span class='ocrx_word' id='word_1_773' title='bbox 3121 5220 3409 5276; x_wconf 86' lang='lat' dir='ltr'><strong>exultabat</strong></span> <span class='ocrx_word' id='word_1_774' title='bbox 3425 5221 3574 5292; x_wconf 91' lang='lat' dir='ltr'><strong>quod</strong></span> <span class='ocrx_word' id='word_1_775' title='bbox 3591 5220 3684 5276; x_wconf 90' lang='lat' dir='ltr'><strong>ille</strong></span> 
     </span>
    </p>
   </div>
   <div class='ocr_carea' id='block_1_112' title="bbox 2086 5309 3687 5385">
    <p class='ocr_par' dir='ltr' id='par_1_112' title="bbox 2086 5309 3687 5385">
     <span class='ocr_line' id='line_1_112' title="bbox 2086 5309 3687 5385; baseline -0.004 -16"><span class='ocrx_word' id='word_1_776' title='bbox 2086 5330 2449 5385; x_wconf 90' lang='lat' dir='ltr'><strong>nequaquam</strong></span> <span class='ocrx_word' id='word_1_777' title='bbox 2479 5312 2887 5367; x_wconf 90' lang='lat' dir='ltr'><strong>districtionem</strong></span> <span class='ocrx_word' id='word_1_778' title='bbox 2900 5311 3107 5365; x_wconf 90' lang='lat' dir='ltr'><strong>mentis</strong></span> <span class='ocrx_word' id='word_1_779' title='bbox 3134 5310 3284 5364; x_wconf 91' lang='lat' dir='ltr'><strong>illius</strong></span> <span class='ocrx_word' id='word_1_780' title='bbox 3300 5316 3467 5380; x_wconf 90' lang='lat' dir='ltr'><strong>atque</strong></span> <span class='ocrx_word' id='word_1_781' title='bbox 3489 5309 3687 5363; x_wconf 90' lang='lat' dir='ltr'><strong>immo-</strong></span> 
     </span>
    </p>
   </div>
   <div class='ocr_carea' id='block_1_113' title="bbox 2085 5399 3685 5474">
    <p class='ocr_par' dir='ltr' id='par_1_113' title="bbox 2085 5399 3685 5474">
     <span class='ocr_line' id='line_1_113' title="bbox 2085 5399 3685 5474; baseline -0.004 -16"><span class='ocrx_word' id='word_1_782' title='bbox 2085 5402 2255 5458; x_wconf 90' lang='lat' dir='ltr'><strong>bilem</strong></span> <span class='ocrx_word' id='word_1_783' title='bbox 2280 5403 2525 5474; x_wconf 91' lang='lat' dir='ltr'><strong>rigorem</strong></span> <span class='ocrx_word' id='word_1_784' title='bbox 2557 5402 2852 5457; x_wconf 90' lang='lat' dir='ltr'><strong>emolliret.</strong></span> <span class='ocrx_word' id='word_1_785' title='bbox 2870 5401 3030 5466; x_wconf 89' lang='lat' dir='ltr'><strong>Quod</strong></span> <span class='ocrx_word' id='word_1_786' title='bbox 3068 5399 3260 5454; x_wconf 86' lang='lat' dir='ltr'><strong>videns</strong></span> <span class='ocrx_word' id='word_1_787' title='bbox 3290 5400 3457 5454; x_wconf 88' lang='lat' dir='ltr'><strong>Pater</strong></span> <span class='ocrx_word' id='word_1_788' title='bbox 3487 5415 3685 5452; x_wconf 85' lang='lat' dir='ltr'><strong>mona-</strong></span> 
     </span>
    </p>
   </div>
   <div class='ocr_carea' id='block_1_114' title="bbox 2086 5487 3682 5563">
    <p class='ocr_par' dir='ltr' id='par_1_114' title="bbox 2086 5487 3682 5563">
     <span class='ocr_line' id='line_1_114' title="bbox 2086 5487 3682 5563; baseline -0.004 -16"><span class='ocrx_word' id='word_1_789' title='bbox 2086 5492 2264 5560; x_wconf 90' lang='lat' dir='ltr'><strong>sterii,</strong></span> <span class='ocrx_word' id='word_1_790' title='bbox 2296 5492 2367 5546; x_wconf 90' lang='lat' dir='ltr'><strong>ad</strong></span> <span class='ocrx_word' id='word_1_791' title='bbox 2397 5491 2867 5563; x_wconf 87' lang='lat' dir='ltr'><strong>comprobandam</strong></span> <span class='ocrx_word' id='word_1_792' title='bbox 2909 5491 3090 5561; x_wconf 86' lang='lat' dir='ltr'><strong>magis</strong></span> <span class='ocrx_word' id='word_1_793' title='bbox 3121 5489 3241 5560; x_wconf 93' lang='lat' dir='ltr'><strong>ejus</strong></span> <span class='ocrx_word' id='word_1_794' title='bbox 3288 5487 3682 5554; x_wconf 83' lang='lat' dir='ltr'><strong>constantiam,</strong></span> 
     </span>
    </p>
   </div>
   <div class='ocr_carea' id='block_1_115' title="bbox 2084 5576 3685 5652">
    <p class='ocr_par' dir='ltr' id='par_1_115' title="bbox 2084 5576 3685 5652">
     <span class='ocr_line' id='line_1_115' title="bbox 2084 5576 3685 5652; baseline -0.003 -18"><span class='ocrx_word' id='word_1_795' title='bbox 2084 5598 2211 5636; x_wconf 91' lang='lat' dir='ltr'><strong>cum</strong></span> <span class='ocrx_word' id='word_1_796' title='bbox 2240 5580 2467 5636; x_wconf 88' lang='lat' dir='ltr'><strong>vidisset</strong></span> <span class='ocrx_word' id='word_1_797' title='bbox 2490 5581 2740 5652; x_wconf 88' lang='lat' dir='ltr'><strong>quadam</strong></span> <span class='ocrx_word' id='word_1_798' title='bbox 2752 5580 2844 5635; x_wconf 91' lang='lat' dir='ltr'><strong>die</strong></span> <span class='ocrx_word' id='word_1_799' title='bbox 2868 5579 3137 5634; x_wconf 89' lang='lat' dir='ltr'><strong>infantem</strong></span> <span class='ocrx_word' id='word_1_800' title='bbox 3152 5579 3395 5649; x_wconf 90' lang='lat' dir='ltr'><strong>plorare,</strong></span> <span class='ocrx_word' id='word_1_801' title='bbox 3410 5576 3685 5630; x_wconf 90' lang='lat' dir='ltr'><strong>simulans</strong></span> 
     </span>
    </p>
   </div>
   <div class='ocr_carea' id='block_1_116' title="bbox 2083 5666 3683 5744">
    <p class='ocr_par' dir='ltr' id='par_1_116' title="bbox 2083 5666 3683 5744">
     <span class='ocr_line' id='line_1_116' title="bbox 2083 5666 3683 5744; baseline -0.003 -17"><span class='ocrx_word' id='word_1_802' title='bbox 2083 5688 2143 5727; x_wconf 90' lang='lat' dir='ltr'><strong>se</strong></span> <span class='ocrx_word' id='word_1_803' title='bbox 2173 5670 2402 5741; x_wconf 91' lang='lat' dir='ltr'><strong>iratum,</strong></span> <span class='ocrx_word' id='word_1_804' title='bbox 2432 5670 2696 5744; x_wconf 63' lang='lat' dir='ltr'><strong>praecepit</strong></span> <span class='ocrx_word' id='word_1_805' title='bbox 2712 5669 2861 5742; x_wconf 85' lang='lat' dir='ltr'><strong>patri</strong></span> <span class='ocrx_word' id='word_1_806' title='bbox 2883 5670 3006 5743; x_wconf 90' lang='lat' dir='ltr'><strong>ejus</strong></span> <span class='ocrx_word' id='word_1_807' title='bbox 3027 5674 3093 5724; x_wconf 94' lang='lat' dir='ltr'><strong>ut</strong></span> <span class='ocrx_word' id='word_1_808' title='bbox 3106 5667 3307 5724; x_wconf 86' lang='lat' dir='ltr'><strong>tollens</strong></span> <span class='ocrx_word' id='word_1_809' title='bbox 3334 5682 3482 5733; x_wconf 90' lang='lat' dir='ltr'><strong>eum,</strong></span> <span class='ocrx_word' id='word_1_810' title='bbox 3508 5666 3683 5738; x_wconf 90' lang='lat' dir='ltr'><strong>jacta-</strong></span> 
     </span>
    </p>
   </div>
  </div>
