3876 6386
192 328 302 389 833
968 334 1346 394 EXCERPTA
1387 336 1481 393 EX
1521 332 1799 392 SEVERO
1839 330 2169 388 SULPICIO
2210 333 2297 390 ET
2335 331 2710 390 CASSIANO.
3165 390 3168 394 ,
3287 343 3304 351 ·
3372 335 3476 392 834

191 459 279 508 ret
307 453 366 508 in
397 469 625 527 aquam.
656 455 810 512 Tunc
848 457 942 512 ille
993 461 1143 516 velut
1184 479 1219 518 a
1259 463 1500 518 Domino
1548 462 1653 516 hoc
1694 459 1799 515 sibi
1817 461 1866 520 A
1887 475 2009 530 qua
2030 459 2100 514 ad
2116 460 2265 515 horti
2281 460 2634 532 diligentiam
2651 459 3025 532 pertinebant,
3045 461 3142 518 sed
3162 461 3332 518 etiam
3353 463 3479 519 uni-

191 547 342 598 esset
371 551 731 616 praceptum,
765 547 1058 604 confestim
1083 551 1250 606 celeri
1281 569 1455 607 cursu
1485 551 1710 622 rapiens
1741 552 1802 604 fi-
1885 565 2042 602 versa
2071 549 2269 614 officia,
2306 567 2427 622 qua
2447 557 2611 605 erant
2638 551 2850 606 cunctis
2866 551 3134 607 fratribus
3162 569 3364 624 aspera
3390 553 3476 608 vel

192 632 353 698 lium,
389 634 460 688 ad
503 634 685 706 ripam
716 635 965 690 fluminis
992 639 1310 708 jactaturus
1350 641 1587 695 advexit.
1640 640 1799 704 Quod
1883 637 2131 708 indigna,
2152 645 2272 693 tota
2293 641 2544 710 quotidie
2564 641 3200 713 sedulitatecompleret:
3231 643 3482 714 complu-

192 722 442 793 profecto
472 723 661 778 furore
694 724 822 779 fidei
851 731 912 779 et
931 725 1259 784 obedientia
1281 731 1403 800 ejus
1423 730 1797 800 fuissetopere
1881 743 1945 778 ra
1963 743 2091 781 vero
2135 729 2304 782 etiam
2355 734 2516 783 nocte
2553 745 2911 800 consurgens,
2963 731 3044 785 ita
3085 731 3279 786 furtim
3319 731 3476 786 nullo

190 819 665 880 consummatum,
686 814 793 868 nisi
816 818 1100 886 procurati
1124 817 1443 873 fuissentab
1466 818 1668 872 abbate
1684 819 1795 872 fra-
1878 821 2022 869 teste
2061 824 2344 888 operatur,
2384 824 2449 872 ut
2478 819 2701 889 penitus
2740 825 3025 874 auctorem
3074 822 3258 892 operis
3307 836 3476 876 nemo

189 907 308 956 tres
337 901 433 974 qui
462 903 698 958 sollicite
728 903 908 975 ripam
933 906 1182 962 fluminis
1201 907 1552 979 possiderent
1577 908 1648 962 ad
1667 925 1796 979 par-
1878 905 2341 975 deprehenderet.
2369 908 2622 979 Cumque
2637 907 2845 962 ibidem
2859 909 3102 964 triennio
3119 910 3473 978 delitescens,

190 990 387 1045 mlum
419 992 752 1060 eruendum,
781 994 1206 1066 projectumque
1231 997 1352 1066 jam
1385 997 1795 1068 quodammodo

189 1079 260 1133 de
293 1080 544 1134 ﬂuminis
572 1081 727 1135 alveo
760 1083 1053 1152 parvulum
1076 1085 1367 1140 confestim
1402 1091 1712 1158 rapuerunt
1741 1092 1798 1140 et

189 1184 323 1223 cum
343 1185 566 1224 summa
584 1169 878 1225 devotione
899 1178 1177 1244 pracepto
1201 1175 1379 1246 patris
1408 1176 1702 1248 completo,
1725 1175 1796 1230 ab

189 1257 397 1312 effectu
426 1259 610 1330 operis
643 1267 1062 1316 revocaverunt.

266 1347 443 1418 Cujus
473 1348 611 1402 fides
635 1354 803 1420 atque
829 1349 1148 1407 obedientia
1175 1357 1231 1406 et
1244 1352 1462 1408 devotio
1487 1353 1545 1406 in
1575 1357 1796 1408 tantum

189 1435 301 1490 fuit
325 1437 441 1491 Deo
466 1443 692 1508 accepta
709 1440 890 1508 (lbid.,
928 1458 972 1494 c.
997 1439 1109 1510 28),
1135 1447 1199 1495 ut
1230 1442 1418 1496 statim
1441 1443 1626 1496 divino
1642 1443 1796 1497 testi-

191 1526 385 1579 monio
420 1526 783 1598 comprobata
811 1528 902 1582 sit.
946 1529 1273 1584 Revelatum
1290 1547 1533 1602 namque
1564 1536 1649 1586 est
1669 1547 1796 1586 con-

190 1614 355 1669 tinuo
371 1615 579 1670 seniori
603 1615 706 1669 hac
725 1633 852 1670 eum
874 1616 1192 1672 obedientia
1209 1618 1446 1674 Abraha
1464 1621 1794 1691 patriarcha

191 1721 335 1776 Opus
358 1705 640 1776 implesse.
667 1706 940 1776 Cumque,
961 1707 1114 1761 brevi
1143 1713 1396 1779 tempore
1419 1716 1626 1773 exacto,
1643 1710 1792 1764 idem

1878 1010 1979 1064 per
2005 994 2321 1050 universam
2348 996 2652 1068 Egyptum
2680 998 2947 1069 dispersis
2973 998 3180 1070 ubique
3210 999 3477 1056 fratribus

1879 1089 2241 1152 quareretur,
2271 1101 2305 1138 a
2341 1085 2584 1156 quodam
2612 1087 2841 1141 tandem
2868 1087 3021 1142 visus
3048 1087 3240 1155 fratre,
3273 1089 3370 1160 qui
3405 1089 3477 1144 de

1878 1171 2103 1243 Egypti
2117 1173 2372 1244 partibus
2392 1174 2714 1242 advenerat,
2733 1176 2822 1230 vix
2838 1177 3022 1248 potuit
3037 1194 3138 1249 pro
3156 1178 3478 1234 humilitate

1878 1260 2104 1316 habitus
2127 1263 2214 1317 sui
2236 1279 2300 1318 ac
2330 1263 2542 1318 vilitate
2559 1264 2747 1332 officii,
2766 1265 2915 1336 quod
2942 1265 3192 1336 gerebat,
3210 1267 3474 1338 agnosci;

1879 1366 2009 1404 nam
2028 1351 2247 1406 sarculo
2275 1353 2536 1407 deorsum
2553 1353 2838 1422 incurvus,
2859 1353 3214 1426 praparabat
3233 1355 3478 1411 oleribus

1879 1443 2120 1508 terram;
2154 1440 2355 1496 deinde
2383 1448 2598 1496 stercus
2627 1443 2880 1498 humeris
2904 1444 3021 1498 suis
3033 1450 3357 1516 apportans,
3389 1461 3482 1500 eo-

1878 1545 2004 1583 rum
2023 1529 2301 1584 radicibus
2322 1531 2632 1600 ingerebat.
2647 1533 3030 1604 Cumquehac
3045 1533 3272 1589 intuens
3280 1533 3475 1603 frater,

1878 1634 2048 1687 super
2074 1619 2359 1689 agnitione
2388 1622 2510 1690 ejus
2534 1621 2854 1676 diutissima
2894 1623 3244 1678 hasitatione
3280 1623 3479 1679 fuisset

1876 1707 2154 1770 detentus,
2191 1709 2418 1780 prOpius
2439 1710 2664 1763 tandem
2684 1711 2975 1773 accedens.
3010 1728 3123 1767 non
3151 1713 3334 1768 solum
3355 1713 3481 1768 vul-

188 1793 365 1848 abbas
394 1793 664 1864 migraret
683 1795 752 1848 de
781 1796 1001 1860 saculo,
1029 1797 1177 1850 hunc
1203 1778 1419 1868 patrem
1442 1799 1679 1854 Mutium
1696 1816 1796 1870 pro
1812 1778 1858 1838 Β
1881 1800 2022 1864 tum,
2043 1797 2136 1851 sed
2150 1778 2322 1852 etiam
2333 1815 2533 1852 sonum
2550 1799 2695 1853 vocis
2714 1801 2836 1870 ejus
2847 1799 3477 1874 diligenterexplorans,

189 1881 516 1938 obedientia
538 1883 752 1938 cunctis
778 1884 1042 1939 fratribus
1062 1903 1396 1956 proponens,
1422 1905 1798 1942 successorem

189 1972 280 2026 sui
309 1978 480 2043 atque
504 1971 761 2028 abbatem
795 1974 1136 2028 monasterio
1167 1977 1414 2046 reliquit.

768 2063 1001 2118 CAPUT
1027 2065 1222 2119 XXIX.

191 2153 268 2206 De
302 2153 566 2206 monacho
595 2153 888 2223 cujusdam
924 2156 1140 2208 comitis
1165 2157 1300 2222 ﬁlio,
1340 2157 1440 2224 qui
1461 2161 1672 2225 sportas
1700 2172 1798 2226 per

543 2245 750 2310 plateas
768 2243 960 2310 jussus
992 2243 1178 2310 fuerat
1202 2251 1447 2312 portare.

265 2330 538 2386 Novimus
559 2331 860 2402 quemdam
882 2330 1134 2397 fratrem,
1162 2333 1467 2387 secundum
1485 2333 1674 2388 saeculi
1696 2333 1799 2389 hu-

184 2421 283 2491 jus
311 2420 584 2486 ordinem,
626 2437 860 2476 summa
885 2421 1129 2488 familia,
1163 2438 1294 2476 nam
1324 2427 1483 2493 patre
1514 2426 1715 2477 comite
1742 2429 1799 2477 et

190 2509 473 2564 ditissimo
501 2509 772 2564 oriundus
799 2510 904 2564 fuit
929 2511 1125 2582 (Cass.,
1162 2514 1257 2566 lib.
1292 2527 1345 2565 Iv
1377 2514 1585 2572 Instit..
1609 2529 1654 2566 c.
1679 2510 1792 2582 29).

190 2598 305 2662 Qui
326 2598 531 2652 relictis
559 2598 884 2670 parentibus
911 2617 1036 2654 cum
1062 2601 1133 2654 ad
1160 2601 1565 2654 monasterium
1598 2617 1795 2672 pervo-

193 2687 389 2753 lasset,
423 2688 494 2742 ad
524 2687 998 2758 comprobandam
1031 2690 1154 2759 ejus
1174 2689 1569 2754 humilitatem,
1605 2690 1796 2744 statim

192 2777 247 2830 ei
268 2793 303 2830 a
323 2777 542 2830 seniore
571 2782 908 2848 praceptum
921 2782 1008 2831 est
1018 2783 1082 2831 ut
1093 2778 1285 2832 decem
1300 2782 1516 2850 sportas
1528 2779 1792 2848 grandes,

195 2881 341 2936 quas
364 2881 589 2919 necesse
615 2882 727 2920 non
754 2870 876 2920 erat
901 2871 1035 2920 tunc
1061 2867 1321 2932 vendere,
1355 2867 1660 2921 cervicibus
1680 2867 1795 2922 suis

191 2955 508 3026 impositas,
559 2954 950 3009 distrahendas
985 2971 1086 3026 per
1113 2955 1327 3026 plateas
1372 2955 1790 3024 circumferret;

191 3042 415 3113 adjecta
444 3043 780 3108 conditione,
803 3061 912 3114 quo
939 3044 1148 3098 diutius
1173 3045 1230 3098 in
1251 3045 1356 3098 hoc
1375 3043 1554 3098 officio
1569 3045 1687 3116 ipse
1703 3046 1796 3099 de-

1882 1886 1951 1939 ad
1977 1886 2146 1956 pedes
2176 1888 2298 1956 ejus
2319 1887 2573 1941 cominus
2603 1904 2661 1941 se
2682 1889 2938 1959 projecit.
2965 1891 3123 1944 Tunc
3142 1889 3344 1946 fratres
3363 1896 3480 1948 stu-

1879 1991 2012 2046 pere
2042 1982 2348 2046 caperunt,
2383 1982 2439 2030 et
2476 1975 2760 2047 inquirere
2789 1994 2890 2032 cur
2914 1979 3017 2032 hoc
3036 1979 3258 2034 fecisset
3285 1981 3336 2034 ei
3356 1981 3473 2051 qui,

1879 2064 2029 2134 apud
2067 2064 2217 2134 ipsos
2241 2065 2389 2120 velut
2410 2081 2590 2135 nuper
2617 2065 2686 2119 de
2716 2067 2917 2121 saculo
2938 2084 3214 2138 egressus,
3238 2068 3480 2124 habeba-

1877 2157 1973 2205 tur
1999 2157 2303 2209 extremus.
2333 2155 2586 2224 Cumque
2611 2155 2693 2208 eis
2721 2154 2896 2209 frater
2914 2156 3006 2210 ille
3036 2157 3119 2210 rei
3144 2156 3398 2212 ordinem
3419 2161 3480 2213 et

1878 2257 2084 2295 nomen
2116 2242 2290 2312 ipsius
2323 2242 2542 2297 abbatis
2583 2243 2904 2310 indicasset,
2950 2246 3154 2316 majori
3202 2245 3476 2302 miraculo

1879 2335 2012 2384 sunt
2027 2331 2560 2402 perculsi,quoniam
2573 2337 2630 2386 et
2639 2333 2788 2404 apud
2810 2333 2960 2404 ipsos
2981 2351 3188 2404 magna
3208 2335 3474 2406 Opinione

1879 2418 2062 2473 fuerat
2090 2425 2425 2490 compertus.
2462 2421 2618 2476 Tunc
2645 2421 2976 2492 ignorantia
3005 2439 3119 2478 sua
3155 2423 3376 2478 veniam
3404 2423 3477 2479 ab

1881 2524 1945 2561 eo
1974 2509 2355 2579 postulabant,
2386 2509 2532 2580 quod
2555 2526 2684 2564 eum
2714 2516 2874 2565 tanto
2902 2517 3156 2583 tempore
3200 2513 3349 2568 inter
3380 2515 3477 2584 ju-

1879 2597 2067 2652 niores
2083 2613 2147 2650 ac
2167 2599 2426 2669 parvulos
2439 2599 2823 2670 deputassent.
2844 2602 2920 2654 At
2934 2600 3028 2655 ille
3043 2601 3214 2656 ﬂebat
3233 2602 3480 2658 multum

1879 2691 1936 2739 et
1963 2685 2206 2756 lugebat,
2242 2687 2387 2757 quod
2419 2688 2631 2742 scilicet
2660 2687 2870 2742 invidia
2896 2688 3106 2744 diaboli
3136 2690 3335 2745 fuisset
3354 2707 3480 2762 pro-

1877 2775 2048 2840 ditus,
2071 2791 2174 2828 nec
2194 2775 2441 2829 licuisset
2451 2777 2502 2830 ei
2529 2777 2742 2832 diutius
2760 2777 2820 2832 in
2837 2778 2939 2832 tali
2967 2778 3288 2838 humilitate
3307 2785 3478 2852 atque

1878 2864 2188 2935 abjectione
2217 2865 2543 2936 perdurare.
2577 2867 2734 2921 Tunc
2763 2883 2894 2922 eum
2918 2869 3121 2923 fratres
3157 2869 3394 2925 invitum
3414 2886 3480 2924 ac

1877 2954 2107 3008 flentem
2137 2955 2207 3008 ad
2237 2954 2522 3026 proprium
2554 2958 2960 3012 monasterium
2982 2959 3348 3027 reduxerunt,
3379 2975 3479 3014 cu-

1877 3043 2183 3097 stodientes
2203 3060 2328 3098 cum
2352 3061 2573 3098 summa
2601 3045 2914 3116 diligentia,
2947 3063 3018 3102 ne
3046 3047 3307 3102 similiter
3336 3064 3480 3119 quo-

190 3131 493 3200 tineretur,
524 3137 590 3187 ut
615 3133 663 3187 si
688 3133 829 3188 forte
847 3150 993 3188 unus
1025 3150 1119 3187 eas
1150 3150 1335 3188 emere
1368 3135 1580 3205 pariter
1597 3135 1797 3189 voluis-
1816 3134 1858 3197 C
1880 3149 1986 3202 que
2015 3131 2275 3203 delapsus
2306 3133 2620 3204 aufugeret.

190 3226 302 3286 set,
357 3238 468 3276 non
514 3222 754 3282 cederet,
805 3223 902 3276 sed
959 3223 1246 3293 sigillatim
1277 3240 1371 3277 eas
1420 3223 1798 3294 quaerentibus

191 3310 482 3366 venderet.
506 3311 663 3376 Quod
682 3312 776 3366 ille
798 3317 918 3366 tota
933 3312 1225 3366 devotione
1243 3313 1538 3384 complevit
1561 3331 1572 3380 ;
1598 3317 1655 3366 et
1674 3330 1799 3367 om-

194 3400 260 3455 ni
289 3400 625 3455 verecundia
655 3417 755 3471 pro
785 3401 993 3455 Christi
1015 3401 1292 3456 desiderio
1315 3403 1544 3468 calcata,
1578 3408 1798 3472 sportas

192 3489 454 3544 humeris
483 3489 598 3544 suis
618 3490 930 3561 imponens,
967 3495 1023 3544 et
1053 3508 1152 3561 per
1180 3492 1392 3562 plateas
1414 3495 1662 3562 portans,
1689 3496 1800 3545 sta-

191 3584 326 3633 tuto
354 3579 535 3650 pretio
565 3579 842 3646 distraxit,
878 3585 934 3634 et
970 3580 1263 3650 pecuniam
1286 3581 1353 3634 ad
1394 3581 1796 3634 monasterium

188 3668 524 3740 reportavit.

779 3757 1012 3815 CAPUT
1040 3757 1210 3814 XXX.

187 3847 268 3903 De
299 3847 489 3903 abbate
515 3847 812 3917 Pinuphio,
843 3851 944 3918 qui
966 3863 1070 3918 pro
1108 3848 1428 3904 humilitate
1461 3849 1702 3919 fugiens,
1731 3849 1798 3904 de

563 3940 903 3993 monasterio
943 3941 1163 4007 longius
1191 3941 1420 3996 secessit.

264 4021 522 4081 Vidimus
533 4028 591 4080 et
599 4023 859 4080 abbatem
867 4025 1211 4099 Pinuphium
1227 4027 1396 4095 (Cass.
1406 4063 1420 4094 ,
1429 4028 1473 4082 li
1474 4028 1727 4084 b.ivInsti
1730 4031 1768 4083 t.
1779 4062 1795 4096 ,

188 4130 242 4171 c.
278 4113 394 4185 30),
425 4113 668 4188 quicum
688 4119 838 4171 esset
852 4115 1115 4171 immanis
1134 4117 1463 4172 monasterii
1483 4115 1794 4189 presbyter,

184 4204 342 4277 quod
364 4205 515 4259 estin
528 4205 788 4278 IEgypto,
805 4223 916 4261 non
930 4207 1094 4278 longe
1109 4224 1140 4262 a
1152 4207 1469 4279 Panephysi
1487 4207 1726 4271 civitate,
1743 4213 1798 4261 et

181 4310 294 4366 pro
324 4294 448 4365 ipsa
467 4294 782 4348 reverentia
801 4295 885 4348 vel
904 4295 1030 4350 vita
1048 4312 1162 4350 sua
1183 4296 1269 4349 vel
1293 4295 1474 4350 atatis
1495 4295 1578 4349 vel
1613 4312 1799 4350 sacer-

185 4383 351 4450 dotii,
378 4383 594 4438 cunctis
613 4383 956 4438 honorabilis
973 4385 1238 4439 existeret
1260 4403 1274 4450 ;
1299 4385 1491 4439 videns
1502 4401 1561 4439 se
1579 4401 1678 4456 pro
1696 4385 1800 4438 hoc

1951 3221 2055 3275 Ubi
2079 3237 2208 3275 cum
2237 3221 2437 3276 fuisset
2458 3223 2674 3277 modico
2691 3227 2942 3295 tempore
2967 3224 3290 3280 demoratus
3323 3225 3475 3292 (Cas-

1878 3312 2049 3378 sian.,
2084 3313 2122 3366 Ζ.
2145 3324 2200 3364 Iv
2228 3312 2434 3375 Instit.,
2467 3328 2513 3365 c.
2537 3310 2646 3379 3‘1),
2680 3312 2879 3365 eodem
2916 3328 3112 3368 rursus
3139 3313 3476 3370 humilitatis

1881 3398 2157 3452 desiderio
2177 3415 2461 3465 accensus,
2492 3404 2724 3471 captans
2737 3407 3015 3455 nocturna
3029 3401 3273 3463 silentia.
3293 3403 3374 3458 ita
3385 3403 3482 3460 de.

1880 3487 2042 3557 fugit,
2064 3494 2126 3542 ut
2140 3489 2257 3558 jam
2281 3504 2393 3542 non
2408 3489 2646 3543 vicinam
2667 3490 3028 3561 provinciam,
3045 3492 3145 3546 sed
3165 3491 3480 3564 incognitas

1881 3577 2137 3648 regiones
2166 3583 2468 3648 expeteret.
2495 3579 2640 3633 Nam
2653 3579 3031 3635 conscendens
3053 3581 3258 3649 navim,
3290 3581 3351 3637 in
3369 3582 3481 3636 Pa-

1878 3666 2112 3720 laestinae
2134 3671 2320 3738 partes
2340 3683 2653 3723 commeare
2669 3669 2900 3737 curavit,
2933 3669 3166 3728 credens
3195 3687 3256 3726 se
3297 3671 3481 3728 tutius

1878 3755 2194 3824 latiturum,
2230 3755 2281 3811 si
2296 3756 2368 3812 ad
2380 3756 2480 3812 illa
2499 3757 2862 3831 semetipsum
2883 3764 3229 3831 asportasset
3254 3759 3397 3828 loca,
3418 3762 3480 3817 in

1880 3844 2082 3917 quibus
2109 3861 2214 3900 nec
2240 3861 2447 3901 nomen
2477 3847 2705 3919 quidem
2754 3864 2920 3904 suum
2959 3848 3159 3904 fuisset
3201 3850 3477 3906 auditum.

1879 3935 2000 4000 Quo
2019 3951 2146 3991 cum
2163 3935 2499 4005 advenisset,
2519 3942 2776 3992 nostrum
2795 3937 3202 3996 monasterium
3221 3939 3480 4012 protinus

1879 4025 2161 4097 exPetivit,
2195 4026 2343 4098 quod
2373 4042 2483 4081 non
2514 4025 2680 4098 longe
2710 4032 2832 4082 erat
2855 4042 2889 4082 a
2912 4028 3116 4100 spelao
3132 4030 3192 4084 in
3223 4045 3331 4102 quo
3361 4031 3476 4085 Do-

1880 4114 2068 4169 minus
2095 4119 2289 4168 noster
2318 4131 2383 4169 ex
2412 4115 2643 4185 Virgine
2673 4115 2828 4170 nasci
2857 4117 3120 4186 dignatus
3149 4123 3254 4174 est.
3286 4119 3349 4174 In
3369 4135 3482 4191 quo

1883 4205 2221 4258 monasterio
2244 4205 2463 4258 modico
2476 4211 2728 4275 tempore
2749 4207 3105 4276 supradictus
3129 4208 3302 4263 abbas
3315 4209 3484 4263 Pinu-

1883 4294 2047 4364 phius
2059 4294 2410 4359 delitescens,
2428 4294 2733 4349 secundum
2749 4297 3086 4350 sententiam
3100 4297 3342 4364 Domini,
3358 4303 3482 4352 tan-

1884 4398 2053 4452 quam
2073 4381 2264 4435 civitas
2281 4398 2452 4452 supra
2471 4387 2719 4436 montem
2736 4383 2934 4453 posita.
2971 4384 3181 4439 diutius
3215 4385 3480 4441 abscondi

187 4473 318 4544 ipso
332 4472 705 4528 humilitatem
725 4479 918 4529 tenere
934 4491 1044 4528 non
1060 4491 1241 4545 posse,
1267 4474 1479 4528 occulte
1493 4474 1712 4544 fugiens
1728 4474 1797 4528 de
1812 4461 1861 4520 D
1882 4487 1992 4524 non
2011 4471 2194 4542 potuit
2216 4473 2427 4538 (Matth.
2448 4470 2522 4540 v).
2540 4472 2682 4524 Nam
2695 4472 2956 4526 continuo
2971 4473 3199 4543 quidam
3215 4473 3478 4542 fratrum,

154 4559 160 4563 ’
189 4562 472 4628 canobio,
504 4562 735 4617 secessit
759 4563 911 4617 solus
938 4563 996 4617 in
1014 4562 1315 4617 Thebaidis
1332 4563 1560 4617 ultimas
1579 4568 1795 4634 partes;

190 4650 389 4722 ibique
419 4651 672 4722 deposito
693 4651 1023 4706 indumento
1054 4657 1241 4716 548
1273 4653 1695 4716 monachorum,
1716 4669 1801 4704 as-

188 4747 426 4811 sumpta
453 4741 705 4794 saculari
751 4747 922 4806 veste,
955 4741 1359 4794 monasterium
1391 4740 1802 4794 Tabennensio-

189 4836 388 4884 tarum
421 4829 704 4900 expetivit,
757 4831 906 4899 quod
945 4830 1158 4883 sciebat
1194 4829 1406 4884 cunctis
1445 4830 1803 4884 monasteriis

189 4935 320 4973 esse
349 4918 674 4985 districtius,
698 4924 754 4973 et
775 4919 830 4972 in
861 4935 971 4989 quo
988 4935 1047 4972 se
1069 4935 1168 4989 pro
1190 4918 1540 4989 longitudine
1557 4918 1803 4988 regionis

190 5007 443 5063 credidit
460 5007 854 5078 ignorandum.
880 5007 984 5062 Ubi
997 5008 1130 5062 dum
1146 5008 1463 5062 diutissime
1475 5025 1574 5079 pro
1593 5007 1801 5062 foribus

192 5102 919 5171 perseverans,cunctorum
932 5097 1168 5152 fratrum
1182 5097 1437 5168 genubus
1453 5098 1796 5168 provolutus,

193 5194 266 5242 ut
295 5186 676 5257 susciperetur
710 5186 944 5241 summis
976 5186 1232 5257 precibus
1265 5186 1512 5240 ambivit.
1548 5187 1800 5258 Cumque

193 5277 382 5331 multo
401 5275 664 5346 despectu
678 5275 968 5348 probatus,
985 5281 1042 5329 et
1053 5275 1277 5329 tandem
1291 5275 1488 5330 fuisset
1501 5276 1568 5328 ad
1578 5277 1800 5341 missus,

193 5364 469 5419 continuo
499 5370 562 5418 ut
587 5365 725 5431 seni,
755 5364 1006 5435 nullique
1033 5365 1190 5435 Operi
1220 5365 1442 5435 penitus
1471 5370 1621 5434 apto,
1657 5364 1806 5418 horti

196 5471 343 5509 cura
371 5454 774 5526 diligentiaque
797 5453 1116 5510 mandatur.
1141 5455 1319 5517 Quam
1343 5453 1435 5507 ille
1457 5470 1682 5525 operam
1705 5453 1808 5507 sub

198 5543 315 5598 alio
343 5542 519 5597 fratre
545 5543 790 5614 juniore,
816 5543 912 5615 qui
941 5560 1068 5598 eum
1091 5542 1196 5596 sibi
1213 5543 1486 5597 creditum
1510 5541 1804 5607 retinebat,

204 5649 496 5698 exercens,
529 5633 608 5688 sic
635 5633 817 5688 eidem
863 5631 1226 5700 subdebatur,
1259 5638 1324 5686 ut
1370 5649 1480 5687 non
1531 5632 1714 5688 solum
1747 5647 1814 5686 ea

1881 4555 1978 4626 qui
2008 4556 2075 4609 ad
2103 4557 2224 4609 loca
2243 4560 2435 4608 sancta
2449 4555 2518 4607 de
2536 4555 2760 4626 .lEgypti
2780 4555 3032 4625 partibus
3051 4557 3320 4611 orationis
3342 4572 3480 4612 cau-

1883 4662 1945 4698 sa
1977 4649 2264 4703 venerant.
2297 4645 2552 4713 agnitum
2579 4661 2710 4697 eum
2736 4660 2863 4697 cum
2889 4644 3070 4699 multa
3097 4659 3260 4716 prece
3285 4651 3344 4699 et
3363 4662 3482 4700 ma-

1885 4734 2029 4787 xime
2061 4734 2314 4799 invitum,
2339 4733 2409 4787 ad
2441 4749 2605 4786 suum
2637 4733 2843 4787 iterum
2861 4733 3176 4789 coenobium
3196 4750 3484 4791 revocave-

1884 4829 2034 4877 runt.

2446 4911 2680 4967 CAPUT
2717 4911 2913 4968 XXXI.

2005 5002 2326 5056 Exhortatio
2356 5005 2565 5070 optima
2589 5004 2663 5056 ad
2691 4987 2970 5058 novitiuin
2998 5003 3353 5060 monachum.

1956 5093 2117 5146 Hunc
2136 5091 2308 5162 igitur
2328 5108 2544 5162 senem,
2568 5107 2668 5162 pro
2691 5091 2788 5146 illa
2808 5107 2931 5162 qua
2951 5091 3111 5147 nobis
3129 5092 3315 5148 fuerat
3332 5091 3483 5166 apud

1885 5182 2068 5253 ipsum
2089 5181 2144 5235 in
2165 5186 2356 5235 nostro
2377 5181 2719 5234 monasterio
2739 5180 3034 5235 familiaris
3055 5181 3322 5248 amicitia,
3352 5198 3484 5237 cum

1886 5277 2015 5342 post
2034 5272 2152 5325 hac
2173 5271 2231 5324 in
2257 5271 2499 5342 Egypto
2515 5270 2962 5340 requisissemus,
2989 5269 3224 5340 contigit
3240 5274 3305 5324 ut
3321 5269 3485 5326 nobis

1888 5361 2003 5415 illic
2024 5359 2512 5424 commorantibus,
2538 5360 2771 5414 fratrem
2796 5358 3094 5429 quemdam
3121 5357 3180 5412 in
3200 5365 3487 5420 monaste-

1889 5449 1974 5502 rio
2003 5465 2105 5503 suo
2133 5449 2407 5519 reciperet
2432 5449 2628 5520 (Οιιςε.⁷
2663 5448 2759 5502 lib.
2816 5460 2869 5500 1v
2899 5448 3105 5511 lnstit.,
3142 5463 3188 5500 c.
3221 5445 3330 5517 32).
3379 5448 3486 5504 Cui

1891 5538 2095 5594 miram
2126 5538 2570 5592 exhortationem
2600 5536 2704 5590 sub
2723 5539 2915 5588 nostra
2936 5535 3234 5604 prasentia
3261 5536 3486 5606 indidit,

1893 5645 2062 5699 quam
2094 5627 2233 5682 mihi
2266 5627 2488 5682 animus
2515 5624 2624 5680 fuit
2651 5623 2782 5678 huic
2805 5623 3072 5695 opusculo
3101 5623 3373 5686 intexere.
3395 5628 3492 5686 Ait
