3876 6394
381 342 513 403 835”
1478 340 1573 397 DE
1609 340 1799 398 VITIS
1834 340 2136 399 PATRUM
2170 340 2385 398 LIBER
2421 340 2515 396 IV.
3547 337 3655 397 836

380 490 515 546 ergo
544 473 615 528 ad
642 489 805 527 eum:
840 468 1021 532 Nosti,
1052 468 1151 535 ﬁli,
1183 473 1320 540 quot
1364 467 1562 523 diebus
1607 485 1709 540 pro
1756 467 1969 524 foribus
1987 470 2035 530 Λ
2056 474 2215 524 tuam
2233 484 2347 523 non
2374 468 2446 522 ad
2468 465 2740 538 requiem,
2763 480 2876 520 non
2896 464 2969 520 ad
2987 463 3233 532 delicias,
3252 464 3351 519 sed
3379 465 3453 520 ad
3471 468 3654 520 tenta-

379 562 677 627 excubans,
724 559 889 613 hodie
941 558 1017 611 sis
1067 563 1344 628 receptus.
1404 559 1579 629 Cujus
1629 558 1974 613 difficultatis
2056 560 2238 613 tiones
2262 563 2318 612 et
2348 556 2637 627 angustias
2664 556 2831 622 (Eccl.
2880 559 2971 621 n);
3004 570 3104 625 per
3133 555 3339 609 multas
3367 554 3520 609 enim
3546 559 3649 608 tri-

380 667 606 705 causam
650 649 914 720 primitus
968 647 1137 701 debes
1178 664 1503 717 agnoscere.
1554 647 1769 701 Poterit
1823 647 1973 701 enim
2059 646 2375 700 bulationes
2401 648 2624 715 oportet
2650 658 2752 697 nos
2790 642 3026 697 introire
3044 643 3103 697 in
3124 657 3363 714 regnum
3382 643 3487 697 Dei
3512 645 3648 712 (Act.

380 739 481 794 tibi
504 740 563 792 in
592 739 695 791 hac
733 732 848 791 vita
876 753 1046 807 quam
1086 736 1311 805 ingredi
1353 736 1697 807 concupiscis
1732 736 1973 790 multum
2055 741 2186 796 xm.
2218 736 2473 805 Angusta
2500 750 2743 804 namque
2773 738 2861 788 est
2888 738 3071 804 porta,
3107 738 3165 787 et
3191 739 3346 788 arcta
3387 734 3479 787 via
3528 751 3652 803 qua:

379 829 646 892 conferre,
679 826 746 892 si,
779 827 998 880 ratione
1027 826 1150 895 ejus
1178 824 1391 896 agnita,
1419 825 1487 879 ad
1510 825 1797 879 servitium
1819 824 1976 879 Chri-
2056 824 2209 878 ducit
2237 824 2308 878 ad
2337 823 2528 890 vitam,
2562 829 2619 877 et
2660 822 2823 894 pauci
2868 828 3001 877 sunt
3047 822 3143 894 qui
3191 822 3483 877 inveniunt
3528 838 3652 875 eam

376 918 449 972 sti
476 917 622 971 sicut
641 920 865 987 oportet
892 913 1210 969 accesseris.
1696 950 1705 960 -
2055 914 2269 980 (Matth.
2302 915 2418 979 vn).

448 1006 611 1061 Sicut
632 1020 877 1075 namque
906 1003 1180 1057 immensa
1207 1002 1389 1072 gloria
1421 1002 1662 1058 fideliter
1680 1001 1974 1056 servienti-
2127 1000 2470 1073 Principium
2501 1017 2634 1070 ergo
2658 1003 2865 1055 nostra)
2897 1000 3096 1056 salutis
3124 1000 3295 1055 timor
3317 1000 3543 1056 Domini
3567 1007 3653 1056 est

377 1095 482 1151 bus
504 1095 621 1149 Deo
646 1110 711 1148 ac
738 1092 1044 1148 secundum
1062 1092 1444 1147 institutiones
1479 1092 1649 1162 hujus
1676 1090 1883 1161 regulae
1922 1090 1973 1144 ei
2059 1090 2247 1160 (Casa,
2267 1093 2361 1146 lib.
2385 1104 2443 1145 1v
2469 1093 2675 1157 [νηπίη
2707 1106 2752 1145 c.
2770 1089 3001 1160 39).Per
3016 1091 3164 1144 hunc
3184 1091 3334 1145 enim
3354 1096 3411 1145 et
3425 1090 3650 1146 initium

375 1183 787 1241 cohaerentibus
806 1181 1221 1253 repromittitur
1234 1181 1292 1235 in
1304 1181 1556 1235 futurum
1584 1181 1729 1247 (Ibid
1736 1221 1774 1248 .,
1790 1196 1835 1233 ο.
1860 1178 1970 1249 33),
2056 1180 2449 1247 conversionis,
2473 1184 2528 1233 et
2547 1179 2773 1234 virtutis
2785 1179 3040 1233 custodia
3048 1178 3372 1251 acquiritur.
3394 1179 3502 1244 Qui
3521 1196 3649 1235 cum

373 1272 456 1328 ita
470 1287 653 1344 plenae
671 1269 1016 1343 gravissima:
1034 1268 1520 1341 praeparanturhis
1532 1267 1628 1339 qui
1647 1267 1835 1339 tepide
1848 1283 1973 1321 eam
2055 1269 2433 1340 penetraverit
2449 1267 2691 1323 hominis
2711 1273 2979 1336 mentem,
3000 1273 3381 1340 contemptum
3396 1269 3651 1324 omnium

371 1358 1298 1433 negligenterquefuerintexecuti;
1313 1357 1690 1413 etsecundum
1704 1357 1811 1411 hoc
1825 1356 1974 1427 quod
2055 1374 2244 1413 rerum
2274 1358 2442 1429 parit,
2474 1362 2531 1412 et
2559 1357 2755 1412 mundi
2776 1357 2959 1427 gignit
2975 1357 3285 1412 horrorem.
3309 1359 3650 1430 Contemptu

374 1450 608 1522 professi
630 1446 780 1515 sunt,
813 1449 900 1502 vel
919 1447 1071 1520 quod
1092 1446 1165 1502 ab
1176 1446 1499 1502 hominibus
1511 1463 1634 1501 esse
1645 1446 1971 1513 creduntur,
2055 1451 2243 1501 autem
2276 1463 2340 1501 ac
2368 1446 2679 1518 privatione
2707 1446 2961 1501 omnium
2986 1446 3335 1514 facultatum,
3358 1447 3648 1502 humilitas

371 1539 592 1596 fructus
620 1538 793 1594 etiam
820 1553 1099 1608 congruos
1127 1536 1441 1591 sanctitatis
1487 1535 1669 1590 eidem
1714 1533 1974 1589 exhibere
2055 1534 2526 1607 veraacquiritur.
2544 1534 2846 1589 Humilitas
2857 1539 3046 1589 autem
3058 1535 3382 1590 hisindiciis
3401 1552 3651 1608 compro-

374 1628 739 1700 neglexerint.
770 1627 971 1681 Melius
994 1631 1082 1680 est
1102 1625 1251 1680 enim
1282 1641 1397 1679 non
1426 1640 1644 1688 vovere,
1675 1640 1846 1695 quam
1876 1639 1974 1677 vo-
2055 1623 2222 1680 batur
2246 1643 2258 1678 :
2291 1624 2493 1697 primo,
2518 1624 2564 1678 si
2595 1624 2961 1679 mortiﬁcatas
2977 1624 3037 1678 in
3057 1641 3117 1678 se
3137 1624 3442 1680 monachus
3455 1622 3650 1680 omnes

373 1734 502 1772 vere
529 1722 588 1772 et
604 1733 716 1771 non
737 1716 973 1770 reddere
1010 1716 1223 1783 (Ecclcs.
1253 1713 1311 1785 v)
1335 1732 1347 1781 ;
1400 1719 1457 1768 et
1500 1713 1831 1767 maledictus
1878 1713 1972 1783 qui
2058 1712 2263 1769 habeat
2288 1714 2602 1767 voluntates
2628 1732 2641 1780 ;
2674 1713 2937 1778 secundo,
2961 1713 3007 1766 si
3023 1718 3180 1768 actus
3198 1720 3255 1767 et
3281 1714 3651 1784 cogitationes

375 1807 509 1862 facit
535 1824 674 1878 opus
702 1804 925 1860 Domini
940 1804 1292 1875 negligenter
1316 1804 1540 1871 (Jerem.
1574 1785 2034 1872 xx.vm).lgiturB
2054 1819 2167 1857 non
2197 1802 2461 1857 celaverit
2484 1802 2761 1856 seniorem
2788 1821 2800 1870 ;
2832 1805 3019 1868 tertio,
3056 1803 3105 1857 si
3134 1802 3275 1856 nihil
3303 1819 3415 1858 sua;
3438 1802 3649 1858 discre-

374 1893 445 1949 ob
471 1894 534 1949 id
561 1911 597 1948 a
622 1892 783 1948 nobis
795 1893 1110 1948 diutissime
1129 1892 1407 1946 refutatus
1422 1908 1501 1957 es,
1529 1907 1642 1945 non
1670 1890 1805 1962 quia
1816 1895 1973 1944 tuam
2054 1891 2214 1958 tioni,
2249 1891 2345 1945 sed
2370 1890 2583 1962 judicio
2613 1891 2734 1960 ejus
2761 1890 3022 1944 universa
3050 1890 3365 1945 committat
3389 1909 3401 1958 ;
3426 1896 3646 1962 quarto,

373 1983 463 2038 vel
487 1983 740 2039 omnium
768 1983 1009 2037 salutem
1055 1997 1169 2036 non
1193 1986 1317 2035 .toto
1362 1980 1639 2035 desiderio
1682 1980 1974 2051 cupiamus
2056 1981 2103 2034 si
2134 1981 2191 2034 in
2221 1978 2478 2035 omnibus
2504 1979 2800 2050 praeceptis
2830 1985 3011 2034 servet
3034 1978 3362 2034 obedientiae
3390 1996 3649 2035 mansue-

371 2073 653 2145 amplecti,
679 2073 778 2127 sed
797 2088 869 2127 ne
886 2077 1102 2126 temere
1123 2075 1401 2141 receptus,
1424 2074 1483 2124 et
1501 2085 1603 2123 nos
1624 2069 1773 2139 apud
1792 2070 1972 2123 Deum
2053 2069 2326 2137 tudinem,
2349 2074 2406 2122 et
2433 2068 2718 2140 patientiae
2738 2068 3109 2123 constantiam
3134 2087 3151 2139 ;
3182 2068 3398 2139 quinto,
3425 2074 3490 2124 ut
3507 2070 3648 2124 nulli

370 2162 634 2230 levitatis,
666 2166 725 2215 et
750 2166 809 2216 te
830 2177 992 2215 reum
1017 2158 1289 2230 gravioris
1304 2158 1563 2229 supplicii
1584 2157 1895 2223 fecerimus,
1925 2157 1972 2210 si
2053 2158 2259 2213 inferat
2274 2158 2563 2229 injuriam,
2595 2156 2693 2211 sed
2724 2157 2977 2211 etillatas
2997 2157 3101 2211 sibi
3114 2157 3396 2229 patienter
3412 2157 3643 2226 toleret;

375 2251 447 2306 ad
469 2266 718 2323 presens
740 2249 901 2304 facile
924 2254 1236 2319 susceptus,
1269 2263 1373 2301 nec
1412 2247 1631 2318 pondus
1672 2246 1971 2318 professio-
2054 2252 2228 2315 sexto,
2252 2247 2300 2301 si
2320 2247 2460 2301 nihil
2480 2251 2613 2316 agat
2631 2251 2836 2317 praeter
2855 2247 3063 2317 regulae
3083 2247 3363 2318 exempla;
3386 2247 3642 2318 septimo,

2053 2336 2121 2402 si,
2151 2336 2222 2391 ad
2252 2336 2440 2391 omnia
2461 2352 2584 2407 quae
2610 2335 2716 2389 sibi
2745 2336 3114 2408 imperantur,
3141 2335 3295 2390 velut
3322 2335 3646 2407 eperarium

372 2340 463 2395 nis
490 2340 660 2411 hujus
687 2338 1028 2409 intelligens,
1060 2338 1146 2391 vel
1175 2336 1476 2392 destitutor
1502 2336 1764 2408 posthaec,
1782 2336 1866 2389 vel
1893 2339 1973 2390 te-

370 2425 539 2497 pidus
566 2424 895 2480 exstitisses.

441 2513 678 2569 Noveris
697 2529 831 2583 ergo
859 2510 1137 2566 hodierna
1162 2510 1254 2565 die
1282 2514 1340 2565 te
1364 2510 1496 2565 huic
1524 2510 1734 2564 mundo
1763 2513 1821 2563 et
1837 2509 1969 2563 acti-

371 2601 480 2657 bus
496 2603 620 2672 ejus
639 2617 763 2655 esse
799 2599 1124 2655 defunctum
1149 2600 1336 2667 (Casa,
1362 2601 1456 2653 lib.
1481 2612 1535 2651 Iv
1549 2599 1729 2652 lnslit.
1743 2637 1756 2663 ,
1777 2614 1821 2651 c.
1845 2594 1931 2661 34)
1952 2615 1965 2663 ;

369 2695 541 2762 teque
570 2689 880 2745 secundum
908 2688 1259 2758 Apostolum,
1293 2687 1504 2741 mundo
1532 2686 1664 2740 huic
1692 2701 1813 2739 esse
1840 2701 1969 2739 cru-

369 2780 617 2847 ciﬁxum,
650 2776 865 2849 tibique
893 2777 1043 2832 hunc
1074 2776 1346 2831 mundum
1375 2776 1510 2842 (Gal.
1554 2776 1651 2845 v1).
1688 2774 1793 2830 Sed
1826 2774 1968 2828 forte

372 2868 550 2924 dicis:
581 2865 873 2931 Quomodo
898 2864 1024 2936 quis
1051 2865 1240 2919 vivens
1267 2869 1453 2936 potest
1477 2881 1599 2918 esse
1637 2863 1969 2919 cruciﬁxus?

370 2956 523 3012 Audi
548 2954 792 3010 breviter
818 2954 1116 3009 rationem.

439 3046 587 3101 Crux
606 3048 799 3099 nostra
816 3044 987 3098 timor
1006 3041 1233 3098 Domini
1250 3046 1337 3096 est
1356 3042 1543 3111 (Casa,
1561 3044 1656 3096 lib.
1682 3056 1734 3096 IV
1754 3046 1935 3099 Instit.
1948 3083 1961 3110 ,

2053 2426 2262 2480 malum
2285 2442 2345 2479 se
2360 2425 2695 2495 judicaverit
2712 2430 2771 2479 et
2788 2424 3080 2496 indignum
3104 2443 3117 2493 ;
3142 2430 3354 2491 octavo,
3378 2426 3424 2480 si
3444 2430 3645 2480 semet-

2052 2514 2239 2586 ipsum
2268 2514 2482 2568 cunctis
2511 2513 2836 2568 inferiorem
2868 2514 3224 2585 pronuntiet;
3257 2530 3427 2582 nono,
3468 2515 3517 2569 si
3537 2514 3644 2569 lin-

2049 2620 2220 2674 guam
2250 2619 2412 2657 suam
2440 2602 2716 2669 cohibeat,
2752 2607 2811 2657 et
2832 2619 2945 2657 non
2974 2603 3049 2657 sit
3074 2603 3354 2658 clamosus
3379 2604 3438 2658 in
3465 2620 3599 2659 voce
3625 2622 3640 2671 ;

2051 2692 2287 2757 decimo,
2319 2692 2367 2746 si
2395 2708 2509 2746 non
2537 2691 2612 2747 sit
2639 2691 2816 2746 facilis
2845 2708 2911 2746 ac
2925 2698 3217 2763 promptus
3246 2693 3305 2746 in
3333 2692 3468 2747 risu.
3490 2694 3645 2748 Tali-

2050 2779 2155 2835 bus
2182 2796 2427 2851 namque
2455 2779 2676 2835 indiciis
2707 2780 2997 2835 humilitas
3024 2796 3157 2834 vera
3182 2780 3548 2849 dignoscitur.

2121 2869 2230 2924 Sed
2250 2874 2307 2923 et
2335 2869 2451 2923 haec
2481 2884 2704 2939 quoque
2731 2868 2834 2923 tibi
2862 2869 2923 2923 in
2951 2869 3381 2939 congregatione
3393 2885 3644 2924 necessa-

2048 2958 2132 3012 rio
2156 2957 2521 3013 custodienda
2549 2963 2682 3012 sunt
2710 2958 2899 3029 (0033.,
2932 2961 3026 3012 lib.
3064 2972 3118 3011 IV
3134 2960 3339 3016 Instit..
3373 2976 3420 3013 ο.
3442 2957 3548 3027 41),
3577 2964 3644 3015 ut

2049 3046 2259 3101 scilicet
2271 3046 2578 3101 secundum
2591 3046 2899 3101 Psalmistaa
2908 3046 3263 3112 sententiam,
3283 3047 3359 3101 sis
3372 3052 3640 3119 tanquam

365 3152 410 3188 c.
438 3134 547 3202 35).
572 3134 731 3189 Sicut
747 3138 940 3199 549
956 3132 1106 3186 enim
1129 3131 1253 3203 quis
1275 3131 1570 3186 crucifixus
1584 3133 1704 3202 jam
1726 3149 1838 3187 non
1862 3150 1963 3205 pro
1980 3141 2023 3200 C
2048 3136 2251 3191 surdus
2281 3153 2393 3190 non
2423 3136 2675 3199 audiens,
2702 3140 2760 3190 et
2784 3136 2928 3190 sicut
2949 3141 3137 3191 mutus
3164 3152 3277 3190 non
3298 3135 3557 3208 aperiens
3577 3153 3642 3192 os

364 3223 540 3279 animi
558 3222 645 3278 sui
660 3227 816 3277 motu
846 3220 1097 3276 membra
1121 3237 1226 3275 sua
1255 3237 1542 3292 quoquam
1580 3223 1837 3277 movendi
1880 3223 1964 3277 vel

362 3311 722 3369 convertendi
747 3310 918 3365 habet
943 3315 1298 3382 potestatem,
1331 3310 1413 3364 ita
1440 3314 1498 3363 et
1526 3327 1628 3364 nos
1650 3312 1964 3367 voluntates

364 3406 588 3458 nostras
617 3417 682 3457 ac
698 3399 994 3465 desideria,
1030 3416 1145 3454 non
1173 3399 1480 3453 secundum
1500 3398 1559 3453 id
1574 3400 1721 3470 quod
1745 3417 1846 3455 nos
1870 3401 1963 3455 de-

363 3491 537 3549 lectat
564 3491 637 3546 ad
657 3505 921 3561 praesens,
945 3489 1044 3543 sed
1060 3488 1369 3543 secundum
1388 3495 1728 3559 praeceptum
1766 3490 1961 3545 Domi-

363 3575 445 3643 ni,
478 3590 592 3647 que
608 3589 712 3631 nos
733 3572 1087 3640 constrinxit,
1114 3572 1395 3643 applicare
1416 3573 1702 3628 debemus.
1736 3575 1805 3628 Et
1817 3575 1963 3629 sicut

361 3664 459 3723 ille
470 3663 581 3735 qui.
597 3662 848 3735 patibulo
875 3662 1054 3719 crucis
1083 3661 1355 3733 afﬂigitur
1382 3677 1495 3717 non
1519 3663 1640 3733 jam
1662 3664 1962 3734 praesentia

364 3753 797 3825 contemphtur,
850 3768 956 3806 nec
1006 3751 1101 3807 de.
1130 3751 1249 3806 suis
1297 3750 1681 3807 affectionibus
1728 3752 1957 3823 cogitat,

363 3842 522 3903 nulla
538 3843 661 3914 jam
678 3841 1000 3914 possidendi
1017 3840 1462 3913 concupiscentia
1480 3845 1855 3912 permovetur,
1878 3858 1963 3897 se-

362 3948 628 4004 quemum
647 3931 830 3992 adhuc
846 3930 1035 4003 spirat
1056 3930 1117 3986 in
1153 3946 1404 4003 corpore,
1433 3931 1650 3986 cunctis
1667 3931 1961 3986 elementis

361 4020 544 4076 credit
570 4036 693 4074 esse
722 4019 1081 4088 defunctum;
1117 4019 1200 4074 ita
1225 4036 1329 4075 nos
1362 4036 1585 4092 quoque
1613 4020 1818 4076 timore
1846 4022 1960 4075 Do-

362 4108 505 4164 mini
535 4112 759 4180 oportet
782 4124 904 4163 esse
924 4108 1215 4163 cruciﬁxos
1242 4107 1502 4177 omnibus
1531 4108 1849 4164 carnalibus
1877 4110 1959 4165 vi-

357 4197 474 4264 tiis,
508 4202 568 4251 et
591 4196 726 4251 illuc
753 4213 977 4267 semper
1013 4196 1223 4251 habere
1273 4196 1463 4251 oculos
1503 4197 1709 4252 mentis
1752 4204 1960 4254 nostrae

359 4286 590 4352 deﬁxos,
624 4301 736 4357 quo
759 4301 863 4340 nos
883 4302 1111 4357 sperare
1130 4284 1401 4340 debemus
1416 4286 1959 4359 momentissingulis

361 4391 483 4431 esse
510 4374 870 4446 migraturos.

2047 3242 2210 3279 suum
2224 3226 2391 3294 (Psal.
2415 3228 2642 3293 xxxvn),
2658 3225 2797 3279 nihil
2810 3225 3150 3291 discernens,
3169 3225 3306 3279 nihil
3326 3226 3641 3297 dijudicans

2047 3331 2112 3368 ex
2140 3314 2229 3368 his
2257 3331 2381 3385 qua:
2408 3313 2511 3368 tibi
2540 3313 2750 3368 fuerint
2782 3314 3075 3385 imperata.

2118 3404 2263 3473 Ergo
2292 3402 2622 3475 patientiam
2655 3407 2813 3456 tuam
2833 3419 2945 3457 non
2970 3403 3138 3457 debes
3167 3420 3394 3475 sperare
3410 3403 3479 3457 de
3497 3403 3638 3459 alio-

2043 3509 2169 3547 rum
2193 3492 2399 3546 virtute
2431 3493 2614 3564 (Ibid.,
2648 3507 2695 3545 c.
2734 3492 2846 3560 42),
2874 3492 2933 3546 id
2961 3498 3065 3560 est,
3098 3498 3164 3547 ut
3189 3498 3323 3547 tunc
3347 3510 3470 3548 eam
3515 3498 3639 3549 tan-

2041 3581 2331 3635 tummodo
2359 3581 2663 3652 possideas,
2697 3597 2822 3634 cum
2857 3597 2887 3635 a
2919 3582 3143 3636 nemine
3169 3582 3342 3637 fueris
3359 3582 3634 3638 irritatus.

2114 3670 2459 3741 Principium
2488 3675 2693 3724 nostrae
2721 3670 2919 3724 salutis
2951 3670 3115 3741 (sicut
3137 3671 3259 3742 jam
3288 3671 3497 3726 dictum
3528 3674 3637 3742 est)

2041 3759 2214 3815 timor
2240 3758 2464 3814 Domini
2492 3763 2579 3814 est
2607 3757 2795 3830 (Ibid.,
2828 3775 2873 3813 ο.
2900 3758 3009 3827 43).
3044 3759 3126 3814 De
3165 3760 3368 3815 timore
3411 3761 3637 3817 Domini

2041 3844 2292 3905 nascitur
2313 3847 2668 3921 compunctio
2688 3847 2951 3904 salutaris
2973 3848 3504 3921 ;decompunctione
3518 3867 3637 3906 cor-

2042 3938 2129 3993 dis
2157 3938 2412 4010 procedit
2434 3942 2790 4009 contemptus
2817 3937 3069 3993 omnium
3093 3939 3423 3995 facultatum
3451 3956 3635 4015 acnu-

2041 4027 2188 4082 ditas
2211 4045 2225 4095 ;
2255 4027 2327 4082 de
2345 4026 2601 4082 nuditate
2619 4026 2907 4082 humilitas
2927 4028 3205 4099 procedit;
3231 4028 3299 4083 de
3316 4029 3635 4085 humilitate

2038 4119 2344 4186 generatur
2352 4115 2708 4170 mortiﬁcatio
2727 4116 3099 4186 voluntatum;
3117 4117 3187 4173 de
3202 4117 3634 4186 mortiﬁcatione

2039 4204 2391 4259 voluntatum
2411 4204 2799 4276 exstirpantur
2817 4205 3076 4261 universa
3103 4205 3276 4275 vitia;
3308 4206 3633 4278 expulsione

2036 4292 2303 4348 vitiorum
2347 4293 2584 4349 virtutes
2625 4293 2968 4349 fructiﬁcant
3007 4299 3177 4367 atque
3234 4302 3628 4365 succrescunt;

2036 4382 2406 4455 pullulatione
2427 4383 2694 4438 virtutum
2710 4384 2927 4454 puritas
2946 4384 3128 4439 cordis
3150 4385 3460 4456 acquiritur
3484 4404 3498 4453 ;
3531 4403 3632 4458 pu-

431 4464 754 4520 Cavendum
783 4468 870 4519 est
889 4480 1022 4535 ergo
1048 4479 1121 4519 ne
1131 4463 1266 4535 quid
1287 4463 1588 4536 aliquando
1605 4482 1798 4521 eorum
1820 4461 2017 4539 prae-1)
2037 4472 2205 4527 ritate
2234 4472 2417 4527 cordis
2445 4472 2761 4544 apostolicae
2790 4473 3079 4528 charitatis
3106 4474 3371 4545 perfectio
3384 4474 3631 4546 posside-

358 4569 648 4611 sumamus
669 4570 792 4627 quae
812 4553 1202 4609 renuntiantes
1221 4552 1527 4625 abjecimus
1559 4554 1748 4628 (Casa,
1773 4559 1868 4611 lib.
1900 4572 1957 4612 IV

358 4646 570 4713 Instit.-,
604 4662 649 4700 ο.
685 4643 796 4714 36).
836 4644 964 4699 Non
993 4644 1143 4699 enim
1161 4643 1257 4715 qui
1289 4644 1521 4714 coeperit
1560 4645 1694 4718 haec,
1734 4646 1832 4701 sed
1860 4647 1956 4718 qui

358 4734 798 4806 perseveraverit
819 4733 879 4789 in
897 4734 987 4789 his
1004 4749 1184 4805 usque
1202 4733 1262 4788 in
1288 4734 1479 4799 ﬁnem,
1511 4716 1608 4788 hic,
1622 4734 1810 4790 salvus
1845 4716 1954 4791 erit

360 4823 570 4895 (Matth.
599 4839 653 4890 ι,
684 4824 856 4890 xxxv).

426 4911 702 4966 Versutus
732 4910 885 4965 enim
913 4927 1144 4983 serpens
1189 4911 1454 4967 calcanea
1492 4916 1688 4967 nostra
1729 4930 1952 4986 semper

356 4997 616 5056 observat
646 5002 847 5070 (Gesn,
874 5002 970 5057 lib.
1000 5014 1059 5054 Iv
1083 5003 1367 5078 Instit.,.c.
1399 4999 1506 5070 37),
1553 5001 1611 5055 id
1656 5007 1759 5070 est,
1810 5003 1950 5059 insi-

355 5087 547 5146 diatur
575 5088 750 5144 exitui
773 5092 986 5156 nostro,
1019 5092 1077 5143 et
1118 5104 1295 5159 usque
1342 5089 1413 5144 ad
1460 5090 1630 5145 finem
1672 5091 1802 5147 vitae
1846 5108 1951 5149 nos

356 5194 582 5252 semper
590 5178 959 5252 supplantare
969 5181 1231 5245 conatur;
1254 5183 1313 5233 et
1328 5177 1535 5235 idcirco
1561 5178 1702 5235 bene
1716 5181 1950 5252 cmpisse

356 5268 497 5323 nihil
537 5268 808 5342 proderit,
853 5267 901 5323 si
950 5267 1089 5323 bene
1132 5272 1584 5323 consummatum
1620 5285 1735 5325 non
1779 5270 1950 5326 tuerit

359 5357 510 5426 (Gen.
542 5358 635 5425 3).:

429 5448 801 5520 Quapropter,
825 5448 1135 5504 secundum
1154 5447 1456 5520 Scriptura:
1478 5448 1834 5517 sententiam,
1864 5449 1946 5505 in-

353 5534 664 5605 gressusad
682 5535 1038 5593 serviendum
1058 5537 1298 5592 Domino
1323 5538 1515 5607 (Casa,
1546 5539 1642 5592 lib.
1666 5552 1720 5592 IV
1733 5542 1940 5608 Instit.,

356 5639 402 5677 c.
436 5622 548 5695 38),
581 5630 671 5681 sta
693 5625 753 5681 in
776 5626 981 5685 timore
1018 5626 1264 5697 Domini,
1313 5632 1373 5682 et
1404 5643 1658 5699 praepara
1698 5629 1945 5684 animam

2037 4567 2150 4618 tur.

2589 4650 2822 4707 CAPUT
2850 4651 3077 4709 XXXII.

2033 4741 2108 4795 De
2133 4739 2397 4794 monacho
2417 4740 2517 4808 qui
2544 4745 2674 4793 ante
2698 4743 3055 4795 constitutam
3085 4742 3280 4796 horam
3305 4743 3629 4811 peregrinos

2623 4831 2837 4897 reﬁcere
2861 4833 3047 4899 coegit.

2103 4918 2246 4973 Cum
2265 4916 2336 4973 de
2356 4918 2531 4990 Syriae
2551 4918 2804 4990 partibus
2823 4917 3050 4990 Egypti
3073 4919 3416 4991 provinciam
3445 4921 3622 4993 petis-

2032 5020 2222 5060 semus
2256 5006 2443 5078 (Casa,
2468 5008 2564 5061 lib.
2587 5023 2621 5058 v
2644 5007 2913 5072 Instit.,c.
2934 5005 3044 5073 24;,
3065 5006 3293 5078 quidam
3315 5009 3625 5065 monachus

2031 5111 2200 5150 senex
2215 5094 2644 5167 probatissimus
2652 5095 2905 5166 gratiﬁce
2915 5112 3019 5151 nos
3029 5096 3354 5167 suscipiens,
3370 5098 3626 5154 refectio—

2030 5199 2161 5240 nem
2170 5183 2328 5239 nobis
2340 5188 2470 5239 ante
2480 5184 3042 5240 constitutamhoram
3050 5186 3129 5256 jej
3138 5185 3254 5240 unii
3267 5187 3618 5259 praeparavit.

2029 5273 2497 5328 Percontantibus
2526 5291 2659 5345 ergo
2672 5272 2832 5329 nobis
2853 5291 2954 5329 cur
2972 5280 3103 5329 ante
3116 5276 3439 5330 canonicam
3472 5277 3589 5333 refe
3600 5307 3622 5320 -

2028 5362 2229 5418 etionis
2240 5363 2439 5418 horam
2451 5380 2553 5418 nos
2574 5364 2851 5435 prandere
2864 5368 3108 5435 cogeret,
3132 5365 3420 5436 respondit
3438 5371 3496 5421 et
3507 5366 3615 5422 ait:

2027 5451 2332 5519 Ieiunium,
2360 5452 2582 5521 fratres,
2619 5469 2844 5526 semper
2869 5458 2957 5509 est
2980 5470 3240 5522 mecum;
3289 5471 3385 5511 vos
3427 5461 3618 5511 autem

2026 5542 2293 5596 continuo
2312 5541 2665 5611 dimissurus,
2700 5559 2920 5598 mecum
2936 5542 3149 5615 jugiter
3172 5548 3364 5598 tenere
3392 5561 3503 5599 non
3515 5563 3619 5616 po-

2026 5635 2168 5686 tero.
2198 5632 2395 5703 Itaque
2415 5632 2700 5688 Christum
2730 5633 2791 5688 in
2821 5632 2973 5689 vobis
3017 5632 3345 5705 suscipiens,
3386 5635 3617 5690 reﬁcere
