3876 6374
147 329 260 386 837
932 328 1305 385 EXCERP’I‘A
1346 331 1438 386 EX
1475 327 1755 386 SEVERO
1794 326 2124 384 SULPICIO
2163 329 2250 385 ET
2288 329 2661 389 CASSIANO.
3321 339 3426 400 838

145 472 283 511 eum
309 455 517 523 debeo;
547 459 606 510 et
631 471 758 510 cum
787 471 881 509 vos
909 454 1208 514 deduxero.
1237 453 1641 508 districtionem
1665 449 2080 524 je-Aagerem,
2100 460 2336 524 paterna
2354 457 2680 513 curiositate
2701 459 3428 534 latenterexplorans,cum-

138 544 294 613 junii
331 544 390 598 in
429 544 761 615 memetipso
793 548 986 615 potero
1017 559 1398 614 compensare.
1435 544 1558 598 Non
1599 543 1748 596 enim
1833 559 1940 613 que
1970 560 2091 612 ego,
2120 545 2242 613 jam
2271 545 2430 600 ﬁnita
2454 549 2770 618 vespertina
2799 552 3172 620 solemnitate,
3211 555 3423 611 lassum

142 639 387 704 possunt
405 633 504 688 ﬁlii
517 632 706 704 sponsi
721 634 999 704 jejunare,
1017 633 1192 686 donec
1210 648 1332 685 cum
1351 632 1461 685 illis
1484 638 1568 685 est
1586 649 1749 702 spon-

140 738 272 790 sus;
305 739 433 777 cum
464 727 654 777 autem
681 721 1017 788 discesserit,
1053 727 1188 775 tunc
1233 721 1382 774 licito
1407 720 1749 790 jejunabunt

145 813 296 878 (Luc.
326 830 390 880 v;
423 813 626 869 Matth.
663 810 758 880 ιχ).

691 916 924 971 CAPUT
958 915 1210 970 XXXIII.

140 1025 218 1078 De
237 1024 504 1080 monacho
524 1025 624 1094 qui
644 1039 936 1092 nunquam
951 1025 1098 1077 solus
1123 1037 1298 1076 escam
1319 1037 1534 1076 sumere
1549 1025 1742 1076 solitus

869 1116 1007 1165 erat.

213 1199 474 1254 Vidimus
523 1203 582 1253 et
626 1199 801 1253 alium
842 1199 901 1252 in
949 1198 1251 1253 solitudine
1299 1203 1740 1251 commorantem

144 1289 338 1355 (Casa,
363 1290 458 1343 lib.
477 1305 508 1341 v
539 1289 746 1354 Iastia,
766 1305 810 1341 c.
833 1275 938 1357 26),
956 1288 1052 1358 qui
1069 1303 1359 1358 nunquam
1383 1287 1535 1341 solus
1554 1286 1741 1340 cibum

138 1394 368 1432 sumere
389 1382 781 1444 consueverat;
808 1376 906 1431 sed
934 1377 1104 1431 etiam
1127 1377 1173 1430 si
1195 1393 1294 1446 per
1321 1381 1468 1430 totos
1493 1376 1740 1447 quinque

136 1466 262 1522 dies
289 1467 361 1521 ad
382 1468 505 1537 ejus
532 1466 791 1521 cellulam
811 1466 998 1520 nullus
1019 1483 1083 1520 ex
1103 1465 1370 1520 fratribus
1400 1465 1735 1532 advenisset,

135 1555 499 1610 refectionem
532 1555 747 1626 jugiter
773 1555 1081 1621 diﬁerebat,
1106 1556 1338 1626 jejunus
1380 1570 1733 1626 permanens,

135 1644 316 1699 donec
343 1643 715 1699 Sabbatorum
733 1644 820 1698 vel
851 1643 1139 1698 Dominico
1173 1644 1264 1698 die
1289 1643 1738 1713 congregationis

135 1732 373 1787 obtentu
403 1738 594 1799 550
611 1732 916 1804 procedens
941 1733 1010 1787 ad
1042 1733 1350 1798 ecclesiam,
1376 1733 1734 1803 peregrinum
1756 1765 1802 1826 B

136 1823 462 1894 quempiam
486 1822 816 1893 reperisset;
837 1838 1003 1893 quem
1030 1822 1226 1876 exinde
1247 1823 1517 1876 reducens
1539 1821 1608 1876 ad
1631 1821 1736 1875 cel-

135 1910 312 1965 lulam
343 1927 524 1979 suam,
557 1927 685 1966 cum
712 1910 835 1982 ipso
856 1911 1067 1982 pariter
1086 1910 1346 1965 sumebat
1364 1909 1571 1965 cibum.

680 2017 913 2073 CAPUT
945 2018 1191 2072 XXXIV.

536 2125 608 2178 De
636 2125 868 2178 Machete
897 2140 1020 2178 sene
1049 2125 1331 2179 monacho.

205 2228 467 2284 Vidimus
479 2234 533 2285 et
550 2230 722 2285 alium
751 2247 942 2285 senem
966 2232 1152 2301 (Casa,
1180 2234 1218 2285 ι.
1252 2247 1282 2282 v
1312 2232 1520 2296 Instit,
1547 2247 1592 2285 ο.
1620 2229 1730 2299 29),

130 2318 446 2373 Machetem
470 2320 717 2385 nomine,
744 2319 1077 2385 solitarium,
1099 2319 1186 2374 cui
1209 2319 1351 2372 hanc
1369 2318 1610 2389 gratiam
1640 2318 1735 2372 do-

131 2414 369 2462 naverat
395 2408 687 2475 Dominus,
713 2413 770 2462 ut
794 2409 841 2462 si
863 2409 1085 2480 quando
1111 2410 1168 2462 in
1189 2413 1464 2462 conventu
1493 2407 1731 2461 fratrum

130 2508 236 2564 per
263 2497 443 2547 totam
472 2498 691 2548 noctem
721 2498 778 2546 et
808 2494 956 2547 diem
989 2493 1300 2564 agitaretur
1329 2493 1550 2546 collatio
1573 2493 1734 2564 spiri-

130 2581 283 2646 talis,
319 2599 606 2653 nunquam
651 2583 745 2636 ille
787 2599 983 2637 somno
1032 2583 1474 2654 opprimeretur;
1508 2582 1554 2635 si
1607 2581 1732 2652 quis

126 2686 262 2725 vero
293 2669 657 2726 detractionis
679 2671 907 2725 verbum
948 2689 1049 2726 seu
1078 2672 1318 2726 otiosum
1349 2675 1622 2725 tentasset
1651 2671 1733 2725 in-

127 2759 299 2827 ferre,
335 2761 528 2814 statim
558 2760 652 2815 ille
681 2760 738 2814 in
775 2777 1036 2814 somnum
1066 2760 1410 2814 concidebat.

203 2848 352 2902 Huic
379 2849 548 2902 etiam
579 2849 699 2903 seni
733 2849 913 2920 (Ibid.,
937 2866 978 2902 c.
1010 2847 1116 2917 32),
1138 2866 1265 2904 cum
1288 2849 1589 2919 aliquando
1621 2849 1732 2920 epi-

125 2937 287 2992 stola:
310 2937 485 3008 patris
514 2939 636 3008 ejus
666 2954 730 2991 ac
758 2937 954 2991 matris
975 2938 1397 3008 amicorumque
1423 2938 1730 2992 multorum

125 3027 197 3080 de
225 3026 513 3097 provincia
555 3027 719 3081 Ponti
766 3027 1111 3081 transmissa:
1151 3026 1404 3091 fuissent,
1452 3027 1729 3097 accipiens

1831 647 2030 701 corpus
2050 633 2338 704 coepissem
2355 636 2600 703 reﬁcere,
2626 643 2683 691 et
2700 655 2789 692 me
2810 640 3165 696 incubantem
3181 644 3423 714 psiathio

1829 720 2162 790 reperisset;
2214 723 2549 792 protrahens
2597 743 2661 778 ex
2701 726 2900 782 intimo
2946 731 3112 784 corde
3157 733 3417 803 suspiria,

1828 825 2065 880 meoque
2114 827 2203 864 me
2242 813 2488 866 vocitans
2533 815 2786 884 nomine,
2832 818 2998 872 dixit:
3061 820 3284 887 Quanti,
3339 823 3424 877 in-

1829 899 1968 968 quit,
2003 916 2034 952 o
2065 901 2449 968 Joannes‘,de
2480 903 2595 957 Deo
2627 905 2952 976 loquuntur,
2980 924 3220 980 eumque
3246 911 3306 966 in
3337 928 3422 967 se-

1826 986 2078 1057 metipsis
2106 989 2537 1059 amplectuntur,
2572 997 2630 1046 et
2655 997 2719 1048 tu
2747 994 3025 1051 fraudaris
3053 997 3160 1052 isto
3181 999 3414 1069 lumine,

1824 1073 1990 1129 inerti
2007 1092 2206 1146 sopore
2231 1078 2484 1133 solutus?
2507 1081 2702 1152 Itaque
2726 1085 2970 1140 excitato
2987 1103 3096 1156 me,
3117 1087 3421 1146 salubriter

1823 1162 2085 1236 deinceps
2113 1165 2343 1236 vigilare
2373 1169 2660 1240 compulit.

2370 1292 2604 1348 CAPUT
2632 1294 2877 1351 XXXVI.

1857 1413 1928 1467 De
1957 1416 2302 1470 anachoretis
2333 1419 2395 1470 in
2428 1421 2739 1473 vastissima
2767 1437 2945 1476 eremo
2973 1422 3379 1482 habitantibus.

1891 1521 2107 1592 Itaque,
2132 1539 2259 1577 cum
2279 1523 2348 1578 de
2366 1524 2664 1580 Palestinae
2683 1529 3038 1584 monasteriis
3059 1531 3130 1586 ad
3151 1533 3419 1605 oppidum

1823 1608 2045 1680 (Egypti
2065 1611 2212 1681 quod
2232 1611 2451 1667 Diolcos
2480 1615 2816 1685 appellatur,
2839 1617 3204 1689 venissemus,
3227 1622 3418 1696 ibique

1821 1697 2124 1767 plurimam
2142 1699 2364 1756 turbam
2385 1702 2625 1757 ccenobii
2646 1702 2944 1776 disciplina
2960 1709 3321 1766 constrictam
3340 1713 3418 1767 vi-

1821 1785 2099 1842 dissemus
2139 1790 2326 1860 (Casa,
2361 1793 2456 1844 lib.
2483 1808 2513 1844 v
2541 1793 2749 1858 Instit,
2775 1811 2821 1851 ο.
2843 1793 2952 1866 36),
2986 1797 3162 1852 alium
3194 1816 3416 1872 quoque

1821 1875 2094 1944 ordinem,
2128 1878 2224 1949 qui
2253 1879 2520 1933 excelsior
2548 1879 2805 1948 habetur,
2830 1883 2888 1937 id
2917 1889 3020 1951 est,
3053 1888 3418 1944 anachoreta-

1821 1979 1965 2030 rum,
2015 1971 2343 2020 cunctorum
2375 1969 2671 2038 praeconiis
2727 1969 3000 2042 instigati,
3047 1975 3412 2045 sagacissimo

1819 2053 1983 2106 corde
2006 2053 2191 2108 videre
2213 2057 2654 2126 prOperavimus.
2687 2058 2759 2112 Hi
2780 2074 3026 2132 namque
3041 2061 3102 2116 in
3124 2069 3411 2120 monaste-

1817 2140 1916 2194 riis
1925 2141 2168 2212 primum
2182 2143 2286 2198 sub
2303 2144 2648 2200 districtione
2662 2147 2869 2218 regulae
2885 2149 3185 2220 diligenter
3203 2153 3408 2223 edocti,

1817 2228 2131 2285 durissimis
2155 2232 2469 2287 daemonum
2492 2235 2699 2305 praeliis
2717 2239 3090 2308 congressuri,
3114 2246 3414 2312 penetrant

1816 2320 1990 2374 eremi
2017 2320 2292 2391 profunda
2321 2329 2558 2377 secreta.
2593 2324 2776 2395 Hujus
2803 2343 2936 2397 ergo
2965 2329 3235 2399 propositi
3261 2331 3411 2386 viros

1815 2409 2187 2480 comperimus
2216 2410 2356 2481 citra
2388 2409 2523 2484 [Al.,
2550 2412 2718 2484 circa]
2749 2414 2863 2468 Nili
2902 2415 3152 2471 ﬂuminis
3189 2418 3410 2475 alveum

1815 2498 2171 2565 commorari,
2202 2500 2261 2553 in
2293 2500 2412 2555 loco
2437 2500 2532 2571 qui
2559 2518 2671 2556 uno
2685 2502 2861 2557 latere
2879 2504 3006 2558 Nilo
3023 2506 3276 2575 flumine,
3297 2509 3407 2564 alio

1816 2587 1990 2641 maris
2008 2588 2270 2642 vastitate
2303 2589 2701 2658 circumdatus,
2730 2590 2972 2646 insulam
3001 2594 3205 2663 reddit,
3238 2598 3408 2652 nullis

1816 2673 1941 2727 aliis
1955 2674 2274 2731 hominibus
2301 2694 2469 2747 quam
2492 2679 2781 2734 monachis
2802 2685 3080 2736 secretum
3103 2685 3410 2754 expetenti-

1816 2761 1919 2816 bus
1948 2764 2268 2834 optabilem.
2315 2767 2430 2821 Nec
2461 2768 2612 2821 enim
2654 2769 2916 2840 cuiquam
2945 2772 3178 2826 culturae
3217 2778 3410 2844 aptam

1816 2867 1937 2905 esse
1979 2859 2190 2908 terram
2223 2854 2378 2909 illam
2421 2856 2644 2912 salsitas
2673 2858 2777 2912 soli
2805 2875 2870 2912 ac
2898 2860 3166 2915 sterilitas
3195 2863 3412 2932 patitur

1815 2955 2134 2996 arenarum.
2166 2942 2250 2996 Ad
2283 2944 2419 2998 istos
2441 2961 2572 3015 ergo
2594 2963 2814 3001 summo
2835 2947 3114 3002 desiderio
3142 2949 3409 3006 festinan-

1813 3033 1918 3094 tes,
1947 3046 2120 3101 supra
2149 3032 2378 3086 modum
2407 3050 2657 3089 summos
2685 3051 2880 3090 eorum
2906 3036 3146 3104 labores,
3180 3056 3319 3110 quos
3347 3041 3408 3095 in

119 3116 403 3187 grandem
420 3115 743 3170 fasciculum
758 3116 1098 3183 litterarum,
1118 3116 1326 3186 diuque
1355 3116 1502 3187 apud
1522 3121 1730 3170 semet-
1745 3123 1788 3184 ο
1810 3118 2107 3173 solitudine
2118 3120 2654 3187 tolerant,admirati
2671 3125 3238 3196 sumus.Narqipsius
3248 3144 3407 3199 aquae

121 3206 313 3276 ipsum
328 3204 717 3270 volvens,dixit
740 3223 751 3258 :
773 3205 1123 3269 Quantarum
1139 3205 1544 3275 cogitationum
1561 3216 1729 3260 causa

121 3293 236 3348 erit
261 3293 403 3347 mihi
431 3294 666 3348 istarum
693 3294 874 3358 lectio,
911 3311 1033 3365 quae
1062 3311 1149 3348 me
1179 3295 1262 3347 vel
1294 3294 1364 3347 ad
1391 3293 1556 3348 inane
1584 3311 1726 3364 gau-

121 3383 306 3450 dium,
322 3383 407 3436 vel
423 3383 495 3437 ad
507 3382 1234 3438 tristitiasinfructuosasim
1241 3383 1476 3454 pellent?
1492 3383 1726 3447 Quantis

118 3471 328 3526 diebus
349 3472 552 3526 horum
573 3472 958 3527 recordatione
971 3472 1066 3544 qui
1087 3472 1447 3544 scripserunt,
1464 3473 1726 3527 intentio-

116 3578 256 3615 nem
287 3561 528 3632 pectoris
549 3561 661 3615 mei
695 3577 730 3615 a
757 3561 1043 3633 proposita
1072 3561 1543 3632 contemplatione
1565 3578 1725 3616 revo-

117 3649 374 3705 cabunt?
401 3649 472 3704 Et
508 3650 625 3705 haec
648 3651 870 3705 volvens
911 3651 970 3704 in
999 3667 1100 3705 suo
1129 3655 1369 3722 pectore,
1401 3667 1513 3705 non
1541 3651 1725 3705 solum

118 3739 344 3794 nullam
386 3739 661 3794 resolvere
689 3739 983 3811 epistolam
1013 3739 1282 3805 deﬁnivit,
1315 3739 1411 3794 sed
1442 3756 1512 3794 ne
1541 3739 1726 3811 ipsum

120 3828 360 3901 quidem
388 3828 714 3883 fasciculum
735 3829 1052 3900 resignare;
1076 3846 1148 3884 ne
1168 3830 1379 3884 scilicet
1407 3845 1603 3884 eorum
1627 3828 1724 3900 qui

119 3918 494 3990 scripserunt,
535 3918 620 3972 vel
649 3917 877 3974 nomina
911 3919 1272 3986 recensendo,
1303 3919 1389 3972 vel
1417 3919 1604 3972 vultus
1631 3934 1723 3972 re-

121 4007 434 4074 cordando,
467 4023 501 4061 a
520 4007 748 4078 spiritus
778 4007 863 4062 sui
885 4008 1196 4064 intentione
1226 4012 1490 4062 cessaret.
1527 4008 1724 4078 Itaque

120 4101 190 4153 ut
210 4113 347 4153 eum
367 4096 730 4152 constrictum
749 4103 1055 4169 acceperat,
1070 4097 1186 4168 igni
1215 4097 1450 4152 tradidit
1474 4112 1725 4152 creman-

121 4187 264 4241 dum
285 4203 297 4239 :
317 4186 422 4253 Ite,
445 4185 722 4258 inquiens,
742 4187 1109 4257 cogitationes
1128 4186 1341 4258 patriae,
1373 4186 1581 4257 pariter
1597 4202 1725 4240 con-

122 4275 591 4342 cremamini,nec
617 4291 708 4331 me
731 4276 965 4331 ulterius
990 4275 1060 4330 ad
1083 4292 1150 4330 ea
1174 4293 1296 4348 quae
1326 4275 1443 4347 fugi
1465 4291 1724 4330 revocare

119 4365 381 4421 tentetis.

673 4453 907 4509 CAPUT
952 4452 1172 4508 XXXV.

619 4544 692 4598 De
721 4545 988 4598 Theodoro
1017 4543 1224 4597 abbate.

194 4631 460 4686 Vidimus
479 4635 536 4686 et
557 4631 730 4687 alium
751 4631 1010 4686 abbatem
1020 4631 1376 4686 Theodorum
1395 4630 1724 4702 (Cass.,h'b.v

123 4725 315 4777 lnstit.
329 4737 396 4787 ,c.
412 4720 520 4790 33),
538 4737 761 4774 summa
778 4721 1074 4774 sanctitate
1093 4737 1157 4774 ac
1171 4719 1405 4774 scientia
1427 4719 1723 4790 praeditum

122 4827 240 4865 non
260 4809 444 4864 solum
463 4810 521 4865 in
546 4809 755 4864 actuali
781 4810 914 4875 vita,
930 4809 1028 4863 sed
1056 4809 1224 4863 etiam
1250 4808 1450 4863 notitia
1477 4808 1726 4879 Scriptu-

122 4916 344 4965 rarum,
377 4916 547 4970 quam
577 4899 628 4954 ei
647 4915 760 4954 non
787 4903 903 4953 tam
928 4898 1176 4953 studium
1204 4897 1459 4952 lectionis
1479 4897 1726 4952 contule-

123 4993 236 5055 rat,
269 5005 444 5059 quam
461 4988 582 5042 sola
606 4987 823 5060 paritas
853 4987 1056 5043 cordis.
1086 4987 1188 5041 Hic
1219 5003 1347 5040 cum
1379 4986 1724 5058 explanatio-

121 5095 258 5134 nem
278 5077 576 5148 cujusdam
607 5075 1014 5131 obscurissimae
1043 5075 1364 5147 quaestionis
1391 5074 1720 5147 inquireret,

121 5174 346 5240 septem
375 5167 571 5222 diebus
601 5183 666 5222 ac
691 5166 948 5222 noctibus
980 5165 1038 5220 in
1077 5165 1330 5221 oratione
1359 5165 1725 5236 infatigabilis

122 5256 395 5330 perstitit,
413 5257 590 5312 donec
606 5257 943 5312 solutionem
965 5255 1262 5328 propositae
1284 5254 1608 5327 quaestionis
1619 5256 1724 5310 Do-

122 5347 283 5403 mino
310 5345 595 5402 revelante
623 5351 999 5417 cognosceret.
1026 5345 1131 5400 Hic
1155 5346 1306 5400 idem
1326 5344 1523 5400 beatus
1550 5345 1726 5400 Theo-

122 5437 316 5504 dorus,
335 5453 463 5491 cum
483 5436 804 5507 inopinatus
816 5434 886 5490 ad
907 5451 1092 5490 meam
1109 5435 1366 5492 cellulam
1386 5435 1726 5506 intempesta

125 5530 291 5582 nocte
319 5525 586 5593 venisset,
618 5525 887 5597 quidnam
915 5542 1091 5581 novus
1112 5525 1294 5580 adhuc
1315 5523 1551 5578 eremita
1573 5523 1725 5578 solus

195 5642 215 5676 ¹
259 5641 472 5697 Auctor
498 5657 558 5696 se
585 5641 860 5697 Joannem
885 5645 1062 5696 vocat.
1097 5641 1196 5696 Est
1216 5641 1461 5697 Joannes
1482 5640 1800 5696 Cassianus.

1811 3210 1970 3259 tanta
1996 3207 2232 3276 penuria
2260 3209 2740 3278 constringuntur,
2778 3217 2842 3265 ut
2872 3212 2972 3265 tali
3002 3212 3292 3282 diligentia
3319 3215 3405 3270 di-

1810 3300 2092 3366 spensent,
2146 3297 2299 3367 quali
2332 3314 2498 3352 nemo
2528 3298 2660 3352 facit
2693 3299 3163 3370 pretiosissimum
3190 3304 3401 3359 vinum.

1808 3384 2009 3439 Tribus
2038 3401 2280 3456 namque
2309 3386 2558 3440 millibus
2581 3393 2637 3441 et
2658 3404 2722 3442 eo
2743 3389 3004 3460 amplius,
3029 3407 3153 3445 eam
3174 3391 3243 3446 de
3275 3393 3404 3449 Nilo

1809 3473 2040 3529 ﬂumine
2088 3475 2418 3528 necessariis
2437 3475 2632 3531 usibus
2674 3482 3006 3549 apportant;
3036 3480 3184 3550 quod
3211 3485 3404 3536 tamen

1809 3561 2183 3630 intervallum,
2199 3563 2450 3618 arenosis
2468 3564 2709 3624 divisum
2724 3565 3247 3634 montibus,1-aboris.
3264 3569 3404 3627 didi:

1808 3651 2015 3708 cultate
2037 3652 2370 3723 gravissima
2389 3653 2730 3725 duplicatur.

2332 3779 2565 3835 CAPUT
2577 3823 2580 3826 ρ
2594 3779 2881 3838 XXXVIL

2266 3900 2341 3954 De
2367 3898 2630 3955 Archebio
2651 3901 2936 3956 monacho.

1877 4003 1978 4058 His
2001 4003 2178 4075 igitur
2204 4003 2354 4072 visis,
2377 4023 2504 4060 cum
2528 4022 2630 4062 nos
2659 4005 2990 4063 imitationis
3012 4024 3207 4065 eorum
3233 4010 3404 4067 ardor

1806 4092 2136 4148 accenderet
2168 4094 2351 4163 (Casa,
2385 4095 2482 4148 lib.
2513 4112 2540 4148 v
2569 4097 2774 4162 Instit,
2818 4112 2864 4150 ο.
2900 4095 3011 4166 37),
3030 4113 3178 4153 unus
3207 4115 3404 4156 eorum

1808 4181 2240 4254 probatissimus
2265 4183 2518 4251 eremita,
2539 4183 2848 4240 Archebius
2867 4187 3114 4254 nomine,
3135 4188 3403 4245 humani-

1809 4271 1940 4325 tatis
1959 4267 2145 4341 gratia
2172 4270 2432 4342 perduxit
2450 4288 2552 4326 nos
2570 4272 2641 4326 ad
2661 4289 2823 4327 suam
2839 4274 3118 4330 cellulam.
3145 4276 3254 4341 Qui
3273 4294 3405 4334 cum

1811 4360 2176 4432 comperisset
2214 4377 2316 4415 nos
2359 4359 2568 4415 ibidem
2596 4363 2735 4416 velle
2759 4364 3113 4432 commorari,
3146 4365 3306 4420 ﬁnxit
3343 4384 3404 4422 se

1748 4449 2071 4538 Deumdem
2091 4450 2274 4504 locum
2293 4450 2432 4504 velle
2460 4450 2869 4522 derelinquere,
2884 4469 2947 4508 ac
2965 4452 3126 4507 nobis
3144 4455 3404 4511 cellulam

1809 4555 1992 4605 suam,
2022 4538 2175 4593 velut
2203 4539 2400 4593 exinde
2424 4539 2789 4610 migraturus,
2804 4542 2972 4612 coepit
2999 4542 3218 4600 offerre.
3243 4542 3404 4598 Dice-

1806 4627 1903 4682 bat
1926 4632 2115 4682 autem
2142 4627 2246 4682 hoc
2275 4644 2334 4682 se
2360 4627 2658 4696 facturum,
2691 4629 2862 4683 etiam
2883 4629 2930 4684 si
2952 4646 3054 4685 nos
3094 4647 3207 4685 non
3240 4632 3402 4688 adve-

1806 4717 2101 4773 nissemus.
2150 4716 2306 4771 Tunc
2367 4722 2685 4789 susceptam
2740 4717 3002 4774 cellulam
3052 4719 3228 4792 ipsius
3274 4738 3404 4777 cum

1807 4805 2066 4860 omnibus
2100 4805 2433 4860 utensilibus
2471 4805 2842 4878 possedimus.
2895 4808 3033 4864 Erat
3071 4809 3261 4883 itaque
3285 4811 3404 4867 illic

1807 4894 1998 4966 paucis
2038 4893 2255 4960 diebus,
2300 4894 2502 4965 quibus
2545 4896 2935 4953 construendae
2979 4898 3130 4954 cellae
3175 4906 3405 4972 pararet

1807 4983 2109 5056 impendia,
2128 4983 2302 5038 deillo
2319 4984 2438 5038 loco
2454 4984 2766 5041 discedens.
2794 4986 3074 5044 Reversus
3099 4995 3228 5062 post
3262 4991 3399 5059 haec,

1806 5073 1976 5128 aliam
2003 5071 2110 5128 sibi
2138 5089 2359 5128 summo
2389 5073 2578 5129 labore
2604 5077 2932 5144 construxit,
2963 5095 3135 5149 quam
3173 5095 3400 5134 rursum

1805 5179 1918 5217 non
1934 5162 2100 5233 longe
2128 5167 2256 5234 post
2283 5163 2806 5235 supervenientibus
2835 5166 3101 5222 fratribus
3143 5167 3402 5222 similiter

1806 5255 1986 5318 55]
2014 5250 2303 5306 charitatis
2332 5269 2501 5307 causa
2529 5270 2657 5309 cum
2669 5253 2927 5310 universo
2948 5254 3182 5309 tradidit
3195 5254 3402 5308 instru-

1805 5345 2014 5396 mento.
2059 5341 2184 5412 Ipse
2229 5357 2360 5397 vero
2393 5359 2530 5414 erga
2555 5360 2695 5415 opus
2729 5343 3016 5398 charitatis
3037 5341 3400 5413 infatigabilis

1805 5449 2188 5505 perseverans,
2219 5434 2446 5489 tertiam
2468 5433 2573 5488 sibi
2607 5434 2824 5502 cellam,
2855 5431 2951 5489 ubi
2994 5437 3394 5502 commaneret,

1806 5522 2090 5578 instruxit.
