3876 6380
1552 347 1647 403 DE
1683 347 1876 404 VITIS
1915 345 2210 404 PATRUM
2248 345 2464 403 LIBER
2499 346 2594 402 IV.
3615 348 3726 409 840

449 530 456 536 ,
972 471 1206 528 CAPUT
1225 471 1529 530 XXXVIII.
2053 474 2100 534 A
2119 489 2282 544 posse
2303 473 2640 528 monachum
2667 472 2992 545 perdurare,
3017 489 3118 530 nec
3139 475 3210 530 ad
3229 474 3590 548 perfectionis
3608 478 3723 533 cul-

447 565 522 620 Dc
531 563 740 617 duobus
751 561 1176 617 adolescentibus
1193 565 1294 630 qui
1307 563 1525 630 ﬁcusad
1535 567 1799 631 aegrotum
1813 562 2044 630 ferentes
2124 578 2255 616 men
2283 562 2583 634 aliquando
2604 563 2997 618 conscendere.

875 652 940 704 in
967 653 1170 705 itinere
1192 653 1442 720 defuncti
1470 656 1620 706 sunt.
2719 652 2952 708 CAPUT
2977 653 3119 709 XLI.

2124 742 2196 794 Dc
2221 740 2400 810 fratre
2455 741 2884 811 blasphemo,qui
2915 744 3259 798 intolerabili
3298 749 3430 799 astu
3463 747 3717 800 libidinis

449 347 556 406 889

515 741 757 806 Quidam
785 743 977 794 autem
1005 739 1180 794 frater
1209 739 1396 811 (Casa,
1431 743 1524 796 lib.
1547 753 1585 794 v
1613 743 1821 807 Instat,
1847 756 1892 794 c.
1923 736 2036 808 40),

445 845 570 884 cum
593 831 732 886 ﬁcus
752 830 822 884 de
842 831 1110 896 Mareote,
1133 828 1322 884 abbati
1341 829 1544 884 Joanni
1557 829 1616 883 in
1635 845 1888 884 eremum
1909 829 2042 901 Scy-
2775 832 3064 886 urebatur.

443 918 584 974 thim
601 919 914 986 detulisset,
931 914 1025 973 ille
1054 918 1248 973 statim
1274 935 1369 974 eas
1398 919 1470 973 ad
1490 935 1682 974 senem
1713 917 2034 990 quemdam,
2191 918 2332 973 Novi
2359 918 2534 974 alium
2551 919 2781 975 fratrem
2804 920 2902 991 qui
2919 919 3312 992 probatissimo
3331 921 3554 976 cuidam
3575 923 3712 990 seni,

444 1007 540 1080 qui
566 1008 627 1063 in
647 1008 916 1063 interiore
941 1007 1162 1064 deserto
1191 1007 1342 1062 mala
1375 1007 1694 1063 valetudine
1721 1005 2035 1073 laborabat,
2118 1005 2253 1061 vitio
2308 1008 2494 1063 carnis
2535 1009 2900 1080 semetipsum
2943 1009 3270 1080 gravissime
3304 1011 3591 1066 confessus
3632 1017 3718 1068 est

443 1113 546 1170 per
572 1097 713 1152 duos
742 1095 1185 1152 adolescentulos
1213 1096 1387 1165 misit,
1423 1095 1702 1168 siquidem
1748 1096 1940 1151 decem
1983 1100 2041 1151 et
2119 1096 2823 1170 impugnari;intolerabili
2841 1117 3086 1172 namque
3107 1106 3245 1157 aestu
3265 1100 3511 1156 libidinis
3525 1101 3720 1158 ureba-

442 1191 568 1242 octo
597 1183 846 1242 millibus
870 1186 1039 1258 longe
1057 1184 1127 1240 ab
1145 1184 1380 1241 ecclesia
1395 1184 1788 1240 commanebat
1800 1184 1890 1240 hic
1905 1183 2039 1240 soli-
2119 1191 2216 1242 tur
2239 1187 2538 1261 (Cass.,lib.
2569 1205 2664 1257 xu,
2698 1192 2906 1255 Inslil.,
2953 1207 2999 1246 c.
3030 1188 3144 1262 20).
3184 1191 3340 1246 Tunc
3374 1207 3544 1246 senex
3575 1191 3722 1247 velut

441 1275 644 1331 tarius.
689 1275 796 1340 Qui
842 1275 1244 1343 adolescentes,
1275 1274 1518 1347 acceptis
1555 1273 1756 1346 pomis,
1798 1289 1927 1328 cum
1967 1271 2040 1327 ad

443 1365 697 1438 praedicti
738 1363 888 1420 senis
933 1364 1234 1420 tenderent
1273 1364 1551 1432 cellulam,
1580 1363 1766 1418 infusa
1809 1368 2039 1434 repente

442 1453 778 1509 densissima
789 1453 958 1521 nube,
970 1453 1258 1510 tramitem
1269 1453 1406 1508 recti
1423 1451 1640 1508 itineris
1652 1451 2038 1524 perdiderunt.

2119 1277 2396 1348 spiritalis
2429 1278 2699 1346 medicus,
2731 1279 3058 1334 interiorem
3101 1295 3328 1335 causam
3357 1285 3418 1336 et
3443 1281 3718 1352 originem

2119 1365 2300 1420 morbi
2326 1366 2496 1438 hujus
2519 1368 2776 1440 protinus
2797 1369 3112 1440 pervidens,
3147 1369 3505 1442 graviterque
3533 1370 3718 1442 suspi-

2120 1470 2272 1522 rans,
2297 1455 2378 1510 ait
2401 1475 2418 1510 :
2449 1457 2840 1528 Nequaquam,
2872 1457 2971 1524 fili,
3001 1463 3120 1512 tam
3148 1474 3391 1530 nequam
3417 1458 3640 1530 spiritui
3665 1463 3720 1514 te

442 1544 698 1616 Cumque
726 1548 850 1598 tota
888 1543 980 1598 die
1028 1559 1094 1598 ac
1130 1547 1293 1598 nocte
1317 1541 1697 1598 discunenms
1725 1557 1827 1613 per
1853 1540 2037 1596 aviam
2119 1544 2392 1600 Dominus
2411 1546 2777 1616 permisisset,
2810 1547 2920 1600 nisi
2940 1547 3157 1619 aliquid
3185 1547 3632 1619 blasphemasses
3660 1547 3718 1603 in

445 1633 622 1689 eremi
662 1633 1003 1700 vastitatem,
1035 1648 1393 1704 nequaquam
1437 1620 1754 1704 potuissent
1789 1629 2038 1685 eremita:
2121 1649 2206 1688 eo.
2238 1633 2400 1698 Quod
2434 1633 2610 1689 frater
2643 1635 2897 1702 audiens,
2931 1636 3126 1690 statim
3161 1637 3400 1708 procidit
3438 1637 3510 1692 ad
3547 1637 3718 1708 pedes

443 1721 766 1793 egrotantis
789 1721 1046 1776 cellulam
1061 1720 1329 1788 invenire,
1343 1725 1462 1774 tam
1479 1717 2037 1775 itinerislassitudine
2060 1795 2086 1796 ί
2121 1723 2242 1792 ejus
2273 1721 2330 1776 in
2357 1727 2605 1789 _terram,
2638 1740 2970 1796 summaque
3008 1725 3377 1780 admiratione
3407 1725 3714 1796 perculsus,

445 1827 614 1884 quam
625 1809 1428 1882 inediasitiqueconfecti,ﬁxis
1443 1809 1502 1864 in
1521 1814 1735 1864 terram
1758 1807 2033 1880 genubus,
2059 1795 2100 1856 Β
2117 1810 2402 1866 confessus
2431 1817 2516 1866 est
2561 1813 2620 1867 in
2649 1813 2854 1868 Filium
2884 1795 2993 1868 iDei
3023 1815 3360 1886 cogitatione
3388 1795 3563 1888 impia
3594 1814 3717 1870 bla-

443 1900 579 1956 dum
597 1905 844 1967 orarent,
867 1899 1126 1970 spiritum
1140 1898 1381 1954 Domino
1391 1898 1774 1953 reddiderunt.
1793 1897 2039 1969 Quipost
2119 1899 2460 1970 sphemasse.
2493 1901 2652 1956 Unde
2680 1903 3038 1974 perspicuum
3058 1909 3145 1958 est
3173 1921 3304 1958 eum
3326 1904 3422 1976 qui
3449 1904 3509 1958 in
3535 1905 3716 1959 Deum

441 1987 560 2042 haec
583 1988 947 2059 vestigiorum
974 1987 1196 2042 indiciis
1222 1987 1537 2042 diutissime
1565 1985 1879 2058 perquisiti,
1915 2003 2038 2059 quae

440 2076 500 2132 in
544 2076 680 2132 locis
725 2075 836 2132 illis
903 2076 1156 2132 arenosis
1211 2081 1440 2148 tamque
1497 2075 1718 2130 nivibus
1764 2075 2040 2148 impressa

439 2164 830 2236 designantur,
870 2163 1048 2219 donec
1095 2181 1161 2219 ea
1201 2163 1310 2219 levi
1339 2165 1480 2218 ﬂatu
1516 2169 1812 2218 ventorum
1851 2163 2040 2218 tenuis

437 2271 611 2310 arena
630 2253 951 2309 discurrens
969 2253 1300 2326 cooperiret,
1321 2253 1533 2308 inventi
1552 2257 1686 2308 sunt
1695 2253 1925 2308 tandem
1937 2253 2040 2308 sic-

438 2348 505 2398 ut
558 2348 858 2399 oraverant
880 2343 1153 2416 jacentes,
1178 2347 1236 2398 et
1247 2343 1384 2398 ﬁcus
1403 2342 1662 2409 intactas,
1707 2347 1774 2398 ut
1811 2357 2039 2414 accepe-

437 2439 587 2503 rant,
627 2437 998 2490 reservantes.
1041 2433 1346 2505 Elegerunt
1383 2432 1534 2488 enim
1562 2432 1812 2487 animam
1855 2431 2036 2502 magis

441 2537 612 2594 quam
633 2522 802 2578 ﬁdem
823 2522 1064 2594 depositi
1078 2522 1334 2594 perdere,
1353 2538 1424 2577 ne
1433 2521 1645 2578 scilicet
1657 2521 1867 2592 absque
1872 2521 2036 2591 jussu

444 2610 668 2666 abbatis
679 2612 988 2683 quidquam
998 2611 1178 2666 victus
1191 2616 1616 2684 pmsumerent;
1639 2609 1926 2680 vitamque
1937 2626 2039 2680 po-

441 2699 558 2756 tius
585 2699 884 2755 voluerunt
910 2699 1172 2755 amittere
1201 2701 1590 2772 temporalem,
1610 2714 1780 2770 quam
1801 2698 2037 2754 senioris

439 2787 648 2844 violare
675 2787 1026 2844 mandatum.

978 2874 1211 2931 CAPUT
1239 2875 1469 2931 XXXIX
1481 2921 1494 2934 .

441 2968 664 3038 Quanta
693 2967 765 3021 sit
773 2967 990 3036 jugitas
1017 2980 1242 3034 operum
1271 2967 1424 3034 apud
1457 2967 1677 3035 ﬁgypti
1719 2964 2031 3019 monachos.

511 3056 622 3112 Per
643 3059 823 3110 totam
845 3054 1035 3126 itaque
1058 3053 1362 3126 {Egyptum
1388 3052 1648 3108 monachi
1683 3052 1839 3108 nullo
1868 3052 2034 3108 modo

2117 1987 2479 2060 blasphemus
2497 1991 2979 2064 existit,tanquam
2999 1993 3096 2064 qui
3107 1993 3319 2065 irroget
3333 1994 3413 2048 illi
3425 1993 3712 2064 injuriam,

2120 2078 2476 2150 perfectionis
2503 2080 2830 2152 integritate
2859 2082 3086 2154 privari,
3118 2089 3176 2138 et
3215 2083 3716 2138 sanctiﬁcationem

2119 2167 2464 2224 castimoniae
2487 2185 2602 2224 non
2630 2171 2856 2225 mereri.

2693 2259 2928 2316 CAPUT
2977 2260 3146 2316 XLII.

2122 2347 2221 2403 Ubi
2244 2349 2491 2416 plurimi
2518 2355 2892 2405 convenerunt
2915 2352 3152 2404 seniores
3183 2350 3258 2404 ad
3271 2355 3529 2405 sanctum
3552 2351 3722 2406 Anto-

2503 2439 2668 2492 nium
2703 2441 2893 2507 gratia
2924 2441 3332 2494 consolationis.

2189 2523 2442 2588 Quodam
2465 2529 2657 2580 autem
2683 2532 2937 2600 tempore
2957 2532 3336 2583 convenerunt
3363 2527 3593 2598 plurimi
3621 2543 3714 2582 se-

2119 2615 2343 2667 niorum
2397 2614 2469 2668 ad
2518 2613 2748 2670 beatum
2799 2617 3128 2684 Antonium,
3172 2621 3612 2672 commorantem
3659 2615 3720 2670 in

2117 2701 2414 2758 Thebaida
2435 2703 2708 2774 partibus,
2733 2705 3090 2777 perfectionis
3127 2705 3490 2778 inquisitione
3519 2710 3580 2764 et
3599 2705 3717 2760 col-

2117 2789 2346 2846 lationis
2362 2792 2547 2863 gratia
2579 2794 2846 2862 (Cassian.
2879 2797 3073 2852 Collat.
3106 2809 3165 2861 ιι,
3199 2811 3317 2865 cap.
3354 2795 3431 2868 τι).
3463 2795 3718 2866 Cumque

2117 2895 2153 2934 a
2178 2881 2508 2952 vespertinis
2534 2881 2687 2938 horis
2703 2899 2882 2956 usque
2911 2884 2982 2939 ad
3003 2885 3184 2940 lucem
3205 2883 3402 2939 fuisset
3428 2888 3715 2955 protracta

2116 2969 2359 3038 collatio,
2395 2973 2627 3042 qumstio
2656 2973 3008 3028 discretionis
3038 2974 3343 3029 maximum
3384 2973 3562 3030 noctis
3589 2991 3718 3046 spa-

2115 3059 2259 3114 tium
2289 3062 2654 3133 consumpsit.
2685 3063 2830 3118 Nam
2857 3063 3172 3118 diutissime
3198 3063 3348 3118 inter
3369 3081 3463 3118 eos
3493 3079 3714 3136 quaere-

437 3145 735 3219 patiuntur
775 3159 899 3198 esse
940 3143 1106 3197 otiosi
1153 3143 1338 3211 (Casa,
1384 3145 1479 3197 lib.
1518 3159 1568 3208 x,
1603 3143 1789 3197 Instil.
1836 3158 1882 3196 c.
1920 3141 2030 3212 ‘22),
2055 3147 2282 3217 Cbatur
2329 3165 2586 3220 quamam
2628 3151 2804 3207 virtus
2839 3153 2925 3206 vel
2973 3151 3284 3208 observatio
3315 3153 3648 3207 monachum
3681 3169 3719 3207 a

439 3235 537 3290 sed
562 3233 768 3289 victum
793 3249 958 3288 suum
987 3231 1178 3286 labore
1207 3247 1478 3287 manuum
1501 3238 1953 3304 consequuntur;
1977 3235 2037 3286 et

438 3339 551 3378 non
575 3323 759 3379 solum
789 3323 858 3377 de
887 3320 1168 3376 laboribus
1191 3321 1310 3376 suis
1324 3321 1648 3392 peregrinos
1664 3325 1722 3374 et
1740 3320 2036 3375 advenien-

436 3416 524 3466 tes
541 3411 743 3467 fratres
761 3427 950 3466 secum
969 3409 1246 3476 reﬁciunt,
1261 3409 1359 3464 sed
1375 3409 1545 3464 etiam
1562 3426 1662 3480 per
1683 3409 1806 3464 loca
1825 3407 2030 3481 Libyae,

437 3517 561 3573 qua:
587 3500 737 3556 fame
763 3499 1040 3568 laborant,
1072 3514 1290 3555 necnon
1319 3499 1491 3554 etiam
1519 3514 1622 3572 per
1648 3499 1902 3554 civitates
1945 3499 2034 3554 his

439 3592 538 3664 qui
561 3590 622 3646 in
647 3588 966 3646 carceribus
993 3593 1052 3645 et
1077 3588 1310 3645 diversis
1335 3588 1572 3644 vinculis
1599 3592 1884 3658 tenentur,
1923 3587 2032 3642 im-

435 3696 664 3738 manem
687 3679 984 3736 conferunt
1006 3679 1288 3736 alimoniae
1307 3677 1702 3748 substantiam,
1735 3677 1806 3732 de
1843 3676 2032 3734 fructu

436 3786 712 3830 manuum
727 3785 960 3828 suarum
969 3768 1300 3826 rationabile
1315 3767 1658 3825 sacriﬁcium
1673 3767 1913 3824 Domino
1931 3765 2034 3823 tali

441 3862 723 3918 oblatione
751 3878 812 3918 se
841 3860 1041 3917 offerre
1071 3859 1382 3917 credentes.

506 3953 713 4007 Dicunt
736 3949 889 4008 enim
919 3954 1245 4022 operantem
1276 3942 1612 4004 monachum
1643 3944 1896 4006 dmmone
1919 3962 2033 4006 uno

434 4033 650 4112 pulsari
665 4051 905 4111 semper,
925 4033 1168 4094 otiosum
1192 4049 1323 4094 vero
1343 4031 1847 4094 innumerabilibus
1871 4037 2034 4111 spiri-

432 4127 583 4184 tibus
613 4126 891 4183 devastari
915 4127 1102 4196 (IbitL,
1135 4143 1178 4181 ο.
1203 4125 1319 4194 23).

1039 4215 1273 4270 CAPUT
1299 4215 1412 4270 XL.

980 4306 1053 4359 De
1073 4304 1263 4358 abbate
1287 4305 1478 4358 Paulo.

505 4391 760 4469 Denique
768 4393 940 4450 abbas
950 4392 1158 4448 Paulus
1167 4391 1594 4464 probatissimus
1606 4391 1856 4455 Patruml
1859 4394 1980 4448 Ibid
1985 4435 1996 4448 .
2007 4434 2020 4462 ,

2115 3237 2327 3292 diaboli
2347 3239 2562 3311 laqueis
2580 3241 2862 3296 custodire
2879 3246 3067 3314 posset
3086 3243 3342 3308 illaesum,
3357 3241 3442 3296 vel
3469 3247 3620 3296 certe
3639 3240 3717 3296 ad

2116 3327 2294 3381 Deum
2330 3333 2480 3382 recto
2519 3329 2748 3384 tramite
2799 3329 3073 3402 ﬁrmaque
3119 3347 3319 3402 gressu
3360 3331 3710 3403 perduceret.

2118 3415 2372 3486 Cumque
2393 3433 2494 3488 pro
2515 3424 2680 3490 captu
2703 3419 2906 3474 mentis
2935 3437 3048 3474 suae
3068 3419 3454 3492 unusquisque
3487 3425 3707 3474 senten-

2115 3503 2255 3558 tiam
2278 3505 2556 3576 proferret
2582 3506 2641 3560 in
2673 3507 3004 3573 medium;et
3036 3508 3131 3561 alii
3161 3509 3384 3579 quidem
3411 3507 3514 3562 hoc
3541 3509 3600 3562 in
3623 3509 3714 3578 je-

2108 3591 2400 3663 juniorum
2431 3593 2864 3668 vigiliarumque
2909 3596 3095 3651 studio
3136 3597 3492 3662 collocarent,
3525 3596 3620 3651 alii
3650 3597 3715 3652 in

2113 3681 2372 3737 nuditate
2391 3686 2448 3737 et
2461 3687 2788 3756 contemptu
2803 3690 2994 3752 55‘;
3009 3701 3219 3754 rerum,
3235 3685 3331 3740 alii
3353 3685 3715 3740 remotiorem

2113 3770 2288 3827 vitam
2307 3776 2364 3828 et
2380 3772 2556 3828 eremi
2574 3779 2791 3830 secreta
2809 3779 3122 3830 censerent:
3147 3778 3206 3830 et
3223 3775 3479 3831 nonnulli
3501 3775 3560 3831 in
3591 3775 3713 3848 pri-

2113 3861 2222 3917 mis
2253 3862 2520 3918 sectanda
2557 3863 2867 3934 charitatis,
2905 3863 2964 3920 id
3001 3869 3102 3932 est,
3135 3863 3504 3920 humanitatis
3531 3864 3715 3920 oﬁicia

2114 3950 2444 4022 delinirent;
2479 3950 2614 4025 quia
2633 3952 2758 4026 ipsa
2791 3954 2882 4027 pie
2913 3972 3049 4026 erga
3077 3954 3280 4010 fratres
3304 3958 3361 4010 et
3383 3953 3713 4028 peregrinos

2113 4039 2300 4098 studio
2329 4039 2698 4115 susceptionis
2724 4043 3147 4117 impenduntur.
3177 4044 3429 4117 Cumque
3457 4043 3517 4099 in
3561 4041 3712 4099 hunc

2110 4131 2336 4187 modum
2366 4132 2458 4205 pia
2487 4133 2842 4190 contentione
2883 4135 3254 4202 decertarent,
3293 4138 3550 4206 essetque
3573 4135 3696 4206 jam

2107 4221 2286 4276 noctis
2315 4223 2623 4278 maximum
2654 4233 2876 4296 tempus
2912 4230 3324 4297 consumptum,
3357 4224 3700 4296 respondens

2107 4310 2334 4366 demum
2349 4311 2546 4368 beatus
2565 4313 2839 4368 Antonius
2852 4314 3144 4382 universis,
3163 4314 3304 4370 dixit
3323 4332 3334 4368 :
3361 4313 3564 4370 Omnia
3579 4313 3701 4386 qui-

2107 4399 2235 4454 dem
2285 4400 2402 4456 hmc
2445 4418 2568 4473 quae
2619 4402 2856 4466 dixistis,
2909 4403 3225 4459 necessaria
3269 4408 3402 4458 sunt
3441 4408 3498 4458 et
3537 4401 3701 4458 utilia

435 4503 480 4542 c.
502 4485 616 4556 2i),
657 4501 786 4540 cum
829 4484 886 4538 in
935 4497 1123 4538 eremo
1166 4480 1480 4536 vastissima
1524 4482 1873 4550 consisteret,
1903 4500 2026 4554 quae
2047 4477 2428 4545 Dsitientibus
2455 4492 2636 4546 Deum
2661 4509 2672 4545 :
2695 4492 2792 4548 sed
2816 4493 2900 4547 his
2922 4493 3288 4564 principalem
3308 4491 3555 4547 tribuere
3573 4509 3700 4564 gra-

432 4574 744 4648 Porphyrio
773 4576 1148 4646 nuncupatur,
1170 4575 1388 4625 tantum
1411 4571 1726 4642 palmarum
1753 4571 2026 4627 fructibus

433 4669 491 4720 et
515 4663 680 4719 horto
713 4661 931 4718 modico
974 4658 1431 4728 sustentabatur;
1467 4676 1568 4715 nec
1612 4666 1834 4732 poterat
1872 4661 2024 4716 aliud

431 4753 581 4810 unde
604 4756 1018 4808 sustentaretur
1044 4749 1229 4822 operis
1249 4765 1525 4818 exercere,
1555 4765 1621 4804 eo
1651 4750 1799 4821 quod
1831 4749 1900 4804 ab
1930 4751 2027 4806 110-

432 4841 681 4898 minibus
702 4841 790 4895 vel
810 4838 1102 4894 habitabili
1131 4847 1287 4893 terra
1313 4839 1557 4910 amplius
1595 4856 1763 4910 quam
1809 4844 2024 4912 septem

435 4927 822 4986 mansionibus
841 4927 1035 4983 aberat
1052 4928 1112 4982 in
1133 4927 1376 4982 deserto.
1405 4927 1508 4982 Hic
1529 4943 1664 4999 ergo
1683 4945 1753 4984 ne
1769 4945 2024 4985 momen-

430 5024 556 5075 tum
573 5017 844 5090 temporis
870 5016 1094 5090 penitus
1121 5015 1330 5071 otiosus
1359 5020 1549 5081 staret,
1585 5016 1880 5088 colligebat
1911 5019 2026 5090 pal-

432 5124 656 5166 marum
683 5107 852 5176 folia;
883 5111 941 5162 et
969 5105 1356 5178 quotidianum
1375 5121 1632 5178 pensum,
1655 5106 1806 5162 velut
1830 5107 2026 5163 exinde

430 5195 853 5264 sustentandus,
905 5195 1026 5268 ipse
1069 5212 1104 5249 a
1145 5195 1446 5267 semetipso
1492 5194 1750 5266 exigebat
1787 5196 2021 5268 jugiter.

431 5288 688 5358 Cumque
717 5301 886 5358 opere
914 5284 1088 5340 totius
1116 5283 1250 5339 anni
1279 5285 1546 5356 spelunca
1573 5286 1697 5356 ejus
1715 5285 2028 5341 fuissetim-

429 5377 602 5449 pleta,
634 5382 694 5431 et
714 5391 828 5430 non
846 5373 1081 5430 haberet
1095 5374 1192 5446 qui
1210 5373 1315 5429 hoc
1325 5373 1682 5442 distraheret,
1705 5389 1888 5447 neque
1907 5374 2025 5448 ipse

431 5467 644 5522 otiosus
675 5469 865 5538 posset
890 5480 1138 5531 manere,
1155 5468 1338 5518 totum
1361 5463 1510 5534 quod
1538 5463 1774 5519 sollicita
1795 5481 1930 5520 cura
1949 5466 2027 5520 la-

430 5553 910 5621 boraverat,annis
922 5553 1157 5624 singulis
1173 5552 1301 5622 igne
1313 5551 1600 5624 supposito
1610 5553 2020 5609 concremabat.

430 5641 718 5699 lntantum
740 5641 1002 5715 probans,
1019 5641 1141 5697 sine
1167 5657 1336 5713 Opere
1366 5657 1639 5696 manuum
1667 5658 1768 5697 nec
1805 5642 1863 5697 in
1903 5643 2024 5700 loco

2106 4578 2266 4646 tiam,
2298 4595 2650 4652 nequaquam
2675 4599 2777 4638 nos
2805 4581 3242 4637 innumerabiles
3258 4582 3564 4637 multorum
3592 4580 3702 4636 fra-

2081 4673 2258 4722 ‘trum
2289 4685 2451 4723 casus
2481 4675 2538 4724 et
2581 4671 2962 4742 experimenta
2990 4671 3340 4742 permittunt.
3375 4671 3520 4726 Nam
3551 4688 3698 4743 saepe

2109 4755 2344 4812 vidimus
2363 4758 2564 4814 fratres
2575 4760 2676 4814 has
2696 4759 3108 4814 observationes
3125 4759 3698 4831 tenentes,repentino

2107 4862 2238 4900 casu
2283 4847 2561 4918 deceptos,
2607 4865 2672 4904 eo
2720 4849 2866 4920 quod
2911 4849 2969 4904 in
3014 4847 3160 4904 bono
3198 4849 3346 4920 quod
3392 4854 3695 4920 coeperant,

2105 4934 2497 4991 discretionem
2514 4937 2746 4992 minime
2759 4943 3078 4993 tenuerunt.
3095 4939 3208 4994 Nec
3220 4937 3389 4992 etiam
3401 4938 3512 4992 alia
3529 4954 3700 4992 causa

2107 5023 2297 5096 lapsus
2324 5042 2517 5080 eorum
2538 5025 2992 5099 deprehenditur,
3026 5025 3134 5082 nisi
3158 5027 3306 5098 quod
3331 5027 3516 5081 minus
3545 5043 3579 5080 a
3606 5044 3698 5081 se-

2109 5112 2360 5168 nioribus
2387 5114 3040 5188 instituti,,nequaquam
3089 5121 3393 5188 potuerunt
3421 5115 3699 5171 rationem

2107 5201 2458 5258 discretionis
2487 5205 2654 5276 hujus
2679 5205 2928 5277 adipisci,
2954 5223 3076 5278 qua:
3105 5204 3252 5259 viam
3293 5205 3506 5276 regiam
3537 5205 3701 5259 docet

2108 5293 2444 5348 monachum
2473 5311 2696 5366 semper
2727 5294 3005 5361 incedere,
3038 5300 3095 5350 et
3139 5311 3242 5349 nec
3271 5311 3495 5349 excessu
3525 5293 3702 5349 conti-

2108 5379 2311 5436 nentia:
2332 5383 2558 5438 modum
2584 5383 2825 5440 transire
2861 5384 3160 5456 permittit,
3179 5400 3281 5438 nec
3309 5382 3604 5438 deﬂectere
3626 5382 3696 5437 ad

2107 5469 2244 5524 vitia
2263 5473 2533 5528 concedit.
2559 5473 2624 5529 In
2645 5473 2905 5530 omnibus
2925 5491 3057 5545 ergo
3083 5491 3204 5546 quae
3224 5473 3461 5544 agimus,
3485 5471 3698 5527 discre-

2105 5557 2185 5613 tio
2201 5562 2592 5632 anteponenda
2612 5569 2713 5619 est.
2731 5563 3178 5620 Manifestissime
3209 5564 3356 5618 enim
3379 5563 3699 5618 declaratur

2105 5649 2320 5704 nullam
2367 5651 2489 5708 sine
2542 5652 2892 5710 discretionis
2917 5651 3102 5724 gratia
3134 5653 3375 5726 perfecte
3405 5668 3570 5725 posse
3608 5649 3696 5707 vel
