3876 6388
99 421 197 476 841

871 422 1248 481 EXCERPTA
1285 424 1379 482 EX
1418 423 1699 484 SEVERO
1738 419 2069 482 SULPICIO
2108 417 2198 476 ET
2235 416 2609 477 CASSIANO.

3274 423 3380 481 842

97 544 295 617 perﬁci
324 545 411 600 vel
441 549 592 601 stare
622 545 910 603 virtutem.
934 550 1004 604 Et
1042 551 1160 607 haec
1189 552 1408 609 dicente
1431 554 1700 621 Antonio,
1715 553 1768 615 A
1784 550 1998 607 factum
2017 564 2138 604 esse
2165 546 2376 617 dicens,
2394 550 2462 603 ut
2480 546 2670 621 illiqui
2692 562 2916 623 semper
2940 547 3238 608 hominum
3252 566 3379 608 san-

97 635 494 692 universorum
522 637 804 693 sententia
828 638 1127 696 deﬁnitum
1157 649 1261 710 est,
1296 644 1703 700 discretionem

100 741 225 781 esse
255 742 382 797 quae
411 726 519 780 fixo
546 727 726 797 gradu
749 727 1095 800 intrepidum
1132 733 1467 788 monachum
1498 734 1701 805 perdu-

101 820 196 869 cat
214 815 288 869 ad
313 816 514 883 Deum,
537 822 594 871 et
612 817 906 888 praedictas
926 819 1162 875 virtutes
1180 823 1398 893 jugiter
1417 828 1707 879 conservet

100 904 329 960 illaesas.
354 905 622 960 Omnium
643 923 888 979 namque
900 909 1172 966 virtutum
1191 912 1435 983 genitrix
1446 918 1505 968 et
1516 919 1704 969 custos

102 1000 275 1065 atque
305 994 650 1051 moderatrix
676 996 937 1052 discretio
956 1005 1059 1054 est.

681 1087 916 1143 CAPUT
936 1090 1133 1145 XLIII.

509 1239 517 1246 ε
655 1176 725 1228 De
763 1177 974 1230 Herone
1011 1195 1153 1232 sene.

176 1262 249 1316 Et
275 1266 341 1316 ut
368 1263 485 1318 haec
514 1265 782 1335 exemplis
808 1265 1140 1322 certioribus
1168 1268 1543 1340 approbemus
1567 1269 1707 1338 (Cas-

102 1366 277 1419 szan.,
317 1355 500 1410 cottat.
546 1367 604 1420 ιι,
635 1370 751 1423 cap.
784 1355 856 1425 5),
903 1355 1143 1411 referam
1172 1356 1325 1411 vobis
1364 1358 1433 1413 de
1463 1358 1707 1430 quodam

102 1457 262 1509 sene,
288 1441 511 1496 Herone
531 1444 777 1510 nomine,
802 1444 1302 1516 quidiscretionem
1330 1448 1562 1502 minime
1577 1448 1707 1502 reti-

103 1546 269 1596 nens,
302 1548 496 1586 omnes
526 1532 797 1603 pristinos
822 1532 1044 1589 labores
1077 1536 1344 1607 perdidit,
1375 1542 1434 1590 et
1479 1536 1710 1607 insuper

104 1620 511 1675 miserabiliter
528 1622 699 1676 vitam
722 1623 919 1678 finivit.
953 1625 1097 1679 Ante
1123 1642 1328 1705 paucos
1355 1625 1563 1680 etenim
1590 1625 1710 1680 dies

103 1708 367 1764 illusione
387 1710 596 1765 diaboli
620 1728 655 1765 a
680 1712 916 1766 summis
946 1714 1016 1767 ad
1047 1713 1162 1768 ima
1190 1715 1439 1785 dejectus
1469 1718 1572 1768 est.
1608 1713 1712 1768 Hic

1783 641 1954 713 guine
1970 638 2116 711 gaud
2123 642 2301 706 erant,
2318 654 2467 694 nunc
2477 637 2866 695 deficientibus
2877 638 2957 697 eis
2976 639 3104 697 vita
3122 639 3382 699 substan-

1784 731 1925 785 tiam
1953 728 2316 800 largirentur.
2349 727 2510 783 Alius
2536 743 2668 783 vero
2706 745 2972 785 recusans
3000 729 3206 800 cibum,
3227 731 3384 787 velut

1786 820 1855 875 ab
1884 819 2112 875 homine
2136 816 2246 872 sibi
2270 816 2543 886 oblatum,
2562 816 2761 874 inediae
2789 817 2980 875 labore
2994 825 3382 893 consumptus,

1785 914 2041 965 mortuus
2072 912 2187 963 est:
2223 923 2463 979 quorum
2495 907 2709 962 scilicet
2735 909 2991 979 quamvis
3017 909 3182 965 initia
3200 926 3267 964 ex
3294 926 3384 965 re-

1788 996 2152 1071 prehensibili
2181 996 2543 1068 persuasione
2571 998 2982 1067 descenderint,
3015 1015 3164 1055 unus
3188 1004 3383 1055 tamen

1789 1086 2153 1143 subveniente
2168 1085 2526 1155 discretione,
2547 1086 2604 1141 id
2620 1087 2769 1158 quod
2784 1088 3010 1143 incaute
3024 1093 3380 1161 conceperat,

1786 1176 2115 1232 emendasse
2139 1175 2525 1245 cognoscitur:
2549 1176 2697 1231 alius
2709 1181 2904 1233 autem
2921 1177 3098 1233 stulta
3115 1194 3386 1250 praesum-

1787 1266 1979 1337 ptione
2013 1264 2343 1336 perdurans,
2392 1269 2635 1319 mortem
2678 1282 2855 1337 quam
2900 1267 3174 1323 Dominus
3202 1267 3274 1322 ab
3318 1282 3385 1324 eo

1788 1360 2039 1410 avertere
2067 1352 2262 1421 voluit,
2290 1353 2408 1425 ipse
2429 1352 2539 1408 sibi
2567 1354 2852 1410 conscivit.

2373 1442 2608 1499 CAPUT
2644 1442 2813 1499 XLV.

1820 1535 1891 1587 De
1918 1534 2182 1587 monacho
2213 1534 2333 1602 qui,
2363 1533 2610 1601 deceptus
2631 1548 2669 1588 a
2696 1534 2932 1602 diabolo,
2964 1536 3142 1591 voluit
3162 1538 3349 1603 ﬁlium

2326 1638 2494 1676 suum
2533 1624 2849 1679 immolare.

1864 1712 2009 1777 Quid
2038 1711 2212 1767 etiam
2238 1711 2309 1765 de
2335 1710 2432 1766 illo
2456 1711 2731 1767 monacho
2752 1728 3208 1783 commemorem,
3225 1714 3389 1787 cujus

106 1798 303 1869 itaque
341 1800 752 1871 quinquaginta
781 1802 943 1856 annis
974 1802 1031 1857 in
1074 1820 1262 1858 eremo
1307 1809 1706 1869 commoratus,
1793 1818 2019 1865 nomen,
2063 1800 2197 1872 quia
2232 1799 2415 1854 adhuc
2452 1806 2727 1873 superest,
2769 1801 2907 1857 sileo
2947 1802 3234 1872 (0assian.,
3284 1807 3391 1861 col-

104 1887 455 1958 singularem
485 1889 608 1944 vitae
637 1890 1043 1945 districtionem
1073 1893 1275 1955 tenuit,
1306 1897 1363 1947 et
1392 1892 1709 1947 solitudinis
1730 1873 1778 1934 Β
1797 1894 1969 1957 lat.u,
2004 1906 2124 1958 cap.
2152 1890 2227 1959 7).
2253 1888 2360 1952 Qui
2380 1889 2517 1943 dum
2536 1889 2970 1962 longotempore
2984 1891 3391 1959 “ﬁdamu-

103 1982 327 2031 secreta
364 1979 508 2032 miro
537 1978 749 2034 fervore
772 1980 924 2034 ultra
959 1998 1155 2036 omnes
1197 1988 1442 2036 sectatus
1468 1987 1572 2036 est.
1604 1981 1709 2035 Hic

105 2066 287 2135 igitur
324 2072 454 2138 post
489 2073 674 2122 tantos
716 2068 935 2124 labores
983 2070 1053 2124 ab
1094 2071 1421 2125 insidiatore
1459 2071 1705 2137 delusus,

104 2156 443 2226 gravissimo
460 2157 622 2228 lapsu
643 2175 930 2224 corruens,
954 2165 1183 2215 cunctos
1212 2160 1271 2214 in
1297 2177 1485 2214 eremo
1507 2160 1712 2214 consti-

107 2251 266 2300 tutos
293 2247 549 2301 luctuoso
577 2248 768 2303 dolore
791 2251 1085 2320 percussit.
1100 2251 1207 2314 Qui
1235 2250 1467 2304 minime
1488 2249 1713 2304 cecidis-

108 2340 217 2402 set,
251 2336 299 2389 si
323 2335 535 2391 bonum
572 2337 925 2393 discretionis
970 2344 1164 2394 tenere
1205 2340 1491 2394 voluisset.
1531 2340 1711 2394 Tanto

108 2423 396 2494 siquidem
415 2425 600 2496 rigore
624 2426 799 2480 animi
828 2427 914 2481 sui
930 2427 1338 2481 immutabilem
1361 2427 1567 2498 jejunii
1587 2444 1713 2481 con-

114 2513 421 2567 tinentiam
452 2531 676 2585 semper
695 2516 958 2582 exercuit,
977 2522 1034 2571 et
1062 2516 1382 2571 solitudinis
1407 2534 1471 2571 ac
1500 2516 1714 2571 cellulae

110 2606 335 2657 secreta
358 2603 573 2673 jugiter
584 2610 829 2660 sectatus
845 2611 953 2672 est,
973 2613 1036 2660 ut
1059 2625 1159 2660 nec
1181 2607 1269 2660 die
1291 2606 1473 2660 sancti
1488 2605 1714 2660 Pascha:

111 2692 365 2762 rigorem
384 2691 735 2748 abstinentiae
754 2694 1013 2748 solveret.
1036 2694 1290 2766 Cumque
1304 2710 1499 2749 omnes
1520 2694 1717 2749 eremi-

110 2786 185 2835 taa
214 2797 319 2853 pro
344 2787 506 2836 tanta
533 2783 889 2838 solemnitate
918 2783 990 2837 ad
1019 2784 1311 2838 ecclesiam
1341 2784 1555 2855 pariter
1591 2800 1717 2838 con-

110 2870 425 2937 venissent,
458 2871 609 2926 solus
632 2873 728 2927 ille
758 2889 873 2928 non
896 2873 1095 2938 adfuit,
1123 2889 1193 2928 ne
1226 2874 1721 2945 quantulacunque

111 2961 476 3032 perceptione
492 2961 794 3032 leguminis
813 2964 988 3034 parvi,
1019 2980 1053 3017 a
1074 2979 1175 3018 suo
1197 2963 1483 3034 proposito
1507 2963 1717 3017 videre—

109 3054 211 3104 tur
228 3049 539 3104 relaxasse:
560 3067 671 3123 qua
684 3053 1121 3125 praesumptione
1139 3052 1425 3124 deceptus,
1454 3053 1717 3124 angelum

113 3139 344 3193 Satanae
373 3140 525 3194 velut
552 3141 815 3211 angelum
848 3142 987 3196 lucis
1005 3142 1315 3213 suscipiens
1343 3159 1471 3197 cum
1497 3160 1719 3199 summa

1792 1996 1921 2034 nem
1949 1979 2008 2034 in
2027 1979 2214 2050 angeli
2233 1978 2481 2050 suscepit
2503 1978 2777 2047 claritate,
2808 1979 3244 2036 revelationibus
3263 1982 3387 2053 ejus

1792 2086 1937 2139 saepe
1959 2067 2491 2141 deceptus,credidit
2510 2083 2639 2122 eum
2656 2068 3071 2125 internuntium
3093 2086 3216 2125 esse
3223 2070 3392 2141 justi-

1791 2157 1903 2212 tiae.
1950 2158 2098 2212 Nam
2141 2174 2241 2229 per
2271 2173 2467 2211 omnes
2496 2162 2688 2213 noctes
2714 2157 2775 2212 in
2808 2158 3010 2214 cellula
3052 2160 3175 2230 ejus
3199 2160 3393 2215 lumen

1793 2247 2003 2319 absque
2023 2247 2190 2302 ullius
2217 2247 2458 2302 lucernae
2480 2244 2661 2302 ofﬁcio
2689 2246 2973 2319 praebebat
2999 2247 3284 2304 diabolus:
3318 2248 3393 2304 ad

1795 2342 2109 2407 extremum
2130 2352 2260 2391 vero
2278 2335 2452 2406 jussit
2479 2352 2609 2390 eum
2629 2341 2694 2391 ut
2722 2336 2903 2392 tilium
2926 2354 3111 2405 suum,
3136 2338 3233 2411 qui
3265 2354 3396 2395 cum

1795 2443 1860 2480 eo
1891 2426 2110 2498 pariter
2137 2426 2195 2480 in
2214 2426 2411 2480 eodem
2439 2425 2783 2481 monasterio
2806 2425 3214 2495 commanebat,
3232 2427 3395 2484 devo-

1794 2520 1887 2570 tus
1906 2515 2022 2570 Deo
2052 2515 2279 2570 ollerret
2305 2515 2611 2583 victimam,
2642 2520 2709 2570 ut
2735 2515 2946 2571 scilicet
2982 2516 3089 2572 hoc
3120 2516 3394 2572 sacriﬁcio

1800 2604 2034 2660 Abrahae
2062 2605 2397 2677 patriarchae
2414 2604 2633 2659 meritis
2654 2610 3062 2677 coaequaretur.
3082 2607 3257 2678 Cujus
3268 2622 3395 2662 ver-

1797 2693 1882 2748 bis
1922 2693 2017 2748 ille
2066 2694 2353 2749 intantum
2406 2700 2495 2749 est
2532 2693 2818 2761 seductus,
2857 2699 2926 2751 ut
2955 2695 3063 2750 hoc
3103 2694 3398 2753 confestim

1798 2800 1967 2855 opere
1998 2783 2339 2855 perfecisset,
2373 2782 2483 2838 nisi
2526 2800 2668 2855 puer
2694 2784 2764 2838 de
2801 2783 2944 2839 cella
2987 2783 3251 2842 manibus
3273 2786 3398 2856 ejus

1802 2872 2045 2945 elapsus,
2076 2873 2326 2928 concitus
2347 2872 2678 2944 aufugisset.

2369 2961 2606 3017 CAPUT
2632 2961 2825 3017 XLVI.

1799 3051 1871 3105 De
1885 3050 2147 3105 monacho
2168 3053 2262 3105 cui
2289 3050 2595 3105 ostendebat
2627 3051 2883 3106 diabolus
2911 3054 3212 3107 exercitum
3242 3051 3403 3108 Chri-

2247 3142 2564 3194 stianorum
2601 3145 2651 3194 et
2677 3140 3019 3195 Judaorum.

113 3193 1719 3304 veneratione,ejvus‘qu‘e—p‘raec‘eptisﬁobelliens,semetipsum
1733 3193 1778 3257 ο
1872 3228 2004 3283 Fuit
2022 3232 2080 3283 et
2096 3228 2242 3283 alius
2253 3227 2563 3283 monachus
2579 3228 2872 3296 l0assian.,
2894 3231 3080 3284 collal.
3103 3242 3167 3297 n,
3190 3228 3390 3302 cap.8),

116 3320 177 3373 in
202 3324 441 3390 puteum
455 3320 955 3390 profundissimnm
976 3322 1317 3393 praecipitem
1329 3323 1580 3392 jactavit,
1606 3340 1722 3377 ma-

113 3425 299 3479 gnum
318 3407 531 3461 scilicet
550 3409 772 3463 virtutis
795 3426 908 3464 suae
928 3410 1193 3465 meritum
1216 3410 1572 3481 probaturus.
1593 3427 1721 3465 cum

120 3497 257 3551 inde
290 3497 498 3551 exisset
524 3498 756 3553 illaesus:
784 3498 853 3553 de
884 3516 993 3570 quo
1023 3506 1192 3571 puteo
1222 3517 1347 3554 cum
1376 3500 1577 3572 grandi
1606 3500 1722 3554 fra-

117 3594 278 3641 trum
320 3585 509 3641 labore
539 3587 834 3642 semivivus
884 3595 1183 3649 extractus.
1229 3590 1400 3643 vitam
1432 3590 1603 3644 tertia
1631 3590 1721 3645 die

116 3676 341 3744 ﬁnivit;
377 3682 435 3730 et
463 3678 611 3748 quod
648 3678 736 3731 his
765 3678 1013 3732 deterius
1041 3684 1146 3743 est,
1179 3678 1261 3732 ita
1286 3679 1344 3732 in
1374 3679 1721 3749 deceptionis

115 3783 238 3821 suae
266 3764 646 3821 obstinatione
672 3768 999 3838 permansit,
1017 3774 1084 3822 ut
1100 3767 1149 3822 ei
1165 3768 1489 3822 nullatenus
1514 3768 1725 3834 potuis-

118 3861 213 3910 set
238 3855 590 3927 persuaderi,
625 3857 775 3927 quod
823 3857 1141 3912 daemonum
1186 3856 1494 3911 calliditate
1525 3857 1727 3912 fuisset

116 3945 376 4000 delusus.

712 4036 946 4091 CAPUT
968 4036 1159 4091 XLIV.

115 4127 192 4181 De
224 4124 439 4178 duobus
457 4125 760 4193 monachis,
790 4128 891 4195 qui
926 4132 1111 4180 euntes
1152 4142 1253 4195 per
1299 4125 1593 4193 desertum,
1633 4126 1726 4179 de-

190 4218 490 4268 creverunt
516 4231 627 4269 non
640 4217 1067 4281 sumerecibum,
1090 4218 1204 4269 nisi
1231 4216 1371 4269 Deus
1397 4216 1516 4269 illis
1539 4220 1726 4269 trans-

191 4306 460 4357 mitteret.

193 4393 350 4458 Quid
377 4393 560 4448 dicam
581 4394 650 4448 de
666 4393 778 4448 illis
799 4393 1017 4450 duobus
1045 4393 1314 4449 fratribus
1344 4394 1441 4466 qui
1469 4394 1727 4450 habitan-

116 4490 208 4539 tes
235 4484 394 4538 ultra
432 4483 586 4538 illam
608 4500 859 4539 eremum
891 4486 1168 4554 (eassian.,
1194 4484 1385 4540 Gotlat.
1414 4499 1475 4552 II,
1507 4501 1624 4554 cap.
1648 4484 1721 4555 6),

1804 3318 2145 3389 quinimiam
2176 3333 2400 3389 semper
2416 3315 3030 3385 tenuitabstinentiam,
3056 3318 3265 3390 quique
3293 3335 3396 3391 per

1804 3423 1981 3461 annos
2009 3406 2218 3461 multos
2230 3405 2662 3477 singulariterin
2677 3405 2817 3461 cella
2827 3406 3399 3480 reclusus,perpaucis

1805 3494 2136 3550 imitabilem
2156 3494 2408 3550 exhibuit
2423 3494 2843 3551 abstinentiam.
2870 3495 2974 3551 Hic
2992 3496 3065 3552 ad
3084 3503 3400 3554 extremum

1805 3585 1886 3640 ita
1904 3591 1990 3639 est
2018 3584 2309 3639 diabolicis
2335 3583 2768 3639 revelationibus
2785 3584 3034 3656 delusus,
3064 3592 3132 3642 ut
3151 3592 3280 3660 post
3304 3603 3402 3643 an-

1802 3691 1945 3729 nuos
1966 3672 2184 3729 labores
2214 3680 2383 3747 atque
2411 3674 2667 3740 virtutes,
2687 3672 2892 3745 quibus
2920 3675 3062 3731 alios
3094 3677 3401 3733 monachos

1807 3769 2137 3830 excesserat,
2160 3764 2232 3818 ad
2250 3762 2606 3818 Judaismum
2624 3768 2682 3818 ct
2705 3763 3192 3821 circumcisionem
3212 3767 3401 3823 carnis
3470 3784 3475 3791 ·

1807 3852 2203 3908 miserabiliter
2221 3852 2296 3907 sit
2304 3852 2513 3924 lapsus.
2547 3852 2683 3907 Post
2692 3852 2871 3908 multa
2880 3869 3129 3927 namque
3141 3860 3400 3929 tempora

1808 3941 2081 4008 diabolus,
2112 3942 2265 3997 velut
2281 3942 2514 3997 nuntius
2535 3942 2809 4010 veritatis,
2836 3943 3168 4001 ostendebat
3193 3944 3278 4001 illi
3298 3962 3401 4019 per

1810 4048 1954 4087 vana
1990 4032 2208 4087 somnia
2241 4038 2298 4087 et
2330 4049 2431 4104 per
2466 4032 2738 4105 quasdam
2782 4032 2979 4089 inanes
3006 4034 3395 4108 revelationes,

1813 4121 2265 4178 Christianorum
2279 4128 2449 4195 atque
2476 4123 2881 4178 monachorum
2910 4125 3219 4181 exercitum
3246 4130 3402 4184 tene-

1810 4210 2040 4267 brosum
2078 4229 2144 4267 ac
2166 4217 2398 4281 tetrum,
2432 4212 2701 4285 omnique
2729 4212 2906 4269 macie
2934 4212 3193 4271 tabidum
3232 4221 3404 4290 atque

1810 4301 2135 4371 deformem;
2154 4307 2214 4357 et
2225 4307 2455 4359 econtra
2478 4301 2810 4358 ostendebat
2834 4302 2917 4358 illi
2944 4303 3268 4361 Judzeorum
3288 4307 3404 4379 ple-

1808 4389 1934 4446 bem
1962 4407 2085 4447 sum
2092 4408 2186 4446 ma
2198 4392 2395 4447 laetitia
2404 4391 2827 4465 tripudiantem,
2845 4392 3173 4466 ingentique
3190 4394 3406 4454 lumine

1809 4486 2220 4541 coruscantem.
2257 4482 2337 4536 Ac
2373 4480 2607 4553 proinde
2649 4480 3044 4537 commonebat
3070 4499 3220 4552 eum,
3260 4489 3325 4540 ut
3352 4486 3401 4541 si

115 4572 222 4627 ubi
255 4572 542 4644 quondam
570 4573 756 4628 fuerat
785 4573 980 4629 beatus
1007 4573 1286 4628 Antonius
1316 4578 1717 4640 commoratus,
1742 4564 1789 4621 D
1807 4571 2001 4625 mallet
2026 4570 2393 4625 beatitudinis
2412 4570 2636 4626 illorum
2666 4570 2947 4642 particeps
2974 4570 3138 4639 effici,
3167 4572 3403 4629 circum-

115 4663 317 4717 minus
342 4668 509 4717 cauta
547 4663 881 4718 discretione
921 4664 1183 4735 permoti,
1204 4668 1402 4717 euntes
1422 4680 1522 4733 per
1541 4668 1728 4717 exten-

114 4760 244 4807 tam
275 4751 597 4806 solitudinis
642 4753 978 4820 vastitatem,
1025 4753 1239 4807 nullam
1278 4768 1464 4806 escam
1502 4752 1727 4824 penitus

115 4858 356 4898 sumere
375 4842 758 4909 decreverunt,
794 4843 902 4896 nisi
923 4858 1094 4912 quam
1112 4859 1214 4913 per
1233 4841 1597 4913 semetipsum
1616 4841 1727 4896 illis

113 4931 408 4987 Dominus
436 4932 821 5002 praestitisset?
851 4933 1104 5003 Cumque
1126 4937 1381 4985 errantes
1401 4948 1496 4985 cos
1519 4948 1619 5003 per
1638 4931 1731 4986 de-

114 5027 300 5087 serta,
336 5025 394 5073 et
428 5020 749 5075 deficientes
756 5022 873 5092 jam
886 5021 1053 5088 fame,
1072 5021 1488 5091 conspexissent
1512 5022 1731 5090 alonge

115 5110 387 5175 Mazices,
408 5126 534 5179 quae
561 5127 700 5180 gens
733 5110 949 5164 cunctis
973 5109 1295 5164 nationibus
1322 5109 1623 5164 immanior
1650 5115 1732 5164 at-

116 5216 234 5272 que
275 5198 558 5253 crudelior
586 5205 705 5253 est:
740 5216 853 5254 non
875 5217 968 5254 eos
994 5201 1064 5254 ad
1087 5199 1415 5253 effusionem
1442 5199 1732 5270 sanguinis

114 5286 475 5343 desiderium
495 5289 712 5359 praedae,
738 5290 835 5343 sed
848 5290 967 5343 sola
981 5289 1238 5343 ferocitas
1250 5288 1454 5342 mentis
1473 5288 1726 5359 instigat.

116 5379 277 5433 Visis
308 5393 445 5447 ergo
470 5377 550 5431 eis
578 5383 776 5432 contra
802 5385 1066 5433 naturam
1105 5377 1412 5433 ferocitatis
1437 5394 1551 5433 suae
1602 5395 1728 5434 cum

116 5467 373 5539 panibus
393 5466 504 5521 illis
534 5473 898 5523 occurrerunt
931 5487 942 5522 :
973 5474 1109 5523 tunc
1133 5484 1280 5522 unus
1311 5484 1378 5521 ex
1404 5467 1514 5521 illis
1534 5466 1727 5521 fratri-

116 5559 227 5613 bus
262 5556 633 5612 subveniente
663 5558 1023 5626 discretione,
1058 5559 1208 5613 velut
1234 5574 1269 5611 a
1298 5558 1413 5611 Deo
1440 5561 1727 5629 porrectos

116 5649 227 5703 sibi
256 5664 440 5720 panes
465 5664 593 5701 cum
614 5648 927 5717 gratiarum
943 5648 1160 5704 actione
1175 5646 1437 5718 suscepit,
1464 5651 1732 5719 reputans

116 5754 315 5795 escam
348 5736 457 5792 sibi
485 5737 754 5792 divinitus
800 5737 1130 5806 ministrari,
1163 5753 1265 5792 nec
1297 5736 1418 5791 sine
1442 5735 1544 5792 Dei
1568 5736 1732 5806 jussu

418 5836 686 5899 Paxaea.
715 5836 987 5901 LXXIII.

1807 4659 2072 4715 cisionem
2094 4676 2316 4731 quoque
2338 4659 2622 4731 suscipere
2642 4659 3041 4715 festinaret.Ex
3061 4659 3265 4732 quibus
3274 4679 3402 4734 pro-

1808 4749 1950 4804 fecto
1969 4753 2190 4804 constat
2207 4748 2357 4819 quod
2376 4763 2440 4802 ex
2455 4747 2781 4803 memoratis
2802 4747 2935 4803 viris
2952 4752 3072 4804 tam
3088 4749 3406 4821 lugubriter

1808 4855 1973 4893 nemo
1987 4837 2184 4892 fuisset
2197 4836 2473 4904 illusus,si
2497 4837 2777 4892 rationem
2804 4836 3162 4895 discretionis
3180 4843 3405 4914 assequi

1810 4927 2177 4983 laborassent.
2195 4925 2572 4991 Quamobrem
2600 4926 2659 4981 in
2681 4926 2909 4999 quantis
2938 4929 3315 5001 perniciosum
3331 4933 3407 4989 sit

1811 5016 2164 5072 discretionis
2198 5014 2441 5087 gratiam
2477 5031 2592 5071 non
2628 5014 2856 5084 habere,
2901 5018 3212 5077 multorum
3244 5036 3405 5078 casus

1816 5106 2211 5180 experimentis
2238 5105 2506 5161 declarat.

2371 5193 2609 5251 CAPUT
2635 5196 2855 5254 XLVII.

2290 5286 2365 5340 De
2388 5285 2578 5339 abbate
2606 5284 2923 5356 Serapione.

1882 5374 2069 5431 Abbas
2100 5374 2371 5448 Serapion
2387 5372 2604 5429 solebat
2621 5374 2946 5447 frequenter
2950 5377 2974 5447 j
2982 5375 3271 5435 unioribus
3298 5379 3410 5436 fra-

1818 5464 2018 5532 tribus,
2051 5464 2438 5520 instructionis
2466 5463 2668 5535 gratia,
2700 5463 2769 5518 de
2789 5465 2972 5536 seipso
3000 5481 3232 5523 narrare
3261 5468 3409 5540 (0a:-

1815 5558 1985 5623 sian.,
2017 5557 2200 5610 collat.
2230 5568 2293 5622 ιι,
2323 5569 2440 5624 cap.
2476 5553 2583 5623 l1),
2604 5553 2812 5608 dicens:
2846 5552 2990 5610 Cum
3018 5554 3201 5612 adhuc
3226 5573 3409 5617 essem

1815 5643 2104 5717 puerulus,
2120 5648 2179 5698 et
2206 5659 2335 5697 cum
2357 5640 2560 5705 abbate
2583 5640 2808 5696 Theone
2832 5659 3271 5718 commanerem,
3293 5646 3411 5706 huc

1816 5732 1956 5788 mihi
1996 5731 2344 5789 consuetudo
2373 5735 2497 5786 erat
2525 5730 2754 5787 inimico
2782 5731 3137 5805 imminente,
3168 5743 3231 5795 ut
3259 5744 3412 5812 post-

3094 5832 3171 5898 27
