3876 6380
515 330 620 388 843
1447 405 1451 412 ,
1540 413 1546 416 _
1625 329 1718 383 DE
1755 328 1944 383 vms
1984 326 2534 416 PATRUM.LIBER
2571 332 2666 386 1v.
3680 344 3779 398 844

515 474 682 530 quam
708 457 1022 510 refecissem
1054 471 1178 508 cum
1211 470 1342 508 sene.
1373 453 1510 506 liora
1540 468 1708 518 nona,
1737 467 1914 507 unum
1942 452 2099 524 paxi-
2120 457 2423 517 Asummas
2438 455 2751 510 sanctitatis
2769 457 3350 514 monachidiutissime
3369 471 3783 521 commorantes

512 547 750 601 mati‘um
777 543 1025 616 quotidie
1041 544 1099 598 in
1123 544 1249 598 sinu
1269 559 1393 598 meo
1406 543 1650 597 latenter
1670 541 2097 596 absconderem:
2185 549 2416 614 repente
2431 543 3070 602 suntadiscurrentibus
3083 546 3406 622 interempti
3425 551 3776 609 Sarracenis.

511 651 676 706 quem
724 649 869 700 sero,
927 633 1224 703 ignorante
1261 648 1416 696 sene,
1465 633 1678 686 occulte
1716 631 2098 686 comedebam.
2185 631 2437 695 Quorum
2456 649 2694 705 corpora
2721 637 2840 690 tam
2863 636 3123 706 apopulo
3151 637 3397 709 regionis
3417 638 3589 708 illius,
3607 657 3780 714 quam

509 723 668 788 Quod
706 723 922 778 furtum
953 723 1086 776 licet
1112 721 1362 792 quotidie
1391 725 1737 792 perlicerem,
1764 721 1984 792 expleta
2010 726 2098 775 ta-
2183 720 2254 776 ab
2279 722 2543 777 universa
2575 722 2824 777 Arabum
2852 724 3035 794 plebe,
3073 731 3233 780 tanta
3259 729 3622 786 veneratione
3651 736 3782 787 sunt

505 829 632 868 men
662 811 1497 884 concupiscentiafraudulenta,
1523 811 1594 864 ad
1621 811 1898 881 meipsum
1920 826 2103 864 rever-
2182 817 2463 884 percepta,
2497 817 2564 867 ut
2588 812 2874 869 innumeri
2903 815 3094 886 populi
3113 824 3508 874 concurrentes
3529 837 3595 875 ex
3625 826 3780 876 utra-

504 908 647 968 tens,
673 917 844 974 super
862 901 1108 956 admisso
1125 899 1276 956 furto
1297 899 1480 955 acrius
1495 899 1804 966 cruciabar,
1827 915 1996 971 quam
2012 915 2102 955 su.
2182 917 2290 971 que
2319 908 2480 973 parte
2515 902 2907 973 gravissimum
2940 903 3044 958 sibi
3075 912 3359 962 certamen
3391 925 3492 980 pro
3524 910 3777 982 reliquiis

505 1007 607 1062 per
626 1007 784 1046 esum
816 991 967 1045 illius
1006 992 1222 1045 fueram
1247 989 1612 1060 jucundatus.
1648 991 1903 1060 Cumque
1944 989 2096 1043 istud
2181 1006 2376 1045 eorum
2417 991 2740 1057 indixerint,
2786 993 2877 1064 pie
2924 993 3075 1048 inter
3122 1012 3181 1050 se
3210 1013 3311 1068 pro
3341 1004 3536 1053 sancta
3567 999 3783 1072 rapina:

502 1080 962 1135 molestissimum
979 1097 1120 1152 opus
1137 1078 1373 1150 singulis
1393 1079 1589 1133 diebus
1609 1080 1958 1150 explere‘non
1973 1078 2095 1132 sine
2176 1076 2470 1134 devotione
2491 1081 2862 1147 decertantes,
2879 1083 3109 1154 quinam
3125 1085 3316 1156 justus
3336 1093 3653 1142 mereretur
3682 1105 3772 1142 eo-

500 1170 684 1225 cordis
713 1170 824 1225 mei
851 1170 1041 1224 dolore
1066 1169 1448 1240 compellerer,
1469 1174 1527 1222 et
1545 1167 1956 1222 clandestinum
1982 1167 2096 1222 fur-
2176 1181 2303 1220 rum
2331 1168 2682 1238 sepulturam
2704 1186 2769 1224 ac
2789 1171 3056 1242 reliquias
3084 1174 3401 1244 possidere;
3435 1175 3546 1230 illis
3565 1175 3774 1232 scilicet

501 1265 621 1314 tum
675 1259 988 1330 patefacere
1015 1258 1135 1312 seni
1173 1257 1564 1323 confunderer,
1597 1257 1835 1327 contigit
1864 1273 1964 1329 per
1991 1257 2092 1311 Dei
2175 1254 2246 1309 de
2275 1255 2458 1312 vicina
2493 1260 2932 1315 commoratione
2965 1261 3232 1333 ipsorum,
3275 1265 3400 1318 aliis
3443 1265 3513 1319 de
3543 1266 3775 1336 originis

500 1348 1212 1419 providentiam,quosdam
1236 1347 1438 1401 fratres
1455 1346 1840 1402 aedificationis
1861 1345 2094 1401 obtentu
2178 1345 2596 1418 propinquitate
2623 1348 3017 1420 gloriantibus.

497 1437 757 1492 cellulam
782 1437 932 1491 senis
960 1436 1310 1490 avidissimos
1339 1435 1631 1507 expetisse.
1665 1437 1918 1505 Cumque
1947 1434 2090 1488 refe-

497 1526 680 1581 ctione
735 1532 1041 1592 transacta,
1091 1525 1467 1580 confabulatio
1508 1525 1776 1596 spiritalis
1821 1524 2091 1578 interesse

495 1617 773 1688 empisset,
793 1616 1250 1687 respondensque
1261 1631 1430 1670 senex
1445 1615 1746 1686 propositis
1774 1613 2090 1684 interroga-

2745 1439 2980 1494 CAPUT
3008 1440 3198 1495 XLIX.

2685 1529 2758 1582 De
2786 1530 2975 1583 abbate
3005 1531 3251 1584 Daniele.

2245 1614 2400 1669 Inter
2427 1619 2656 1671 caeteros
2683 1617 2966 1682 eremitas,
3001 1617 3259 1674 abbatem
3281 1635 3504 1692 quoque
3527 1622 3769 1678 vidimus

492 1705 740 1761 tionibus
760 1721 976 1771 eorum,
994 1703 1483 1776 degastrimargize
1505 1703 1639 1758 vitio
1657 1709 1713 1758 et
1742 1703 2088 1758 occultarum
2172 1701 2484 1772 Danielem,
2516 1705 2789 1777 aequalem
2832 1707 3047 1762 caeteris
3074 1709 3131 1762 in
3161 1707 3419 1764 omnibus
3446 1710 3765 1777 virtutibus,

490 1795 896 1865 cogitationum
918 1799 1236 1866 exponeret,
1258 1794 1328 1848 ad
1341 1794 1606 1849 ultimum
1623 1793 1833 1860 intulit,
1861 1793 2084 1847 dicens:
2106 1777 2153 1837 Β
2173 1790 2269 1844 sed
2291 1791 2628 1862 peculiarius
2644 1793 2829 1864 gratia
2841 1795 3176 1851 humilitatis
3189 1797 3482 1868 praeditum
3497 1799 3764 1867 (Cassian.

490 1884 642 1938 Nihil
653 1884 734 1938 sic
750 1884 979 1939 noxium
1003 1889 1090 1938 est
1107 1883 1416 1950 monachis,
1438 1888 1496 1937 et
1514 1882 1762 1938 laetiﬁcat
1781 1883 2082 1948 daemones,

490 1983 658 2044 quam
689 1973 736 2028 si
768 1974 952 2028 celent
992 1972 1360 2044 cogitationes
1393 1988 1524 2028 suas
1553 1971 1836 2042 spiritales
1867 1971 2081 2024 Patres.

486 2063 642 2117 Tunc
661 2079 764 2133 ego
785 2068 1154 2134 compunctus
1173 2061 1361 2128 corde,
1392 2061 1704 2115 existimavi
1723 2061 1843 2116 seni
1871 2065 2086 2114 secreta

487 2151 730 2223 pectoris
761 2152 871 2206 mei
892 2150 1190 2222 patefacta,
1223 2151 1355 2204 etin
1386 2151 1630 2204 occultos
1647 2149 1892 2220 primum
1911 2149 2086 2218 gemi-

484 2248 576 2296 tus
602 2241 893 2308 excitatus,
923 2239 1128 2294 deinde
1151 2239 1333 2294 cordis
1357 2239 1469 2293 mei
1491 2238 1920 2310 compunctione
1938 2255 2084 2292 cres-

484 2329 729 2394 cente,in
743 2334 968 2401 apertos
985 2327 1266 2399 singultus
1284 2329 1671 2400 lacrymasque
1686 2343 2078 2399 prorumpens,

483 2419 624 2490 coepi
639 2418 994 2474 amarissime
1016 2419 1170 2486 ﬂere;
1199 2423 1258 2472 et
1276 2418 1542 2472 continuo
1561 2417 1701 2487 ejeci
1715 2417 1785 2471 de
1805 2417 1933 2471 sinu
1953 2433 2080 2472 meo

480 2508 850 2580 paximatium
881 2507 1030 2578 quod
1057 2507 1257 2561 vitiosa
1283 2507 1687 2562 consuetudine
1701 2506 1955 2560 clanculo
1985 2522 2081 2578 pa-

481 2612 737 2652 raveram
746 2595 1150 2652 comedendum
1161 2597 1435 2667 .Cumque
1451 2595 1508 2649 in
1523 2595 1769 2650 medium
1787 2594 2078 2666 proferens

484 2686 765 2756 quomodo
792 2685 1044 2756 quotidie
1081 2685 1365 2740 involvens
1402 2701 1530 2740 eum
1569 2685 1785 2739 occulte
1825 2684 2072 2751 ederem,

481 2779 798 2846 prostratus
833 2773 896 2828 in
928 2774 1268 2846 pavimento,
1317 2790 1446 2829 curn
1497 2773 1672 2827 venite
1699 2773 2078 2844 postulatione

481 2863 768 2918 confessus
787 2880 941 2930 sum;
967 2867 1023 2917 et
1041 2862 1285 2917 ubertim
1301 2861 1543 2934 profusis
1558 2863 1839 2934 lacrymis,
1865 2863 2077 2917 oratio-

479 2951 644 3008 nibus
674 2968 869 3007 eorum
898 2951 1120 3006 veniam
1140 2951 1289 3022 apud
1318 2951 1498 3006 Deum
1528 2951 2077 3022 postulabam.’l‘unc

480 3058 648 3096 senex
678 3040 846 3095 dixit:
876 3040 1126 3106 Confide,
1163 3040 1264 3108 ﬁli,
1299 3040 1433 3111 quia
1462 3039 1720 3094 liberavit
1749 3047 1804 3094 te
1837 3057 1871 3094 a
1893 3040 2074 3112 capti-

2169 1883 2352 1934 collat.
2383 1895 2460 1945 Iv,
2499 1899 2616 1952 cap.
2643 1881 2822 1952 l).Qui
2844 1885 3045 1938 merito
3067 1886 3328 1956 puritatis
3347 1903 3410 1941 ac
3439 1896 3764 1946 mansuetu-

2167 1967 2314 2023 dinis
2343 1986 2478 2036 suae,
2511 1988 2546 2025 a
2586 1977 2780 2027 sancto
2819 1973 3136 2044 Paphnutio
3164 1975 3418 2045 ejusdem
3448 1977 3769 2034 solitudinis

2167 2057 2513 2128 presbytero,
2546 2060 2617 2114 ad
2638 2060 2878 2116 diaconii
2906 2061 3153 2117 ofﬁcium
3175 2068 3260 2117 est
3289 2065 3636 2135 pmelectus.
3670 2067 3768 2121 In-

2167 2150 2390 2200 tantum
2440 2147 2593 2202 enim
2622 2148 2771 2204 idem
2821 2149 3020 2204 beatus
3067 2151 3416 2222 Paphnutius
3464 2153 3768 2210 virtutibus

2165 2233 2345 2305 ipsius
2373 2237 2745 2306 aggaudebat,
2797 2243 2861 2294 ut
2887 2255 3053 2310 quem
3084 2240 3210 2295 vitae
3249 2241 3467 2295 meritis
3497 2247 3555 2296 et
3576 2244 3764 2313 gratia

2164 2340 2358 2394 parem
2388 2325 2493 2380 sibi
2512 2334 2763 2394 noverat,
2795 2345 3084 2400 coaequare
3109 2329 3215 2383 sibi
3248 2329 3419 2384 etiam
3449 2333 3750 2388 sacerdotii

2165 2413 2359 2468 ordine
2385 2413 2694 2470 festinaret.
2719 2416 2973 2488 Denique
3005 2423 3206 2490 optans
3224 2418 3448 2475 sibimet
3475 2437 3767 2478 successo-

2163 2516 2282 2556 rem
2305 2502 2698 2573 Jignissimum
2742 2507 3036 2577 providere
3080 2514 3383 2578 superstes,
3413 2507 3755 2580 presbyterii

2163 2589 2375 2646 honore
2404 2609 2534 2648 eum
2545 2595 2819 2665 provexit.
2846 2595 2954 2660 Qui
2973 2600 3163 2650 tamen
3177 2596 3381 2668 prioris
3399 2597 3762 2652 consuetudi-

2161 2695 2289 2734 nem
2303 2681 2642 2738 humilitatis
2652 2699 2766 2738 non
2786 2685 3070 2749 omittens,
3092 2685 3232 2740 nihil
3249 2702 3498 2758 unquam
3529 2685 3634 2740 sibi
3654 2686 3757 2741 illo

2161 2775 2437 2839 praesente
2462 2770 2532 2824 de
2555 2770 2898 2827 sublimioris
2925 2773 3143 2828 ordinis
3162 2773 3478 2844 adjectione
3506 2775 3758 2842 donavit;

2160 2859 2258 2912 sed
2269 2875 2492 2931 semper
2509 2859 2709 2916 abbate
2719 2861 3038 2932 Paphnutio
3045 2862 3313 2917 offerente
3333 2863 3616 2935 spiritales
3630 2864 3764 2918 hos-

2157 2947 2285 3014 tias,
2319 2948 2413 3003 ille
2426 2949 2578 3005 velut
2602 2951 2872 3006 diaconus
2891 2951 2950 3006 in
2965 2951 3167 3022 prioris
3178 2952 3474 3006 ministerii
3487 2969 3760 3024 perman-

2156 3037 2229 3091 sit
2255 3037 2458 3094 ofﬁcio.
2487 3040 2554 3095 In
2583 3056 2692 3112 quo
2714 3045 2905 3095 tamen
2935 3039 3164 3096 beatum
3196 3041 3598 3113 Paphnutium,
3625 3059 3760 3098 cum

475 3131 646 3186 vitate
672 3130 782 3185 ista
801 3129 1073 3185 confessio
1091 3135 1218 3196 tua;
1251 3129 1514 3183 victorem
1557 3145 1798 3200 [numque
1819 3130 2075 3184 adversa-
2089 3138 2135 3200 ο
2157 3125 2285 3180 talis
2306 3126 2389 3181 vir
2407 3133 2554 3182 esset
2575 3144 2640 3182 ac
2655 3133 2865 3196 tantus,
2888 3134 2955 3184 ut
2969 3129 3030 3183 in
3049 3129 3244 3184 multis
3260 3129 3430 3184 etiam
3451 3130 3756 3201 praescien-

473 3220 621 3276 rium
653 3225 813 3274 tuum
833 3218 1000 3273 hodie
1013 3218 1394 3290 triumphasti,
1417 3218 1656 3273 validius
1672 3235 1802 3273 eum
1831 3223 1929 3274 tua
1946 3236 2074 3274 con-

473 3309 714 3368 fessione
745 3309 978 3375 elidens,
995 3324 1165 3380 quam
1195 3307 1314 3380 ipse
1335 3308 1523 3362 fueras
1549 3307 1620 3362 ab
1639 3324 1704 3362 eo
1716 3314 1818 3363 tua
1834 3309 2072 3363 tacitur-

478 3399 656 3454 nitate
682 3398 952 3469 dejectus.
987 3398 1059 3452 Et
1084 3395 1288 3450 idcirco
1316 3402 1444 3468 post
1472 3397 1616 3451 hanc
1635 3396 2072 3468 publicationem

472 3493 633 3542 tuam
673 3487 781 3542 iste
821 3487 1103 3558 malignus
1143 3485 1376 3558 spiritus
1397 3502 1512 3540 non
1537 3485 1921 3541 dominabitur
1947 3485 2067 3553 tibi,

473 3591 576 3632 nec
603 3575 664 3631 in
689 3580 748 3632 te
768 3575 1068 3631 latibulum
1089 3574 1196 3629 sibi
1209 3575 1534 3630 teterrimus
1545 3592 1777 3647 serpens
1798 3576 2070 3631 hactenus

472 3664 785 3738 usurpabit,
819 3664 950 3736 quia
977 3665 1047 3718 de
1062 3664 1310 3720 tenebris
1339 3665 1522 3719 cordis
1545 3665 1630 3720 tui
1647 3683 1749 3737 per
1778 3667 1922 3720 hanc
1941 3682 2070 3720 con-

471 3757 771 3812 fossionem
799 3755 1083 3827 projectus
1125 3760 1229 3809 est.
1263 3754 1516 3809 Necdum
1545 3771 1714 3810 senex
1749 3755 1866 3810 hzec
1898 3755 2070 3810 verba

471 3845 875 3918 compleverat;
933 3850 992 3899 et
1045 3860 1172 3899 ecce
1217 3843 1414 3899 statim
1440 3844 1594 3900 velut
1639 3843 1858 3916 lampas
1887 3844 2067 3916 magis

470 3930 722 4002 accensa,
741 3935 813 3989 de
841 3949 968 3989 meo
987 3933 1115 3990 sinu
1129 3933 1632 4005 procedens,tanto
1661 3933 1837 3989 fetore
1867 3935 2068 3989 cellam

459 4021 726 4096 replevit,
755 4029 821 4078 ut
836 4023 927 4077 vix
952 4023 1013 4078 in
1043 4039 1111 4077 ea
1134 4021 1382 4078 residere
1409 4039 1720 4094 possemus.
1737 4023 2071 4079 Resumensp

475 4129 585 4184 que
607 4127 796 4179 senex,
829 4112 1000 4166 dixit:
1034 4113 1171 4167 Ecce
1197 4111 1454 4186 probavit
1490 4112 1595 4167 tibi
1624 4113 1896 4168 Dominus
1923 4113 2070 4167 veri-

471 4206 650 4261 tatem
681 4216 1008 4256 sermonum
1021 4217 1297 4269 meorum,
1330 4206 1395 4256 ut
1413 4201 1690 4273 passionis
1704 4203 1856 4257 illius
1879 4201 2070 4257 incen-

471 4296 654 4349 torem
668 4290 737 4345 de
753 4289 919 4346 corde
939 4295 1038 4344 tuo
1055 4288 1402 4345 confessione
1417 4289 1630 4345 salubri
1660 4291 1918 4362 fugatum
1937 4307 2070 4347 ocu-

471 4379 658 4435 lorum
677 4379 790 4436 ﬁde
807 4379 1144 4452 perciperes,
1161 4377 1614 4450 patefactumque
1630 4379 1848 4435 hostem
1863 4396 2072 4452 nequa-

2154 3215 2294 3270 tiam
2321 3216 2516 3288 gratim
2546 3217 2876 3288 possideret,
2912 3217 3028 3272 hinc
3057 3235 3185 3290 spes
3222 3219 3294 3274 de
3318 3218 3742 3274 substitutionis

2156 3305 2427 3360 electione
2453 3306 2724 3362 frustrata
2757 3312 2859 3362 est.
2900 3308 3046 3363 Nam
3092 3325 3205 3362 non
3239 3309 3403 3379 longe
3429 3312 3555 3379 post
3599 3307 3756 3364 hunc

2153 3394 2340 3466 ipsum
2355 3412 2523 3467 quem
2548 3396 2656 3452 sibi
2683 3403 2983 3470 paraverat
3003 3413 3400 3464 successorem,
3433 3402 3565 3453 ante
3579 3414 3639 3451 se
3667 3398 3746 3454 ad

2154 3484 2334 3540 Deum
2362 3485 2652 3558 praemisit.

2779 3575 3014 3632 CAPUT
3045 3577 3105 3632 L.

2673 3665 2747 3718 De
2770 3666 2960 3720 abbate
2989 3664 3216 3722 Sereno.

2221 3752 2466 3806 Summae
2493 3752 2806 3808 sanctitatis
2848 3760 2906 3809 et
2931 3755 3289 3812 continentia
3315 3756 3518 3829 virum,
3549 3755 3740 3812 nomi-

2150 3839 2349 3912 nisque
2393 3841 2482 3897 sui
2518 3843 2831 3913 speculum,
2880 3843 3141 3900 abbatem
3179 3845 3420 3902 vidimus
3445 3846 3746 3913 Serenum,

2153 3945 2319 4000 quem
2335 3929 2605 4002 singulari
2627 3932 2982 3988 veneratione
3000 3951 3114 4006 prae
3127 3934 3341 3990 caeteris
3361 3935 3624 3990 admirati
3651 3952 3751 3992 su-

2149 4033 2278 4073 mus
2305 4019 2601 4087 (Cassium,
2635 4025 2818 4076 collat.
2839 4035 2938 4088 vn,
2959 4039 3076 4093 cap.
3109 4024 3186 4092 1).
3221 4023 3324 4078 Cui
3347 4040 3520 4095 supra
3538 4040 3740 4080 omnes

2150 4107 2384 4163 virtutes
2411 4125 2534 4180 quae
2553 4125 2665 4164 non
2677 4111 2858 4166 solum
2876 4111 2938 4166 in
2957 4118 3086 4168 actu
3098 4113 3221 4184 ejus
3241 4113 3326 4168 vel
3352 4112 3622 4181 moribus,
3641 4113 3747 4169 sed

2154 4195 2326 4250 etiam
2345 4196 2468 4268 ipso
2493 4198 2650 4252 vultu
2661 4215 2761 4270 per
2783 4199 2887 4254 Dei
2904 4200 3146 4270 gratiam
3167 4201 3538 4273 refulgebant,
3554 4201 3640 4257 ita
3655 4207 3746 4258 est

2151 4284 2420 4356 peculiari
2445 4285 2716 4342 beneﬁcio
2733 4287 2942 4343 donum
2969 4289 3244 4344 castitatis
3265 4289 3531 4356 infusum,
3559 4295 3749 4346 utnec

2151 4390 2211 4429 se
2238 4373 2376 4446 ipsis
2389 4375 2618 4447 quidem
2637 4377 2986 4434 naturalibus
3003 4378 3296 4434 incentivis
3327 4379 3638 4451 inquietari
3657 4380 3748 4435 vel

472 4485 642 4542 quam
666 4469 852 4524 locum
874 4468 935 4524 in
961 4473 1021 4523 te
1047 4467 1286 4523 ulterius
1336 4467 1684 4536 habiturum,
1713 4475 1912 4540 aperta
1947 4470 2070 4540 ejus
2088 4461 2138 4520 D
2153 4463 2214 4520 in
2241 4480 2443 4538 80pore
2463 4466 2716 4522 sentiret.
2735 4467 2822 4522 Ad
2833 4483 3005 4539 quam
3029 4474 3220 4525 tamen
3239 4470 3423 4524 carnis
3439 4470 3748 4542 puritatem

471 4559 794 4632 expulsione
804 4558 1395 4630 cognosceres.ltaun
1405 4559 1714 4614 secundum
1729 4557 2070 4614 sententiam

469 4649 638 4716 senis,
681 4649 762 4704 ita
791 4659 878 4704 est
902 4649 961 4704 in
1000 4664 1094 4703 me
1119 4648 1328 4704 virtute
1363 4647 1729 4704 confessionis
1757 4647 2067 4703 dominatio

469 4737 746 4794 diabolica
773 4739 1064 4807 exstincta,
1097 4742 1162 4794 ut
1189 4754 1482 4809 nunquam
1508 4739 1647 4793 mihi
1679 4737 1918 4794 ulterius
1965 4755 2068 4792 nec

471 4829 800 4884 memoriam
813 4828 1275 4900 concupiscentiae
1290 4827 1460 4900 hujus
1477 4828 1780 4885 tentaverit
1803 4827 2065 4883 inimicus

469 4917 744 4989 ingerere.

1016 5007 1250 5062 CAPUT
1279 5008 1525 5064 XLVIII.
1604 5051 1612 5058 .

718 5097 790 5152 De
822 5097 1149 5151 monachisa
1169 5097 1462 5151 Saracenis
1485 5099 1808 5165 interfectis.

536 5187 602 5244 In
622 5185 932 5242 Palaestinae
957 5185 1212 5256 partibus
1230 5185 1519 5254 (Cassium,
1551 5189 1734 5241 collat.
1758 5199 1830 5254 vI,
1865 5202 1982 5256 cap.
2012 5185 2058 5256 1)

459 5277 622 5349 juxta
639 5276 822 5330 vicum
836 5275 1057 5330 Thecue
1081 5272 1168 5343 (6),
1193 5274 1288 5345 qui
1307 5277 1479 5330 Amos
1498 5275 1832 5346 prophetam
1854 5276 2063 5330 meruit

462 5366 972 5440 pro'creare,554
991 5363 1233 5419 solitudo
1263 5364 1580 5418 vastissima
1606 5370 1710 5433 est,
1731 5380 1910 5436 usque
1926 5365 2062 5419 Ara-

464 5455 614 5514 biam
642 5472 710 5510 ac
748 5471 906 5510 mare
948 5454 1234 5508 Mortuum
1298 5455 1428 5522 (quo
1473 5453 1729 5523 ingressa
1791 5454 2060 5509 deﬁciunt

2152 4554 2431 4625 quomodo
2471 4555 2805 4626 pervenerit,
2849 4557 2983 4628 quia
3021 4573 3197 4631 supra
3223 4558 3605 4614 conditionem
3635 4559 3744 4614 hu-

2150 4658 2331 4699 manas
2360 4648 2577 4700 naturae
2594 4643 2832 4713 videtur,
2863 4646 3241 4702 necessarium
3271 4663 3394 4702 esse
3421 4664 3551 4704 reor
3571 4647 3743 4720 expli-

2149 4749 2296 4788 care.

2220 4821 2324 4877 Hic
2348 4821 2524 4894 igitur
2548 4821 2746 4881 beatus
2771 4823 3014 4880 Serenus
3049 4827 3194 4893 (Ibid
3222 4865 3236 4892 ,
3267 4841 3383 4894 cap.
3401 4825 3480 4895 ‘2),
3515 4844 3621 4898 pro
3653 4827 3743 4882 in-

2147 4916 2312 4967 terna
2322 4912 2506 4967 cordis
2525 4917 2695 4985 atque
2708 4914 2955 4985 corporis
2969 4915 3246 4982 castitate,
3273 4916 3566 4971 nocturnis
3585 4917 3737 4972 dinro

2145 5001 2344 5072 nisque
2363 5002 2640 5073 precibus,
2659 5004 2738 5075 jej
2747 5003 2892 5059 uniis
2913 5021 3134 5076 quoque
3150 5022 3214 5060 ac
3242 5005 3446 5076 vigiliis
3475 5005 3738 5077 infatiga-

2147 5089 2334 5146 biliter
2345 5091 2638 5164 insistens,
2667 5107 2795 5148 cum
2820 5110 2881 5149 se
2902 5093 3136 5149 vidisset
3161 5093 3480 5150 orationum
3503 5111 3738 5151 suarum

2145 5179 2454 5237 obtinuisse
2471 5187 2618 5250 vota,
2651 5187 2992 5254 cunctosque
3013 5189 3182 5239 aestus
3210 5183 3451 5240 incorde
3478 5201 3583 5240 suo
3605 5201 3732 5240 con-

2143 5269 2496 5342 cupiscentiae
2523 5272 2838 5340 exstinctos,
2853 5273 3006 5328 velut
3033 5273 3360 5329 suavissimo
3387 5279 3562 5346 gustu
3583 5275 3736 5347 puri-

2144 5359 2276 5416 tatis
2303 5376 2571 5417 accensus
2597 5362 2657 5417 in
2677 5363 2951 5434 majorem
2973 5379 3136 5419 suam
3155 5362 3307 5418 sitim
3321 5363 3438 5418 zelo
3454 5363 3734 5419 castitatis

2142 5448 2366 5517 exarsit,
2386 5455 2444 5505 et
2456 5451 2858 5508 intensioribus
2872 5452 3125 5524 ccepitjej
3133 5451 3280 5508 uniis
3294 5457 3466 5524 atque
3481 5452 3734 5509 obsecra-

464 5545 678 5600 tluenta
699 5543 980 5612 Iordanis,
1012 5549 1070 5598 et
1110 5542 1251 5597 cinis
1280 5541 1668 5612 Sodomorum)
1709 5543 2059 5615 amplissima
2139 5538 2385 5596 tionibus
2415 5541 2702 5610 incubare,
2744 5548 2810 5598 ut
2845 5541 3203 5599 mortiﬁcatio
3232 5541 3510 5614 passionis
3539 5543 3728 5616 hujus,

463 5633 788 5690 extensione
813 5635 1074 5705 porrecta
1096 5631 1447 5704 pertingens.
1493 5631 1560 5688 In
1603 5632 1707 5688 hac
1751 5631 2056 5690 solitudine
2138 5645 2261 5702 quas
2288 5629 2543 5690 interiori
2563 5633 2780 5690 homini
2809 5633 2929 5690 solo
2956 5633 3102 5690 dono
3117 5631 3221 5689 Dei
3237 5631 3424 5690 fuerat
3434 5633 3722 5702 attributa,
