3876 6412
86 368 178 427 845

836 367 1213 425 EXCERPTA
1253 369 1347 426 EX
1386 369 1664 427 SEVERO
1705 368 2035 428 SULPICIO
2075 369 2165 428 EF
2202 371 2575 433 CASSIANO.

3238 380 3342 459 84⁸

83 496 146 551 ad
176 495 461 551 exterioris
482 496 654 552 etiam
670 496 976 568 puritatem
997 501 1229 552 eatenus
1251 498 1583 570 perveniret,
1598 499 1729 559 utA
1746 497 2017 570 probatur
2070 499 2132 556 in
2184 499 2407 558 fornace
2457 500 2864 561 humiliationis
2926 502 3088 576 (Eccl.
3135 499 3345 580 XXVII);

82 602 146 641 ne
159 586 272 659 ipse
295 586 525 659 quidem
543 587 630 641 vel
650 586 764 641 ullo
783 586 1022 658 simplici
1046 604 1109 641 ac
1119 587 1363 642 naturali
1376 593 1552 655 motu,
1569 588 1667 658 qui

1749 588 1818 643 Et
1844 588 1984 645 illud
2007 607 2018 651 ;
2050 589 2230 654 Quem
2258 591 2410 647 enim
2437 592 2622 664 diligit
2640 593 2930 663 Dominus,
2954 586 3217 671 corripit;
3245 586 3345 655 ﬂa-

83 676 242 731 etiam
271 677 329 732 in
354 677 602 750 parvulis
632 682 800 748 atque
828 676 1164 731 lactentibus
1195 676 1487 745 excitatur,
1518 677 1665 733 ulte-
1746 678 1920 749 gellat
1939 683 2131 735 autem
2153 697 2379 738 omnem
2406 682 2589 739 ﬁlium
2612 699 2782 756 quem
2810 683 3013 756 recipit
3034 685 3187 758 (ch.
3214 699 3293 761 xu
3326 703 3341 754 ;

80 766 189 822 rius
215 768 553 840 pulsaretur.
578 767 831 839 Cumque
864 765 1122 839 petitioni
1153 771 1346 838 coepta;
1393 766 1668 840 supplica-
1747 769 1906 823 Prov.
1937 770 2042 841 III).

78 857 224 911 tione
247 857 371 930 jugi
399 874 464 912 ac
491 856 754 929 lacrymis
793 856 1103 911 indefessus
1144 856 1448 923 insisteret,
1500 856 1668 911 adve-

78 946 233 1001 niens
260 946 329 1001 ad
358 963 490 1002 eum
528 947 761 1018 angelus
800 945 859 999 in
905 945 1118 1000 visione
1159 950 1451 1014 nocturna,
1504 948 1667 1019 eique

78 1036 225 1091 velut
234 1037 490 1108 aperiens
501 1035 959 1107 uterum,quamd
967 1052 1059 1089 am
1070 1035 1308 1106 ignitam
1324 1037 1506 1091 carnis
1522 1043 1668 1092 stru-

78 1142 225 1180 mam
256 1126 323 1180 de
353 1126 476 1198 ejus
504 1124 804 1180 visceribus
821 1124 1021 1179 evulsit
1038 1130 1207 1195 atque
1223 1126 1478 1196 projecit,
1520 1127 1666 1181 suis-

79 1232 183 1287 que
211 1214 362 1283 locis,
406 1220 470 1270 ut
509 1216 750 1281 fuerant,
797 1214 987 1268 omnia
1031 1214 1300 1269 intestina
1341 1216 1663 1281 restituens,

78 1304 214 1359 dixit
232 1305 300 1359 ad
323 1322 483 1360 eum:
511 1306 668 1373 Ecce,
700 1303 901 1375 inquit,
942 1303 1222 1358 incentiva
1248 1305 1430 1359 carnis
1446 1310 1556 1361 tua:
1573 1305 1669 1359 ab-

78 1396 220 1449 scisa
243 1400 393 1462 sunt,
422 1400 480 1449 et
498 1393 803 1462 obtinuisse
825 1399 880 1447 te
903 1394 1122 1447 noveris
1144 1393 1414 1448 hodierno
1443 1394 1532 1448 die
1548 1411 1671 1465 per-

78 1489 301 1554 petuam
313 1484 561 1555 corporis
574 1483 897 1555 puritatem,
914 1497 1080 1554 quam
1096 1483 1337 1536 ﬁdeliter
1352 1484 1666 1554 postulasti.

78 1575 207 1628 Haec
230 1574 298 1628 de
326 1573 513 1644 gratia
538 1572 657 1637 Dei,
694 1589 816 1644 quae
847 1576 1159 1626 memorato
1181 1572 1298 1627 viro
1315 1572 1672 1644 peculiariter

78 1663 342 1718 attributa
374 1668 479 1727 est,
503 1662 747 1716 breviter
775 1662 979 1715 dixisse
1017 1661 1275 1715 sufﬁciat.

150 1754 424 1807 Caeterum
440 1769 567 1807 cum
591 1752 661 1806 ad
692 1768 820 1807 eum
853 1751 944 1804 die
974 1751 1404 1821 quadragesima
1424 1752 1671 1807 venisse-

1820 857 1981 921 Quod
2020 858 2233 915 nostris
2279 876 2501 933 quoque
2542 861 2890 936 temporibus
2933 863 3070 920 satis
3120 863 3347 931 evidens

1750 947 1995 1002 ostendit
2041 954 2098 1003 et
2142 954 2339 1020 aperta
2382 949 2640 1022 probatio
2686 951 2746 1006 in
2795 950 2994 1009 abbate
3038 953 3215 1009 Paulo
3260 938 3348 1013 vel

1750 1036 1959 1107 Moyse,
2011 1038 2107 1109 qui
2150 1037 2548 1096 habitaverunt
2589 1041 2775 1097 locum
2815 1041 2987 1115 hujus
3030 1042 3349 1103 solitudinis

1751 1125 1847 1196 qui
1866 1126 2128 1181 Calamus
2147 1135 2506 1200 nuncupatur
2518 1130 2835 1199 (Casssian.,
2854 1136 2976 1188 coll.
2996 1146 3093 1201 γη,
3106 1128 3347 1204 οαρέὶθ).

1750 1214 1894 1269 Nam
1925 1215 2134 1271 Paulus
2165 1223 2547 1274 commoratus
2577 1224 2663 1274 est
2690 1220 2751 1273 in
2779 1236 2969 1276 eremo
2997 1221 3351 1294 quaadjacet

1750 1303 2070 1376 Panephysi
2099 1305 2327 1373 civitati,
2369 1323 2539 1379 quam
2574 1307 2936 1365 solitudinem
2959 1311 3081 1382 jam
3112 1310 3248 1366 olim
3275 1309 3353 1377 fa-

1752 1396 1901 1446 ctam
1948 1410 2107 1464 aquae
2158 1395 2474 1450 salsissimae
2526 1396 2897 1454 inundatione
2951 1399 3348 1471 cognovimus:

1754 1498 1876 1552 quae
1907 1482 2125 1553 quoties
2154 1484 2374 1539 ﬂaverit
2399 1485 2632 1557 spiritus
2656 1487 2970 1558 Aquilonis,
3022 1489 3091 1544 de
3138 1488 3354 1560 stagnis

1754 1569 2009 1642 impulsae
2039 1588 2103 1626 ac
2130 1572 2437 1644 superfusae
2463 1573 2851 1646 adjacentibus
2876 1576 3063 1645 terris,
3110 1576 3192 1633 ita
3220 1564 3355 1633 dom-

1754 1676 1885 1714 nem
1914 1660 2065 1715 illius
2093 1662 2448 1733 superficiem
2463 1664 2713 1735 contegit
2724 1665 2990 1736 regionis,
3014 1670 3079 1721 ut
3092 1666 3356 1739 antiquos

1756 1749 1964 1803 ibidem
1992 1749 2158 1817 vicos,
2191 1750 2285 1822 qui
2314 1752 2450 1830 olim
2474 1752 2580 1808 hac
2605 1752 2725 1825 ipsa
2754 1754 2823 1809 de
2844 1771 3015 1811 causa
3041 1756 3196 1815 omni
3223 1760 3359 1819 Sunt

78 1859 206 1898 mus
231 1843 418 1914 (Ibz'd.,
448 1860 494 1897 ε.
527 1840 603 1913 '2),
640 1857 703 1895 ac
731 1841 799 1894 de
827 1840 1061 1894 diversis
1103 1840 1503 1910 quaestionibus
1545 1859 1675 1897 eum
1696 1824 2074 1892 Bhabitatore
2103 1838 2328 1907 deserti,
2361 1824 2529 1895 faciat
2556 1824 2708 1896 velut
2735 1840 2950 1899 insulas
2988 1859 3281 1918 apparere.

78 1932 481 2003 ﬂagitaremus,
501 1932 571 1986 ad
584 1935 897 1985 extremum
926 1930 995 1983 de
1020 1929 1444 2001 impugnatione
1474 1931 1676 1986 daemo-

80 2038 218 2078 num
248 2038 379 2076 eum
394 2019 837 2092 requirebamus.
870 2020 1026 2074 Tunc
1054 2019 1167 2085 ille,
1191 2024 1256 2073 ut
1281 2037 1503 2091 semper
1531 2028 1671 2087 erat,

76 2109 455 2184 placidissimo
483 2110 640 2164 vultu
664 2109 1006 2180 respondens
1033 2108 1217 2176 (Ibid,
1245 2127 1290 2163 c.
1332 2108 1443 2177 22),
1495 2110 1635 2164 dixit
1658 2128 1672 2165 :

77 2201 203 2259 Non
227 2200 376 2256 enim
406 2200 687 2254 daemones
714 2197 920 2252 habere
960 2202 1296 2269 potestatem
1338 2216 1677 2270 quemquam

78 2290 372 2345 hominum
401 2289 664 2357 laedendi,
708 2288 1023 2359 exemplum
1063 2286 1214 2342 beati
1246 2286 1348 2342 Job
1379 2288 1679 2343 manifesta

76 2380 298 2435 ratione
327 2379 679 2434 demonstrat
706 2379 818 2449 (Job
850 2378 937 2441 Ill,
971 2376 1065 2432 ubi
1097 2394 1210 2431 non
1263 2377 1502 2448 amplius
1550 2394 1681 2433 eum

80 2474 304 2525 tentare
321 2468 495 2524 audet
511 2467 791 2534 inimicus,
810 2484 978 2539 quam
994 2466 1182 2521 divina
1195 2465 1247 2520 ei
1264 2466 1680 2537 dispensatione

79 2559 424 2614 conceditur.

697 2646 930 2701 CAPUT
960 2645 1056 2702 LI.

85 2741 158 2794 De
182 2754 242 2793 eo
272 2739 419 2808 quod
447 2752 560 2793 non
588 2737 831 2790 eamdem
848 2739 962 2789 vim
990 2735 1225 2789 habeant
1255 2736 1683 2790 nuncdmnones

170 2832 369 2882 contra
398 2827 710 2892 monachos,
736 2826 999 2894 quomodo
1029 2827 1306 2878 anteriori
1333 2830 1588 2893 tempore.

156 2916 311 2972 Satis
340 2921 534 2971 tamen
563 2913 723 2969 nobis
754 2912 1102 2985 experientia
1129 2917 1323 2967 nostra
1334 2913 1683 2968 etseniorum

85 3011 412 3064 nostrorum
430 3004 700 3060 relatione
711 3008 1062 3074 compertum
1078 3007 1164 3056 est
1174 3018 1287 3057 non
1302 3002 1557 3057 eamdem
1573 3004 1684 3057 vim

84 3097 369 3154 daemones
383 3111 533 3151 nunc
550 3093 757 3148 habere
773 3098 967 3147 contra
983 3092 1305 3158 monachos,
1327 3109 1496 3163 quam
1528 3097 1687 3147 ante-

2361 1932 2594 1987 CAPUT
2630 1932 2748 1988 LII.

2288 2022 2362 2075 De
2402 2023 2591 2087 abbate
2630 2024 2823 2078 Paulo.

1810 2107 1933 2161 Hic
1959 2107 2133 2179 igitur
2160 2107 2331 2164 abbas
2360 2110 2571 2167 Paulus
2618 2110 2679 2165 in
2704 2116 2924 2166 tantam
2970 2111 3151 2170 cordis
3196 2113 3358 2186 puri-

1759 2201 1934 2250 tatem
1966 2197 2154 2268 quiete
2184 2198 2501 2254 solitudinis
2544 2199 2876 2272 silentioque
2915 2201 3244 2273 profecerat,
3295 2208 3362 2261 ut

1760 2301 1873 2339 non
1902 2286 2087 2341 dicam
2131 2288 2348 2343 vultum
2392 2288 2717 2357 femineum,
2766 2290 2867 2345 sed
2907 2306 2979 2345 ne
3026 2291 3361 2347 vestimenta

1764 2374 1990 2444 quidem
2009 2392 2173 2431 sexus
2201 2377 2355 2433 illius
2384 2379 2707 2450 conspectui
2730 2396 2833 2434 suo
2861 2385 3151 2451 pateretur
3173 2380 3362 2436 offerri

1765 2464 2053 2533 (Cassium,
2097 2469 2217 2521 coll.
2264 2480 2359 2533 vn,
2406 2484 2523 2537 cap.
2579 2465 2692 2538 26).
2750 2468 2897 2524 Nam
2950 2486 3080 2525 cum
3117 2469 3363 2542 quadam

1766 2553 1856 2607 die
1904 2560 2164 2625 pergeret
2208 2554 2281 2609 ad
2326 2557 2619 2628 cujusdam
2673 2557 2910 2614 senioris
2959 2559 3178 2627 cellam,
3229 2574 3364 2615 casu

1768 2642 1971 2697 mulier
2000 2644 2052 2698 ei
2078 2644 2321 2700 obviavit
2345 2664 2356 2700 :
2388 2662 2559 2716 quam
2587 2663 2717 2702 cum
2742 2646 2990 2715 vidisset,
3035 2651 3199 2704 tanta
3230 2647 3366 2720 fuga

1767 2732 1839 2785 ad
1880 2749 2046 2787 suum
2074 2750 2302 2789 rursum
2331 2736 2757 2803 monasterium,
2796 2736 3176 2810 praetermisso
3217 2737 3369 2820 quod

1768 2821 2086 2892 arripuerat
2108 2823 2330 2892 itinere,
2374 2825 2638 2894 cucurrit,
2680 2831 2893 2899 quanta
2921 2826 3110 2884 nullus
3155 2843 3191 2883 a
3225 2825 3367 2883 facie

1767 2910 1945 2965 leonis
1973 2913 2061 2967 vel
2098 2913 2496 2969 immanissimi
2535 2915 2794 2971 draconis
2842 2916 3157 2990 aufugeret.
3207 2916 3369 2982 Quod

1768 2999 1899 3054 licet
1963 3001 2080 3056 zelo
2134 2995 2418 3058 castitatis
2473 3009 2530 3059 et
2583 3004 2849 3077 puritatis
2902 3006 3104 3062 ardore
3165 3005 3241 3071 sit
3290 3006 3370 3061 fa-

1770 3093 1940 3158 ctum,
1995 3095 2187 3146 tamen
2230 3093 2365 3164 quia
2399 3109 2513 3148 non
2537 3094 2847 3151 secundum
2883 3094 3179 3155 scientiam
3225 3111 3371 3173 praes-

88 3186 220 3241 riori
238 3191 496 3256 tempore
524 3184 673 3239 inter
685 3183 1152 3238 anachoretarum
1175 3182 1467 3253 principia,
1487 3183 1544 3236 in
1567 3182 1744 3253 qui-(3
1771 3184 2060 3252 sumptum
2088 3187 2190 3247 est,
2224 3181 2322 3237 sed
2352 3181 2708 3239 observantia
2760 3184 3070 3257 disciplinae
3108 3199 3370 3241 excessus

86 3275 187 3331 bus
208 3275 397 3330 adhuc
416 3273 619 3329 raritas
637 3273 1040 3328 monachorum
1061 3271 1119 3325 in
1142 3287 1331 3325 eremo
1361 3287 1680 3326 commane-

86 3364 181 3420 bat
204 3367 499 3434 (Cass-iam,
537 3366 659 3418 coll.
688 3377 783 3425 v11,
807 3379 924 3431 cap.
958 3359 1065 3429 23).
1090 3362 1270 3415 Tanta
1286 3378 1528 3432 namque
1556 3366 1693 3416 tunc

87 3460 209 3508 erat
227 3453 549 3508 daemonum
564 3451 773 3518 feritas,
798 3455 864 3505 ut
877 3450 962 3503 vix
985 3449 1309 3521 paucissimi
1322 3450 1562 3503 tolerare
1589 3450 1688 3504 ha-

86 3542 423 3597 bitationem
446 3540 764 3595 solitudinis
779 3546 1026 3611 possent.
1056 3538 1562 3612 Siquideminipsis
1583 3555 1689 3592 cce-

86 3632 288 3699 nobiis,
314 3631 372 3685 in
400 3630 603 3702 quibus
626 3628 1121 3684 commorabantur
1143 3628 1334 3682 decem
1363 3629 1445 3681 vel
1475 3628 1687 3681 duode-

86 3724 215 3790 cim,
248 3722 333 3776 ita
362 3736 558 3776 eorum
592 3719 858 3774 atrocitas
875 3717 1256 3789 grassabatur,
1292 3722 1349 3771 et
1367 3716 1690 3788 frequenter

85 3817 282 3879 555
309 3809 553 3864 visibiles
572 3808 962 3864 sentiebantur
973 3824 1287 3879 aggressus,
1307 3812 1371 3862 ut
1389 3823 1501 3861 non
1523 3807 1690 3861 aude-

86 3906 216 3956 rent
244 3916 444 3954 omnes
466 3899 678 3971 pariter
694 3897 949 3955 noctibus
974 3896 1310 3964 obdormire;
1336 3896 1433 3951 sed
1450 3895 1690 3950 vicissim

86 3991 213 4045 aliis
228 3988 663 4061 degustantibus
674 4005 953 4055 somnum,
978 3987 1073 4041 alii
1087 3987 1305 4057 vigilias
1317 3986 1683 4052 celebrantes,

84 4080 325 4152 psalmis
354 4084 411 4133 et
436 4078 781 4133 orationibus
810 4095 910 4132 seu
948 4076 1283 4131 lectionibus
1316 4075 1683 4131 inhaerebant.

86 4171 350 4240 Cumque
377 4169 504 4222 illos
523 4169 593 4222 ad
607 4185 865 4239 soporem
899 4171 1113 4221 naturae
1126 4160 1428 4221 necessitas
1458 4166 1689 4220 invitas-

84 4264 190 4327 set,
215 4256 623 4329 expergefactis
643 4257 770 4311 aliis
791 4257 862 4311 ad
885 4273 1078 4311 eorum
1096 4244 1194 4327 qui
1214 4254 1513 4310 dormituri
1533 4261 1695 4310 erant

81 4348 427 4415 custodiam,
458 4347 719 4401 similiter
737 4346 937 4417 vigilia:
951 4345 1338 4400 tradebantur.
1358 4345 1518 4400 Unde
1537 4344 1694 4400 dubi-

81 4438 198 4492 tari
221 4453 343 4492 non
370 4442 555 4509 potest
574 4452 749 4491 unum
771 4453 801 4490 e
822 4436 1038 4491 duobus
1067 4452 1215 4490 nunc
1238 4452 1378 4502 esse;
1413 4440 1512 4489 aut
1541 4435 1693 4489 enim

1775 3273 1862 3323 est
1914 3269 2259 3339 moderatus,
2304 3287 2376 3326 ne
2422 3271 2591 3326 elatio
2639 3288 2770 3327 eum
2821 3272 3131 3339 invaderet,
3155 3272 3370 3345 talique

1775 3357 2066 3413 confestim
2095 3360 2447 3432 correptione
2475 3377 2772 3431 percussus
2793 3366 2897 3430 est,
2930 3366 2995 3417 ut
3022 3366 3206 3417 totum
3244 3348 3371 3417 cor-

1774 3463 1879 3518 pus
1910 3450 2031 3518 ejus
2053 3449 2375 3521 paralyseos
2405 3449 2725 3506 valetudine
2754 3451 3086 3519 solveretur,
3118 3450 3369 3525 nullum-

1771 3553 1877 3608 que
1906 3537 1965 3591 in
1991 3554 2055 3591 eo
2082 3538 2397 3593 membrum
2421 3539 2647 3610 penitus
2674 3555 2840 3595 suum
2868 3539 3116 3597 oﬂicium
3155 3526 3372 3619 praeva-

1769 3627 1911 3682 leret
1931 3627 2174 3699 explere.
2200 3628 2486 3699 Siquidem
2507 3644 2622 3684 non
2640 3629 2824 3685 solum
2839 3629 3011 3705 pedes
3041 3645 3107 3686 ac
3144 3646 3368 3709 manus,

1771 3717 1867 3772 sed
1888 3716 2278 3788 etiamlingua:
2304 3724 2542 3786 motum,
2575 3717 2823 3792 ipsaeque
2843 3735 3010 3791 aures
3023 3720 3108 3795 ita
3142 3720 3371 3797 auditus

1776 3806 1985 3878 proprii
2009 3806 2327 3861 amiserunt
2354 3824 2603 3875 sensum,
2633 3812 2699 3864 ut
2717 3808 2776 3863 in
2797 3824 2863 3864 eo
2880 3808 3021 3864 nihil
3043 3809 3287 3885 amplius
3303 3826 3371 3887 ex

1773 3896 1999 3950 homine
2026 3912 2194 3967 quam
2226 3895 2529 3952 immobilis
2557 3902 2756 3954 statuae
2797 3898 2983 3970 ﬁgura
3028 3905 3367 3958 remaneret.

1773 3984 1841 4039 Et
1867 3984 1939 4039 ad
1966 3984 2072 4041 hoc
2099 3985 2359 4040 redactus
2419 3991 2522 4053 est,
2576 3991 2642 4042 ut
2685 3986 3003 4042 infirmitati
3050 3988 3172 4059 ejus
3213 3988 3370 4046 nullo

1772 4074 1937 4128 modo
1967 4074 2212 4129 virorum
2241 4074 2533 4145 diligentia
2585 4076 2868 4132 deservire
2904 4076 3208 4147 sufficeret,
3261 4079 3372 4135 nisi

1774 4164 1894 4218 sola
1919 4164 1970 4218 ei
2003 4163 2290 4219 muliebris
2318 4165 2592 4221 sedulitas
2631 4166 3003 4224 ministraret.
3048 4168 3195 4224 Nam
3237 4185 3372 4242 por-

1776 4259 1892 4308 tato
1924 4271 1988 4309 eo
2019 4254 2088 4309 ad
2116 4255 2525 4310 monasterium
2553 4272 2842 4312 sacrarum
2868 4257 3169 4330 virginum,
3215 4258 3374 4317 cibus

1776 4360 1838 4397 ac
1859 4348 2024 4415 potus
2049 4344 2291 4399 femineo
2322 4344 2372 4399 ei
2401 4345 2766 4417 ingerebatur
2794 4346 3061 4420 obsequio
3086 4368 3100 4418 ;
3153 4348 3375 4423 explen-

1776 4433 1975 4505 disque
2006 4433 2265 4489 omnibus
2312 4439 2530 4490 naturae
2565 4436 3014 4506 necessitatibus,
3055 4438 3254 4494 eadem
3288 4438 3373 4493 illi

82 4527 300 4583 virtute
319 4526 503 4580 crucis
514 4525 682 4580 etiam
708 4526 931 4580 deserta
946 4530 1296 4597 penetrante,
1313 4537 1370 4578 et
1380 4525 1500 4595 ejus
1510 4524 1697 4596 gratia
1716 4512 2071 4595 Ddiligentia
2097 4540 2197 4595 per
2225 4540 2402 4579 annos
2428 4525 2605 4579 ferme
2642 4530 2900 4598 quatuor,
2933 4526 2991 4581 id
3036 4530 3142 4593 est,
3194 4543 3373 4599 usque

82 4616 302 4688 ubique
327 4620 676 4683 coruscante,
727 4621 919 4669 retusa
946 4619 1031 4669 est
1059 4614 1311 4686 nequitia
1339 4614 1653 4669 daemonum
1679 4634 1691 4681 ;

82 4712 185 4761 aut
216 4704 568 4776 negligentia
583 4709 777 4759 nostra
788 4704 913 4758 illos
930 4704 999 4758 ab
1014 4704 1437 4776 impugnatione
1459 4703 1698 4775 pristina

82 4795 344 4850 reddidit
371 4793 656 4860 lentiores,
690 4794 825 4848 dum
847 4794 1225 4864 dedignantur
1251 4793 1547 4847 adversum
1592 4809 1695 4848 nos

82 4884 183 4940 illa
212 4883 535 4939 intentione
564 4884 885 4953 conﬂigere,
921 4900 1032 4954 qua
1056 4890 1189 4939 tunc
1209 4889 1405 4939 contra
1425 4883 1549 4936 illos
1570 4899 1695 4955 pro-

78 4972 416 5028 batissimos
446 4971 654 5026 Christi
685 4972 891 5026 milites
920 4971 1238 5027 saeviebant.

153 5063 447 5118 Caeterum
468 5061 833 5133 corporaliter
850 5062 1087 5116 traditos
1112 5063 1332 5117 Satanae
1345 5064 1429 5117 vel
1459 5062 1694 5117 infirmi-

78 5151 302 5208 tatibus
326 5150 548 5221 magnis
559 5152 729 5205 etiam
740 5151 883 5205 viros
896 5157 1117 5206 sanctos
1129 5153 1387 5206 novimus
1400 5155 1644 5219 (Cassian
1654 5192 1665 5204 .
1675 5191 1689 5218 ,

77 5246 205 5297 coll.
232 5257 333 5307 v11,
364 5257 484 5309 cap.
510 5240 620 5307 ‘25),
645 5257 745 5312 pro
782 5241 1081 5295 levissimis
1113 5241 1427 5314 quibusque
1456 5241 1692 5309 delictis,

78 5349 214 5387 cum
242 5331 307 5385 in
334 5330 450 5384 illis
482 5346 583 5383 nec
607 5330 998 5385 tenuissimum
1029 5331 1255 5402 quidem
1282 5337 1570 5403 peccatum
1599 5336 1700 5386 aut

76 5421 372 5476 maculam
406 5419 467 5474 in
493 5419 588 5473 illo
613 5420 810 5490 judicii
846 5420 935 5474 die
963 5422 1179 5492 patitur
1222 5421 1473 5476 invenire
1512 5421 1700 5476 divina

79 5511 418 5575 clementia,
454 5513 519 5562 ut
546 5525 640 5563 eos
670 5514 941 5581 tanquam
959 5526 1161 5565 aurum
1192 5511 1509 5583 probatum,
1545 5511 1615 5565 ad
1636 5511 1699 5565 il-

76 5601 197 5655 lam
226 5597 672 5672 perpetuitatem
699 5599 1023 5669 gloriosam,
1056 5601 1212 5655 nulla
1238 5600 1555 5671 indigentes
1580 5616 1699 5671 pae-

68 5691 185 5746 nali
233 5688 602 5763 purgatione,
618 5689 987 5759 transmittat,
1003 5691 1166 5761 juxta
1188 5690 1327 5746 illud
1352 5708 1364 5743 :
1390 5690 1489 5744 Vir
1509 5691 1700 5760 justus

1777 4612 1847 4667 ad
1872 4613 1996 4667 vitae
2025 4630 2140 4668 suze
2169 4613 2476 4668 terminum
2503 4614 2797 4670 serviebat.
2815 4614 2923 4680 Qui
2950 4630 3079 4670 cum
3099 4619 3263 4671 tanta
3290 4631 3374 4673 es-

1778 4707 1864 4755 set
1885 4701 2264 4757 membrorum
2305 4701 2559 4757 omnium
2596 4702 2884 4758 debilitate
2922 4703 3277 4772 constrictus,
3309 4710 3375 4762 ut

1778 4790 1917 4846 nulli
1946 4791 2006 4845 in
2034 4808 2098 4846 eo
2130 4796 2287 4847 artus
2319 4791 2561 4847 vivacem
2584 4797 2801 4847 motum
2819 4796 3187 4864 retentarent,
3212 4800 3375 4852 tanta

1776 4897 1841 4934 ex
1871 4897 1936 4935 eo
1960 4880 2233 4935 virtutum
2259 4880 2445 4952 gratia
2478 4880 2832 4953 procedebat,
2876 4887 2943 4938 ut
2969 4899 3097 4939 cum
3138 4883 3208 4940 de
3251 4885 3375 4941 oleo

1776 4971 1925 5041 quod
1957 4986 2186 5042 corpore
2204 4987 2304 5026 suo
2337 4970 2608 5041 tetigerat
2626 4977 2978 5043 ungerentur
3006 4972 3239 5043 infirmi,
3263 4981 3376 5031 sta-

1774 5060 1877 5114 tim
1907 5076 1941 5115 a
1958 5060 2171 5115 cunctis
2194 5059 2607 5117 valetudinibus
2620 5069 2994 5133 curarentur;
3025 5063 3109 5119 ita
3134 5070 3198 5120 ut
3208 5080 3379 5138 super

1776 5150 1880 5204 hac
1897 5151 2019 5221 ejus
2047 5150 2363 5205 valetudine
2383 5150 2671 5207 evidenter
2701 5152 3051 5220 claresceret,
3093 5158 3152 5208 et
3184 5152 3378 5208 debili-

1776 5244 1953 5294 tatem
1978 5239 2359 5295 membrorum
2379 5242 2501 5312 ejus
2516 5258 2707 5297 amore
2728 5242 2956 5298 Domini
2975 5240 3373 5309 contributam,

1780 5329 2151 5385 etsanitatum
2161 5330 2403 5402 gratiam
2408 5347 2510 5402 pro
2521 5331 2846 5387 testimonio
2858 5336 2916 5387 et
2924 5330 3377 5388 manifestatione

1782 5420 2114 5476 meritorum
2143 5421 2263 5493 ejus
2295 5419 2538 5493 Spiritus
2565 5421 2742 5477 sancti
2769 5420 2973 5476 virtute
2987 5424 3269 5493 paratam.

2376 5510 2610 5565 CAPUT
2643 5509 2791 5566 LIII.

2316 5602 2390 5655 De
2418 5600 2609 5655 abbate
2645 5599 2843 5667 Moyse.

1856 5687 2145 5744 Secundus
2185 5703 2332 5754 vero,
2374 5703 2541 5758 quem
2592 5686 2853 5758 diximus,
2905 5687 3125 5762 Moyses
3160 5690 3222 5749 in
3275 5691 3381 5750 hac
