3876 6418
521 401 621 459 847

1627 393 1719 448 DE
1755 393 1944 449 VITIS
1983 393 2278 450 PATRUM
2315 391 2529 448 LIBER
2565 393 2659 447 IV.

3679 399 3774 457 848

520 529 707 584 eremo
739 519 1116 580 commoratus
1148 521 1439 587 (Cassium,
1486 522 1667 574 collat.
1701 533 1796 586 vn,
1829 536 1948 587 cap.
1998 515 2108 584 27),
2130 516 2334 577 Aritas
2364 516 2422 570 in
2451 534 2546 585 eo;
2578 523 2634 572 et
2653 533 2780 573 cum
2799 516 3050 588 loquitur
3069 517 3442 588 mendacium,
3467 537 3533 577 ex
3545 525 3774 596 propriis

519 635 644 673 cum
675 622 733 670 et
756 615 874 686 ipse
904 610 1206 682 singularis
1238 615 1294 663 et
1321 606 1774 679 incomparabilis
1817 607 1902 661 vir
1941 611 2108 672 esset,

518 706 589 761 ob
617 701 1114 776 reprehensionem
1156 698 1325 753 unius
1361 696 1653 764 sermonis,
1701 713 1868 768 quem
1917 702 2114 751 contra

517 793 778 850 abbatem
809 789 1114 846 Macarium
1139 787 1334 842 durius
1374 785 1628 857 protulit,
1677 791 1792 839 tam
1835 785 1958 840 diro
1999 785 2113 839 dae-

515 883 669 939 moni
699 887 786 937 est
809 878 1098 935 confestim
1125 876 1387 940 traditus,
1420 880 1486 929 ut
1504 875 1780 928 humanas
1800 874 2114 945 egestiones

515 973 600 1029 ori
631 989 732 1028 suo
755 971 1056 1041 ingereret.
1089 965 1248 1031 Quod
1281 964 1564 1034 ﬂagellum
1595 963 1946 1035 purgationis
1971 963 2114 1017 divi-

515 1079 646 1118 nam
664 1061 715 1116 ei
736 1058 992 1114 intulisse
1005 1053 1498 1128 dispensationem,
1530 1069 1601 1106 ne
1629 1054 1715 1106 vel
1736 1052 2112 1107 momentanei

513 1151 728 1224 peccati
755 1148 978 1204 macula
999 1147 1057 1201 in
1084 1162 1148 1199 eo
1169 1143 1458 1204 resideret,
1483 1142 1780 1196 velocitate
1809 1141 2114 1196 curationis

514 1243 562 1313 ej
572 1259 636 1296 us
647 1240 1094 1294 demonstratum
1109 1233 1364 1288 estNam
1379 1232 1645 1286 continuo
1659 1230 1859 1285 abbate
1872 1231 2112 1286 Macario

513 1332 571 1386 in
599 1329 909 1386 orationem
927 1328 1226 1398 prostrato,
1260 1322 1413 1376 dictu
1435 1321 1598 1376 citius
1628 1320 1908 1390 malignus
1945 1320 2112 1392 spiri-

512 1426 604 1475 tus
628 1419 698 1474 ab
723 1434 789 1472 eo
815 1416 1043 1486 fugatus
1063 1410 1336 1468 discessit.

585 1510 662 1565 Ex
691 1522 800 1579 quo
830 1503 1126 1560 manifeste
1176 1498 1560 1572 perpenditur,
1594 1513 1708 1551 non
1757 1497 1962 1552 debere
2015 1513 2110 1550 eos

512 1595 824 1654 abominari
851 1594 938 1648 vel
965 1591 1173 1664 despici
1201 1606 1341 1662 quos
1368 1587 1619 1642 videmus
1659 1586 1894 1640 diversis
1921 1591 2110 1640 tenta-

512 1687 758 1743 tionibus
786 1685 872 1739 vel
895 1681 1156 1751 malignis
1177 1677 1470 1750 spiritibus
1499 1676 1646 1730 tradi
1681 1677 1859 1746 (Ibid.,
1891 1693 1938 1731 ο.
1969 1672 2064 1740 ‘28)
2095 1694 2107 1742 ;

512 1778 645 1850 quia
669 1776 779 1830 duo
811 1775 926 1828 haec
952 1771 1180 1830 credere
1213 1765 1576 1823 immobiliter
1593 1782 1694 1819 nos
1719 1769 1942 1836 oportet
1966 1782 1978 1816 :
2004 1763 2113 1835 pri-

2193 605 2445 676 loquitur
2478 609 2648 670 (Joan.
2683 609 2837 676 vm):
2862 607 3146 662 Pelusium
3174 609 3355 679 petiit,
3377 609 3472 665 ubi
3490 610 3651 667 illum
3668 614 3774 669 fra-

2194 699 2339 750 trem
2378 701 2609 750 noverat
2646 697 3002 763 commorari,
3036 713 3205 768 quem
3239 699 3518 770 malignus
3554 703 3775 774 spiritus

2196 784 2436 838 asseruit
2463 801 2584 839 esse
2604 785 2920 856 deceptum.
2939 786 3074 840 Erat
3093 787 3266 842 etiam
3285 787 3361 842 ibi
3391 795 3448 844 et
3462 790 3606 846 alius
3620 791 3784 847 frater

2195 871 2278 925 illi
2327 873 2678 940 notissimus,
2713 891 2881 946 quem
2906 875 3262 945 interrogans
3283 877 3352 931 de
3370 878 3567 934 eodem
3597 879 3778 949 fratre,

2196 962 2406 1033 reperit
2425 963 2573 1034 quod
2603 963 2799 1018 eadem
2829 969 3012 1030 nocte,
3047 981 3157 1036 qua
3185 967 3510 1022 teterrimus
3543 968 3637 1024 ille
3677 970 3782 1027 da-

2197 1067 2328 1105 mon
2359 1051 2581 1106 ruinam
2613 1053 2734 1123 ejus
2748 1070 2850 1108 suo
2870 1054 3108 1125 principi
3121 1055 3426 1123 nuntiaret,
3451 1059 3781 1114 monasterio

2196 1139 2433 1210 pristino
2462 1141 2748 1208 derelicto,
2778 1141 2959 1196 vicum
2983 1142 3255 1212 petiisset,
3280 1149 3336 1198 et
3373 1145 3432 1200 in
3467 1146 3781 1203 fornicatio-

2195 1245 2324 1282 nem
2344 1229 2738 1284 miserabiliter
2751 1230 3058 1285 cecidisset.
3085 1232 3214 1287 Haec
3233 1239 3422 1288 autem
3439 1235 3672 1290 audiens
3682 1237 3780 1291 fra-

2196 1322 2300 1382 ter,
2325 1319 2613 1390 suspirans
2634 1324 2690 1374 et
2705 1319 2866 1388 flens,
2889 1337 3144 1375 reversus
3164 1327 3249 1376 est
3263 1322 3320 1376 in
3339 1323 3522 1379 locum
3537 1341 3717 1381 suum.

2802 1445 3037 1500 CAPUT
3060 1446 3172 1501 LV.

2403 1553 2477 1605 De
2505 1553 2714 1606 duobus
2737 1553 3088 1622 philosophis,
3111 1555 3213 1623 qui
3229 1555 3304 1608 ad
3322 1561 3582 1611 sanctum

2618 1643 2932 1696 Antonium
2968 1650 3356 1711 perrexerunt.

2266 1765 2521 1843 Quodam
2554 1771 2747 1821 autem
2791 1772 3046 1838 tempore
3089 1768 3200 1822 duo
3219 1769 3446 1840 quidam
3476 1770 3786 1843 philosophi

512 1836 624 1931 mo,
658 1863 807 1936 quod
846 1861 968 1916 sine
997 1859 1096 1914 Dei
1127 1856 1405 1930 permissu
1434 1855 1624 1908 nullus
1654 1853 1880 1907 omnino
1925 1836 2174 1906 tente-B
2193 1841 2487 1910 audientes
2511 1854 2719 1910 famam
2740 1854 2893 1910 beati
2913 1857 3158 1922 Antonii,
3193 1865 3561 1928 perrexerunt
3580 1861 3785 1916 adeum

509 1961 639 2019 tur;
671 1951 933 2017 secundo,
969 1949 1116 2020 quod
1141 1947 1330 2002 omnia
1371 1961 1493 2015 quae
1540 1960 1574 1997 a
1602 1944 1718 1997 Deo
1758 1941 1918 1996 nobis
1967 1941 2109 1995 infe-

508 2051 730 2110 runtur,
758 2042 910 2096 velut
938 2056 972 2092 a
998 2035 1248 2109 piissimo
1277 2039 1437 2106 patre
1457 2049 1522 2087 ac
1542 2031 1978 2086 clementissimo
1993 2047 2110 2085 me-

507 2133 650 2201 dico,
683 2148 785 2205 pro
814 2127 1022 2185 nostris
1052 2123 1393 2181 utilitatibus
1417 2122 1756 2191 irrogcntur.

1121 2247 1355 2306 CAPUT
1374 2247 1514 2304 LIV.

665 2371 736 2423 De
760 2365 1043 2430 monacho,
1075 2365 1175 2432 qui
1202 2364 1266 2415 in
1295 2359 1594 2414 solitudine
1616 2363 1776 2411 noctu
1805 2357 1944 2410 vidit

910 2452 1331 2508 multitudinem
1359 2449 1692 2502 dmnonum.

577 2578 1022 2648 556Quidam
1044 2580 1235 2630 autem
1254 2575 1429 2628 frater
1452 2573 1744 2642 (Cassium,
1767 2573 1950 2626 collat.
1979 2582 2099 2636 vm,

509 2687 626 2740 cap.
657 2668 772 2739 16),
804 2685 932 2724 cum
961 2683 1064 2738 per
1089 2663 1450 2719 solitudinem
1478 2661 1589 2716 iter
1609 2665 1818 2730 ageret,
1835 2660 2104 2730 advespe-

507 2765 668 2814 rante
678 2759 769 2812 die
781 2757 1104 2828 speluncam
1118 2752 1418 2824 quamdam
1433 2749 1739 2821 reperiens,
1754 2747 1961 2803 ibidem
1979 2747 2105 2802 sub-

507 2848 671 2903 stitit.
703 2846 812 2902 Ubi
841 2846 976 2899 dum
1004 2842 1250 2914 psalmos
1280 2857 1345 2894 ex
1375 2855 1530 2893 more
1559 2843 1832 2896 cantaret.
1875 2843 2104 2909 tempus

506 2937 704 2992 mediae
725 2934 906 2989 noctis
934 2931 1190 2988 excessit.
1225 2930 1478 3000 Cumque
1502 2927 1663 2982 ﬁnita
1689 2926 1902 2997 vigilia,
1928 2927 2104 2981 refec-

505 3030 668 3081 turus
695 3025 908 3079 lassum
939 3037 1159 3092 corpus,
1201 3017 1494 3090 paululum
1519 3016 1838 3082 resedisset,
1873 3022 2106 3088 repente

2197 1945 2486 2012 (Cassium,
2509 1949 2692 1999 collat.
2715 1959 2834 2011 vm,
2853 1962 2971 2014 cap.
2997 1943 3110 2007 18).
3126 1947 3231 2011 Qui
3252 1964 3376 2002 cum
3402 1947 3786 2022 intersequas—

2199 2033 2328 2087 dam
2361 2034 2696 2104 quaestiones
2720 2033 3066 2102 habuissent,
3092 2033 3460 2107 despicientes
3475 2037 3784 2111 philosophi

2199 2127 2455 2177 sanctum
2470 2123 2802 2190 Antonium,
2823 2124 2975 2178 velut
2995 2125 3318 2196 imperitum
3357 2131 3415 2181 et
3438 2127 3559 2182 sine
3589 2128 3786 2183 litteris

2197 2211 2400 2279 virum,
2427 2211 2634 2266 reversi
2661 2218 2794 2266 sunt
2809 2211 2882 2266 ab
2903 2230 2988 2269 eo.
3027 2213 3290 2268 Volentes
3319 2219 3507 2270 autem
3545 2232 3695 2284 eum,
3737 2217 3783 2272 si

2198 2300 2338 2354 nihil
2367 2301 2608 2373 amplius
2632 2301 2948 2373 potuissent
2973 2302 3192 2370 laedere,
3220 2304 3306 2358 vel
3331 2303 3399 2358 de
3435 2305 3636 2360 cellula
3661 2307 3782 2377 ejus

2187 2389 2419 2460 magicis
2439 2391 2737 2462 praestigiis
2749 2397 2805 2445 et
2825 2391 3296 2447 circumventione
3324 2393 3640 2449 daemonum
3659 2411 3779 2466 per-

2187 2478 2433 2546 turbare,
2470 2479 2827 2534 immiserunt
2872 2481 2922 2535 ei
2966 2481 3339 2552 nequissimos
3384 2483 3664 2538 daemones
3706 2485 3776 2538 ad

2187 2567 2692 2640 impugnationem,
2722 2569 2827 2623 hac
2856 2569 3065 2624 invidia
3091 2576 3147 2625 et
3188 2570 3361 2625 livore
3408 2573 3666 2643 perculsi,
3712 2589 3776 2627 eo

2187 2657 2336 2727 quod
2361 2657 2525 2712 multi
2554 2657 2846 2713 hominum
2875 2658 2948 2712 ad
2969 2659 3148 2726 illum,
3183 2660 3334 2714 velut
3357 2661 3459 2715 Dei
3487 2660 3774 2729 famulum,

2186 2746 2436 2816 quotidie
2483 2747 2864 2802 convenirent.
2911 2748 3181 2819 Cumque,
3226 2748 3322 2803 illo
3369 2765 3518 2804 nunc
3555 2750 3779 2822 quidem

2187 2834 2544 2906 imprimente
2573 2837 2787 2908 pectori
2803 2853 2908 2891 suo
2927 2841 2983 2890 et
3009 2837 3180 2892 fronti
3201 2837 3550 2908 signaculum
3578 2839 3776 2907 crucis,

2186 2940 2336 2979 nunc
2361 2940 2491 2978 vero
2511 2925 2752 2980 orationi
2773 2925 3102 2997 suppliciter
3124 2925 3440 2993 incubante,
3467 2944 3569 2982 nec
3581 2944 3778 3000 appro-

2185 3013 2461 3084 pinquare
2473 3013 2699 3085 quidem
2711 3014 2997 3070 durissimi
3007 3014 3286 3070 daemones
3297 3015 3476 3070 eidem
3487 3017 3775 3085 auderent,

503 3105 2108 3185 ccepitinnumerabilescatervasdmnmnnmundiquecon-
2189 3103 2612 3159 revertebantur
2639 3103 2710 3158 ad
2740 3121 2836 3159 eos
2857 3104 2952 3176 qui
3001 3103 3125 3158 illos
3159 3104 3497 3169 direxerant,
3538 3107 3658 3161 sine
3704 3106 3781 3162 ef-

503 3203 798 3259 ﬂuentium
833 3197 1070 3266 intueri;
1095 3213 1216 3269 quae
1243 3195 1467 3250 inﬁnita
1487 3194 1894 3265 constipatione
1914 3211 2109 3266 proce-
2131 3192 2355 3257 Cfectu.
2387 3193 2542 3248 Tunc
2567 3191 2649 3247 illi
2680 3193 2820 3248 alios
2849 3209 3093 3259 rursum,
3128 3194 3286 3266 quasi
3300 3194 3658 3266 potentiores,
3677 3197 3779 3252 mi-

501 3294 718 3358 dentes,
769 3289 893 3344 alize
937 3287 1212 3360 praeibant
1258 3283 1566 3356 principem
1613 3299 1801 3348 suum,
1845 3283 1968 3338 alia;
2013 3301 2102 3338 se-
2184 3286 2398 3337 serunt.
2430 3282 2687 3354 Cumque
2715 3287 2772 3337 et
2803 3282 2884 3336 illi
2912 3282 3132 3354 fatigati
3161 3283 3538 3352 revertissent,
3573 3285 3777 3340 iterum

503 3381 857 3454 qucbantur:
893 3378 990 3450 qui
1029 3375 1286 3448 princeps
1338 3391 1552 3447 egrum,
1605 3378 1662 3427 et
1712 3373 2101 3443 magnitudine
2183 3371 2322 3425 alios
2347 3371 2714 3426 nihilominus
2744 3371 3088 3443 potentiores
3117 3390 3182 3427 ac
3211 3373 3647 3429 vehementiores
3676 3375 3776 3430 ad-

500 3470 785 3542 procerior
814 3467 1048 3532 cunctis,
1082 3471 1138 3519 et
1163 3468 1391 3535 aspectu
1429 3461 1739 3517 terribilior
1785 3461 2099 3517 videbatur.
2185 3477 2375 3515 versus
2404 3461 2645 3515 militem
2678 3461 2885 3516 Christi
2915 3461 3353 3528 destinaverunt,
3388 3463 3483 3533 qui
3511 3463 3649 3517 nihil
3677 3479 3776 3536 pe-

503 3561 755 3630 Cumqne
783 3557 842 3612 in
867 3556 1113 3628 quodam
1133 3553 1274 3608 solio
1297 3551 1701 3606 sublimissimo
1734 3551 2098 3618 consedisset,
2185 3549 2338 3604 nitus
2366 3550 2798 3622 praevaluerunt,
2827 3550 3070 3605 Antonio
3091 3551 3327 3605 viriliter
3345 3553 3674 3608 reluctante.
3699 3553 3776 3608 Eo

501 3648 940 3717 uniuscujusque
982 3649 1140 3698 actus
1184 3640 1441 3711 diligenti
1478 3640 1889 3694 examinatione
1937 3641 2105 3712 coepit
2187 3639 2378 3710 itaque
2402 3637 2543 3692 nihil
2572 3638 2926 3710 profecerunt
2953 3639 3095 3694 tales
3122 3637 3403 3711 tantaeque
3427 3657 3621 3696 eorum
3645 3640 3780 3695 insi-

500 3739 808 3804 discutere;
841 3735 1078 3804 illosque
1107 3731 1202 3802 qui
1233 3729 1474 3784 necdum
1502 3745 1561 3783 se
1591 3729 1992 3784 circumvenire
2035 3745 2104 3783 ae-

498 3829 680 3882 mulos
700 3842 832 3880 suos
860 3823 1110 3896 potuisse
1143 3819 1424 3886 dicebant,
1456 3819 1612 3872 velut
1636 3819 1868 3885 inertes,
1907 3835 1943 3872 a
1969 3835 2102 3874 con-

497 3922 692 3990 spectu
721 3931 823 3970 suo
850 3929 978 3969 cum
1002 3911 1216 3983 injuria
1239 3908 1476 3980 jubebat
1495 3908 1714 3980 expelli,
1746 3907 1928 3980 spatia
1955 3908 2102 3963 tanti

496 4005 768 4078 temporis
794 4009 850 4058 et
887 4018 1028 4074 opus
1055 3999 1302 4054 inaniter
1336 4014 1646 4069 expensum
1694 4014 1822 4052 cum
1871 3997 2100 4052 fremitu

497 4094 704 4150 furoris
732 4093 814 4147 eis
835 4089 1193 4164 exprobrans.
1222 4087 1354 4142 Illos
1381 4102 1512 4141 vero
1541 4086 1637 4158 qui
1667 4085 2005 4142 nuntiabant
2039 4104 2100 4142 se

497 4182 855 4253 consignatos
876 4178 981 4234 sibi
1015 4177 1275 4232 homines
1311 4175 1614 4248 decepisse,
1665 4175 1902 4230 summis
1921 4175 2099 4231 laudi-

497 4272 602 4328 bus
631 4285 760 4326 cum
798 4267 1169 4323 exsultatione
1198 4281 1263 4320 ac
1290 4264 1479 4319 favore
1509 4268 1857 4332 cunctorum,
1890 4269 1955 4320 ut
1981 4266 2096 4321 for-

2185 3727 2310 3794 dize,
2341 3732 2462 3782 tota
2487 3729 2706 3799 magica
2728 3734 2850 3782 arte
2880 3735 2937 3784 et
2976 3729 3361 3784 necromantia
3403 3729 3666 3801 quaesitis,
3715 3735 3776 3785 ut

2184 3834 2286 3888 per
2315 3818 2432 3871 haec
2461 3817 2874 3872 evidentissima
2899 3818 3331 3890 comprobarent
3370 3835 3634 3890 magnam
3660 3819 3774 3873 vir-

2182 3911 2362 3961 tutem
2393 3906 2574 3961 inesse
2604 3907 2932 3978 professioni
2953 3907 3420 3976 Christianorum,
3451 3908 3773 3980 quibusillze

2181 4001 2298 4050 tam
2329 4013 2484 4051 saevae
2502 3995 2714 4051 umbra:
2751 3997 2893 4051 nihil
2935 3997 3260 4062 Antonium,
3300 4013 3412 4052 non
3452 3998 3634 4053 solum
3685 3997 3776 4053 le-

2181 4085 2332 4152 dere,
2366 4085 2463 4140 sed
2491 4102 2594 4140 nec
2625 4091 2832 4157 puncto
2863 4085 3088 4158 quidem
3116 4087 3185 4142 de
3207 4086 3524 4143 habitacula
3551 4103 3655 4143 suo
3685 4103 3774 4142 va-

2179 4175 2408 4230 luerunt
2435 4174 2788 4246 perturbare.

2249 4263 2358 4319 Pro
2385 4265 2490 4320 hac
2521 4282 2654 4336 ergo
2685 4265 3057 4320 admiratione
3107 4266 3402 4338 stupefacti
3452 4265 3773 4341 philosophi

495 4359 740 4416 tissimos
761 4361 1122 4431 pugnatores,
1155 4354 1226 4408 ad
1249 4354 1565 4426 exemplum
1589 4359 1939 4423 cunctorum,
1979 4357 2097 4426 glo-
2181 4355 2361 4424 (lbid.,
2395 4371 2442 4410 c.
2481 4353 2585 4425 19),
2617 4354 2909 4410 confestim
2938 4355 3010 4410 ad
3038 4361 3294 4412 sanctum
3338 4356 3648 4413 Antonium
3684 4374 3775 4413 ve-

493 4449 832 4506 riosissimos
863 4461 1052 4502 coram
1081 4442 1343 4499 omnibus
1390 4442 1702 4498 emittebat.
1752 4445 1909 4500 Inter
1956 4462 2096 4516 quos
2178 4448 2403 4510 nerunt,
2437 4443 2926 4515 impugnationum
2953 4459 3185 4500 suarum
3216 4445 3666 4516 magnitudinem
3717 4453 3774 4501 et

493 4557 620 4596 cum
649 4537 878 4611 quidam
907 4534 1284 4607 nequissimus
1316 4532 1566 4604 spiritus,
1599 4538 1794 4605 utpote
1825 4517 2374 4606 magnuchausas
2402 4538 2570 4605 atque
2610 4533 2843 4588 insidias
2888 4533 3077 4589 livoris
3135 4534 3222 4590 sui
3268 4535 3318 4589 ei
3364 4535 3769 4606 patefecerunt,

490 4629 842 4701 triumphum
866 4625 1249 4690 nuntiaturus,
1283 4623 1462 4678 laztior
1502 4622 1836 4689 advenisset,
1887 4640 2094 4679 nomen
2177 4623 2528 4678 Christianos
2566 4641 2625 4678 se
2646 4623 2766 4678 ﬁeri
2789 4623 3046 4695 protinus
3075 4629 3463 4696 poposcerunt.
3515 4625 3772 4696 Cumque

491 4719 753 4775 monachi
781 4716 990 4790 optime
1021 4713 1234 4784 cogniti
1264 4712 1593 4783 designavit,
1613 4729 1868 4768 asserens
1892 4731 1952 4768 se
1965 4720 2094 4785 post
2175 4712 2326 4767 diem
2353 4711 2548 4767 abillis
2578 4713 2811 4784 prodita:
2828 4713 3268 4784 impugnationis
3284 4713 3774 4785 requireret,indi-

492 4809 739 4881 quinque
767 4808 1064 4876 [0assian.,
1090 4802 1434 4874 quindecim]
1464 4818 1660 4868 annos,
1704 4802 1907 4874 quibus
1961 4820 2090 4858 eum
2174 4808 2475 4871 caverunt;
2501 4803 2745 4858 asseruit
2770 4808 2957 4874 autem
2979 4820 3037 4858 se
3058 4803 3256 4857 beatus
3293 4803 3569 4858 Antonius
3609 4819 3771 4858 ama-

484 4897 703 4969 jugiter
731 4893 1032 4959 obsideret,
1062 4893 1153 4946 vix
1184 4891 1380 4946 eadem
1409 4896 1572 4945 nocte
1592 4890 1648 4944 in
1670 4891 1892 4946 ruinam
1913 4893 2089 4947 forni-
2171 4891 2408 4947 rissimis
2436 4892 2838 4964 cogitationum
2853 4891 3092 4947 stimulis
3107 4897 3242 4947 tunc
3267 4891 3436 4946 fuisse
3457 4891 3770 4964 pulsatum.

489 4985 724 5042 cationis
757 4983 1036 5038 mersisse.
1073 4982 1255 5052 Super
1291 4981 1451 5050 cujus
1489 4979 1762 5034 relatione
1804 4997 1932 5035 cum
1979 4981 2088 5036 im-
2242 4981 2516 5036 Eumdem
2546 4981 2775 5036 beatum
2797 4981 3105 5036 Antonium
3140 4981 3220 5036 ita
3261 4997 3672 5052 nonnunquam
3709 4980 3769 5035 in

489 5092 654 5132 mane
683 5078 1014 5129 cunctorum
1029 5069 1300 5141 gaudium
1315 5069 1514 5124 fuisset
1543 5074 1816 5135 exortum,
1853 5070 2087 5125 summis
2170 5071 2422 5126 oratione
2451 5071 2706 5126 novimus
2743 5071 3055 5143 perstitisse
3105 5071 3397 5139 (0assian.,
3446 5073 3641 5126 collat.
3689 5085 3770 5141 IX,

487 5183 521 5223 a
572 5163 824 5239 principe
867 5176 1064 5215 eorum
1108 5157 1370 5214 laudibus
1421 5159 1690 5224 elevatus,
1751 5159 2084 5230 magnisque
2167 5177 2283 5229 cap.
2327 5159 2438 5231 31),
2464 5166 2530 5215 ut
2557 5161 2755 5216 eodem
2794 5160 2854 5215 in
2896 5177 3124 5215 excessu
3174 5158 3380 5214 mentis
3435 5159 3772 5230 frequenter

487 5253 779 5329 praeconiis
807 5255 1106 5306 coronatus
1135 5247 1422 5302 abscessit.
1449 5249 1668 5302 Aurora
1683 5247 1873 5319 itaque
1892 5265 2084 5320 super—
2165 5255 2379 5314 orante,
2407 5266 2536 5304 cum
2565 5250 2698 5305 solis
2731 5255 2887 5306 ortus
2915 5249 3174 5322 ccepisset
3220 5249 3458 5314 infundi,
3508 5249 3768 5303 audiet-ie

484 5345 762 5410 veniente,
794 5357 923 5398 cum
954 5338 1137 5395 omnis
1167 5337 1471 5392 multitudo
1489 5338 1807 5392 daemonum
1823 5337 1892 5391 ab
1905 5337 2080 5392 oculis
2163 5355 2290 5393 mus
2318 5355 2449 5393 eum
2469 5339 2528 5394 in
2544 5340 2758 5395 fervore
2781 5339 3012 5412 spiritus
3034 5339 3114 5394 sic
3132 5338 3591 5410 proclamantem:
3614 5337 3773 5402 Quid

484 5437 608 5506 ejus
635 5431 969 5496 evanuisset,
1005 5427 1269 5483 dubitans
1296 5426 1470 5481 frater
1512 5427 1606 5480 ille
1653 5427 1723 5480 de
1771 5428 2080 5482 assertione
2163 5444 2253 5482 me
2273 5427 2530 5499 impedis,
2565 5429 2668 5496 sol,
2709 5429 2807 5500 qui
2835 5429 2906 5484 ad
2926 5429 3032 5484 hoc
3063 5427 3246 5495 oriris,
3279 5431 3344 5482 ut
3367 5443 3458 5482 me
3485 5425 3557 5481 ab
3587 5426 3771 5499 hujus

485 5523 714 5596 spiritus
742 5518 1040 5586 immundi,
1073 5532 1292 5572 memor
1308 5516 1482 5570 etiam
1503 5516 1832 5586 evangelicae
1857 5523 2080 5572 senten-
2161 5517 2274 5572 veri
2304 5517 2534 5574 luminis
2564 5518 2859 5575 abstrahas
2882 5519 3155 5574 claritate.

482 5612 594 5680 tiae,
617 5611 766 5686 quod
791 5611 851 5666 in
877 5609 1113 5670 veritate
1141 5622 1254 5662 non
1285 5605 1460 5674 stetit,
1500 5608 1558 5659 et
1589 5605 1722 5677 quia
1748 5621 1861 5662 non
1893 5611 2076 5664 estve-
