3876 6412
879 399 1729 578 VERBA
1661 401 3196 691 ﬂORUM.

877 782 1223 840 LIBELLUS
1251 783 1542 839 PRIMUS.

891 875 966 928 De
991 873 1239 943 profectu
1271 875 1528 928 Patrum.

490 967 682 1031 ιδῃ
718 962 766 1022 1.
795 961 1168 1034 Interrogavit
1185 961 1413 1034 quidam
1429 959 1691 1016 abbatem
1705 955 2015 1014 Antonium

418 1055 650 1123 (Ra/“ﬁn.
663 1093 676 1120 ,
688 1053 725 1107 ι.
739 1065 820 1119 III,
839 1068 898 1108 η.
919 1048 1276 1122 108),dicens:
1296 1050 1443 1116 Quid
1453 1047 1774 1106 custodiens
1785 1045 2016 1119 placebo

421 1142 566 1200 Deo?
576 1140 651 1198 Et
671 1141 1014 1215 respondens
1031 1157 1202 1196 senex
1213 1139 1354 1197 dixit
1368 1155 1382 1196 :
1405 1139 1540 1205 Quae
1553 1138 1760 1193 mando
1771 1135 1896 1202 tibi,
1923 1152 2017 1190 cu-

424 1231 944 1304 stodi.Quocunque
952 1230 1313 1298 vadis,Deum
1324 1245 1546 1301 semper
1558 1226 1703 1282 habe
1719 1241 1833 1299 prae
1846 1223 2020 1280 oculis

423 1321 566 1378 tuis:
601 1321 737 1376 etin
765 1320 853 1376 his
881 1335 1004 1392 quae
1023 1319 1164 1391 agis,
1179 1317 1384 1375 adhibe
1405 1316 1860 1373 testiﬁcationem
1894 1330 2022 1368 san-

427 1415 650 1469 ctarum
669 1409 1107 1482 Scripturarum;
1131 1413 1188 1464 et
1210 1407 1270 1464 in
1293 1423 1628 1481 quocunque
1651 1406 1771 1461 loco
1785 1403 2018 1470 sederis,

429 1517 544 1560 non
570 1499 680 1557 cito
707 1499 1003 1556 movearis.
1034 1499 1166 1555 Haec
1183 1497 1294 1554 tria
1323 1497 1564 1563 custodi,
1597 1500 1656 1550 et
1680 1495 1864 1550 salvus
1887 1493 2018 1548 eris.

499 1589 556 1649 2.
578 1589 953 1661 Interrogavit
986 1587 1160 1644 abbas
1186 1586 1397 1644 Pambo
1425 1585 1685 1641 abbatem
1715 1584 2023 1639 Antonium

433 1681 697 1752 (Append.
723 1681 980 1747 Martini,
1013 1694 1073 1734 η.
1096 1677 1208 1748 54),
1231 1677 1451 1733 dicens:
1482 1673 1882 1741 Quidfaciam?
1919 1674 2025 1728 Re-

432 1769 661 1845 spondit
687 1768 739 1825 ei
764 1785 953 1824 senex:
983 1767 1112 1825 Noli
1132 1767 1326 1824 essein
1353 1771 1456 1823 tua
1470 1764 1696 1838 justitia
1709 1763 2016 1831 conﬁdens;

431 1876 616 1934 neque
641 1857 966 1933 paenitearis
992 1858 1062 1913 de
1090 1873 1152 1914 re
1175 1860 1479 1924 transacta,
1505 1860 1562 1910 et
1589 1853 1886 1910 continens
1906 1859 2026 1908 esto

431 1948 638 2020 linguae
661 1950 774 2004 tua:
801 1950 861 2002 et
887 1944 1116 2001 ventris.

507 2036 567 2093 3.
587 2035 744 2093 Dixit
759 2038 987 2091 sanctus
1016 2035 1355 2106 Gregorius:
1389 2031 1534 2098 Quia
1558 2031 1677 2086 hec
1715 2029 1829 2085 tria
1855 2027 2028 2100 exigit

433 2129 586 2188 Deus
596 2125 667 2182 ab
687 2125 843 2182 omni
855 2125 1085 2182 homine
1099 2124 1197 2198 qui
1212 2129 1299 2181 est
1307 2121 1651 2195 baptismum
1661 2124 2024 2176 consecutus:

2043 2173 2094 2236 B

2023 775 2078 836 Α
2097 773 2356 829 castitate
2374 773 2568 840 animi,
2599 773 2661 828 in
2688 773 3047 848 perceptione
3074 774 3206 831 boni
3233 792 3362 832 cum
3393 779 3606 850 quiete,
3637 785 3693 834 et

2097 879 2267 934 opere
2315 879 2590 919 manuum
2604 868 2878 932 tuarum;
2929 863 2990 919 in
3017 866 3312 922 nocturnis
3363 867 3594 939 vigiliis,
3633 869 3694 924 in

2098 951 2247 1007 fame
2275 958 2330 1007 et
2357 951 2469 1018 siti,
2503 953 2564 1006 in
2595 952 2802 1023 frigore
2826 958 2885 1008 et
2903 953 3176 1021 nuditate,
3199 955 3258 1010 in
3277 955 3582 1023 laboribus,
3611 958 3691 1012 in-

2101 1042 2225 1096 clud
2233 1058 2332 1096 ens
2355 1046 2413 1096 te
2434 1041 2690 1113 sepulcro
2705 1047 2974 1113 tanquam
2999 1044 3120 1113 jam
3131 1049 3408 1114 mortuus,
3433 1050 3497 1100 ut
3513 1046 3696 1100 videa-

2100 1137 2198 1186 tur
2219 1130 2324 1185 tibi
2353 1147 2476 1186 esse
2506 1131 2760 1202 proxima
2791 1147 2943 1186 mors
2973 1132 3128 1187 omni
3156 1133 3268 1187 die.

2173 1221 2225 1276 9.
2258 1219 2410 1276 Dixit
2427 1219 2599 1275 abbas
2615 1221 2822 1292 Joseph
2849 1221 2932 1294 (6)
2948 1221 3219 1276 Thebaeus
3246 1240 3258 1276 :
3289 1223 3434 1288 Quia
3456 1229 3572 1279 tres
3599 1241 3691 1280 or-

2104 1310 2264 1366 dines
2275 1315 2410 1366 sunt
2429 1309 2787 1365 honorabiles
2812 1311 2872 1364 in
2885 1318 3186 1382 conspectu
3205 1313 3451 1368 Domini.
3475 1314 3696 1368 Primus

2105 1405 2210 1466 est,
2230 1401 2455 1472 quando
2470 1400 2638 1455 homo
2652 1399 2991 1468 infirmatur,
3007 1405 3065 1456 et
3081 1401 3426 1472 adjiciuntur
3448 1403 3499 1458 ei
3519 1409 3700 1458 tenta-

2105 1490 2307 1556 tiones,
2327 1495 2385 1544 et
2401 1506 2530 1545 cum
2547 1489 2861 1561 gratiarum
2873 1491 3092 1545 actione
3112 1492 3346 1564 suscipit
3360 1509 3472 1548 eas.
3497 1494 3702 1549 Secun-

2107 1583 2212 1637 dus
2237 1584 2428 1634 autem
2450 1585 2554 1648 est,
2586 1579 2810 1650 quando
2827 1579 3030 1651 aliquis
3045 1579 3235 1635 omnia
3252 1597 3425 1654 opera
3443 1599 3545 1637 sua
3565 1583 3696 1638 facit

2106 1670 2320 1726 munda
2346 1685 2538 1724 coram
2565 1668 2702 1736 Deo,
2727 1669 2868 1724 nihil
2895 1668 3106 1725 habens
3123 1671 3454 1734 humanum.
3476 1673 3696 1728 Tertius

2117 1776 2268 1827 vero,
2301 1759 2527 1830 quando
2546 1758 2750 1830 aliquis
2775 1759 2934 1814 sedet
2961 1759 3022 1814 in
3040 1759 3387 1832 subjectione
3415 1765 3476 1816 et
3495 1779 3702 1834 praece-

2109 1851 2222 1923 ptis
2237 1849 2421 1904 Patris
2440 1847 2776 1921 spiritualis,
2798 1853 2855 1904 et
2868 1849 3128 1906 omnibus
3146 1851 3388 1924 propriis
3406 1851 3698 1908 renuntiat

2107 1937 2510 1996 voluntatibus.

2183 2028 2269 2087 10.
2301 2029 2567 2084 Narravit
2593 2027 2766 2085 abbas
2786 2029 3089 2086 Cassianus
3108 2031 3178 2086 de
3209 2033 3453 2104 quodam
3490 2033 3704 2088 Joanne

2114 2119 2440 2192 abbate,qui
2459 2124 2582 2175 erat
2595 2119 2812 2192 primus
2825 2121 3294 2193 congregationis,
3305 2123 3454 2195 quod
3467 2139 3707 2194 magnus

433 2217 493 2274 id
523 2221 627 2286 est,
650 2215 822 2272 ﬁdem
847 2219 1061 2272 rectam
1079 2231 1148 2271 ex
1169 2219 1293 2271 tota
1305 2213 1496 2270 anima
1515 2215 1575 2268 et
1591 2207 2094 2281 virtute,linguae"
2116 2210 2344 2284 quidem
2367 2209 2539 2265 fuerit
2563 2209 2626 2264 in
2657 2207 2772 2264 vita
2807 2226 2912 2266 sua
2969 2210 3267 2281 (Cassium,
3301 2213 3397 2267 lib.
3425 2227 3460 2264 v
3490 2215 3700 2280 Instit.,

441 2305 870 2373 continentiam,
891 2309 951 2360 et
966 2305 1285 2362 castitatem
1313 2302 1583 2376 corporis.
2042 2367 2050 2375 _

507 2397 540 2452 4
549 2437 561 2451 .
593 2395 747 2452 Dixit
760 2393 933 2451 abbas
949 2393 1218 2466 Evagrius
1237 2393 1312 2465 (l)
1329 2411 1341 2448 :
1363 2392 1510 2460 Quia
1523 2390 1789 2448 dicebant
1801 2389 2034 2462 quidam

437 2487 670 2544 Patrum
701 2485 852 2558 quod
873 2484 1072 2540 siccior
1092 2489 1150 2540 et
1167 2499 1282 2540 non
1299 2482 1592 2555 inaequalis
1611 2482 1692 2554 (2)
1703 2480 1880 2535 victus
1899 2479 2032 2534 cha-

443 2575 604 2632 ritati
629 2574 982 2646 conjunctus,
1027 2573 1195 2630 citius
1234 2572 1557 2628 introducat
1593 2570 1933 2628 monachum
1974 2569 2034 2623 in

439 2669 666 2739 portum
687 2662 1154 2737 impassibilitatis
1184 2661 1281 2734 (3).

509 2754 566 2809 5.
596 2754 812 2810 Iterum
825 2752 1000 2808 dixit:
1027 2751 1303 2808 Nuntiata
1315 2750 1492 2824 (4)est
1503 2752 1728 2807 cuidam
1758 2751 2034 2808 monacho

441 2859 600 2901 mors
619 2841 798 2915 patris
813 2841 922 2898 sui.
944 2841 1046 2898 Ille
1072 2845 1263 2896 autem
1281 2839 1362 2895 ait
1375 2841 1447 2896 ad
1473 2857 1602 2896 eum
1622 2840 1718 2912 qui
1738 2841 2037 2898 nuntiabat

441 2931 578 2989 sibi:
609 2931 834 3000 Desine,
857 2930 1060 3003 inquit,
1093 2929 1506 3004 blasphemare;
1526 2947 1686 2986 meus
1703 2931 1853 2986 enim
1875 2937 2037 3004 pater

439 3021 778 3079 immortalis
809 3026 913 3077 est.

513 3111 567 3168 6.
579 3111 732 3169 Dixit
743 3110 918 3167 abbas
931 3110 1210 3168 Macarius
1227 3109 1417 3167 abbati
1436 3111 1733 3167 Zachariae:
1751 3111 1852 3168 Dic
1872 3113 2033 3180 mihi,

443 3201 594 3276 quod
643 3205 731 3256 est
759 3216 901 3273 opus
929 3199 1227 3256 monachi?
1268 3199 1422 3256 Dixit
1445 3200 1523 3256 ei:
1559 3201 1650 3256 Me
1694 3201 2033 3273 interrogas,

441 3290 720 3349 PaterYEt
737 3289 940 3346 dixitei
957 3288 1130 3345 abbas
1149 3289 1458 3347 Macarius:
1489 3289 1689 3346 Certus
1713 3307 1839 3346 sum
1859 3291 1930 3346 de
1957 3297 2032 3359 te,

441 3381 526 3439 ﬁli
538 3379 826 3448 Zacharia,
857 3385 946 3436 est
970 3379 1123 3436 enim
1146 3379 1244 3452 qui
1272 3396 1364 3435 me
1377 3379 1568 3452 pulsat
1602 3384 1668 3436 ut
1695 3379 2040 3452 interrogem

443 3479 520 3528 te.
546 3470 701 3527 Dixit
717 3469 772 3525 ei
795 3469 1122 3525 Zacharias:
1155 3469 1444 3535 Quantum
1471 3470 1543 3525 ad
1574 3487 1681 3538 me,
1715 3470 1904 3538 Pater,
1934 3472 2040 3527 hoc

444 3564 583 3634 puto
595 3558 864 3632 quoniam
874 3559 1194 3632 quicunque
1221 3559 1589 3632 semetipsum
1608 3560 2038 3617 necessitatibus

445 3648 752 3722 subjecerit
777 3654 948 3722 atque
970 3649 1236 3721 coegerit,
1250 3649 1371 3722 ipse
1391 3655 1476 3705 est
1489 3650 1822 3706 monachus.

518 3737 572 3796 7.
605 3737 878 3796 Dicebant
911 3739 982 3794 de
1009 3737 1214 3794 abbate
1242 3739 1554 3808 Theodoro,
1583 3741 1675 3796 cui
1713 3745 1800 3795 est
1822 3757 2042 3814 praeno-

446 3845 580 3890 men
607 3829 678 3886 de
701 3829 942 3886 Pherme
963 3829 1064 3904 (5),
1097 3828 1194 3902 qni
1220 3829 1343 3885 haec
1369 3829 1482 3885 tria
1508 3830 1752 3902 capitula
1778 3830 2044 3888 habuerit

447 3937 622 3994 supra
647 3919 874 3988 multos,
913 3919 973 3976 id
1020 3923 1124 3988 est,
1157 3919 1300 3975 nihil
1325 3919 1668 3992 possidendi,
1699 3919 2038 3990 abstinendi,

449 4009 710 4066 homines
738 4009 1012 4081 fugiendi.

517 4095 576 4156 8.
598 4097 750 4154 Dixit
767 4096 941 4153 abbas
957 4099 1202 4154 Joannes
1218 4099 1415 4154 Nanus
1441 4115 1452 4152 :
1475 4100 1592 4171 Ego
1619 4100 1743 4156 volo
1757 4101 2047 4156 hominem

450 4204 520 4245 ex
529 4185 793 4243 omnibus
814 4186 1116 4242 virtutibus
1125 4187 1432 4260 percipere.
1457 4189 1655 4261 Itaque
1675 4205 1777 4262 per
1796 4190 2047 4262 singulos

449 4277 573 4334 dies
593 4291 830 4348 surgens
845 4276 1109 4345 mane,de
1130 4277 1283 4333 omni
1296 4277 1503 4334 virtute
1521 4294 1683 4335 sume
1699 4279 2041 4354 principium

451 4371 511 4424 et
534 4365 867 4423 mandatum
890 4365 994 4422 Dei
1021 4367 1239 4422 custodi
1264 4367 1326 4422 in
1355 4383 1562 4440 magna
1589 4369 1882 4441 patientia,
1913 4387 2042 4427 cum

450 4457 657 4513 timore
677 4459 734 4511 et
750 4455 1200 4528 longanimitate,
1231 4456 1292 4512 in
1319 4457 1594 4514 charitate
1625 4459 1747 4528 Dei,
1779 4476 1908 4516 cum
1920 4478 2049 4534 pro-

449 4547 634 4619 posito
662 4545 866 4602 animae
917 4551 975 4602 et
1037 4545 1306 4618 corporis,
1359 4552 1418 4603 et
1473 4547 1794 4606 humilitate
1842 4550 2041 4608 multa:

449 4635 514 4693 in
557 4635 850 4708 patientia,
905 4635 967 4692 in
1022 4635 1386 4693 tribulatione
1443 4638 1629 4694 cordis
1681 4645 1740 4695 et
1791 4638 2046 4696 observa-

451 4725 648 4793 tionis,
681 4725 742 4782 in
769 4725 1023 4782 oratione
1063 4725 1246 4782 multa
1269 4731 1328 4782 et
1367 4729 1884 4800 supplicationibus,
1917 4747 2047 4786 cum

2113 2316 2232 2372 cap.
2249 2298 2360 2369 28).
2387 2299 2492 2354 Hic
2511 2303 2701 2354 autem
2721 2315 2852 2355 cum
2871 2299 3182 2364 moriturus
3195 2306 3342 2356 esset
3359 2305 3418 2356 et
3431 2301 3706 2357 discessu-

2113 2407 2213 2448 rus
2224 2405 2354 2446 cum
2375 2387 2661 2445 hilaritate
2676 2393 2733 2444 et
2750 2389 3038 2462 preposito
3060 2391 3266 2446 mentis
3286 2391 3357 2445 ad
3376 2391 3703 2459 Dominum,

2115 2480 2610 2537 circumsteterunt
2635 2495 2764 2534 eum
2787 2479 3009 2548 fratres,
3041 2486 3304 2552 rogantes
3343 2479 3578 2536 verbum
3605 2480 3712 2536 ali-

2119 2571 2268 2644 quod
2284 2571 2744 2643 compendiosum
2764 2575 2822 2626 et
2838 2571 3084 2626 salutare
3104 2572 3224 2626 loco
3241 2571 3587 2627 haereditatis
3598 2571 3707 2626 sibi

2117 2660 2188 2716 ab
2217 2661 2415 2717 eodem
2436 2660 2699 2732 relinqui,
2728 2677 2830 2732 per
2858 2660 3008 2732 quod
3037 2666 3266 2732 possent
3291 2661 3594 2716 ascendere
3633 2661 3705 2715 ad

2118 2750 2538 2825 perfectionem,
2580 2767 2703 2822 quae
2735 2755 2822 2804 est
2843 2750 2903 2804 in
2932 2749 3177 2805 Christo.
3207 2751 3307 2806 Ille
3327 2755 3516 2806 autem
3547 2750 3709 2822 inge-

2115 2842 2380 2909 miscens,
2412 2840 2493 2895 ait
2519 2857 2530 2894 :
2561 2839 2868 2911 Nunquam
2895 2839 3002 2894 feci
3030 2840 3318 2912 propriam
3341 2841 3710 2906 voluntatem,

2117 2949 2220 2988 nec
2251 2931 2501 3004 aliquem
2530 2930 2694 2986 docui
2722 2929 3054 3002 quidquam,
3087 2931 3237 3002 quod
3266 2947 3368 3002 ego
3397 2930 3552 3002 prius
3590 2931 3712 3002 ipse

2117 3037 2231 3078 non
2251 3021 2500 3077 fecerim.

2188 3111 2281 3168 11.
2315 3111 2514 3173 Frater
2556 3110 2930 3182 interrogavit
2958 3125 3170 3178 senem,
3201 3110 3392 3166 dicens
3421 3129 3432 3164 :
3461 3110 3594 3175 Quae
3621 3127 3712 3164 res

2120 3203 2202 3258 sic
2232 3199 2380 3256 bona
2408 3205 2511 3270 est,
2539 3217 2710 3274 quam
2736 3201 2960 3268 faciam,
2993 3205 3050 3255 et
3065 3199 3246 3255 vivam
3273 3200 3333 3254 in
3349 3200 3460 3254 ea?
3489 3200 3557 3254 Et
3573 3200 3718 3254 dixit

2121 3309 2322 3347 senex:
2349 3292 2504 3347 Deus
2531 3292 2682 3346 solus
2710 3291 2830 3357 scit,
2865 3290 3015 3363 quod
3034 3290 3246 3346 bonum
3267 3296 3370 3357 est;
3403 3290 3500 3344 sed
3519 3297 3713 3344 tamen

2121 3381 2308 3437 audivi
2323 3382 2456 3454 quia
2467 3381 2836 3452 interrogavit
2850 3397 2997 3436 unus
3010 3381 3240 3434 Patrum
3252 3379 3511 3434 abbatem
3531 3379 3715 3434 Niste—

2061 3500 2106 3564 ο
2119 3488 2316 3528 ronem
2345 3487 2634 3542 magnum,
2653 3471 2749 3542 qui
2769 3476 2892 3525 erat
2914 3470 3128 3524 amicus
3153 3469 3372 3524 abbatis
3385 3469 3634 3534 Antonii,
3653 3472 3720 3523 et

2121 3561 2262 3618 dixit
2281 3561 2333 3616 ei
2357 3579 2370 3615 :
2415 3561 2578 3625 Quod
2613 3577 2754 3632 opus
2783 3565 2870 3614 est
2896 3559 3104 3614 bonum
3133 3565 3195 3614 ut
3223 3558 3470 3614 faciam?
3513 3559 3583 3613 Et
3610 3558 3712 3612 ille

2123 3651 2415 3725 respondit
2433 3651 2512 3707 ei:
2540 3652 2668 3706 Non
2697 3655 2830 3706 sunt
2850 3666 3021 3722 opera
3048 3649 3238 3704 omnia
3265 3647 3519 3720 aequalia.
3561 3647 3716 3702 Scri-

2124 3749 2293 3816 ptura
2319 3741 2455 3798 dicit
2463 3743 2488 3812 f
2491 3741 2621 3798 Gen.
2635 3746 2813 3807 xxiii):
2829 3739 2973 3804 Quia
2983 3739 3266 3794 Abraham
3285 3737 3576 3810 hospitalis
3585 3736 3712 3791 fuit.

2127 3840 2186 3890 et
2203 3834 2352 3890 Deus
2364 3837 2486 3887 erat
2497 3847 2625 3886 cum
2646 3833 2838 3898 ωε
2849 3846 2932 3884 eo.
2942 3830 3010 3884 Et
3030 3829 3180 3884 Elias
3191 3827 3456 3899 diligebat
3470 3826 3720 3898 quietem

2129 3929 2186 3980 et
2211 3924 2362 3979 Deus
2377 3926 2499 3977 erat
2519 3937 2647 3976 cum
2667 3937 2752 3976 eo.
2777 3920 2846 3974 Et
2864 3918 3041 3974 David
3070 3917 3300 3974 humilis
3317 3921 3456 3982 erat,
3489 3921 3547 3970 et
3567 3916 3720 3970 Deus

2128 4018 2250 4069 erat
2268 4012 2548 4084 cumipso.
2565 4011 2728 4076 Quod
2743 4025 2876 4080 ergo
2888 4009 3040 4063 vides
3059 4008 3366 4064 secundum
3377 4007 3558 4062 Deum
3577 4005 3720 4060 velle

2129 4104 2376 4160 animam
2395 4108 2576 4168 tuam,
2607 4101 2712 4154 hoc
2732 4099 2838 4166 fac,
2873 4103 2929 4153 et
2943 4097 3160 4154 custodi
3189 4113 3284 4152 cor
3299 4102 3462 4152 tuum
3490 4136 3504 4149 .

2199 4192 2290 4250 12.
2323 4191 2475 4247 Dixit
2505 4189 2675 4246 abbas
2696 4190 2925 4244 Pastor:
2961 4188 3106 4253 Quia
3124 4187 3424 4251 custodire,
3443 4189 3502 4240 et
3517 4191 3722 4241 semet-

2129 4285 2313 4358 ipsum
2334 4282 2708 4349 considerare,
2730 4285 2788 4334 et
2805 4279 3202 4335 discretionem
3217 4276 3442 4344 habere,
3465 4275 3581 4331 haec
3611 4275 3724 4331 tria

2131 4375 2486 4446 operationes
2507 4376 2639 4426 sunt
2649 4371 2874 4426 animae.

2211 4462 2290 4522 l3.
2306 4465 2504 4518 Frater
2515 4461 2746 4534 quidam
2770 4459 3139 4531 interrogavit
3156 4475 3304 4526 eum,
3328 4457 3544 4512 dicens:
3569 4455 3722 4520 Quo-

2131 4554 2298 4610 modo
2327 4552 2492 4608 debet
2518 4552 2686 4606 homo
2715 4550 3071 4605 conversari?
3098 4546 3405 4620 Respondit
3433 4546 3484 4601 ei
3505 4561 3676 4600 senex
3701 4563 3714 4598 :

2135 4644 2391 4700 Vidimus
2431 4641 2742 4708 Danielem,
2778 4639 2910 4711 quia
2934 4655 3048 4694 non
3074 4645 3159 4692 est
3185 4639 3413 4692 inventa
3440 4634 3720 4690 accusatio

2133 4736 2274 4806 ejus,
2307 4732 2416 4788 nisi
2445 4731 2516 4786 de
2543 4730 2768 4785 servitio
2789 4729 2940 4800 quod
2969 4727 3264 4782 exhibebat
3291 4727 3406 4781 Deo
3438 4741 3559 4780 suo.

451 4813 800 4887 gemitibus:
851 4815 913 4870 in
960 4816 1209 4887 puritate
1262 4822 1320 4872 et
1365 4818 1646 4874 munditia
1701 4819 1926 4892 linguae,
1996 4825 2120 4890 etD
2203 4823 2294 4878 14.
2326 4821 2478 4877 Dixit
2513 4821 2746 4875 iterum:
2785 4819 2933 4884 Quia
2959 4823 3284 4890 paupertas,
3316 4814 3624 4882 tribulatio,
3667 4819 3724 4868 et

452 4903 709 4960 custodia
759 4904 1070 4973 oculorum,
1102 4905 1371 4978 injuriam
1400 4908 1637 4980 patiens,
1699 4914 1758 4964 et
1785 4926 1898 4966 non
1943 4910 2052 4966 ira-

454 5007 662 5060 scens;
720 4992 1006 5064 paciﬁcus,
1084 5000 1143 5049 et
1194 5011 1309 5051 non
1372 4997 1614 5054 reddens
1677 5000 1892 5055 malum
1948 5016 2051 5072 pro

453 5082 636 5152 malo;
686 5098 801 5138 non
855 5082 1150 5140 attendens
1202 5085 1270 5141 ad
1335 5086 1474 5143 vitia
1529 5088 1772 5145 aliorum
1797 5133 1813 5156 ,
1869 5107 2052 5162 neque

453 5172 702 5247 teipsum
722 5173 994 5241 exaltans;
1011 5173 1109 5229 sed
1129 5179 1249 5231 esto
1269 5175 1526 5233 subditus
1539 5183 1596 5234 et
1613 5179 1884 5234 humilior
1897 5183 2050 5237 omni

455 5268 747 5330 creaturae,
778 5261 1156 5318 renuntiando
1189 5265 1342 5320 omni
1387 5267 1638 5324 materiae
1667 5270 1963 5342 corporali,
1997 5278 2054 5328 et

457 5351 545 5408 his
563 5367 689 5424 qua:
712 5351 1027 5408 secundum
1049 5369 1278 5410 carnem
1303 5360 1455 5423 sunt,
1481 5357 1541 5412 in
1560 5358 1832 5425 cruciatu,
1853 5361 1914 5416 in
1937 5378 2054 5418 cer-

455 5441 692 5510 tamine,
717 5441 779 5498 in
807 5441 1126 5501 humilitate
1150 5445 1402 5518 spiritus,
1434 5446 1494 5501 in
1514 5445 1661 5502 bona
1689 5450 1974 5508 voluntate
1995 5458 2053 5508 et

459 5529 800 5587 abstinentia
825 5532 1105 5605 spirituali
1137 5553 1150 5602 ;
1195 5534 1255 5590 in
1293 5536 1528 5608 jejunio,
1559 5537 1620 5593 in
1667 5539 1960 5612 patientia,
1991 5542 2051 5600 in

461 5619 618 5688 ﬂetu,
647 5620 706 5680 in
730 5623 1036 5682 certamine
1057 5641 1279 5700 pugnae,
1302 5624 1361 5684 in
1380 5627 1714 5688 discretione
1739 5631 1957 5702 judicii,
1990 5631 2049 5692 in

2132 4909 2414 4980 discretio,
2445 4911 2531 4966 hae
2558 4915 2691 4965 sunt
2718 4908 3072 4981 Operationcs
3111 4905 3374 4962 solitaria
3405 4905 3530 4960 vitae
3565 4905 3721 4976 (App.

2135 5007 2325 5071 Mart,
2359 5019 2518 5057 num.
2539 5000 2594 5068 8,
2645 5003 2808 5054 titulo
2835 4997 3081 5069 Mog/sis).
3117 4996 3400 5068 Scriptum
3466 5000 3552 5048 est
3571 4993 3723 5048 enim

2133 5094 2351 5164 (Ezech.
2384 5091 2489 5162 xxv)
2513 5110 2523 5144 :
2560 5089 2704 5155 Quia
2732 5089 2778 5142 si
2807 5088 3016 5144 fuerint
3043 5087 3099 5141 hi
3127 5092 3244 5140 tres
3271 5085 3394 5151 viri,
3426 5085 3565 5149 Noe,
3599 5082 3720 5150 Job,

2135 5189 2192 5240 et
2220 5182 2418 5238 Daniel
2441 5201 2452 5236 :
2485 5181 2607 5236 Noe
2634 5194 2934 5252 personam
2951 5175 3124 5231 habet
3136 5175 3276 5230 nihil
3295 5172 3720 5246 possidentium,

2134 5272 2237 5328 Job
2267 5276 2456 5327 autem
2485 5285 2782 5342 personam
2797 5265 3214 5334 tribulantium,
3234 5254 3428 5320 Daniel
3450 5278 3580 5316 vero
3609 5261 3723 5316 dis-

2133 5361 2502 5419 ccrnentium.
2547 5361 2606 5414 Si
2656 5375 2788 5429 ergo
2831 5363 2965 5412 sunt
2992 5357 3077 5412 hae
3121 5361 3237 5410 tres
3265 5353 3510 5408 actiones
3531 5352 3589 5407 in
3621 5352 3722 5408 ho-

2133 5453 2304 5518 mine,
2333 5452 2482 5520 Deus
2511 5449 2729 5504 habitat
2758 5449 2817 5502 in
2852 5463 2937 5503 eo.

2203 5543 2291 5596 15.
2323 5541 2475 5596 Dixit
2518 5539 2691 5594 abbas
2727 5541 2954 5594 Pastor:
2991 5535 3133 5601 Quia
3171 5535 3217 5590 si
3245 5535 3384 5589 duas
3417 5549 3506 5588 res
3540 5531 3722 5587 oderit

2132 5631 2460 5697 monachus,
2484 5635 2670 5704 potest
2689 5629 2832 5686 liber
2853 5645 2974 5686 esse
2995 5627 3064 5684 ab
3094 5627 3199 5683 hoc
3224 5624 3453 5682 mundo.
3488 5623 3559 5680 Et
3587 5622 3726 5678 dixit
