3876 6378
134 331 246 389 857

132 548 595 621 repausationem
613 552 669 601 et
688 562 888 601 vanam
908 546 1167 617 gloriam.

212 637 299 693 l6.
335 636 606 693 Dicebant
634 637 703 690 de
731 635 933 690 abbate
958 634 1171 690 Pambo
1200 635 1461 706 (Rufﬁn.,
1495 638 1532 690 ι.
1563 647 1644 701 lu,
1679 651 1736 692 η.

138 725 287 794 160),
314 726 520 799 quiain
544 726 667 797 ipsa
694 726 834 780 hora
863 742 973 798 qua
1000 724 1320 781 discedebat
1348 741 1414 778 ex
1456 724 1561 778 hac
1605 723 1735 791 vita,

128 817 278 871 dixit
306 815 619 870 astantibus
648 815 753 870 sibi
782 815 916 869 viris
933 815 1137 868 sanctis
1163 832 1174 868 :
1209 813 1354 878 Quia
1383 831 1449 867 ex
1473 830 1582 885 quo
1614 813 1737 867 veni

126 906 192 960 in
221 907 575 960 hunclocum
603 904 940 971 solitudinis,
972 910 1029 959 et
1059 903 1319 958 fabricavi
1348 903 1486 957 mihi
1517 904 1734 969 cellam,

130 1001 192 1050 et
216 995 482 1061 habitavi,
501 1000 658 1049 extra
676 994 923 1048 laborem
939 1010 1209 1048 manuum
1230 1009 1483 1047 mearum
1504 1010 1616 1047 non
1654 1010 1738 1047 re-

128 1085 258 1139 colo
286 1101 377 1139 me
406 1084 711 1138 comedisse
731 1101 956 1155 panem,
982 1100 1163 1154 neque
1184 1082 1510 1153 paenituisse
1534 1083 1601 1136 de
1616 1100 1737 1136 ser-

125 1191 321 1240 mone,
356 1191 522 1245 quem
552 1175 770 1228 locutus
800 1190 925 1227 sum
955 1190 1133 1244 usque
1164 1172 1222 1226 in
1252 1173 1395 1226 hanc
1424 1172 1640 1225 horam.
1671 1172 1739 1226 Et

124 1263 213 1318 sic
247 1264 388 1317 vado
419 1264 489 1317 ad
518 1263 840 1327 Dominum,
876 1262 1154 1333 quomodo
1176 1261 1271 1332 qui
1296 1278 1397 1315 nec
1425 1261 1648 1315 initium
1666 1261 1740 1315 fe-

126 1352 308 1407 cerim
338 1352 613 1407 serviendi
651 1354 784 1406 Deo.

205 1460 298 1514 17.
330 1459 483 1514 Dixit
521 1458 692 1513 abbas
747 1459 953 1532 Sisois:
1006 1458 1137 1512 Esto
1188 1457 1641 1529 contemptibilis,
1684 1467 1741 1513 et

126 1550 451 1621 voluptates
479 1554 608 1603 tuas
636 1554 762 1620 post
788 1554 1012 1618 tergum
1039 1552 1199 1601 tuum
1240 1548 1449 1618 projice
1475 1567 1486 1613 ;
1518 1553 1575 1602 et
1618 1553 1737 1602 esto

127 1638 281 1693 liber
303 1645 361 1693 et
387 1655 615 1694 securus
646 1656 679 1692 a
700 1637 1057 1692 saecularibus
1079 1636 1245 1704 curis,
1280 1641 1337 1690 et
1364 1636 1595 1691 habebis
1647 1654 1737 1690 re-

131 1745 349 1800 quiem.

1441 328 1682 385 VERBA
1720 326 2112 385 SENIORUM.

130 457 347 514 frater:
380 458 516 523 Quae
537 461 670 512 sunt
697 457 818 512 istae
840 457 863 510 ?
889 458 959 512 Et
996 456 1137 510 dixit
1182 470 1385 510 senex:
1434 454 1737 510 Carnalem
1760 452 1812 515 Α

3315 334 3418 392 858

2229 456 2391 512 LIBE
2400 457 2579 514 LLUS
2609 458 3001 515 SECUNDUS.

2452 550 2526 603 De
2564 551 2759 618 quiete.

1899 635 1953 693 1,
1992 634 2149 691 Dixit
2177 634 2348 691 abbas
2362 637 2674 692 Antonius:
2706 637 3073 711 Sicutpisces,
3101 638 3419 693 sitardave-

1826 729 1942 779 rint
1970 725 2028 779 in
2057 726 2224 792 sicco,
2251 726 2601 795 moriuntur;
2634 727 2715 781 ita
2742 732 2799 781 et
2833 728 3091 783 monachi
3129 728 3418 782 tardantes

1821 818 1979 867 extra
1999 815 2215 881 cellam,
2248 818 2348 870 aut
2372 831 2502 870 cum
2513 815 2646 869 viris
2660 816 3415 879 smcularibusimmorantes,

1820 919 1855 955 a
1884 903 2091 973 quietis
2113 904 2395 975 proposito
2409 905 2769 960 revolvuntur
2800 905 2986 976 (Ra/ﬂ,
3019 909 3056 961 ι.
3093 920 3176 971 III,
3213 921 3271 959 η.
3295 902 3418 971 109,

1820 996 2043 1045 nomine
2070 994 2294 1060 Moysis;
2329 999 2378 1046 et
2408 996 2468 1047 in
2510 996 2889 1061 VitaAntom'i,
2906 1011 3024 1063 cap.
3059 993 3421 1065 52).Oportet

1820 1098 1952 1151 ergo
1982 1082 2127 1135 sicut
2154 1082 2429 1153 piscemin
2456 1083 2708 1149 mari,ita
2732 1089 2785 1138 et
2806 1100 2908 1138 nos
2923 1084 2994 1137 ad
3013 1084 3212 1138 cellam
3228 1098 3418 1137 recur-

1818 1187 1942 1224 rere
1960 1190 1971 1237 ;
1988 1188 2059 1225 ne
2088 1171 2231 1225 forte
2253 1172 2386 1225 foris
2396 1172 2706 1239 tardantes,
2722 1172 3114 1227 obliviscamur
3138 1171 3420 1228 interioris

1820 1260 2104 1315 custodiae.

1893 1348 1945 1405 2.
1963 1350 2329 1411 Dixititerum
2347 1369 2357 1404 :
2382 1351 2490 1416 Qui
2506 1352 2664 1405 sedet
2679 1351 2738 1405 in
2757 1351 3077 1418 solitudine,
3094 1355 3151 1405 et
3164 1350 3419 1421 quiescit,

1822 1457 1855 1493 a
1882 1438 2062 1493 tribus
2095 1439 2251 1493 bellis
2274 1440 2513 1511 eripitur
2537 1440 2621 1505 :id
2645 1444 2751 1507 est,
2783 1441 3028 1506 auditus,
3044 1439 3425 1506 locutionis,et

1821 1529 1971 1583 visus
1993 1548 2004 1595 ;
2023 1535 2079 1583 et
2090 1534 2286 1583 contra
2300 1546 2475 1584 unum
2494 1516 2885 1585 tantummodo
2896 1528 3126 1583 habebit
3151 1545 3419 1601 pugnam,

1823 1618 1877 1671 id
1909 1622 2012 1684 est,
2047 1619 2248 1673 cordis.

1896 1708 1947 1761 5.
1979 1707 2164 1762 Abbas
2193 1709 2461 1763 Arsenius
2485 1710 2649 1778 (Καθ’.
2675 1712 2713 1764 ι.
2743 1723 2893 1763 ιιι.η.
2920 1707 3063 1775 190),
3082 1724 3209 1763 cum
3237 1709 3421 1763 adhuc

216 1816 297 1875 18.
332 1816 520 1872 Abbas
549 1817 759 1871 Chame
788 1832 914 1870 cum
943 1821 1089 1869 esset
1118 1814 1734 1881 moriturus,dixitﬁliis
1764 1774 1972 1851 Bessct
1999 1797 2058 1851 in
2088 1798 2317 1869 Palatio:
2361 1798 2540 1852 omVit
2577 1798 2646 1852 ad
2676 1796 2999 1865 Dominum:
3045 1796 3265 1851 dicens:
3313 1796 3421 1851 Πο-

128 1907 285 1963 suis:
309 1908 494 1963 Nolite
514 1906 768 1961 habitare
786 1922 911 1961 cum
936 1904 1210 1959 haereticis
1235 1925 1247 1967 ;
1276 1920 1459 1975 neque
1480 1904 1734 1959 habeatis

129 1996 399 2051 notitiam
413 1996 669 2067 judicum
695 2015 707 2064 ;
742 2013 924 2066 neque
943 1994 1059 2048 sint
1082 2010 1284 2049 manus
1304 1998 1498 2049 vestrae
1528 1998 1736 2065 aperta:

131 2085 208 2139 ad
233 2085 448 2158 aliquid
467 2085 942 2157 congregandum,
959 2083 1057 2139 sed
1080 2083 1193 2138 sint
1212 2082 1389 2155 magis
1406 2088 1645 2138 extensae
1664 2084 1736 2138 ad

127 2174 519 2230 tribuendum.

206 2265 301 2321 19.
334 2265 532 2320 Frater
579 2264 946 2335 interrogavit
975 2279 1167 2317 senem
1200 2279 1213 2320 :
1255 2262 1544 2327 Quomodo
1588 2263 1739 2317 venit

129 2355 312 2410 timor
326 2354 426 2408 Dei
439 2354 496 2408 in
513 2353 801 2408 hominem
816 2352 841 2406 ‘?
855 2354 921 2407 Et
942 2352 1082 2407 dixit
1100 2368 1298 2406 senex:
1322 2351 1381 2406 Si
1392 2351 1561 2405 habet
1570 2351 1737 2407 homo

130 2443 517 2498 humilitatem
535 2447 591 2498 et
611 2446 1019 2514 paupertatem,
1037 2446 1224 2496 etnon
1239 2441 1455 2512 judicet
1472 2441 1732 2506 alterum,

130 2534 215 2590 sic
244 2532 398 2588 venit
423 2533 483 2588 in
513 2550 578 2587 eo
600 2533 771 2588 timor
795 2533 1017 2588 Domini
1046 2533 1291 2601 (Pasch.,
1324 2548 1369 2584 c.
1410 2529 1499 2598 21,
1552 2547 1608 2585 η.
1656 2529 1733 2593 ‘2).

206 2639 300 2699 20.
332 2641 482 2696 Dixit
510 2658 677 2696 senex
703 2660 714 2694 :
748 2640 959 2708 Timor,
993 2645 1050 2694 et
1076 2639 1385 2705 humilitas,
1428 2643 1484 2693 et
1515 2644 1736 2709 egestas

127 2732 485 2799 victualium,
511 2737 565 2787 et
583 2732 843 2803 planctus
866 2734 1134 2785 maneant
1161 2730 1221 2783 in
1240 2735 1297 2784 te
1325 2730 1553 2799 (Pasch.,
1578 2746 1622 2783 ς.
1646 2727 1736 2796 21,

133 2839 198 2877 n.
233 2821 313 2891 3).

204 2928 298 2985 ‘21.
328 2928 599 2983 Dicebant
625 2945 757 2999 ergo
778 2928 1008 2999 quidam
1036 2943 1235 2982 senum
1259 2945 1270 2981 :
1294 2927 1579 2998 Quidquid
1608 2927 1735 2982 odio

127 3018 330 3086 habes,
361 3020 457 3073 alii
485 3035 556 3073 ne
583 3018 752 3073 facias
777 3020 1036 3089 (Ruf/im,
1075 3020 1112 3072 ι.
1145 3031 1227 3083 III,
1263 3033 1319 3072 η.
1360 3015 1486 3084 153;
1519 3018 1732 3084 Paw/1.,

1817 1886 2180 1957 mine,dirige
2201 1904 2290 1941 me
2321 1888 2393 1942 ad
2409 1888 2667 1941 salutem.
2699 1888 2767 1941 Et
2786 1887 2937 1941 venit
2953 1885 3002 1940 ei
3030 1901 3152 1952 vox,
3186 1885 3376 1939 dicens
3401 1904 3413 1937 :

1816 1976 2034 2043 Arseni,
2055 1976 2186 2047 fuge
2213 1977 2489 2039 homines,
2507 1976 2896 2032 etsalvaberis.
2916 1976 3072 2031 Idem
3102 1974 3220 2046 ipse
3232 1974 3411 2029 disce-

1817 2065 1956 2120 dens
1967 2066 2037 2119 ad
2055 2067 2426 2121 monachilem
2450 2066 2642 2133 vitam,
2675 2082 2903 2121 rursum
2930 2065 3127 2132 oravit,
3153 2063 3414 2119 eumdem

1820 2172 2138 2211 sermonem
2190 2156 2401 2211 dicens.
2474 2156 2812 2227 Audivitque
2880 2170 3072 2209 vocem
3136 2153 3416 2208 dicentem

1820 2244 1952 2299 sibi:
1988 2245 2205 2312 Arseni,
2238 2246 2388 2317 fuge,
2439 2250 2583 2313 tace,
2643 2245 2897 2316 quiesce;
2938 2243 3056 2298 haec
3098 2242 3249 2298 enim
3287 2245 3420 2298 sunt

1820 2334 2036 2389 radices
2062 2352 2174 2390 non
2204 2336 2487 2407 peccandi.

1892 2421 1946 2479 4.
1980 2424 2143 2478 Venit
2171 2424 2472 2496 aliquando
2524 2423 2698 2479 beata;
2751 2423 3036 2479 memoriae
3076 2421 3419 2494 Theophilus

1822 2512 2269 2584 archiepiscopus
2297 2514 2370 2568 ad
2401 2513 2660 2568 abbatem
2673 2513 2992 2579 Arsenium,
3018 2529 3146 2567 cum
3172 2511 3417 2583 quodam

1815 2602 2005 2673 judice
2030 2605 2218 2671 (R‘ll/f.,
2253 2607 2291 2658 ι.
2325 2618 2408 2670 IlI,
2444 2621 2502 2657 η.
2532 2601 2681 2669 191).
2726 2604 2795 2657 Et
2821 2602 3192 2673 interrogavit
3221 2605 3415 2668 564

1820 2707 2016 2745 senem
2045 2692 2513 2764 archiepiscopus,
2548 2693 2739 2747 volens
2768 2691 2963 2746 audire
2994 2690 3063 2745 ab
3103 2707 3169 2745 eo
3199 2704 3416 2744 sermo-

1820 2797 1971 2834 nem.
1990 2782 2283 2853 Paulisper
2294 2787 2483 2837 autem
2496 2787 2688 2837 tacens
2698 2798 2884 2849 senex,
2916 2785 3109 2853 postea
3129 2778 3422 2851 respondit

1821 2870 1892 2923 ad
1912 2884 2059 2937 eum,
2081 2871 2270 2926 dicens
2295 2892 2306 2926 :
2335 2873 2404 2927 Et
2415 2872 2464 2926 si
2502 2871 2693 2926 dixero
2723 2870 2895 2937 vobis,
2930 2869 3296 2925 custodietis?
3327 2868 3415 2924 Illi

1821 2966 2010 3014 autem
2034 2962 2413 3032 promiserunt
2438 2979 2497 3016 se
2526 2961 2826 3016 custodire.
2851 2961 2921 3015 Et
2952 2960 3093 3014 dixit
3114 2959 3194 3014 eis
3224 2975 3414 3014 senex:

1819 3049 2149 3121 Ubicunque
2177 3050 2797 3115 audieritisArsenium,
2817 3049 2988 3104 nolite
2998 3048 3388 3120 approximare
3401 3089 3414 3105 .

131 3126 181 3163 θ’
216 3107 396 3210 1.62m
424 3108 478 3177 2)
489 3149 499 3161 ’
520 3108 593 3208 .Si
610 3107 862 3210 .Odiiqm
882 3106 985 3207 tibi
1004 3106 1448 3210 niélshfluitur’.
1471 3122 1653 3210 “$1318
1672 3112 1793 3199 tua
1812 3139 1935 3193 Alia
1960 3106 2150 3194 autem
2180 3140 2295 3194 vice
2332 3141 2521 3194 volens
2550 3106 2999 3210 archiepiscopus
3027 3106 3217 3192 videre
3254 3153 3404 3201 eum,

131 3199 289 3253 male
317 3198 564 3269 loquaris
593 3199 662 3252 de
682 3197 870 3269 aliquo
895 3216 907 3263 ;
928 3197 975 3251 si
997 3196 1124 3250 odio
1154 3194 1326 3249 habes
1357 3196 1454 3266 qui
1493 3195 1598 3250 tibi
1646 3213 1734 3251 ca-

130 3289 414 3343 lumniam
436 3288 585 3354 facit,
613 3304 796 3358 neque
816 3291 878 3341 tu
906 3286 1076 3340 facias
1088 3286 1256 3339 alicui
1280 3285 1619 3339 calumniam
1644 3305 1657 3352 ;
1690 3287 1737 3340 si

130 3378 267 3433 odio
298 3377 468 3431 habes
500 3377 594 3448 qui
615 3382 670 3430 te
698 3376 755 3430 in
783 3376 1125 3430 calumniam
1153 3374 1329 3439 ducit,
1370 3380 1465 3429 aut
1511 3375 1736 3445 injuriis

132 3468 375 3539 appetit,
406 3472 505 3521 aut
532 3467 715 3521 aufert
743 3466 892 3537 quod
919 3470 1082 3520 tuum
1112 3469 1216 3532 est,
1249 3468 1348 3519 aut
1375 3465 1590 3536 aliquid
1622 3466 1736 3519 tale

132 3558 292 3621 facit,
324 3563 386 3611 tu
418 3557 556 3610 nihil
589 3558 788 3611 horum
818 3556 988 3609 facias
1017 3555 1299 3625 cuiquam.
1333 3555 1440 3620 Qui
1470 3572 1603 3625 ergo
1633 3555 1739 3610 hoc

132 3646 375 3701 verbum
402 3646 685 3701 custodire
711 3650 914 3717 potest,
940 3644 1147 3699 sufﬁcit
1175 3645 1226 3698 ei
1257 3644 1329 3699 ad
1356 3645 1618 3702 salutem.

210 3751 303 3809 2'2.
336 3753 486 3808 Dixit
513 3770 714 3808 senex:
766 3752 897 3806 Vita
926 3751 1189 3806 monachi
1230 3752 1347 3806 haec
1391 3758 1495 3819 est,
1545 3769 1732 3824 opera,

136 3842 482 3907 obedientia,
513 3842 822 3909 meditatio,
848 3846 905 3896 et
924 3846 989 3897 ut
1005 3857 1119 3897 non
1135 3842 1373 3913 judicet,
1398 3847 1497 3896 aut
1510 3858 1623 3896 non
1645 3842 1738 3896 ob-

134 3933 424 4003 loquatur,
459 3936 558 3985 aut
584 3948 697 3985 non
734 3935 1068 3986 murmuret.
1104 3931 1386 4003 Scriptum
1415 3935 1501 3985 est
1544 3931 1731 3986 enim:

135 4021 250 4086 Qui
274 4019 511 4090 diligitis
542 4020 865 4086 Dominum,
900 4020 1049 4075 odite
1080 4021 1295 4076 malum
1350 4022 1513 4092 (Psal.
1567 4025 1735 4087 XCVI).

135 4110 402 4166 Monachi
429 4109 543 4164 vita
558 4110 675 4164 haec
704 4115 805 4177 est,
834 4126 948 4164 non
980 4110 1198 4180 ingredi
1230 4126 1359 4165 cum
1388 4110 1621 4182 injuste,
1645 4127 1740 4165 ne-

138 4216 251 4271 que
280 4199 470 4253 videre
498 4200 670 4253 oculis
704 4199 821 4253 suis
866 4200 1033 4266 mala,
1076 4215 1259 4270 neque
1296 4200 1513 4255 curiose
1551 4217 1736 4271 agere,

139 4305 330 4360 neque
358 4288 617 4355 scrutari,
635 4305 818 4360 neque
839 4289 1034 4344 audire
1049 4289 1261 4357 aliena;
1279 4306 1461 4362 neque
1482 4291 1748 4366 manibus

140 4395 365 4451 rapere,
382 4378 479 4432 sed
493 4378 672 4449 magis
685 4378 959 4436 tribuere:
992 4395 1175 4451 neque
1212 4378 1503 4451 superbire
1532 4382 1696 4435 corde
1726 4400 1738 4448 ;

1819 3229 1973 3284 misit
1999 3230 2245 3301 primum
2267 3230 2793 3301 videre,siaperiret
2820 3229 2897 3285 ei.
2938 3229 3007 3282 Et
3024 3226 3312 3281 mandavit
3341 3225 3411 3291 ei,

1819 3318 2036 3373 dicens:
2073 3320 2131 3373 Si
2166 3319 2340 3385 venis,
2377 3319 2567 3391 aperio
2606 3318 2728 3373 tibi.
2765 3318 2875 3373 Sed
2904 3317 2952 3371 si
2978 3316 3081 3371 tibi
3112 3332 3407 3387 aperuero,

1820 3409 2082 3463 omnibus
2113 3409 2323 3481 aperio,
2354 3414 2411 3462 et
2441 3414 2577 3462 tunc
2598 3410 2719 3479 jam
2740 3408 2891 3461 ultra
2918 3407 3009 3460 hic
3036 3422 3150 3462 non
3178 3403 3410 3463 sedebo.

1821 3499 1949 3552 Haec
1970 3516 2102 3568 ergo
2127 3499 2359 3553 audiens
2384 3498 2852 3569 archiepiscopus,
2877 3496 3040 3551 dixit:
3058 3496 3117 3550 Si
3142 3511 3271 3549 eum
3294 3510 3419 3565 per-

1820 3593 2113 3643 secuturus
2139 3589 2300 3655 vado,
2332 3604 2621 3659 nunquam
2648 3587 2846 3641 vadam
2877 3587 2948 3642 ad
2970 3585 3258 3641 hominem
3286 3600 3417 3640 san-

1818 3683 1992 3733 ctum.

1891 3768 1941 3822 5.
1960 3767 2123 3823 Venit
2142 3767 2445 3839 aliquando
2459 3766 2630 3822 abbas
2640 3766 2910 3822 Arsenius
2924 3766 2984 3821 in
3005 3766 3248 3838 quodam
3270 3766 3410 3831 loco,

1820 3862 1878 3911 et
1905 3863 2027 3912 erat
2052 3857 2129 3912 ibi
2157 3857 2575 3925 arundinetum,
2609 3861 2667 3911 et
2693 3861 2910 3911 motum
2940 3860 3027 3910 est
3055 3872 3091 3911 a
3121 3860 3307 3912 vento.
3350 3854 3420 3909 Et

1820 3948 1960 4003 dixit
1988 3963 2156 4002 senex
2189 3948 2260 4001 ad
2295 3947 2531 4002 fratres:
2566 3946 2703 4011 Quis
2732 3950 2819 4001 est
2833 3950 3019 4017 motus
3046 3944 3180 3999 hic?
3211 3944 3418 3999 Dicunt

1822 4037 1871 4092 ei
1900 4057 1911 4092 :
1942 4038 2262 4093 Arundines
2291 4041 2441 4091 sunt.
2469 4036 2616 4091 Dicit
2645 4035 2725 4091 eis
2752 4052 2923 4090 senex
2949 4053 2960 4089 :
2993 4035 3158 4101 Vere,
3215 4034 3349 4106 quia
3370 4032 3420 4088 si

1822 4128 1947 4201 quis
1976 4128 2135 4183 sedet
2159 4144 2285 4183 cum
2324 4126 2533 4198 quiete,
2575 4130 2632 4181 et
2653 4125 2899 4181 audierit
2925 4141 3117 4180 vocem
3142 4123 3279 4191 avis,
3304 4140 3417 4177 non

1824 4216 2053 4272 habebit
2078 4233 2174 4273 cor
2198 4218 2319 4289 ejus
2358 4216 2615 4271 eamdem
2662 4215 2930 4287 quietem,
2983 4218 3195 4287 quanto
3237 4212 3419 4284 magis

1823 4307 2093 4363 habentes
2121 4323 2325 4362 sonum
2346 4306 2690 4362 arundinum
2713 4304 2959 4360 harum?

1895 4394 1949 4454 6.
1981 4397 2253 4453 Dicebant
2279 4402 2469 4452 autem
2492 4396 2561 4451 de
2582 4413 2647 4451 eo
2669 4395 2800 4467 quia
2813 4398 2937 4450 erat
2954 4394 3095 4449 cella
3113 4394 3235 4464 ejus
3256 4393 3422 4465 longe

140 4484 332 4539 neque
361 4468 698 4538 cogitatione
736 4468 1035 4538 ωθὶίέζηθΐί
1060 4487 1073 4535 ἓ
1116 4484 1299 4540 neque
1340 4474 1592 4524 ventrem
1640 4470 1744 4525 ίῐη·
1763 4458 1885 4543 Din
1913 4487 2093 4542 millia
2118 4486 2493 4558 trigintaduo,
2522 4490 2579 4540 et
2608 4458 2721 4539 non
2751 4483 2936 4539 exibat
2961 4483 3089 4550 cito,
3118 4458 3217 4537 sed
3247 4458 3425 4536 aliivei

140 4559 334 4631 plere;
359 4558 456 4611 sed
481 4573 609 4612 cum
627 4557 959 4613 discretione
981 4558 1171 4613 omnia
1193 4575 1379 4630 agere.
1414 4559 1552 4615 Ecce
1585 4559 1642 4614 in
1655 4560 1743 4615 his

142 4653 235 4703 est
261 4648 589 4702 monachus.

214 4753 308 4813 ‘23.
343 4755 496 4811 Dixit
523 4772 725 4811 senex:
755 4757 912 4827 Roga
949 4757 1148 4824 Deum,
1189 4762 1255 4813 ut
1299 4759 1396 4813 det
1433 4759 1649 4815 luctum
1686 4761 1744 4816 in

142 4846 316 4901 corde
341 4850 439 4899 tuo
462 4849 518 4900 et
544 4845 923 4901 humilitatem
944 4866 956 4913 ;
993 4852 1051 4901 et
1077 4848 1288 4919 respice
1307 4865 1529 4921 semper
1548 4850 1606 4905 in
1623 4867 1749 4921 pec-

143 4936 291 4990 catis
321 4934 453 5001 tuis,
488 4939 544 4989 et
573 4952 685 4989 non
709 4936 927 5006 judices
967 4937 1139 5004 alios;
1186 4938 1282 4992 sed
1315 4945 1434 4992 esto
1459 4939 1745 5010 subjectus

145 5024 432 5091 omnibus,
466 5030 521 5078 et
536 5041 607 5079 ne
618 5024 825 5079 habeas
856 5026 1132 5081 amicitias
1147 5044 1273 5081 cum
1288 5029 1542 5096 muliere,
1563 5046 1745 5101 neque

144 5130 816 5186 cumpucro,nequecum
831 5115 1125 5170 haereticis.
1157 5117 1435 5173 Abscinde
1457 5136 1491 5173 a
1515 5123 1571 5173 te
1600 5120 1745 5175 fidu-

145 5207 318 5271 ciam,
340 5209 396 5258 et
414 5204 856 5274 retinelinguam
879 5209 1038 5259 tuam
1062 5211 1119 5260 et
1140 5212 1411 5273 ventrem,
1446 5214 1502 5262 et
1530 5208 1747 5264 abstine

147 5314 179 5350 a
212 5295 363 5348 vino.
381 5293 450 5347 Et
465 5294 511 5346 si
529 5293 652 5364 quis
668 5293 917 5364 loquitur
931 5299 1116 5350 tecum
1130 5297 1197 5351 de
1212 5313 1543 5369 quacunque
1557 5316 1743 5367 causa,

146 5385 266 5440 noli
316 5383 656 5438 contendere
711 5400 839 5438 cum
870 5402 954 5440 eo.
1003 5387 1111 5441 Sed
1160 5389 1208 5442 si
1248 5387 1389 5443 bene
1427 5389 1581 5456 dicit,
1620 5390 1742 5446 dic:

145 5476 355 5529 Etiam.
385 5472 443 5528 Si
465 5478 656 5527 autem
686 5474 952 5541 male,dic
964 5476 1014 5531 ei
1036 5478 1148 5532 :Tu
1174 5478 1279 5533 scis
1297 5480 1445 5551 quod
1474 5481 1740 5552 loqueris.

145 5567 216 5621 Et
234 5581 305 5619 ne
336 5563 642 5619 contendas
671 5581 799 5619 cum
831 5580 896 5619 eo
926 5566 994 5620 de
1024 5566 1110 5624 his
1142 5585 1265 5641 quae
1295 5569 1515 5627 locutus
1545 5577 1648 5640 est,
1692 5576 1750 5628 et

142 5659 283 5711 tunc
311 5654 423 5711 erit
445 5668 605 5710 mens
634 5657 735 5712 tua
762 5652 1016 5728 paciﬁca.

1826 4577 2103 4632 faciebant
2114 4574 2447 4630 ministeria.
2477 4574 2711 4639 Quando
2731 4588 2861 4627 vero
2882 4572 2942 4626 in
2961 4570 3319 4625 solitudinem
3337 4586 3425 4626 re-

1827 4667 2023 4721 dactus
2043 4671 2130 4720 est
2155 4666 2309 4719 locus
2339 4663 2435 4735 qui
2452 4668 2681 4717 vocatur
2695 4659 2907 4732 Scythi,
2934 4658 3101 4714 exivit
3114 4660 3342 4731 plorans
3366 4664 3424 4715 et

1827 4756 2017 4811 dicens
2042 4774 2052 4808 :
2079 4754 2331 4810 Perdidit
2358 4753 2603 4807 mundus
2632 4752 2886 4817 Romam,
2920 4754 2977 4805 et
3002 4750 3262 4806 monachi
3292 4750 3422 4823 Scy-

1827 4848 1930 4902 thi.

1901 4938 1954 4994 7.
1986 4936 2225 4992 Sedente
2257 4936 2453 4991 eodem
2492 4932 2694 4989 abbate
2732 4931 2970 4987 Arsenio
3011 4931 3312 5005 aliquando
3365 4931 3424 4987 in

1832 5034 2056 5102 Can0po
2084 5029 2269 5096 (Ra/ﬂ,
2297 5030 2334 5082 ι.
2364 5040 2444 5091 1n,
2477 5042 2535 5080 η.
2554 5021 2663 5093 65),
2682 5023 2835 5079 venit
2862 5041 2978 5079 una
2997 5028 3254 5079 matrona
3268 5023 3423 5093 virgo

1832 5123 1900 5177 de
1928 5122 2125 5185 Roma,
2156 5118 2309 5171 dives
2338 5115 2518 5182 valde,
2551 5118 2608 5169 et
2630 5114 2838 5169 timens
2867 5114 3068 5183 Deum,
3108 5118 3173 5169 ut
3210 5112 3425 5167 videret

1830 5229 1979 5277 eum,
1996 5215 2053 5265 et
2071 5207 2317 5278 suscepit
2331 5223 2455 5260 eam
2470 5205 2813 5278 ThCOphilus
2828 5204 3293 5275 archiepiscopus.
3319 5201 3422 5256 Illa

1830 5305 2019 5355 autem
2044 5297 2260 5368 rogavit
2296 5312 2427 5351 eum
2471 5300 2537 5350 ut
2563 5300 2759 5366 ageret
2784 5311 2910 5349 cum
2940 5310 3090 5359 sene,
3123 5298 3188 5347 ut
3209 5291 3425 5346 videret

1832 5407 1979 5447 eum.
2013 5388 2120 5453 Qui
2148 5387 2340 5442 abiens
2353 5386 2423 5441 ad
2443 5401 2571 5441 eum
2585 5384 2818 5456 rogavit,
2833 5383 3022 5437 dicens
3047 5401 3059 5437 :
3084 5381 3291 5453 Aliqua
3306 5395 3425 5435 ma-

1829 5486 1996 5536 trona
2022 5477 2175 5533 venit
2198 5477 2267 5531 de
2288 5477 2486 5543 Roma,
2520 5480 2578 5529 et
2604 5475 2724 5530 vult
2747 5472 2933 5527 videre
2961 5476 3037 5525 te.
3068 5470 3247 5525 Senex
3288 5485 3423 5525 vero

1831 5587 1944 5625 non
1962 5566 2240 5639 acquievit
2261 5571 2327 5621 ut
2352 5565 2568 5620 veniret
2593 5563 2664 5618 ad
2689 5578 2836 5618 eum.
2860 5560 3003 5616 Cum
3033 5574 3168 5631 ergo
3183 5559 3303 5615 haec
3339 5576 3425 5615 re-

1832 5659 2092 5719 nuntiata
2112 5656 2348 5715 fuissent
2375 5654 2707 5743 supradictae
2734 5655 3027 5722 matronae,
3052 5650 3224 5726 jussit
3250 5651 3426 5709 sterni
