3876 6392
385 373 390 380 ‘
487 349 596 430 859

1626 376 1722 432 DE
1758 375 1948 432 VITIS
1987 371 2283 430 PATRUM
2320 369 2537 426 LIBER
2571 369 2640 423 V.

3647 369 3748 428 860

480 497 767 567 animalia,
797 497 1018 553 dicens:
1040 497 1218 553 Credo
1234 499 1296 554 in
1317 499 1517 567 Deum,
1545 499 1680 571 quia
1699 499 1894 554 videbo
1917 516 2068 554 eum.
2095 497 2274 562 Anon
2297 494 2510 550 habens
2530 493 2842 561 mulierem,
2857 491 2966 548 nisi
2982 491 3125 548 forte
3147 493 3206 549 in
3233 493 3537 551 solitudine
3554 494 3581 550 ἵ
3603 496 3746 552 Dicit

483 590 629 646 Sunt
653 587 806 644 enim
832 590 890 642 et
916 587 976 643 in
997 587 1218 644 civitate
1239 592 1437 644 nostra
1462 589 1626 644 multi
1657 589 1911 644 homines
1939 608 1950 655 ;
1980 589 2076 643 sed

481 695 584 750 ego
613 677 741 732 veni
767 677 1070 750 prophetas
1098 679 1305 733 videre.
1361 679 1429 733 Et
1459 695 1586 732 cum
1633 677 1979 750 pervenisset
2007 677 2078 732 ad

481 767 680 822 cellam
702 765 956 838 ejusdem
975 766 1144 834 senis,
1155 767 1316 838 juxta
1329 767 1430 822 Dei
1452 767 1863 822 ordinationem
1893 767 2080 820 inven-

480 860 572 911 tus
595 861 680 910 est
701 860 1014 926 opportune
1033 855 1168 910 foris
1193 856 1391 910 cellam
1405 854 1680 910 senex.Et
1700 860 1765 910 ut
1785 855 1923 909 vidit
1951 872 2080 910 eum

479 945 803 1017 supradicta
831 949 1110 1012 matrona,
1139 945 1444 1017 prostravit
1463 961 1520 998 se
1535 944 1606 998 ad
1625 946 1796 1016 pedes
1813 945 1954 1014 ejus.
1980 945 2079 998 Ille

481 1039 674 1089 autem
701 1033 904 1088 levavit
923 1051 1048 1088 eam
1077 1050 1204 1088 cum
1231 1033 1620 1104 indignatione
1646 1052 1658 1102 ;
1689 1041 1746 1088 et
1774 1035 2001 1088 intuens
2021 1034 2080 1088 in

484 1139 632 1190 eam,
663 1122 838 1177 dixit:
871 1123 930 1177 Si
956 1122 1155 1177 faciem
1184 1139 1368 1177 meam
1396 1123 1584 1176 videre
1613 1123 1711 1187 vis,
1757 1140 1881 1177 ecce
1938 1123 2077 1176 vide.

481 1211 590 1266 Illa
616 1215 810 1266 autem
839 1227 955 1283 prae
984 1212 1324 1266 verecundia
1351 1228 1465 1266 non
1485 1211 1858 1266 consideravit
1886 1211 2085 1266 faciem

486 1301 716 1372 ejus.Et
731 1299 872 1354 dixit
886 1300 936 1354 ei
955 1316 1122 1356 senex
1145 1320 1155 1354 :
1175 1302 1299 1355 Non
1332 1301 1539 1355 audisti
1567 1317 1739 1372 opera
1776 1301 1943 1355 mea?
1971 1302 2088 1356 haec

479 1389 632 1444 enim
659 1388 850 1444 videre
877 1405 1106 1444 necesse
1131 1394 1235 1444 est.
1267 1389 1560 1454 Quomodo
1589 1395 1779 1444 autem
1808 1407 2080 1462 praesum-

483 1477 650 1550 psisti
672 1483 893 1533 tantam
913 1479 1333 1549 navigationem
1358 1480 1682 1533 assumere?
1710 1480 1904 1534 Nescis
1952 1479 2085 1550 quia

486 1569 695 1624 mulier
718 1585 796 1636 es,
823 1573 1002 1624 etnon
1022 1569 1190 1624 debes
1207 1569 1356 1624 exire
1377 1570 1700 1640 quoquam?
1727 1572 1814 1624 An
1835 1575 1900 1624 ut
1916 1570 2085 1624 vadas

484 1657 742 1726 Romam,
777 1662 835 1712 et
865 1658 1018 1713 dicas
1047 1658 1170 1712 aliis
1203 1657 1563 1714 mulieribus:
1599 1659 1743 1724 Quia
1774 1659 1886 1713 vidi
1915 1661 2082 1714 Arse-

2160 586 2210 640 ei
2236 603 2402 640 senex
2426 603 2438 639 :
2472 585 2616 656 Ergo
2643 583 2704 638 in
2732 581 3096 638 solitudinem
3130 600 3221 638 me
3241 580 3398 640 tolle.

2236 674 2320 732 14.
2334 675 2488 729 Dixit
2511 673 2794 728 abbatissa
2811 678 3088 728 matrona:
3113 673 3274 728 Multi
3293 673 3352 729 in
3369 680 3559 731 monte
3573 677 3738 748 positi

2162 781 2229 819 ea
2247 781 2369 836 quae
2389 763 2683 836 popularia
2703 767 3092 833 suntagentes,
3113 763 3424 834 perierunt.
3452 765 3652 820 Melius
3671 771 3754 820 est

2163 855 2314 908 enim
2337 859 2400 908 ut
2417 870 2546 908 cum
2568 853 2760 908 multis
2782 852 2878 916 sis,
2903 858 2958 906 et
2973 851 3282 907 solitariam
3298 853 3470 908 vitam
3487 870 3624 924 agas
3654 871 3747 908 vo-

2161 943 2399 1008 luntate,
2433 959 2602 1014 quam
2633 959 2762 997 cum
2785 943 2936 996 solus
2967 941 3062 1008 sis,
3098 958 3218 996 esse
3239 959 3365 997 cum
3393 943 3750 998 multitudine

2164 1033 2448 1104 proposito
2476 1032 2700 1086 mentis.
3189 1091 3198 1098 0

2236 1121 2534 1190 56515.
2568 1121 2720 1176 Dixit
2749 1135 2951 1176 senex:
2987 1121 3221 1192 Semper
3251 1119 3416 1175 debet
3457 1123 3760 1177 monachus

2169 1228 2356 1265 emere
2377 1211 2623 1282 quietem
2639 1210 2766 1276 sibi,
2799 1215 2863 1265 ut
2880 1214 3203 1264 contemnat
3215 1209 3386 1265 etiam
3405 1210 3452 1265 si
3473 1211 3758 1283 corporale

2169 1301 2458 1371 contingat
2485 1300 2709 1354 evenire
2739 1299 3118 1370 dispendium.

2237 1389 2328 1446 16.
2346 1389 2610 1444 Narravit
2630 1388 2860 1460 quidam
2881 1407 2892 1441 :
2921 1388 3064 1453 Quia
3080 1392 3194 1443 tres
3214 1388 3450 1444 studiosi
3461 1389 3755 1460 diligentes

2166 1495 2244 1546 se,
2272 1479 2404 1534 facti
2427 1484 2561 1534 sunt
2584 1477 2938 1532 monachi.Et
2950 1493 3096 1532 unus
3111 1494 3177 1532 ex
3193 1478 3272 1532 eis
3293 1479 3461 1550 elegit
3479 1478 3760 1550 litigantes

2165 1567 2226 1622 in
2266 1585 2401 1638 pace
2448 1567 2734 1631 reducere,
2777 1569 2940 1638 juxta
2975 1565 3114 1620 illud
3153 1567 3303 1638 quod
3339 1567 3608 1640 scriptum
3639 1574 3752 1623 est:

2167 1657 2326 1711 Beati
2352 1657 2569 1728 paciﬁci
2602 1657 2812 1724 (.llatth.
2845 1659 2920 1721 v).
2955 1655 3244 1710 Secundus
3273 1673 3400 1710 vero
3420 1657 3647 1712 visitare
3674 1657 3754 1712 in-

481 1747 662 1816 nium,
696 1751 753 1802 et
779 1746 950 1802 facias
977 1764 1134 1801 mare
1149 1747 1295 1802 viam
1318 1748 1619 1802 mulierum
1650 1748 1994 1803 venientium
2014 1749 2085 1802 ad
2169 1747 2378 1801 ﬁrmos.
2413 1747 2636 1802 Tertius
2675 1763 2806 1800 vero
2835 1744 2976 1800 abiit
3015 1746 3302 1817 quiescere
3332 1746 3388 1800 in
3432 1747 3754 1802 solitudine.

485 1852 578 1892 me
597 1836 623 1890 'I
648 1835 752 1892 Illa
776 1841 968 1890 autem
997 1836 1137 1890 dixit
1160 1854 1170 1889 :
1207 1837 1265 1891 Si
1293 1836 1531 1891 voluerit
1559 1853 1648 1891 me
1691 1837 1840 1892 Deus
1881 1827 2144 1892 revertiB
2171 1835 2394 1890 Primus
2431 1853 2563 1906 ergo
2602 1835 2863 1890 laborans
2890 1841 3120 1906 propter
3147 1835 3282 1890 lites
3309 1835 3623 1902 hominum,
3653 1852 3762 1892 non

486 1925 746 1992 Romam,
778 1941 894 1980 non
920 1925 1190 1998 permitto
1219 1925 1466 1996 aliquam
1481 1925 1670 1980 venire
1693 1927 1820 1982 huc.
1854 1927 1961 1982 Sed
1988 1944 2087 1980 ora
2167 1929 2388 1998 poterat
2407 1941 2602 1979 omnes
2630 1940 2850 1978 sanare.
2869 1924 2936 1979 Et
2953 1924 3118 1979 taedio
3137 1924 3340 1988 victus,
3368 1925 3761 1998 venitadeum,

485 2030 589 2087 pro
615 2031 728 2082 me,
761 2020 820 2070 et
843 2031 1060 2070 memor
1087 2019 1206 2070 esto
1234 2017 1346 2070 mei
1377 2032 1614 2087 semper.
1657 2016 1756 2070 Ille
1786 2021 1976 2071 autem
2001 2033 2087 2071 re-
2169 2014 2266 2087 qui
2295 2013 2571 2069 serviebat
2596 2013 2920 2078 inﬁrmis,et
2937 2013 3153 2068 invenit
3171 2015 3342 2068 etiam
3370 2013 3557 2086 ipsum
3572 2015 3764 2070 animo

487 2103 770 2176 spondens
798 2103 940 2159 dixit
963 2104 1015 2158 ei
1039 2121 1051 2158 :
1087 2105 1200 2160 Ora
1228 2105 1409 2160 Deum
1437 2109 1502 2159 ut
1531 2105 1716 2159 deleat
1755 2105 2084 2160 memoriam
2166 2105 2602 2170 deﬁcientem,et
2613 2119 2724 2158 non
2743 2103 3138 2174 praevalentem
3166 2103 3496 2158 mandatum
3526 2105 3761 2175 perﬁce-

489 2192 576 2249 tui
605 2194 675 2248 de
703 2193 871 2249 corde
897 2210 1044 2248 meo.
1077 2194 1212 2258 Quae
1236 2193 1472 2248 audiens
1522 2193 1658 2261 haec,
1717 2211 1949 2265 egressa
2000 2201 2086 2250 est
2166 2210 2246 2248 re.
2268 2194 2336 2248 Et
2355 2193 2756 2247 concordantes
2777 2192 2834 2246 hi
2856 2192 2986 2260 duo,
3004 2191 3267 2248 abierunt
3283 2193 3471 2248 videre
3489 2193 3653 2248 illum
3670 2194 3762 2266 qui

497 2280 745 2340 turbata.
777 2283 848 2338 Et
875 2299 1004 2338 cum
1029 2283 1274 2338 venisset
1308 2283 1367 2338 in
1387 2283 1690 2350 civitatem,
1723 2301 1837 2355 prae
1860 2284 2091 2339 tristitia
2171 2283 2232 2337 in
2247 2299 2436 2338 eremo
2450 2282 3291 2353 discesserat,narraveruntque
3305 2281 3356 2336 ei
3369 2280 3760 2337 tribulationes

501 2372 704 2429 febrire
733 2372 923 2446 coepit.
957 2373 1028 2428 Et
1053 2371 1378 2428 nuntiatum
1403 2377 1490 2427 est
1516 2372 1929 2444 archiepisc0po
1957 2373 2092 2445 quia
2173 2389 2324 2428 suas.
2351 2373 2416 2427 Et
2446 2375 2788 2443 rogaverunt
2812 2387 2962 2437 eum,
2993 2375 3058 2425 ut
3077 2371 3378 2426 dissereret
3394 2371 3474 2426 eis
3493 2370 3628 2442 quid
3646 2371 3762 2444 ipse

485 2461 910 2532 inﬁrmaretur;
949 2466 1008 2518 et
1034 2462 1186 2516 venit
1234 2479 1360 2517 eam
1404 2462 1698 2529 conisolari,
1731 2462 2086 2534 interrogans
2169 2461 2563 2534 profecerit.Et
2577 2462 2818 2516 reticens
2835 2460 3143 2532 paululum,
3160 2460 3552 2532 mittitaquam
3577 2460 3638 2515 in
3650 2477 3764 2532 scy-

489 2551 626 2622 quid
649 2550 903 2606 haberet.
926 2551 1032 2605 illa
1059 2557 1251 2606 autem
1277 2551 1418 2606 dixit
1445 2552 1524 2606 ei:
1558 2552 1790 2606 Utinam
1820 2568 1934 2606 non
1957 2569 2087 2623 per-
2170 2553 2365 2623 phum,
2396 2557 2453 2606 et
2482 2550 2618 2605 dicit
2643 2549 2748 2604 eis:
2769 2549 3058 2604 Attendite
3096 2549 3155 2604 in
3179 2565 3404 2621 aquam.
3421 2549 3490 2604 Et
3504 2553 3626 2604 erat
3646 2555 3764 2604 tur-

485 2638 764 2694 venissem
790 2639 901 2694 huc
925 2639 938 2693 Ι
965 2639 1079 2694 dixi
1107 2639 1256 2694 enim
1287 2640 1430 2694 seni:
1475 2641 1692 2695 Memor
1715 2645 1834 2694 esto
1855 2641 1985 2694 mei.
2021 2641 2089 2696 Et
2169 2641 2420 2696 bulenta.
2463 2641 2534 2694 Et
2559 2645 2687 2711 post
2723 2638 3005 2693 modicum
3047 2654 3245 2694 rursus
3286 2638 3452 2693 dicit:
3481 2637 3766 2693 Attendite

488 2723 632 2782 dixit
658 2727 823 2782 mihi:
857 2727 973 2782 Ora
1001 2727 1180 2781 Deum
1207 2733 1272 2782 ut
1299 2727 1555 2782 deleatur
1598 2727 1874 2782 memoria
1903 2729 1987 2784 tui
2017 2729 2087 2784 de
2169 2731 2358 2794 modo,
2379 2730 2658 2802 quomodo
2684 2728 2917 2800 limpida
2940 2728 3086 2782 facta
3107 2733 3193 2783 est
3219 2744 3386 2800 aqua.
3418 2728 3488 2782 Et
3515 2743 3644 2782 cum
3672 2727 3760 2782 in-

491 2817 660 2876 corde
690 2832 836 2884 meo,
870 2820 928 2870 et
955 2832 1081 2870 ecce
1105 2833 1206 2886 ego
1226 2815 1349 2888 ipsa
1373 2833 1486 2888 prae
1505 2817 1741 2872 tristitia
1768 2817 1999 2872 morior.
2017 2819 2088 2874 Et
2168 2821 2467 2875 tenderent
2486 2819 2544 2872 in
2574 2834 2800 2888 aquam,
2839 2818 3033 2872 vident
3059 2817 3222 2889 quasi
3249 2817 3310 2872 in
3333 2817 3558 2890 speculo
3577 2817 3763 2871 vultus

490 2907 633 2964 dixit
654 2907 707 2961 ei
733 2905 1186 2978 archiepiscopus
1211 2925 1222 2960 :
1273 2906 1464 2960 Nescis
1495 2905 1628 2978 quia
1655 2907 1860 2961 mulier
1905 2924 1983 2974 es,
2035 2913 2093 2964 et
2173 2925 2322 2964 suos.
2356 2909 2426 2962 Et
2448 2911 2580 2962 tunc
2609 2907 2748 2962 dixit
2776 2907 2855 2962 eis
2879 2925 2890 2959 :
2927 2907 3018 2962 Sic
3043 2911 3130 2961 est
3149 2905 3246 2978 qui
3270 2905 3329 2960 in
3357 2905 3542 2960 medio
3581 2905 3765 2960 homi-

487 3001 752 3058 inimicus
771 3017 873 3074 per
897 2999 1161 3056 mulieres
1187 3005 1410 3055 sanctos
1438 2999 1586 3054 viros
1614 2999 2090 3072 impugnat?Pro-
2170 3015 2306 3052 num
2317 2997 2572 3052 consistit
2592 3014 2604 3064 ;
2621 2995 3019 3050 aturbulentia
3042 2995 3195 3050 enim
3223 3010 3335 3050 non
3358 2993 3508 3049 videt
3529 2997 3758 3066 peccata

487 3093 684 3160 pterea
709 3087 818 3144 hoc
843 3085 984 3140 dixit
1011 3101 1197 3153 senex,
1233 3101 1366 3140 nam
1395 3102 1496 3156 pro
1527 3085 1718 3139 anima
1741 3092 1841 3140 tua
1871 3103 2092 3158 semper
2109 3103 2293 3167 “sua;
2326 3103 2457 3141 cum
2487 3090 2680 3140 autem
2705 3084 3000 3156 quieverit,
3025 3089 3082 3138 et
3104 3083 3345 3138 maxime
3363 3083 3424 3140 in
3441 3082 3762 3148 solitudine,

488 3132 602 3160 r'v'
617 3132 684 3142 V"
709 3132 817 3144 ⁶⁹ν⁷
845 3132 984 3140 “’“’““⁵⁷
1011 3132 1197 3153 ”⁷⁸⁹⁷’”Ὶ
1233 3132 1366 3140 ””“’“
1395 3132 1450 3156 ι’·
1468 3132 1491 3138 ⁷
1528 3132 1718 3139 ”’“”“’““”“
1745 3132 1841 3140 ’““”
1871 3132 2080 3158 "VWI'"
2151 3132 2293 3167 ;""‘"7
2329 3132 2457 3141 ""'““
2488 3132 2680 3140 ""'""
2709 3132 2923 3156 ‘1“""'
2936 3132 2981 3141 “

488 3181 631 3232 orat.
664 3177 735 3232 Et
763 3176 845 3230 ita
871 3179 1069 3230 curata
1098 3182 1186 3230 est
1211 3191 1372 3229 mens
1401 3175 1548 3244 ejus.
1574 3175 1644 3230 Et
1670 3174 1926 3230 discessit
1955 3193 2085 3232 cum
2106 3132 2307 3232 Gtunc
2333 3175 2540 3231 delicta
2577 3191 2680 3230 sua
2699 3174 2986 3246 conspicit.

485 3265 692 3340 gaudio
715 3265 788 3320 ad
818 3265 1066 3337 propria.
1889 3250 1908 3266 ’
2000 3265 2017 3280 ‘
2623 3264 2968 3319 LIBELLUS
2995 3262 3320 3320 TERTIUS.

555 3353 611 3414 8.
643 3355 796 3412 Dixit
821 3353 992 3410 abbas
1024 3353 1324 3424 Evagrius:
1373 3353 1651 3409 Abscinde
1678 3371 1713 3408 a
1741 3358 1798 3409 te
1837 3355 2087 3410 ail‘ectio-
2695 3355 2767 3409 De
2800 3355 3244 3422 Corripunclionc.

485 3462 586 3504 nes
613 3446 944 3510 multorum,
978 3461 1050 3499 ne
1079 3459 1238 3498 mens
1257 3450 1356 3498 tua
1384 3444 1440 3499 in
1463 3443 1886 3516 perturbatione
1904 3446 2019 3513 ﬁat,
2035 3451 2094 3501 et

488 3535 696 3609 quietis
724 3533 960 3606 dissipet
983 3533 1232 3588 modum.

555 3625 612 3680 9.
642 3625 843 3680 Frater
861 3623 1091 3694 quidam
1120 3621 1391 3694 applicuit
1421 3621 1481 3676 in
1511 3622 1705 3694 Scythi
1734 3623 1806 3676 ad
1830 3622 2090 3678 abbatem

487 3716 741 3788 Moysen,
769 3717 966 3786 petens
995 3711 1064 3766 ab
1093 3728 1158 3767 eo
1189 3727 1526 3766 sermonem.
1551 3712 1621 3766 Et
1643 3711 1784 3766 dixit
1812 3713 1864 3766 ei
1901 3729 2086 3768 senex:

486 3805 642 3860 Vade
681 3809 739 3859 et
765 3803 896 3858 sede
920 3803 980 3858 in
1011 3801 1213 3857 cellula
1244 3807 1362 3868 tua,
1399 3806 1456 3855 et
1487 3801 1628 3856 cella
1653 3807 1752 3856 tua
1781 3801 2004 3857 docebit
2031 3808 2089 3857 te

489 3894 770 3951 universa.

563 3981 648 4042 10.
679 3982 832 4038 Dixit
855 3979 1028 4037 abbas
1058 3981 1306 4053 Moyses:
1342 3981 1523 4035 Homo
1552 3979 1772 4050 fugiens
1804 3979 2090 4034 hominem

489 4071 693 4128 similis
719 4077 807 4127 est
831 4089 951 4128 uva:
969 4075 1206 4126 maturae
1231 4089 1244 4138 ;
1265 4069 1362 4142 qui
1381 4075 1572 4128 autem
1602 4085 1732 4124 cum
1757 4069 2083 4126 hominibus

490 4165 870 4228 conversatur,
883 4161 1030 4216 sicut
1050 4172 1160 4215 uva
1187 4159 1393 4215 acerba
1423 4163 1527 4214 est.

543 4249 654 4308 -11.
687 4249 843 4306 Dixit
865 4249 1035 4322 abbas
1047 4249 1238 4304 Nilus:
1261 4247 1699 4321 Imperforabilis
1729 4253 1922 4302 manet
1941 4264 1972 4302 a
1996 4265 2087 4303 sa-

489 4339 650 4412 gittis
668 4339 901 4409 inimici,
915 4339 1014 4412 qui
1031 4338 1444 4410 amatquietem
1461 4355 1471 4390 :
1498 4336 1594 4409 qui
1615 4342 1806 4392 autem
1822 4337 2090 4393 miscetur

491 4429 865 4496 multitudini,
899 4429 1096 4485 crebra
1115 4429 1384 4500 suscipiet
1418 4427 1672 4482 vulnera.

2249 3443 2297 3501 l.
2331 3443 2603 3499 Dicebant
2631 3443 2699 3498 de
2725 3443 2926 3498 abbate
2954 3443 3192 3498 Arsenio
3214 3441 3348 3514 quia
3359 3445 3479 3496 toto
3504 3445 3757 3512 tempore

2171 3533 2298 3589 vitae
2312 3551 2426 3589 sum
2451 3534 2652 3588 sedens
2684 3534 2756 3588 ad
2776 3546 2916 3604 opus
2937 3547 3210 3588 manuum
3237 3545 3489 3598 suarum,
3511 3545 3761 3602 pannum

2171 3623 2417 3679 habebat
2443 3624 2504 3677 in
2527 3623 2654 3678 sinu
2675 3628 2906 3695 propter
2930 3623 3208 3694 lacrymas
3220 3636 3344 3692 quae
3359 3619 3554 3676 crebro
3583 3635 3769 3675 curre.

2173 3714 2311 3769 bant
2329 3731 2395 3768 ex
2425 3713 2600 3768 oculis
2644 3713 2767 3784 ejus
2793 3712 2986 3782 (Ra/7.,
3019 3713 3115 3766 lib.
3149 3724 3229 3777 III,
3264 3727 3422 3765 num.
3454 3707 3578 3775 163,
3605 3707 3760 3778 211).

2243 3804 2500 3859 2.Frater
2513 3802 2744 3874 quidam
2757 3801 3126 3872 interrogavit
3133 3799 3394 3854 abbatem
3408 3799 3765 3852 Ammonem.

2173 3894 2396 3949 dicens:
2429 3893 2530 3948 Dic
2567 3891 2704 3946 mihi
2732 3890 2962 3962 aliquod
2997 3889 3249 3946 verbum.
3280 3887 3433 3944 Dixit
3466 3887 3520 3942 ei
3549 3903 3722 3942 senex
3749 3905 3762 3940 :

2172 3983 2347 4051 Vade,
2381 3986 2438 4038 et
2464 3982 2637 4036 talem
2655 3980 2742 4036 fac
2763 3979 3164 4051 cogitationem
3187 3983 3363 4045 tuam,
3389 3977 3533 4032 sicut
3548 3975 3764 4031 faciunt

2171 4071 2351 4144 iniqui
2389 4071 2485 4144 qui
2510 4075 2642 4126 sunt
2667 4069 2728 4124 in
2755 4086 2996 4125 carcere.
3021 4069 3111 4125 Illi
3127 4068 3276 4124 enim
3295 4067 3652 4138 interrogant
3669 4066 3768 4120 ho-

2172 4163 2384 4217 mines:
2417 4161 2521 4217 Ubi
2551 4166 2637 4215 est
2654 4160 2844 4233 judex,
2876 4165 2934 4214 et
2963 4159 3186 4231 quando
3214 4157 3437 4212 veniet?
3468 4161 3526 4212 et
3545 4155 3605 4210 in
3643 4155 3767 4228 ipsa

2169 4251 2581 4323 exspectatione
2593 4267 2886 4322 poenarum
2901 4265 3133 4305 suarum
3150 4247 3485 4320 plorant.Ita
3496 4251 3554 4301 et
3569 4261 3760 4300 mona-

2173 4342 2310 4396 chus
2331 4340 2498 4396 debet
2516 4357 2740 4412 semper
2764 4344 3056 4412 suspectus
3085 4353 3227 4404 esse,
3249 4341 3308 4393 et
3325 4335 3574 4391 animam
3595 4351 3765 4390 suam

2175 4429 2493 4502 objurgare,
2509 4430 2764 4485 dicendo:
2797 4430 2894 4484 Vae
2912 4428 3070 4495 mihi,
3087 4426 3365 4500 quomodo
3383 4424 3562 4480 habeo
3588 4429 3770 4478 astare

561 4519 653 4578 12.
688 4521 841 4577 Dixit
868 4519 1039 4576 abbas
1067 4520 1296 4575 Pastor:
1319 4517 1561 4577 Initium
1582 4517 1859 4572 malorum
1881 4522 1966 4572 est
1984 4519 2094 4574 dis-
2111 4515 2161 4576 D
2177 4526 2307 4576 ante
2336 4519 2586 4574 tribunal
2608 4518 2816 4576 Christi
2839 4537 2852 4587 ;
2879 4525 2936 4574 et
2955 4517 3232 4590 quomodo
3263 4514 3444 4571 habeo
3465 4513 3518 4568 ei
3539 4519 3767 4568 actuum

490 4611 722 4666 tendere
776 4615 1046 4666 mentem.
1077 4607 1308 4665 Dicebat
1326 4608 1534 4662 iterum
1557 4621 1571 4662 :
1595 4606 1740 4671 Quia
1769 4606 1978 4661 bonum
2011 4613 2097 4662 est
2177 4627 2430 4666 meorum
2450 4609 2685 4664 reddere
2707 4607 3011 4662 rationem?
3035 4607 3093 4662 Si
3113 4606 3288 4677 igitur
3305 4620 3528 4678 semper
3554 4601 3637 4659 sic
3657 4619 3769 4658 me-

491 4701 686 4774 fugere
712 4701 1044 4774 corporalia.
1070 4699 1304 4764 Quando
1323 4698 1472 4754 enim
1493 4702 1579 4751 est
1605 4697 1772 4751 homo
1789 4698 1952 4768 juxta
1979 4711 2098 4750 cor—
2178 4701 2388 4755 ditatus
2417 4699 2608 4762 fueris,
2637 4697 2847 4770 poteris
2877 4697 3062 4751 salvus
3091 4711 3230 4750 esse.

493 4792 687 4864 porale
717 4791 946 4857 bellum,
981 4789 1326 4844 assimilatur
1356 4787 1470 4842 viro
1501 4787 1673 4842 stanti
1704 4802 1877 4857 supra
1910 4786 2096 4840 lacum
2252 4788 2303 4845 3.
2335 4789 2486 4844 Dixit
2511 4787 2682 4842 abbas
2703 4785 3000 4858 Evagrius:
3033 4785 3175 4840 Cum
3191 4783 3350 4838 sedes
3377 4782 3436 4836 in
3466 4781 3626 4848 cella,
3661 4782 3770 4836 col-

494 4881 1014 4958 proiundissimum,
1048 4885 1113 4934 ut
1141 4896 1252 4951 qua
1281 4879 1423 4932 hora
1453 4877 1632 4932 visum
1669 4877 1842 4930 fuerit
1871 4875 2098 4929 inimico
2179 4877 2292 4950 lige
2319 4878 2390 4932 ad
2422 4883 2476 4932 te
2505 4893 2735 4932 sensum
2756 4879 3015 4941 suum,et
3042 4890 3258 4928 memor
3284 4879 3401 4927 esto
3415 4871 3527 4926 diei
3553 4871 3767 4926 mortis.

497 4973 640 5044 ejus,
672 4971 831 5025 facile
849 4985 979 5024 eum
1003 4969 1266 5024 deorsum
1292 4967 1588 5039 impingat.
1623 4966 1681 5021 Si
1712 4971 1903 5021 autem
1925 4981 1958 5018 a
1983 4981 2102 5020 cor-
2184 4968 2254 5023 Et
2280 4973 2416 5023 tunc
2434 4966 2644 5022 videbis
2661 4965 2908 5038 corporis
2936 4963 3021 5020 tui
3037 4961 3549 5019 mortiﬁcationem.
3579 4961 3774 5032 Cogita

497 5061 789 5138 poralibus
819 5059 983 5131 longe
1009 5058 1196 5125 fuerit,
1231 5057 1636 5112 assimilabitur
1659 5056 1780 5110 viro
1810 5057 1980 5125 longe
2009 5071 2103 5126 po-
2185 5057 2418 5124 cladem,
2451 5057 2669 5128 suscipe
2699 5055 2968 5111 dolorem.
2992 5054 3235 5108 Ilorreat
3250 5051 3352 5106 tibi
3385 5049 3582 5106 mundi
3616 5050 3773 5105 istius

499 5155 607 5211 sito
633 5169 669 5207 a
693 5157 883 5226 puteo,
907 5155 971 5204 ut
999 5150 1084 5204 vel
1113 5149 1160 5203 si
1180 5149 1371 5203 trahat
1393 5163 1524 5202 eum
1553 5145 1814 5201 inimicus
1831 5145 2103 5217 projicere
2182 5148 2419 5202 vanitas.
2443 5148 2573 5202 Esto
2595 5146 2882 5201 modestus
2901 5149 2958 5198 et
2971 5143 3262 5209 sollicitus,
3283 5146 3348 5196 ut
3366 5139 3544 5213 possis
3559 5155 3778 5212 semper

501 5245 786 5310 deorsum,
818 5241 954 5297 dum
981 5255 1110 5296 eum
1141 5239 1414 5295 violenter
1440 5236 1635 5304 trahit,
1665 5236 1814 5290 Deus
1841 5235 1892 5290 ei
1943 5234 2102 5291 auxi-

510 5335 648 5392 lium
678 5332 891 5404 dirigit.

580 5423 669 5480 13.
684 5422 919 5479 Dicebat
936 5419 1239 5494 aliquando
1260 5417 1554 5474 Abraham
1569 5415 1872 5488 discipulus
1893 5415 2110 5471 abbatis

511 5513 686 5570 Sisois
713 5512 784 5567 ad
813 5527 942 5568 eum
967 5527 981 5568 :
1013 5512 1199 5576 Pater,
1233 5508 1487 5575 senuisti,
1515 5521 1709 5562 eamus
1726 5523 1925 5578 parum
1949 5507 2113 5578 juxta

512 5602 806 5658 mundum.
829 5601 976 5658 Dicit
994 5601 1046 5656 ei
1074 5599 1246 5655 abbas
1269 5597 1442 5654 Sisois
1467 5611 1482 5653 :
1513 5597 1618 5652 Ubi
1643 5613 1756 5652 non
1779 5602 1865 5652 est
1885 5596 2108 5663 mulier,

513 5690 592 5778 ibi
611 5705 826 5750 eamus.
853 5689 1004 5749 Dicit
1015 5689 1067 5746 ei
1098 5687 1404 5762 discipulus
1433 5689 1590 5760 ejus:
1621 5689 1690 5745 Et
1717 5685 1814 5744 ubi
1843 5691 1929 5744 est
1955 5687 2112 5743 locus

2185 5237 2240 5292 in
2271 5237 2468 5292 eodem
2499 5236 2702 5308 quietis
2724 5234 3008 5307 pr0posito
3025 5247 3376 5306 permanere,
3403 5236 3460 5285 et
3485 5246 3603 5285 non
3629 5229 3776 5284 inﬁr-

2190 5327 2452 5381 maberis.
2480 5329 2784 5382 Memorare
2800 5325 2973 5379 etiam
2987 5339 3182 5378 eorum
3203 5321 3367 5394 quiin
3385 5318 3612 5374 inferno
3629 5321 3775 5374 sunt.

2193 5417 2392 5488 Cogita
2407 5415 2555 5487 apud
2575 5420 2631 5470 te
2647 5415 2832 5486 ipsum
2846 5412 3124 5485 quomodo
3148 5421 3281 5466 sunt
3291 5409 3367 5465 ibi
3388 5409 3554 5464 modo
3576 5409 3776 5464 animae

2187 5511 2252 5560 'et
2277 5507 2338 5560 in
2366 5521 2538 5576 quam
2567 5519 2761 5558 amaro
2792 5502 3033 5567 silentio,
3064 5505 3164 5556 aut
3185 5500 3244 5554 in
3273 5515 3382 5572 quo
3411 5497 3659 5570 pessimo
3686 5511 3780 5568 ge-

2195 5583 2452 5662 mitu,vel
2474 5594 2534 5648 in
2554 5593 2704 5665 quali
2727 5597 2882 5648 metu
2893 5597 3064 5664 atque
3077 5589 3407 5656 certamine,
3431 5591 3532 5643 aut
3549 5587 3608 5642 in
3637 5585 3780 5659 quali

2196 5685 2609 5760 exepectatione
2641 5689 2697 5742 et
2715 5683 2928 5750 dolore,
2951 5687 3010 5739 et
3029 5679 3520 5752 sinemitigatione
3533 5675 3782 5734 inﬁnitas
