3876 6376
243 361 347 422 861

1548 388 1788 449 VERBA
1824 394 2215 456 SENIORUM.

3415 386 3520 449 862

238 491 523 566 lacrymas
540 495 811 554 habentes
830 500 1168 561 animae.Sed
1190 510 1247 562 et
1275 506 1385 564 diei
1403 516 1832 573 resurrectionis
1851 522 1900 583 Α
1917 524 2239 581 ceciderunt
2263 526 2426 598 proni
2444 526 2503 581 in
2531 525 2750 592 faciem,
2772 523 3021 578 dicentes
3044 540 3055 576 :
3082 520 3270 587 Pater,
3292 530 3394 573 ora
3411 530 3512 589 pro

236 598 461 638 memor
475 590 614 653 esto,
630 592 687 642 et
703 588 840 644 illud
853 591 1123 661 divinum,
1152 596 1515 668 horrendum.
1541 608 1709 676 atque
1729 612 1838 663 ter-

235 670 725 746 ribileimaginare
746 680 1043 749 judicium.
1066 685 1261 741 Adduc
1273 688 1344 741 ad
1364 670 1838 767 medium-reposi-

229 764 351 815 tam
380 766 763 833 peccatoribus
784 770 1184 842 confusionem,
1205 793 1373 847 quam
1395 782 1614 851 passuri
1630 790 1761 839 sunt
1778 785 1836 841 in

228 859 536 924 conspectu
553 855 831 913 Christiet
854 861 973 928 Dei,
999 869 1055 917 et
1076 881 1262 920 coram
1283 870 1496 939 angelis
1518 878 1573 925 et
1597 875 1836 930 archan-

226 941 395 1010 gelis,
430 946 819 1015 potestatibus,
856 954 911 1004 et
948 952 1225 1009 universis
1265 958 1623 1030 hominibus;
1648 965 1743 1018 sed
1779 970 1836 1019 et

228 1031 510 1102 supplicia
548 1036 755 1103 omnia,
788 1037 977 1109 ignem
1006 1048 1299 1114 aeternum,
1332 1064 1575 1105 vermem
1606 1053 1834 1109 immor-

226 1120 424 1186 talem,
477 1126 824 1181 tartarorum
865 1130 1144 1199 tenebras,
1178 1139 1235 1189 et
1283 1152 1451 1207 super
1499 1140 1613 1195 haec
1642 1144 1831 1199 omnia

226 1208 488 1265 dentium
509 1213 795 1283 stridores,
830 1223 887 1272 et
915 1220 1166 1289 timores,
1201 1229 1257 1277 et
1285 1230 1585 1283 tormenta.
1635 1232 1851 1288 Adduc'

225 1299 403 1353 etiam
419 1305 476 1355 et
489 1300 637 1357 bona
651 1321 774 1375 quae
794 1313 927 1363 sunt
943 1310 1114 1379 justis
1132 1315 1394 1384 reposita,
1414 1318 1675 1374 ﬁduciam
1697 1328 1827 1377 ante

222 1388 406 1444 Deum
422 1391 649 1447 Patrem
671 1401 726 1448 et
741 1396 1028 1453 Christum
1042 1402 1164 1470 ejus
1174 1402 1594 1472 Filium,eoram
1615 1412 1829 1481 angelis

223 1483 287 1532 et
315 1480 685 1552 archangelis,
721 1490 777 1539 et
815 1490 1207 1558 potestatibus,
1243 1499 1411 1565 atque
1439 1498 1593 1552 omni
1623 1480 1783 1571 plebe
1810 1521 1822 1570 ;

222 1584 469 1638 regnum
484 1572 770 1641 caelorum,
793 1580 850 1629 et
865 1577 1011 1632 dona
1032 1582 1172 1650 ejus,
1185 1584 1457 1652 gaudium
1474 1592 1531 1641 et
1549 1590 1822 1660 requiem.

216 1657 488 1715 Utrorum
496 1678 603 1732 que
616 1662 815 1719 horum
829 1672 1419 1729 commemorationem
1431 1675 1573 1731 habe
1585 1657 1732 1750 apud
1746 1687 1820 1749 te,

216 1752 281 1802 et
298 1751 685 1821 superjudicia
700 1755 925 1825 quidem
938 1764 1295 1828 peccatorum
1307 1763 1628 1834 ingemisce,
1643 1769 1817 1839 plora,

1919 611 2101 669 nobis.

1996 700 2077 760 10.
2128 705 2459 761 Praeteriens
2501 704 2800 777 aliquando
2831 701 3003 757 abbas
3032 701 3231 755 Pastor
3257 698 3316 752 in
3345 698 3516 767 Egy-

1917 795 2033 861 pto,
2069 793 2207 848 vidit
2253 796 2547 851 mulierem
2608 794 2667 849 in
2718 795 3083 847 monumento
3133 788 3422 844 sedentem
3460 789 3518 839 et

1918 880 2147 937 ﬂentem
2180 901 2388 950 amare,
2426 890 2482 939 et
2502 883 2642 939 dixit
2666 903 2676 937 :
2714 884 2771 938 Si
2801 882 3028 936 veniant
3056 878 3247 934 omnia
3269 876 3513 974 delecta-

1916 968 2057 1024 bilia
2093 974 2289 1027 mundi
2336 975 2526 1045 hujus,
2570 990 2681 1028 non
2710 972 3051 1027 transferent
3080 968 3329 1023 animam
3360 964 3513 1019 illius

1914 1075 1948 1112 a
1976 1060 2150 1116 luctu.
2183 1062 2270 1116 Ita
2296 1067 2353 1117 et
2382 1064 2688 1118 monachus
2718 1061 2883 1116 debet
2909 1075 3132 1131 semper
3159 1057 3375 1112 luctum
3412 1054 3510 1108 ha-

1913 1146 2045 1202 bere
2070 1150 2128 1203 in
2156 1152 2475 1223 semetipso.

1988 1236 2202 1294 ll.Alia
2212 1240 2329 1295 vice
2347 1240 2623 1295 transibat
2636 1257 2764 1295 cum
2780 1239 2980 1293 abbate
2998 1236 3161 1292 Anub
3183 1236 3242 1290 in
3258 1232 3508 1307 partibus

1912 1326 2110 1393 Diolci,
2134 1332 2192 1382 et
2208 1330 2496 1385 venientes
2510 1330 2657 1384 circa
2680 1333 3064 1393 monumenta,
3097 1325 3360 1379 viderunt
3387 1337 3507 1422 mu:

1910 1414 2108 1471 lierem
2146 1417 2315 1472 nimis
2352 1420 2655 1474 caedentem
2699 1436 2758 1473 se
2805 1423 2862 1472 et
2888 1419 3118 1472 ﬂentem
3146 1429 3356 1468 amare.
3398 1412 3507 1475 Qui

1910 1509 2123 1560 stantes
2145 1507 2511 1564 intendebant
2536 1510 2596 1563 in
2621 1526 2763 1564 eam.
2794 1506 3091 1562 Paululum
3106 1508 3296 1559 autem
3316 1515 3506 1573 proce-

1909 1594 2124 1662 dentes,
2152 1604 2518 1653 occurrerunt
2529 1599 2772 1665 cuidam,
2792 1602 2848 1652 et
2872 1592 3242 1666 interrogavit
3255 1588 3507 1690 eum‘ab-

1907 1681 2006 1737 bas
2030 1684 2246 1753 Pastor,
2282 1687 2503 1742 dicens:
2531 1687 2678 1753 Quid
2693 1687 2865 1742 habet
2880 1685 3086 1740 mulier
3100 1683 3229 1747 ista,
3255 1680 3404 1752 quod
3423 1680 3503 1734 sic

1906 1772 2091 1842 plorat
2109 1777 2340 1830 amare?
2362 1777 2514 1831 Dixit
2533 1777 2584 1831 ei
2606 1796 2617 1831 :
2648 1778 2895 1832 Mortuus
2918 1779 3002 1829 est
3022 1772 3260 1827 maritus
3284 1770 3425 1841 ejus,
3448 1771 3505 1823 et

210 1839 423 1893 vestire
454 1839 707 1897 luctuum
725 1844 1049 1917 imaginem,
1084 1855 1341 1906 metuens
1361 1870 1432 1908 ne
1454 1860 1510 1909 et
1539 1860 1601 1910 tu
1622 1858 1740 1928 ipse
1760 1844 1884 1914 inB
1907 1839 2076 1929 filius,
2110 1868 2166 1917 et
2194 1863 2387 1919 frater.
2425 1866 2493 1920 Et
2535 1866 2879 1938 respondens
2911 1863 3083 1918 abbas
3112 1863 3329 1927 Pastor,
3364 1857 3503 1913 dixit

211 1926 308 1980 his
329 1944 771 2003 corruas;super
800 1933 947 1991 bona
977 1954 1107 1993 vero
1124 1939 1293 2009 justis
1322 1944 1587 2015 reposita,
1611 1948 1814 2016 gaude,

211 2016 453 2085 exsulta,
492 2023 549 2074 et
580 2020 790 2077 laetare.
814 2024 884 2078 Et
902 2025 989 2081 his
1010 2028 1235 2099 quidem
1254 2030 1364 2086 frui
1391 2033 1691 2102 festina,ab
1708 2036 1819 2092 illis

209 2123 345 2161 vero
376 2107 518 2163 eﬂici
551 2110 786 2167 alienus.
833 2114 975 2171 Vide
1004 2133 1074 2172 ne
1104 2117 1448 2178 obliviscaris
1491 2124 1812 2196 aliquando,

206 2194 330 2251 sive
359 2197 513 2253 intra
540 2200 738 2257 cellam
763 2206 920 2259 tuam
948 2205 1045 2275 sis,
1070 2207 1184 2262 sive
1204 2209 1340 2265 foris
1364 2212 1598 2284 alicubi;
1625 2221 1681 2270 et
1704 2233 1819 2273 me-

206 2286 458 2342 moriam
488 2289 691 2345 horum
720 2308 791 2348 ne
830 2293 1058 2365 abjieiat
1099 2314 1262 2353 mens
1309 2304 1428 2370 tua,
1479 2308 1543 2357 ut
1570 2321 1671 2375 per
1697 2306 1817 2362 haec

210 2376 420 2432 saltem
447 2379 701 2436 sordidas
733 2372 789 2437 et
816 2384 1010 2439 noxias
1034 2388 1401 2457 cogitationes
1432 2372 1686 2464 effugias.

284 2463 338 2520 4.
368 2466 517 2521 Dixit
544 2468 714 2525 abbas
744 2471 921 2529 Elias:
945 2474 1060 2545 Ego
1086 2481 1202 2532 tres
1229 2494 1319 2533 res
1344 2479 1516 2536 timeo
1548 2463 1809 2553 (Append.

209 2556 406 2623 Mart,
442 2574 509 2635 ηὁ
533 2556 619 2625 97,
651 2563 736 2613 tit.
781 2562 979 2625 Senis).
1012 2565 1216 2634 Unam,
1262 2570 1485 2639 quando
1517 2588 1815 2643 egressura

204 2649 298 2699 est
316 2645 510 2700 anima
537 2664 664 2702 mea
693 2649 760 2704 de
791 2667 1051 2725 corpore;
1089 2655 1259 2710 aliam
1307 2660 1529 2728 quando
1558 2678 1814 2718 occursu-

202 2750 313 2789 rus
336 2751 459 2789 sum
487 2736 602 2791 Deo
627 2740 909 2808 ;tertiam,
936 2744 1160 2814 quando
1190 2746 1487 2804 adversum
1516 2767 1607 2806 me
1632 2753 1813 2825 profe-

200 2823 387 2879 renda
414 2831 500 2880 est
528 2829 828 2885 sententia.

276 2913 332 2969 5.
368 2915 583 2971 Sanctae
636 2920 926 2975 memoria
972 2923 1313 2996 Theophilus
1363 2929 1810 3003 archiepiscopus

1902 1950 2090 2004 abbati
2109 1952 2304 2008 Anub:
2337 1954 2473 2010 Dico
2506 1954 2627 2022 tibi,
2667 1955 2798 2027 quia
2844 1951 2953 2009 nisi
2981 1954 3149 2008 homo
3179 1966 3374 2005 omnes
3409 1963 3501 2002 vo-

1900 2039 2148 2096 luntates
2166 2043 2350 2098 carnis
2379 2060 2495 2099 suae
2528 2042 2969 2110 mortiﬁcaverit,
3001 2046 3056 2097 et
3079 2037 3392 2138 pos—sederit
3414 2037 3498 2138 lu-

1900 2134 2055 2184 ctum
2075 2130 2242 2198 hunc,
2288 2148 2403 2188 non
2431 2139 2619 2206 potest
2647 2133 2957 2189 monachus
2984 2130 3127 2185 ﬁeri.
3158 2130 3301 2185 Tota
3342 2130 3494 2183 enim

1897 2218 2013 2275 vita
2042 2221 2297 2276 mulieris
2318 2222 2483 2278 istius
2505 2229 2562 2279 et
2582 2240 2742 2279 mens
2761 2223 2821 2278 in
2848 2223 3004 2277 luctu
3035 2224 3138 2276 est.

1968 2309 2057 2364 12.
2086 2311 2239 2365 Dixit
2262 2312 2470 2367 iterum
2494 2312 2665 2368 abbas
2692 2314 2922 2368 Pastor:
2943 2312 3150 2367 Luctus
3172 2307 3376 2380 duplex
3409 2309 3495 2363 est

1899 2399 1995 2469 qui
2026 2405 2310 2472 Operatur,
2346 2407 2403 2457 et
2421 2404 2682 2459 custodit.
3148 2471 3157 2478 λ
3334 2476 3339 2483 ,

1972 2485 2057 2545 13.
2081 2490 2659 2564 Fraterinterrogavit
2679 2510 2808 2548 eum
2830 2491 3092 2563 (Append.
3107 2490 3364 2555 .lIart.,n.
3382 2485 3492 2558 34),

1897 2576 2085 2632 dicens
2116 2598 2126 2633 :
2156 2580 2302 2644 Quid
2329 2581 2508 2636 facio?
2546 2583 2695 2637 Dicit
2722 2583 2810 2637 ei:
2861 2581 3096 2647 Quando
3129 2578 3281 2633 venit
3313 2576 3493 2631 Abra-

1896 2666 2029 2721 ham
2057 2667 2115 2722 in
2159 2674 2368 2724 terram
2402 2671 2871 2744 repromissionis,
2922 2672 3354 2725 monumentum
3390 2665 3497 2721 sibi

1896 2759 2260 2829 comparavit,
2295 2765 2353 2815 et
2379 2778 2480 2832 per
2508 2763 2832 2834 sepulcrum
2859 2768 3072 2817 terram
3102 2761 3161 2815 in
3190 2757 3493 2814 haeredita-

1893 2849 2010 2899 tem
2052 2849 2320 2920 percepit.
2373 2851 2443 2905 Et
2497 2851 2636 2906 dixit
2662 2853 2713 2907 ei
2743 2852 2947 2907 frater:
3001 2849 3149 2915 Quid
3199 2851 3287 2902 est
3314 2845 3499 2919 sepul-

1893 2936 2087 2989 crum?
2123 2938 2185 2991 Et
2213 2938 2352 2993 dixit
2376 2957 2570 2995 senex:
2605 2942 2785 2997 Locus
2814 2940 2985 2995 ﬂendi
3011 2944 3068 2994 et
3095 2937 3350 3008 lugendi.

199 3020 339 3058 cum
368 3005 675 3062 moriturus
696 3014 863 3077 esset,
896 3011 1061 3067 dixit:
1089 3015 1295 3070 Beatus
1316 3034 1395 3085 es,
1421 3018 1565 3074 abba
1582 3022 1806 3091 Arseni,
1963 3022 2052 3080 14.
2080 3026 2296 3082 Sancta:
2326 3029 2610 3085 memoriae
2630 3030 2971 3085 Athanasius
2993 3028 3211 3099 rogavit
3229 3025 3491 3081 abbatem

201 3095 341 3167 quia
364 3112 586 3168 semper
606 3098 751 3153 hanc
776 3101 970 3156 horam
1002 3102 1071 3157 ob
1097 3106 1287 3161 oculos
1311 3107 1579 3164 habuisti.
1826 3127 1870 3188 ί]
1892 3113 2102 3168 Pambo
2123 3120 2187 3170 ut
2207 3116 2570 3174 descenderet
2590 3119 2658 3174 de
2689 3136 2878 3174 eremo
2900 3119 2971 3173 ad
3000 3116 3398 3172 Alexandriam
3420 3115 3437 3150 ¹
3476 3133 3489 3182 ;

276 3182 310 3216 Ω
357 3185 624 3216 Πίηηιὶηνιὸ
642 3189 843 3216 υκαι-υ...
869 3191 1442 3216 -.-:-..._.._I-__-__i2L_,
1538 3199 1574 3216 ιο
1752 3202 1767 3216 ι
1972 3203 1983 3214 ο
2163 3205 2177 3216 .
2367 3207 2404 3216 ..
2511 3212 2516 3216 .
2603 3209 2613 3216 .
2638 3208 2694 3216 ...
2727 3208 2758 3216 ..
2785 3209 2796 3216 .
2918 3208 2952 3216 -.
3143 3207 3176 3216 ..
3276 3209 3284 3216 .
3327 3205 3339 3216 .

276 3182 332 3240 6.
357 3185 627 3242 Dicebant
641 3189 844 3244 fratres
865 3191 1478 3262 quiamanducantibus
1503 3199 1805 3271 aliquando
1832 3182 1869 3188 V
1892 3203 2125 3274 quicum
2146 3205 2542 3275 descendisset,
2566 3208 2705 3262 vidit
2723 3208 2800 3262 ibi
2818 3205 3488 3305 mulieremtheatricarn,

276 3274 473 3305 unum...
494 3277 550 3305 ἐν.
585 3278 855 3305 λιτηκξιρι,
912 3281 1035 3305 _:-:4
1064 3300 1210 3305 ___.-__
1233 3284 1402 3305 1‘.._4_,,
1445 3303 1455 3305 _
1488 3288 1502 3305 ι
1929 3297 1937 3305 .
1971 3293 1982 3305 .
2227 3299 2234 3305 .
2401 3301 2407 3305 .
2456 3298 2479 3305 -
2531 3301 2537 3305 .
2758 3300 2764 3305 .
2944 3300 2951 3305 .

198 3274 475 3329 fratribus
494 3277 554 3331 in
583 3278 876 3347 charitate,
912 3281 1038 3336 risit
1064 3300 1211 3339 unus
1232 3284 1406 3340 frater
1435 3288 1507 3341 ad
1528 3305 1802 3344 mensam.
1890 3297 1947 3346 et
1969 3293 2311 3365 lacrymatus
2332 3301 2434 3350 est.
2456 3298 2840 3367 Interrogatus
2861 3300 3052 3351 autem
3075 3294 3144 3349 ab
3162 3293 3232 3349 iis
3253 3292 3493 3393 quiade-

199 3365 271 3393 174
301 3363 494 3393 ηελλ-η..
528 3383 651 3393 ,...-...
686 3368 854 3393 -LL-..
891 3372 1127 3393 1--..---η
1189 3375 1249 3393 α-
1297 3375 1330 3393 οι
1410 3376 1446 3393 1-
1666 3380 1704 3393 Α
1754 3380 1763 3391 ο
1788 3381 1802 3393 ι.
2004 3385 2010 3393 .
2260 3383 2282 3393 ο.
2381 3384 2413 3393 ..
2451 3385 2466 3393 -
2713 3391 2718 3393 ,
2878 3385 2911 3393 .,
2984 3385 3023 3393 _
3164 3383 3175 3393 .
3330 3386 3338 3393 .

198 3365 273 3419 Et
301 3363 495 3420 videns
526 3383 655 3421 eum
684 3368 855 3424 abbas
885 3372 1149 3438 Joannes,
1185 3375 1356 3443 ﬂevit,
1394 3376 1613 3432 dicens:
1662 3380 1807 3444 Quid
1890 3385 2036 3449 rant,
2059 3398 2232 3452 quare
2253 3383 2423 3438 fuerit
2451 3385 2815 3457 lacrymatus,
2840 3385 2950 3439 ait:
2983 3385 3138 3451 Dure,
3160 3381 3365 3454 inquit,
3400 3397 3491 3482 res

198 3458 370 3483 ..ιη-4η..
397 3454 563 3483 ιριηιςηι
591 3457 885 3483 ρηλιηκικι-
919 3460 971 3483 2..
1013 3463 1165 3483 --__J_
1201 3480 1289 3483 μ---
1392 3465 1442 3483 η·
1546 3467 1558 3477 ο
1597 3467 1628 3483 ο.
2291 3478 2298 3483 .
2370 3475 2417 3483 τ-
2540 3475 2554 3483 .
2618 3475 2690 3483 ....
2912 3474 2993 3483 ....
3228 3472 3264 3483 ς.

195 3458 371 3525 putas
397 3454 566 3511 habet
591 3457 767 3512 frater
783 3459 888 3513 iste
918 3460 977 3515 in
1006 3463 1172 3517 corde
1197 3480 1318 3532 suo,
1351 3465 1483 3536 quia
1512 3467 1655 3536 risit,
1679 3485 1808 3525 cum
1891 3486 1981 3525 me
2009 3478 2325 3527 moverunt.
2370 3475 2495 3528 Una
2524 3475 2591 3528 de
2614 3475 2765 3529 illius
2794 3474 3146 3547 perditione;
3195 3472 3324 3541 alia,
3359 3470 3489 3542 quia

196 3542 493 3599 debuisset
528 3548 708 3619 magis
759 3550 913 3615 ﬂere,
949 3552 1081 3621 quia
1109 3553 1443 3609 charitatem
1482 3558 1803 3614 manducat.
1890 3575 1992 3630 ego
2021 3577 2135 3615 non
2159 3561 2338 3617 habeo
2387 3562 2502 3618 tale
2547 3542 2814 3619 studium—
2847 3564 3102 3636 placendi
3139 3564 3277 3630 Deo,
3325 3560 3489 3633 quale

275 3633 330 3690 7.
362 3634 513 3689 Dixit
539 3636 713 3692 abbas
740 3638 979 3694 Jacobus
1007 3641 1183 3705 :Quia
1200 3642 1346 3698 sicut
1365 3645 1595 3701 lucerna
1614 3647 1808 3704 obscu-
1890 3649 2061 3704 habet
2087 3651 2197 3706 ista
2225 3656 2290 3706 ut
2316 3652 2636 3708 hominibus
2664 3633 2926 3725 turpibus
2945 3655 3183 3751 placeat.
3297 3741 3319 3751 -
3387 3743 3395 3751 ⁸
3438 3740 3450 3751 ι

276 3739 328 3751 ννς
362 3723 679 3751 ηιτῑιζιςνήηυ
712 3727 993 3751 :II.-_.:.._.L
1046 3730 1117 3751 [Α-
1156 3732 1250 3751 ΑΒ---
1276 3750 1284 3751 ,
1361 3734 1405 3751 π
1448 3735 1460 3745 ι
1549 3736 1560 3746 -
1768 3738 1800 3751 ο.
1968 3738 2027 3751 ι...
2113 3740 2125 3751 ι
2149 3740 2160 3751 ι
2183 3740 2197 3751 ε.
2307 3742 2378 3751 ρ...
2660 3743 2673 3751 .
2831 3744 2867 3751 -.

197 3738 332 3777 rum
359 3723 685 3781 cubibulum
712 3727 1013 3796 illuminat,
1046 3730 1127 3785 ita
1155 3732 1328 3788 timor
1361 3734 1483 3801 Dei,
1517 3736 1564 3790 si
1594 3738 1810 3794 venerit
1963 3738 2052 3794 15.
2096 3740 2282 3795 Abbas
2305 3742 2560 3797 Silvanus
2581 3723 2781 3798 sedens
2797 3723 3100 3815 aliquando
3133 3759 3261 3797 cum
3292 3740 3483 3795 fratri-

194 3812 259 3867 in
290 3814 456 3868 corde
484 3814 747 3883 hominis,
782 3817 1067 3874 illuminat
1085 3837 1216 3876 eum
1231 3827 1287 3877 et
1307 3824 1469 3879 docet
1485 3841 1680 3882 omnes
1699 3827 1807 3882 vir-
1890 3827 2012 3896 bus,
2028 3829 2210 3885 factus
2231 3836 2317 3885 est
2332 3831 2390 3885 in
2411 3849 2638 3887 excessu
2658 3833 2882 3900 mentis,
2915 3838 2973 3888 et
2989 3832 3190 3888 cecidit
3209 3833 3268 3887 in
3290 3832 3489 3886 faciem

196 3908 353 3959 tutes
374 3909 431 3959 et
454 3907 721 3961 mandata
745 3907 867 3963 Dei.
1890 3935 2053 3973 suam
2083 3922 2266 3989 (Ru/f.,
2315 3923 2412 3977 lib.
2456 3936 2538 3990 III,
2588 3939 2748 3977 num.
2796 3922 2950 3991 205;
3001 3923 3242 3993 Append.
3292 3923 3483 3988 Mart,

272 3991 328 4051 8.
362 3995 859 4067 Interrogaverunt
887 3999 1117 4071 quidam
1144 4002 1377 4058 Patrum
1400 4004 1664 4062 abbatem
1687 4009 1802 4065 Μελ·
1885 4024 2046 4063 num.
2079 4009 2190 4074 48).
2224 4010 2292 4064 Et
2319 4016 2447 4082 post
2470 4012 2713 4066 multum
2742 4028 2982 4083 surgens
2997 3991 3273 4083 plorabat.
3299 4010 3369 4065 Et
3389 4027 3483 4065 ro-

198 4082 416 4138 carium
439 4086 785 4158 Egyptium,
803 4088 1068 4145 dicentes:
1086 4092 1378 4156 Quomodo
1400 4112 1602 4167 corpus
1616 4102 1802 4169 tuum,
1883 4104 2159 4170 gaverunt
2183 4116 2313 4154 eum
2332 4100 2556 4169 fratres,
2590 4101 2869 4157 dicentes:
2891 4100 3036 4167 Quid
3064 4100 3256 4168 habes,
3290 4098 3487 4155 Pater?

198 4177 253 4202 Λό
279 4174 499 4202 arui-.an
531 4177 835 4202 αρν-..ς-..Ᾱ---Ακ
886 4184 935 4202 -1.
953 4182 1165 4202 ___-_._‘I-
1187 4183 1201 4202 3
1219 4184 1333 4202 ,ΒΑ-η
1354 4200 1368 4202 _
1474 4185 1485 4196 ο
1739 4194 1747 4202 .
1776 4190 1800 4202 η
1885 4188 1949 4202 τις
2099 4194 2106 4202 .
2238 4194 2245 4202 .
2354 4189 2369 4202 1
2434 4195 2441 4202 .
2521 4197 2527 4202 .
2571 4191 2598 4202 ι..
2640 4190 2654 4202 ι
2722 4197 2729 4202 .
2795 4192 2828 4202 Α.
3000 4191 3035 4202 ι..
3122 4190 3176 4202 ..ι
3377 4196 3384 4202 .

196 4177 258 4227 et
277 4174 501 4244 quando
531 4177 855 4245 manducas,
881 4184 938 4233 et
950 4182 1172 4252 quando
1180 4183 1425 4254 jejunas,
1443 4185 1649 4241 siccum
1671 4190 1800 4244 est?
1885 4188 1986 4244 Ille
2016 4194 2206 4244 autem
2229 4189 2451 4245 tacebat
2481 4197 2538 4246 et
2566 4190 2757 4246 ﬂebat.
2790 4190 3266 4289 Compellentibus
3296 4196 3487 4289 autem

196 4263 263 4289 ω
299 4262 434 4289 JH,
469 4264 545 4289 Λεη
578 4282 775 4289 Μ-η,
816 4267 967 4289 mm,
1242 4272 1254 4284 .
1530 4276 1545 4289 .
1670 4278 1680 4288 .
1731 4279 1742 4289 .
2073 4278 2109 4289 ..
2154 4278 2189 4289 ..
2403 4281 2444 4289 ..
2600 4282 2656 4289 -.
2714 4281 2751 4289 -.
2794 4281 2804 4289 .

191 4263 266 4317 Et
297 4262 437 4316 dixit
465 4264 545 4317 eis
576 4282 776 4321 senex:
816 4267 972 4323 Sicut
996 4270 1213 4341 lignum
1238 4272 1298 4327 in
1327 4290 1503 4329 manu
1530 4276 1796 4346 hominis,
1883 4294 2033 4345 eum,
2057 4278 2198 4333 dixit
2226 4278 2368 4335 illis:
2403 4281 2518 4351 Ego
2549 4282 2620 4336 ad
2637 4281 2909 4353 judicium
2931 4262 3134 4353 raptus
3160 4297 3304 4347 sum,
3339 4284 3395 4334 et
3410 4278 3488 4334 vi-

191 4356 393 4419 m
425 4366 555 4408 cum
606 4371 716 4426 quo
762 4356 993 4413 frutices
1031 4359 1090 4415 in
1146 4361 1275 4433 igne
1302 4370 1602 4420 versantur
1629 4374 1799 4439 atque
1882 4367 1938 4420 di
1970 4368 2179 4423 multos
2210 4369 2279 4424 de
2319 4370 2517 4426 habitu
2545 4377 2738 4427 nostro
2766 4376 2962 4427 euntes
2993 4370 3064 4427 ad
3092 4373 3394 4437 tormenta,
3430 4372 3487 4423 et

190 4445 574 4509 reversantur,
608 4460 830 4516 semper
851 4445 920 4501 ab
943 4448 1071 4518 igne
1103 4451 1485 4521 consumitur;
1511 4454 1588 4509 ita
1615 4456 1663 4509 si
1694 4456 1796 4510 ho-
1816 4458 2091 4554 Dmultos
2121 4459 2414 4515 saeculares
2439 4465 2636 4516 euntes
2661 4462 2731 4516 ad
2762 4477 3019 4533 regnum.
3054 4458 3124 4514 Et
3152 4458 3486 4559 lugebat‘se:

191 4545 286 4559 ννιΑ
318 4530 668 4559 ..νς-...Διηηνηξι
700 4540 941 4559 “Anam...
990 4554 1139 4559 --___-
1187 4539 1236 4559 ξ..
1293 4539 1443 4559 λείη-.
1526 4544 1569 4559 n
1611 4544 1623 4554 -
1681 4544 1692 4556 ο
2082 4552 2088 4559 .
2202 4549 2215 4559 .
2258 4548 2270 4559 .
2337 4555 2343 4559 .
2397 4549 2412 4559 .
2456 4550 2467 4559 .
2764 4550 2774 4559 .
2889 4551 2903 4559 .
3032 4549 3068 4559 η

189 4545 287 4585 mo
317 4530 672 4587 mandaverit
698 4540 948 4590 mentem
986 4554 1147 4592 suam
1186 4539 1245 4593 in
1292 4539 1495 4597 timore
1525 4544 1645 4613 Dei,
1677 4544 1797 4616 ipse
1817 4530 2006 4608 unex,
2039 4552 2098 4601 et
2125 4548 2353 4603 nolebat
2381 4549 2643 4622 deinceps
2693 4550 2843 4604 exire
2872 4551 2941 4604 de
2967 4549 3109 4604 cella
3138 4564 3257 4603 sua.
3295 4548 3405 4603 Sed
3419 4548 3481 4649 ‘si

200 4619 378 4649 4€mnn
405 4621 503 4649 nx:
540 4621 703 4649 Αιεηη.
742 4641 858 4649 Α---
900 4628 1015 4649 ,2ημ
1051 4631 1323 4649 --..---μηλ
1953 4637 1964 4647 ο
2196 4639 2209 4649 ι
2275 4643 2282 4649 .
2553 4640 2564 4649 .
2603 4639 2618 4649 .
2686 4644 2692 4649 .
2831 4640 2888 4649 ...
2957 4637 2981 4649 Α
3042 4638 3053 4649 .

200 4619 378 4674 timor
405 4621 507 4675 Dei
537 4621 708 4677 etiam
737 4641 865 4680 ossa
895 4628 1016 4697 ejus
1043 4631 1345 4684 consumit.
1882 4637 2032 4691 exire
2058 4639 2380 4708 cogebatur,
2413 4639 2702 4711 operiebat
2723 4640 2929 4711 capitio
2952 4637 3152 4693 faciem
3183 4654 3364 4704 suam,
3404 4637 3486 4692 di-

264 4708 318 4765 9.
360 4710 635 4766 Miserunt
669 4714 969 4786 aliquando
998 4734 1161 4774 senes
1193 4719 1262 4774 de
1290 4726 1480 4777 monte
1511 4723 1705 4780 Nitriae
1726 4725 1798 4780 ad
1881 4742 2040 4780 cens:
2079 4728 2222 4797 Quid
2252 4708 2479 4784 necesse
2503 4734 2590 4783 est
2618 4708 2809 4784 videre
2837 4729 3032 4784 lumen
3074 4727 3228 4783 istud
3257 4732 3477 4800 tempo-

186 4798 454 4856 abbatem
468 4802 776 4859 Macarium
798 4805 855 4859 in
877 4807 1088 4879 Scythi,
1116 4816 1378 4881 rogantes
1401 4818 1465 4867 ut
1480 4815 1696 4871 veniret
1725 4819 1797 4874 ad

189 4907 312 4957 eos;
334 4890 583 4963 alioquin
612 4894 780 4949 sciret
809 4912 1034 4951 omnem
1055 4899 1495 4971 multitudinem,
1518 4904 1565 4958 si
1584 4904 1702 4977 ipse
1725 4909 1796 4963 ad

188 4996 291 5034 eos
322 4996 434 5035 non
456 4982 690 5048 veniret,
722 4985 793 5039 ad
821 4985 1005 5056 ipsum
1028 5005 1149 5043 esse
1176 4995 1494 5062 venturam,
1527 4996 1797 5065 quoniam

183 5070 589 5127 desiderabant
601 5073 788 5128 videre
802 5092 929 5130 eum
941 5083 1243 5150 antequam
1257 5082 1526 5153 migraret
1536 5085 1798 5143 adDomi-

183 5176 348 5215 num.
380 5159 486 5224 Qui
515 5178 643 5217 cum
672 5165 917 5220 venisset
945 5167 1004 5222 in
1042 5174 1311 5237 montem,
1339 5180 1679 5245 congregata
1709 5182 1797 5232 est

183 5249 374 5305 omnis
402 5251 704 5308 multitudo
733 5254 976 5310 fratrum
1007 5258 1077 5311 ad
1107 5275 1254 5314 eum.
1282 5261 1575 5333 Rogabant
1603 5270 1792 5321 autem

181 5356 322 5395 eum
352 5357 512 5395 senes
542 5347 607 5397 ut
635 5343 844 5398 faceret
875 5346 1104 5402 verbum
1135 5350 1205 5403 ad
1238 5350 1459 5407 fratres.
1482 5354 1581 5409 Ille
1603 5360 1792 5412 autem

180 5431 510 5502 lacrymans
525 5430 635 5486 ait:
664 5433 974 5504 Ploremus,
1001 5437 1223 5507 fratres,
1250 5441 1628 5513 etproducant
1648 5448 1793 5503 oculi

180 5520 370 5576 nostri
385 5520 682 5593 lacrymas,
709 5528 1014 5597 antequam
1037 5545 1232 5585 eamus
1256 5531 1405 5599 hinc,
1419 5532 1513 5587 ubi
1533 5535 1792 5608 lacrymae

178 5615 395 5668 nostrae
425 5626 661 5684 corpora
693 5614 1151 5674 comburant.rEt
1176 5620 1457 5677 fleverunt
1485 5640 1700 5695 omnes,
1734 5633 1792 5684 et

1878 4816 2015 4882 rale,
2041 4816 2099 4870 in
2129 4834 2238 4889 quo
2271 4817 2412 4872 nihil
2434 4823 2515 4873 est
2546 4818 2683 4873 utile
2702 4817 2730 4871 ‘l

1948 4906 2037 4960 16.
2070 4906 2223 4960 Dixit
2251 4913 2455 4963 sanctae
2495 4908 2781 4963 memoriae
2811 4909 3157 4983 Syncletica:
3189 4907 3374 4965 Labor
3397 4915 3483 4965 est

1881 4998 1936 5049 et
1959 5012 2228 5066 maguum
2246 5003 2531 5053 certamen
2559 4998 2863 5070 impiorum
2883 5000 2978 5072 qui
2999 4998 3484 5056 convertunturad

1878 5084 2079 5153 Deum,
2112 5091 2169 5140 et
2193 5092 2389 5157 postea
2417 5086 2794 5145 inenarrabile
2821 5089 3112 5161 gaudium.
3147 5089 3303 5145 Sicut
3332 5088 3485 5145 enim

1882 5175 1979 5245 qui
2010 5175 2198 5244 ignem
2220 5178 2523 5232 accendere
2556 5180 2769 5247 volunt,
2800 5180 2956 5251 prius
2984 5180 3294 5246 fumantur,
3331 5181 3389 5233 et
3417 5194 3484 5233 ex

1876 5264 2015 5319 fumi
2036 5266 2293 5322 molestia
2317 5268 2719 5340 lacrymantur,
2741 5270 2931 5341 sicque
2952 5269 3209 5324 obtinent
3222 5267 3372 5338 quod
3393 5284 3485 5322 vo-

1877 5355 2020 5410 lunt.
2063 5356 2285 5411 Etenim
2310 5359 2582 5430 scriptum
2602 5364 2687 5414 est
2718 5378 2729 5414 :
2763 5359 2909 5424 Quia
2932 5359 3083 5413 Deus
3110 5362 3305 5413 noster
3323 5356 3471 5428 ignis

1877 5462 2211 5501 consumens
2243 5452 2362 5501 est:
2394 5447 2475 5503 ita
2521 5453 2745 5521 oportet
2783 5452 2840 5503 et
2861 5447 2977 5521 lnos
3004 5447 3254 5503 divinum
3293 5446 3484 5519 ignem

1875 5553 2002 5591 cum
2016 5537 2278 5609 lacrymis
2290 5542 2457 5610 atque
2469 5537 2751 5593 laboribus
2762 5538 2822 5593 in
2833 5536 2993 5593 nobis
3006 5536 3141 5610 ipsis
3156 5537 3477 5593 accendere.

1948 5624 2037 5684 17.
2079 5627 2230 5684 Dixit
2242 5627 2414 5685 abbas
2433 5627 2804 5702 Hyperichius
2830 5646 2842 5684 :
2867 5628 3041 5684 Nocte
3062 5632 3119 5685 et
3148 5627 3239 5685 die
3262 5626 3484 5685 labora-

259 5757 279 5792 ί
314 5754 488 5828 Ruth,
523 5755 621 5818 lib.
654 5772 740 5833 III,
771 5776 829 5819 n.
865 5762 988 5827 164.
1024 5796 1089 5813 -
1122 5767 1317 5829 Simile
1348 5771 1408 5831 in
1433 5771 1551 5833 vita
1576 5771 1836 5847 Pelagia,
1872 5789 1997 5848 cap.
2030 5774 2081 5833 3.
