3876 6374
425 351 530 414 863

1566 351 1662 406 DE
1697 348 1887 407 VlTIS
1925 342 2222 402 PATRUM
2257 342 2474 400 LIBER
2507 342 2576 399 V.

3589 335 3688 396 864

425 478 736 536 monachus
761 476 1018 550 vigilans,
1040 477 1100 532 in
1115 477 1462 534 orationibus
1487 493 1824 551 permanens
1843 495 1856 543 ;
1875 490 2014 548 pun-
2027 472 2078 532 A
2093 487 2274 542 genus
2299 467 2630 524 intendere?
2653 466 2888 541 Propter
2929 467 3079 540 quod
3095 467 3176 523 sic
3192 466 3460 524 debemus
3486 465 3688 532 vivere,

421 585 562 643 gens
588 572 780 624 autem
807 583 906 622 cor
931 583 1096 622 suum
1113 567 1372 639 producit
1389 569 1688 641 lacrymas,
1712 572 1770 621 et
1781 565 2017 622 celerius

423 663 687 732 provocat
712 657 817 713 Dei
845 655 1306 716 misericordiam.
1821 643 1828 650 ’

499 745 583 805 18.
605 746 1013 818 Applicuerunt
1031 745 1232 802 fratres
1251 747 1322 801 ad
1343 745 1601 802 abbatem
1619 747 1880 813 Felicem,
1913 747 2015 801 ha-

423 835 622 891 bentes
648 851 839 890 secum
853 835 1074 907 aliquos
1095 837 1406 902 saeculares,
1426 842 1483 891 et
1511 841 1850 908 rogaverunt
1865 853 2013 902 cum,

422 929 488 980 ut
514 924 728 980 diceret
754 924 836 979 eis
864 941 1201 980 sermonem.
1234 926 1413 980 Senex
1433 932 1620 981 autem
1642 926 1880 981 tacebat.
1901 927 2018 982 Illis

422 1018 614 1070 autem
637 1013 852 1070 diutius
875 1013 1206 1085 rogantibus
1233 1015 1374 1069 dixit
1403 1015 1476 1070 ad
1511 1033 1604 1070 eos
1631 1033 1643 1068 :
1689 1016 2018 1071 Sermonem

423 1103 593 1159 vultis
615 1103 836 1159 audire?
857 1103 964 1169 Qui
977 1104 1390 1176 responderunt
1411 1121 1424 1160 :
1445 1104 1842 1171 Etiam,Pator.
1871 1107 2020 1161 Dixit

425 1209 561 1264 ergo
581 1209 776 1247 senex:
811 1192 976 1248 Modo
997 1209 1110 1248 non
1133 1198 1218 1248 est
1237 1210 1442 1250 sermo.
1464 1194 1698 1258 Quando
1723 1200 1911 1249 autem
1931 1195 2018 1249 in-

423 1281 860 1352 terrogabantur
903 1281 1168 1349 seniores,
1193 1287 1248 1336 et
1271 1282 1548 1338 faciebant
1569 1284 1769 1339 fratres
1802 1302 1924 1356 quae
1943 1285 2022 1339 di-

424 1369 629 1426 cebant
655 1370 754 1437 eis,
810 1370 1098 1426 tribuebat
1136 1372 1284 1426 Deus
1315 1373 1594 1443 quomodo
1621 1373 2010 1445 loquerentur.

422 1460 788 1516 Nuncaqu
803 1460 1069 1532 quoniam
1080 1460 1216 1515 inter
1228 1467 1431 1532 rogant
1444 1463 1692 1532 quidam,
1707 1480 1814 1517 non
1832 1470 2020 1520 autem

426 1548 642 1604 faciunt
665 1566 789 1622 quae
819 1550 1076 1616 audiunt,
1113 1550 1346 1605 abstulit
1376 1551 1525 1606 Deus
1551 1553 1793 1622 gratiam
1824 1571 1859 1608 a
1878 1555 2023 1609 seni-

427 1637 553 1707 bus,
585 1643 651 1694 ut
671 1655 786 1694 non
811 1639 1102 1694 inveniant
1117 1639 1251 1711 quid
1284 1641 1606 1711 loquantur,
1635 1643 1900 1712 quoniam
1922 1645 2017 1715 qui

427 1723 814 1791 opereturnon
845 1723 948 1773 est.
971 1719 1106 1783 Quae
1135 1737 1261 1774 cum
1285 1721 1575 1776 audissent
1600 1721 1822 1784 fratres,
1857 1723 2017 1795 inge-

427 1811 714 1874 muerunt,
745 1806 1022 1863 dicentes:
1057 1809 1169 1864 Ora
1199 1825 1300 1881 pro
1324 1810 1504 1878 nobis,
1538 1811 1723 1866 Pater.

503 1895 588 1954 19.
619 1897 1007 1952 Narraverunt
1033 1898 1102 1952 de
1131 1897 1334 1952 abbate
1364 1900 1483 1954 Hor
1509 1895 1610 1972 (9),
1642 1905 1696 1954 et
1723 1901 1794 1955 de
1819 1901 2020 1958 abbate

423 1986 735 2054 Theodoro,
765 1987 899 2059 quia
925 1987 1212 2043 misissent
1234 1988 1523 2060 caprinam
1551 1989 1754 2061 pellem
1781 1989 1840 2044 in
1880 1993 2018 2047 cella

427 2091 550 2144 sua,
591 2081 650 2132 et
683 2075 948 2132 dixerunt
984 2076 1091 2132 sibi
1112 2077 1458 2132 adinvicem:
1495 2078 1553 2133 Si
1583 2095 1684 2134 nos
1711 2079 2021 2138 visitaverit

427 2165 580 2222 Deus
590 2166 777 2234 modo,
802 2165 936 2238 quid
955 2166 1251 2224 faciemus?
1272 2169 1342 2222 Et
1364 2168 1562 2222 ﬂentes
1573 2169 1924 2240 reliquerunt
1943 2172 2021 2226 lo-

426 2271 557 2312 cum
601 2272 669 2311 ex
707 2253 998 2324 lateribus,
1032 2261 1090 2312 et
1129 2257 1209 2312 sic
1248 2263 1601 2314 recesserunt
1636 2258 1694 2313 in
1734 2259 1888 2314 cellis
1911 2260 2027 2316 suis

427 2343 696 2416 (Append.
724 2345 916 2412 Mart,
947 2361 1103 2400 num.
1129 2345 1238 2414 47).

501 2421 592 2481 20.
616 2425 882 2482 Narravit
901 2425 1129 2498 quidam
1141 2443 1311 2482 senex
1325 2427 1473 2499 quod
1490 2427 1694 2500 aliquis
1708 2428 1884 2485 frater
1897 2444 2027 2485 cum

431 2515 680 2572 converti
707 2515 994 2582 voluisset,
1035 2521 1093 2570 et
1119 2515 1441 2588 prohiberet
1493 2523 1676 2573 mater
1703 2535 1808 2574 sua
1843 2521 2026 2590 (Ra/Ii,

431 2605 528 2660 lib.
551 2617 638 2672 III,
652 2619 712 2658 η.
733 2599 879 2676 216),
900 2603 996 2657 ille
1011 2619 1121 2658 non
1137 2604 1459 2675 quiescebat
1475 2605 1549 2660 ab
1563 2605 1875 2663 intentione
1905 2625 2026 2675 sua,

431 2692 624 2748 dicens
645 2707 660 2747 :
684 2691 913 2747 Salvare
932 2693 1055 2746 volo
1069 2692 1318 2747 animam
1331 2699 1517 2760 56"
1540 2712 1746 2751 meam.
1769 2698 1874 2752 Illa
1899 2714 2030 2753 vero

431 2781 677 2837 multum
694 2780 1114 2848 resistens,cum
1130 2781 1472 2838 desiderium
1484 2785 1608 2854 ejus
1627 2784 1900 2856 impedire
1918 2803 2030 2842 non

428 2873 638 2943 posset,
662 2875 859 2942 postea
877 2870 1153 2942 permisit.
1171 2870 1381 2926 Abiens
1409 2877 1600 2927 autem
1622 2873 1800 2928 factus
1830 2891 2028 2930 mona-

431 2958 570 3014 chus
590 2958 694 3014 sub
713 2958 1057 3030 negligentia
1087 2959 1256 3014 vitam
1287 2977 1445 3014 suam
1469 2962 1753 3033 expendit.
1780 2963 2026 3035 Contigit

432 3052 712 3116 autem,ut
722 3049 1091 3121 materipsius
1113 3055 1446 3118 moreretur;
1465 3057 1522 3104 et
1541 3057 1668 3122 post
1681 3058 1904 3124 tempus
1923 3053 2030 3108 ali-

2098 564 2293 631 utpote
2315 559 2411 631 qui
2442 559 2511 613 de
2541 557 2776 629 singulis
2797 556 3044 613 motibus
3061 556 3268 613 nostris
3279 557 3554 612 rationem
3576 555 3692 612 exi-

2096 645 2267 716 gendi
2294 646 2473 700 simus
2496 661 2532 700 a
2560 645 2697 700 Deo.

2169 733 2464 792 2‘2.Frater
2473 733 2842 805 interrogavit
2861 749 3055 788 senem
3069 734 3254 801 (Pasch
3265 749 3352 799 .,c.
3367 731 3427 790 2i
3440 749 3626 803 ,num.
3639 731 3689 798 4,

2097 825 2340 892 Append.
2371 826 2560 890 Mart,
2611 841 2769 878 num.
2793 821 2903 892 22),
2943 823 3134 878 dicens
3159 839 3173 878 :
3197 821 3359 878 Unde
3393 829 3498 888 est,
3529 821 3691 890 abba,

2099 928 2196 967 cor
2221 929 2411 967 meum
2441 913 2669 979 durum,
2689 919 2747 967 et
2776 929 2890 967 non
2914 913 3087 966 timeo
3108 911 3410 967 Dominum
3428 911 3454 965 Ἰ
3482 911 3628 967 Dicit
3643 911 3694 966 ei

2100 1019 2300 1056 senex:
2327 1003 2491 1066 Puto,
2528 1002 2661 1073 quia
2689 1001 2738 1056 si
2765 1002 2934 1056 homo
2957 1006 3150 1056 teneat
3186 1001 3247 1056 in
3283 1000 3451 1055 corde
3481 1017 3581 1056 suo
3607 1001 3696 1054 in-

2100 1090 2791 1162 crepationem,possideat
2809 1089 3246 1144 timorem.Dicit
3259 1089 3310 1144 ei
3320 1089 3520 1144 frater:
3553 1089 3696 1154 Quid

2103 1186 2188 1233 est
2213 1179 2522 1250 increpatio
2550 1179 2578 1231 ‘?
2621 1179 2770 1234 Dixit
2797 1185 2988 1234 autem
3016 1195 3216 1234 senex:
3271 1180 3346 1234 Ut
3373 1179 3432 1233 in
3459 1178 3612 1233 omni
3638 1195 3698 1232 re

2103 1269 2272 1323 homo
2305 1269 2557 1340 increpet
2585 1268 2832 1323 animam
2862 1285 3044 1334 suam,
3090 1267 3325 1322 dicendo
3366 1267 3444 1322 ei:
3488 1269 3701 1322 Memor

2106 1363 2225 1412 esto
2275 1358 2407 1429 quia
2462 1364 2518 1412 te
2550 1363 2771 1429 oportet
2807 1359 2922 1412 Deo
2948 1374 3258 1412 occurrere.
3302 1357 3404 1412 Dic
3427 1362 3614 1411 autem
3644 1361 3702 1410 et

2102 1447 2208 1501 hoc
2227 1466 2236 1500 :
2257 1447 2402 1510 Quid
2432 1447 2556 1502 volo
2587 1464 2693 1516 ego
2722 1463 2850 1500 cum
2880 1447 3151 1500 homine?
3189 1446 3456 1501 Existimo
3485 1449 3697 1512 autem,

2104 1536 2238 1606 quia
2267 1536 2313 1589 si
2343 1537 2468 1608 quis
2511 1536 2568 1590 in
2598 1536 2688 1589 bis
2725 1540 3074 1607 permaneat,
3120 1535 3273 1590 venit
3300 1542 3358 1589 et
3384 1535 3555 1590 timor
3581 1534 3704 1590 Dei.

2172 1626 2260 1682 23.
2296 1626 2448 1679 Vidit
2476 1642 2646 1680 senex
2676 1625 2980 1696 quemdam
3014 1624 3313 1691 ridentem,
3345 1631 3404 1678 et
3443 1624 3577 1678 dicit
3605 1623 3658 1677 ei
3691 1640 3704 1676 :

2105 1716 2310 1770 Coram
2353 1715 2476 1769 cmli
2505 1721 2564 1768 et
2593 1721 2757 1769 terrae
2785 1713 3026 1769 Domino
3058 1713 3346 1769 rationem
3377 1713 3552 1768 totius
3581 1713 3708 1768 vita:

2041 1787 2088 1848 Β
2105 1811 2310 1858 nostra
2337 1803 2612 1858 reddituri
2641 1820 2855 1870 sumus,
2888 1809 2946 1857 et
2964 1809 3027 1858 tu
3059 1803 3207 1857 rides
3229 1802 3255 1855 Ἰ

2176 1891 2266 1948 21.
2301 1892 2453 1948 Dixit
2473 1909 2674 1947 senex:
2707 1892 3197 1957 Quemadmodum
3225 1890 3482 1946 umbram
3509 1906 3708 1962 corpo-

2105 1999 2234 2037 rum
2251 1987 2574 2036 nostrorum
2593 1980 2802 2053 ubique
2831 1980 3122 2036 nobiscum
3149 1979 3709 2045 circumferimus,sic

2103 2071 2372 2127 debemus
2415 2072 2612 2126 ﬂetum
2655 2076 2716 2125 et
2759 2069 3249 2144 compunctionem
3290 2068 3498 2124 habere
3525 2067 3710 2124 nobis-

2101 2177 2227 2216 cum
2257 2160 2574 2230 ubicunque
2603 2175 2817 2214 sumus.

2176 2249 2262 2304 25.
2300 2251 2500 2304 Frater
2525 2249 2894 2320 interrogavit
2912 2264 3125 2315 senem,
3157 2247 3350 2304 dicens
3377 2265 3389 2300 :
3419 2246 3598 2314 Abba,
3620 2247 3709 2302 dic

2111 2339 2252 2394 mihi
2283 2339 2512 2411 aliquod
2540 2337 2792 2394 verbum.
2829 2338 2976 2393 Dicit
3005 2337 3056 2392 ei
3085 2354 3254 2393 senex
3278 2355 3292 2392 :
3319 2336 3554 2402 Quando
3581 2353 3712 2408 per-

2109 2427 2285 2483 cussit
2302 2429 2454 2483 Deus
2483 2427 2810 2500 Egyptum,
2843 2443 2955 2483 non
2980 2432 3102 2482 erat
3127 2425 3328 2482 domus
3357 2441 3472 2481 non
3500 2423 3713 2481 habens

2112 2517 2348 2573 luctum.

2182 2607 2478 2664 26.Frater
2495 2605 2864 2678 interrogavit
2889 2605 3064 2662 alium
3091 2600 3506 2674 senem,dic€ns
3536 2603 3717 2670 :Quid

2111 2695 2290 2750 facio?
2321 2696 2470 2751 Dicit
2489 2697 2540 2751 ei
2559 2713 2762 2752 senex:
2796 2697 2956 2751 Flere
2983 2693 3252 2750 debemus
3279 2711 3517 2766 semper.

2185 2784 2434 2855 Contigit
2455 2785 2605 2839 enim
2631 2784 2934 2856 quemdam
2951 2799 3153 2839 senum
3171 2783 3316 2838 mori
3337 2782 3723 2855 aliquando,et

2113 2878 2242 2945 post
2267 2874 2506 2945 multam
2543 2874 2742 2929 horam
2772 2874 2980 2928 iterum
3008 2873 3068 2927 in
3097 2872 3463 2944 semetipsum
3479 2871 3717 2927 reverti.

2110 2943 2587 3034 interrogavimus
2635 2980 2784 3031 eum,
2849 2962 3132 3017 dicentes:
3188 2943 3339 3026 Quid
3383 2961 3572 3016 vidisti
3621 2959 3724 3029 ibi,

2111 3051 2291 3106 abba?
2317 3053 2382 3106 Et
2409 3051 2661 3106 narravit
2687 3051 2848 3106 nobis
2869 3052 3127 3123 plorans:
3151 3050 3355 3105 Audivi
3385 3066 3575 3104 vocem
3605 3049 3725 3104 illic

431 3139 1020 3212 quantumetiamipse
1035 3139 1448 3194 inﬁrmatusest
1467 3130 2094 3212 inﬁrmitatemagna.C
2117 3139 2309 3212 lugubi
2325 3157 2414 3195 em
2459 3141 2578 3196 sine
2608 3141 2918 3198 cessatione
2965 3140 3282 3194 dicentem:
3315 3138 3412 3192 Va:
3456 3138 3616 3206 mihi,
3643 3154 3724 3194 vae

431 3229 503 3284 Et
527 3245 656 3284 cum
684 3229 864 3284 factus
891 3227 1090 3284 fuisset
1129 3229 1188 3284 in
1219 3245 1444 3285 excessu
1472 3231 1696 3298 mentis,
1721 3237 1918 3304 raptus
1947 3239 2033 3287 est
2113 3230 2273 3286 mihi.
2307 3231 2396 3285 Sic
2427 3236 2483 3285 et
2511 3248 2612 3286 nos
2641 3247 2866 3302 semper
2893 3229 3078 3284 dicere
3107 3227 3395 3284 debemus.

435 3318 508 3374 ad
532 3317 831 3390 judicium,
865 3323 924 3372 et
951 3317 1165 3373 invenit
1203 3325 1446 3373 matrem
1476 3336 1634 3374 suam
1667 3337 1792 3374 cum
1819 3321 1904 3374 his
1935 3323 2030 3392 qui
2183 3319 2273 3377 27.
2331 3321 2710 3390 Interrogavit
2746 3320 2920 3374 frater
2959 3319 3188 3391 quidam
3237 3333 3446 3384 senem,
3481 3316 3712 3372 dicens:

427 3405 846 3480 judicabantur.
878 3407 984 3462 Illa
1011 3412 1203 3462 autem
1223 3413 1292 3462 ut
1303 3408 1440 3462 vidit
1455 3425 1605 3475 eum,
1632 3409 1942 3482 obstupuit,
1976 3416 2033 3466 et
2114 3409 2404 3473 Quomodo
2430 3409 2709 3464 desiderat
2727 3409 2919 3463 anima
2938 3425 3066 3462 mea
3087 3406 3530 3480 lacrymas,sicut
3547 3405 3716 3462 audio

433 3493 606 3552 dixit:
647 3496 795 3562 Quid
815 3497 1040 3566 esthoc,
1074 3497 1197 3551 ﬁli?
1231 3498 1298 3552 Et
1314 3502 1379 3552 tu
1398 3497 1458 3553 in
1480 3498 1665 3553 locum
1701 3506 1853 3554 hunc
1899 3517 2032 3555 con-
2117 3515 2278 3552 senes
2308 3499 2704 3566 lacrymantes,
2724 3503 2782 3552 et
2809 3514 2921 3552 non
2950 3497 3200 3563 veniunt,
3224 3501 3283 3551 et
3301 3495 3576 3551 tribulant
3593 3497 3723 3550 ani-

433 3585 733 3641 demnatus
755 3587 950 3656 jussus
977 3603 1038 3640 es
1064 3586 1300 3641 venire?
1334 3587 1443 3642 Ubi
1466 3593 1598 3642 sunt
1621 3605 1906 3644 sermones
1927 3590 2029 3654 tui,
2117 3603 2269 3642 mam
2291 3603 2476 3643 meam
2498 3586 2526 3640 ?
2554 3588 2625 3642 Et
2647 3587 2789 3642 dixit
2805 3603 3004 3642 senex:
3057 3586 3186 3642 Filii
3211 3585 3387 3640 Israel
3416 3591 3544 3658 post
3570 3601 3714 3655 qua-

435 3689 576 3746 quos
590 3673 930 3746 loquebaris,
945 3673 1155 3729 dicens:
1179 3675 1404 3730 Salvare
1417 3677 1539 3731 volo
1556 3676 1804 3732 animam
1822 3678 2038 3732 meam?
2118 3675 2382 3747 draginta
2409 3693 2585 3732 annos
2613 3677 2964 3731 intraverant
2991 3675 3050 3730 in
3087 3679 3299 3730 terram
3325 3674 3716 3746 repromissio-

437 3762 716 3820 Confusus
741 3767 932 3818 autem
942 3763 1002 3818 in
1021 3763 1110 3819 his
1130 3781 1255 3836 quae
1272 3765 1548 3833 audierat,
1574 3765 1695 3837 ipso
1715 3767 1907 3822 dolore
1921 3773 2036 3822 stu-
2121 3765 2228 3820 nis.
2264 3767 2553 3838 Lacrymaa
2581 3766 2758 3837 igitur
2797 3771 2932 3820 sunt
2965 3764 3114 3820 sicut
3155 3769 3308 3820 terra
3331 3763 3719 3836 repromissio-

433 3851 597 3926 pidus
616 3853 796 3910 factus
815 3857 919 3921 est,
943 3858 1000 3908 et
1011 3853 1199 3908 stabat
1215 3870 1330 3909 non
1347 3854 1560 3910 habens
1583 3855 1719 3927 quid
1730 3856 1898 3911 matri
1920 3873 2034 3913 suae
2117 3855 2225 3921 nis,
2259 3855 2330 3910 ad
2362 3872 2502 3928 quas
2531 3855 2579 3910 si
2608 3855 2945 3927 perveneris,
2960 3855 3082 3926 jam
3101 3870 3216 3909 non
3230 3853 3456 3908 timebis
3480 3851 3714 3909 bellum.

434 3943 774 4016 respondere
794 3946 1005 4016 posset.
1032 3944 1200 3998 Juxta
1219 3943 1696 4016 dispensationem
1722 3949 1914 4000 autem
1933 3947 2036 4002 mi-
2116 3943 2205 3999 Ita
2233 3943 2385 3999 enim
2409 3945 2531 4000 vult
2555 3945 2706 4000 Deus
2735 3944 2912 4016 afﬂigi
2943 3943 3212 4011 animam,
3243 3949 3310 3998 ut
3327 3959 3548 4014 semper
3573 3941 3720 3997 desi-

357 4091 362 4101 ‘
435 4031 754 4088 sericordiae
783 4031 905 4100 Dei,
939 4036 1308 4105 posteaquam
1347 4033 1466 4088 haec
1496 4033 1663 4101 vidit,
1709 4035 1944 4106 contigit
1970 4041 2037 4092 ut
2116 4033 2275 4088 deret
2299 4033 2520 4105 ingredi
2548 4034 2607 4088 in
2634 4039 2848 4088 terram
2874 4033 3054 4088 illam.

437 4125 818 4193 repararetur,
851 4124 910 4176 et
931 4121 1195 4176 evaderet
1222 4121 1294 4176 ab
1315 4122 1552 4177 instanti
1583 4123 1933 4180 inﬁrmitate.
1967 4125 2037 4180 Et
2542 4123 2888 4179 LIBELLUS
2931 4121 3286 4188 QUARTUS.

435 4209 692 4282 cogitans
720 4209 870 4282 apud
897 4226 977 4276 se,
1027 4209 1296 4266 divinitus
1322 4210 1531 4267 factam
1561 4228 1682 4268 esse
1711 4213 2034 4284 hujusmodi
2680 4215 2756 4269 Dc
2781 4214 3142 4269 continentia.

434 4297 730 4366 visionem,
750 4297 1042 4355 includens
1055 4315 1115 4354 se
1139 4298 1210 4354 de
1239 4305 1439 4354 caetero
1468 4301 1716 4369 sedebat,
1744 4306 1802 4356 et
1828 4303 2037 4374 cogita-
2197 4301 2243 4359 1.
2281 4302 2509 4358 Fratres
2529 4302 2703 4375 aliqui
2723 4303 2972 4358 volentes
3006 4301 3198 4357 venire
3216 4300 3288 4356 ad
3315 4298 3577 4356 abbatem
3604 4302 3718 4358 An-

435 4386 536 4444 bat
563 4387 633 4444 de
660 4388 842 4444 salute
869 4404 992 4456 sua,
1045 4388 1329 4461 paenitens
1357 4396 1415 4444 et
1441 4390 1668 4462 plorans
1697 4391 1766 4446 de
1795 4392 1881 4446 his
1913 4410 2036 4465 quae
2055 4451 2101 4465 _
2128 4391 2348 4448 tonium
2385 4391 2456 4447 de
2477 4391 2599 4446 loco
2618 4392 2830 4464 Scythi,
2851 4391 3088 4463 ingressi
3109 4395 3244 4446 sunt
3259 4389 3718 4455 navem,utirent

436 4484 631 4550 egerat
659 4477 765 4535 sub
791 4478 1138 4551 negligentia
1169 4479 1347 4552 prius.
1383 4481 1564 4536 Tanta
1588 4487 1777 4537 autem
1801 4488 1924 4538 erat
1945 4483 2034 4540 in-
2057 4477 2104 4511 υ
2117 4481 2188 4535 ad
2205 4497 2370 4549 eum;
2395 4485 2452 4535 et
2465 4480 2802 4536 invenerunt
2820 4481 2879 4536 in
2911 4480 3036 4552 ipsa
3054 4479 3182 4535 navi
3196 4495 3406 4546 senem,
3439 4479 3535 4550 qui
3562 4479 3713 4534 idem

435 4569 636 4638 tentio,
667 4573 733 4624 ut
781 4584 910 4624 cum
939 4569 1106 4624 multi
1137 4587 1268 4625 eum
1306 4576 1575 4641 rogarent
1599 4570 1898 4644 indulgere
1927 4573 2035 4628 sibi
2118 4571 2190 4624 ad
2218 4569 2525 4626 Antonium
2554 4571 2638 4625 ire
2666 4569 2908 4626 volebat.
2922 4568 3268 4640 Ignorabant
3295 4573 3485 4623 autem
3512 4567 3716 4624 fratres

436 4659 754 4732 paululum,
785 4675 857 4714 ne
884 4658 1027 4715 forte
1067 4659 1351 4714 laesionem
1379 4659 1626 4732 aliquam
1657 4665 1948 4733 pateretur
1966 4662 2035 4716 de
2120 4660 2353 4715 eum.Et
2373 4659 2632 4715 sedentes
2651 4659 2712 4714 in
2731 4659 2860 4714 navi
2889 4657 3263 4730 loquebantur
3281 4673 3597 4713 sermonem
3612 4657 3718 4713 Pa-

360 4773 369 4780 -
437 4749 595 4816 ﬂetu,
629 4763 797 4820 quem
819 4765 989 4820 supra
1002 4750 1236 4804 modum
1266 4749 1604 4818 ell‘undebat,
1637 4752 1912 4806 consolari
1941 4769 2038 4808 no-
2119 4752 2291 4816 trum,
2322 4753 2380 4802 et
2406 4749 2476 4803 de
2499 4748 2822 4820 Scripturis,
2856 4753 2915 4803 et
2941 4763 3135 4803 rursus
3164 4747 3234 4802 de
3250 4763 3417 4818 opere
3443 4763 3718 4803 manuum

436 4836 562 4904 luit,
589 4837 816 4893 dicens:
851 4838 911 4893 Si
929 4838 1332 4910 improperium
1362 4839 1559 4894 matris
1587 4857 1728 4895 meae
1757 4841 2036 4898 sustinere
2120 4854 2371 4893 suarum.
2405 4838 2506 4893 Ille
2531 4842 2723 4893 autem
2750 4853 2920 4892 senex
2947 4853 3048 4910 per
3075 4837 3266 4892 omnia
3291 4834 3533 4891 tacebat.
3569 4837 3714 4892 Cum

439 4943 554 4982 non
581 4926 758 4999 potui,
790 4927 1069 4998 quomodo
1098 4927 1306 4983 Christi
1351 4933 1409 4983 et
1457 4934 1780 4984 sanctorum
1812 4931 2036 5002 angelo-
2118 4932 2308 4982 autem
2321 4927 2607 4982 venissent
2629 4928 2700 4982 ad
2723 4930 3392 5000 portum,agnoveruntet
3411 4925 3594 4996 ipsum
3623 4941 3717 4980 se-

437 5033 565 5073 rum
618 5017 744 5088 ejus
771 5015 1068 5072 adversum
1096 5033 1188 5073 me
1217 5018 1602 5074 confusionem
1631 5024 1826 5092 potero
1857 5020 1916 5076 in
1944 5021 2034 5076 die
2115 5033 2246 5072 nem
2275 5016 2548 5089 proﬁcisci
2600 5017 2672 5072 ad
2705 5016 2968 5071 abbatem
2995 5014 3323 5070 Antonium.
3355 5015 3498 5070 Cum
3525 5019 3719 5070 autem

431 5107 630 5182 judicii
657 5107 979 5164 sustinere?
2119 5106 2402 5161 venissent
2421 5107 2492 5162 ad
2517 5122 2667 5172 eum,
2695 5106 2832 5160 dicit
2852 5105 2932 5160 eis
2955 5103 3129 5160 abbas
3157 5103 3466 5159 Antonius:
3498 5103 3720 5159 Bonum

505 5190 568 5247 24
585 5231 598 5245 .
622 5189 774 5246 Dixit
800 5204 1002 5244 senex:
1031 5189 1089 5244 Si
1115 5189 1380 5262 possibile
1408 5194 1556 5244 esset
1576 5190 1634 5244 in
1674 5189 1918 5246 adventu
1937 5193 2040 5248 Dei
2123 5196 2386 5250 comitem
2413 5195 2634 5253 itineris
2650 5194 2940 5250 invenistis
2961 5210 3155 5249 senem
3175 5192 3501 5248 hunc.Dixit
3527 5197 3720 5248 autem

438 5283 566 5352 post
591 5277 1061 5334 resurrectionem
1083 5293 1198 5350 prae
1226 5277 1430 5334 timore
1449 5277 1682 5334 interire
1703 5279 1920 5336 animas
1944 5281 2042 5338 ho-

437 5369 677 5438 minum,
711 5367 892 5424 omnis
922 5368 1167 5424 mundus
1208 5372 1528 5424 moreretur
1564 5385 1600 5422 a
1630 5373 1844 5426 terrore
1868 5377 2038 5444 atque

437 5456 757 5514 formidine.
789 5457 966 5523 Quale
1007 5463 1094 5513 est
1123 5457 1274 5512 enim
1316 5457 1504 5512 videre
1533 5459 1701 5514 caelos
1729 5461 1948 5530 scissos,
1981 5469 2040 5518 et

437 5547 618 5602 Deum
635 5547 944 5603 revelatum
971 5564 1100 5604 cum
1115 5545 1202 5602 ira
1217 5551 1274 5604 et
1288 5545 1692 5619 indignatione,
1728 5555 1786 5606 et
1808 5551 2040 5608 militias

439 5633 878 5692 innumerabiles
898 5637 1246 5709 angelorum,
1272 5642 1330 5694 et
1341 5641 1522 5695 totum
1546 5636 1716 5696 simul
1734 5641 2036 5698 hominum

2124 5290 2182 5340 et
2201 5285 2320 5340 seni
2343 5303 2355 5340 :
2377 5285 2562 5340 Bonos
2575 5285 2776 5340 fratres
2797 5283 3061 5339 invenisti
3081 5287 3288 5349 tecum,
3302 5280 3462 5336 abba.
3485 5281 3642 5338 Dixit
3669 5282 3721 5338 ei

2126 5391 2324 5448 senex:
2347 5374 2488 5429 Boni
2513 5379 2648 5430 sunt
2676 5373 2924 5445 quidem,
2958 5373 3052 5427 sed
3083 5370 3356 5427 habitatio
3386 5387 3582 5426 eorum
3605 5387 3721 5427 non

2127 5463 2298 5518 habet
2312 5464 2570 5535 januam.
2619 5463 2949 5534 Quicunque
2978 5462 3115 5528 vult,
3137 5461 3312 5516 intrat
3331 5461 3390 5515 in
3410 5458 3717 5529 stabulum,

2122 5558 2181 5608 et
2209 5553 2373 5608 solvit
2401 5553 2643 5608 asinum.
2670 5553 2788 5608 Hoc
2813 5557 3004 5608 autem
3033 5550 3251 5606 dicebat
3275 5550 3408 5622 quia
3435 5549 3720 5622 quodcun-

2122 5659 2231 5714 que
2262 5642 2342 5697 eis
2373 5641 2710 5699 ascendebat
2735 5641 2794 5698 in
2817 5658 2932 5710 cor,
2959 5640 3018 5697 in
3047 5657 3144 5697 ore
3171 5638 3568 5712 loquebantur.
