3876 6404
217 352 332 412 865
1532 355 1768 412 VERBA
1806 352 2195 411 SENIORUM.
3391 344 3497 404 866

294 480 347 535 2.
366 479 600 536 Dicebat
626 477 1030 541 abbas/Daniel
1059 480 1129 535 de
1158 479 1359 536 abbate
1389 481 1648 547 Arsenio,
1686 482 1818 552 quia
1833 483 1885 541 Α
1902 480 1960 535 in
1988 480 2129 535 lecto
2161 470 2420 547 plurimis
2449 468 2612 524 annis
2642 467 3003 537 decumbens,
3026 485 3319 543 nunquam
3346 471 3495 528 rela-

217 574 446 625 noctem
470 569 707 641 vigilans
726 569 1095 641 pertransiret
1119 572 1301 638 (Rulli,
1333 573 1427 626 lib.
1461 585 1540 635 In,
1579 588 1636 625 η.
1668 570 1816 634 211).
1902 570 2050 624 xavit
2078 566 2328 622 animum
2346 576 2530 627 suum,
2550 564 2615 613 ut
2640 557 2958 614 intenderet
2976 558 3036 615 in
3059 559 3331 617 interiora
3344 561 3496 618 cella

215 658 365 713 Tota
391 659 546 713 enim
574 664 735 713 nocte
765 657 1052 729 vigilabat,
1086 664 1143 713 et
1172 660 1395 729 quando
1424 660 1643 714 volebat
1672 661 1822 715 circa
1903 675 2036 723 suae,
2064 662 2122 711 et
2147 653 2363 707 videret
2420 647 2554 720 quid
2604 647 2854 703 haberet.
2888 650 3067 704 Multa
3096 649 3248 705 enim
3285 651 3497 708 defere-

215 763 389 802 mane
407 753 638 819 propter
656 747 837 819 ipsam
867 753 1131 802 naturam
1165 748 1658 814 dormire,dicebat
1677 766 1823 804 som-

216 852 297 891 no
321 856 333 891 :
366 836 527 903 Veni,
564 853 721 891 serve
750 837 914 903 male,
955 843 1143 904 563
1161 843 1220 891 et
1249 836 1597 909 subripiebat
1622 855 1823 910 parum

218 925 407 980 somni
438 925 682 980 sedendo
715 944 728 993 ;
761 931 819 980 et
839 926 1034 981 statim
1059 926 1341 997 surgebat.

294 1014 347 1069 3.
379 1014 612 1070 Dicebat
639 1013 814 1069 abbas
845 1016 1117 1070 Arsenius
1143 1035 1154 1069 :
1191 1015 1411 1071 Sufﬁcit
1440 1017 1737 1085 monacho,
1778 1018 1825 1072 si

218 1103 524 1158 dormierit
550 1119 720 1158 unam
742 1104 964 1171 horam,
993 1104 1040 1158 si
1062 1110 1252 1159 tamen
1275 1110 1556 1176 pugnator
1577 1113 1680 1160 est.

294 1191 349 1248 4.
372 1191 607 1247 Dicebat
634 1192 703 1247 de
734 1209 800 1247 eo
830 1192 1002 1248 abbas
1032 1194 1231 1248 Daniel
1267 1214 1278 1249 :
1304 1195 1450 1259 Quia
1469 1196 1643 1250 tantis
1663 1195 1826 1250 annis

218 1282 436 1336 mansit
461 1280 770 1349 nobiscum,
804 1287 861 1336 et
901 1299 1225 1337 mensuram
1257 1300 1486 1355 parvam
1519 1285 1697 1340 victus
1726 1285 1826 1339 da-

216 1370 424 1426 bamus
449 1371 502 1425 ei
530 1370 590 1426 in
616 1387 764 1426 anno
796 1391 808 1425 :
870 1376 928 1426 et
959 1372 1179 1444 quoties
1205 1373 1583 1440 veniebamus,
1629 1374 1827 1429 exinde

220 1459 656 1515 comedebamus
687 1465 742 1515 et
771 1476 896 1516 nos.

301 1550 353 1603 5.
385 1548 539 1604 Dixit
559 1550 788 1616 iterum,
823 1550 971 1621 quod
1002 1550 1111 1604 nisi
1136 1551 1309 1606 semel
1331 1552 1389 1605 in
1414 1568 1561 1606 anno
1581 1568 1694 1606 non
1706 1570 1828 1608 mu-

220 1636 387 1692 tabat
397 1654 600 1709 aquam
615 1639 1056 1709 palmarum,sed
1065 1645 1289 1697 tantum
1305 1639 1605 1711 adjiciebat
1630 1640 1824 1709 (Rulli,

222 1726 408 1793 lib.m,
442 1743 601 1783 num.
634 1725 743 1795 39).
775 1727 1039 1782 Faciebat
1067 1745 1289 1800 quoque
1331 1730 1571 1800 plectam
1599 1730 1668 1784 de
1687 1729 1823 1802 ipsis

1904 746 2112 801 bantur
2139 743 2187 797 ei
2218 740 2369 795 velut
2397 738 2649 803 inﬁrmo;
2666 738 2763 791 sed
2779 737 3098 794 introeunte
3109 740 3382 813 discipulo
3394 757 3498 797 suo

1906 835 2119 890 Joanne
2146 838 2203 888 et
2224 832 2481 894 exeunte,
2500 826 2794 881 claudebat
2810 829 2998 883 oculos
3024 846 3174 899 suos,
3198 846 3270 885 ne
3283 831 3500 886 videret

1907 925 2041 996 quid
2081 920 2337 978 faciebat.
2372 916 2595 972 Sciebat
2622 917 2772 971 enim
2806 918 2940 989 quia
2966 918 3149 975 ﬁdelis
3190 921 3500 977 monachus

1908 1018 2073 1069 esset.

1984 1102 2068 1159 l2.
2099 1102 2249 1157 Dixit
2277 1102 2450 1159 abbas
2489 1102 2804 1175 Benjamin,
2848 1100 2945 1173 qui
2973 1105 3096 1155 erat
3122 1099 3415 1174 presbyter
3439 1100 3500 1157 in

1909 1191 2094 1258 Cellis,
2130 1192 2263 1263 quia
2291 1210 2417 1247 cum
2449 1192 2809 1265 applicuisset
2830 1191 2890 1245 in
2909 1190 3102 1262 Scythi
3117 1190 3502 1263 adquemdam

1909 1297 2120 1346 senem,
2173 1288 2231 1336 et
2270 1282 2538 1337 voluisset
2587 1282 2637 1337 ei
2687 1282 2821 1335 dare
2850 1279 3134 1334 modicum
3163 1280 3291 1347 olei,
3323 1280 3418 1335 ille
3447 1280 3502 1336 ei

1909 1371 2129 1425 dixerit:
2155 1371 2293 1425 Ecce
2315 1370 2411 1425 ubi
2427 1373 2582 1442 jacet
2595 1370 2733 1425 illud
2751 1369 3045 1441 parvulum
3056 1368 3343 1423 vasculum
3354 1368 3505 1440 quod

1909 1460 2149 1514 attulisti
2178 1460 2317 1514 mihi
2347 1465 2479 1515 ante
2508 1466 2624 1515 tres
2651 1476 2858 1527 annos;
2880 1463 2936 1513 et
2958 1457 3238 1530 quomodo
3260 1457 3501 1529 posuisti

1912 1549 2071 1617 illud,
2104 1549 2182 1603 sic
2210 1549 2501 1605 remansit.
2535 1549 2843 1604 Audientes
2887 1552 3080 1603 autem
3109 1563 3212 1603 nos
3237 1547 3502 1604 admirati

1908 1655 2104 1694 sumus
2133 1640 2615 1694 conversationem
2647 1639 2816 1693 senis.

1982 1726 2065 1784 13.
2100 1729 2483 1783 Narraverunt
2511 1729 2579 1782 de
2602 1728 2805 1782 abbate
2828 1727 3094 1782 Dioscoro
3118 1726 3188 1782 de
3198 1726 3499 1795 Namisias,

222 1815 432 1887 palmis
457 1813 549 1886 (8),
582 1821 639 1870 et
661 1816 894 1871 cusabat
920 1815 1000 1886 (9)
1038 1834 1216 1888 usque
1261 1819 1332 1872 ad
1360 1820 1554 1873 horam
1586 1825 1822 1873 sextam.
1846 1817 2041 1902 Bquia
2069 1817 2230 1888 panis
2262 1818 2311 1871 ei
2342 1818 2685 1872 hordeaceus
2732 1821 2872 1880 erat,
2906 1821 2965 1871 et
2989 1815 3173 1871 farina
3198 1816 3499 1886 lenticulae,

222 1904 726 1975 Interrogaverunt
744 1921 878 1977 ergo
895 1923 1025 1961 eum
1051 1907 1319 1975 seniores,
1339 1925 1439 1962 cur
1458 1925 1570 1963 non
1582 1914 1829 1963 mutaret

224 2010 435 2065 aquam
460 1995 794 2065 palmarum,
831 2011 956 2066 quae
1006 1994 1231 2050 fetebat.
1267 1997 1336 2051 Et
1373 1997 1512 2051 dixit
1560 1998 1638 2052 eis
1672 2017 1683 2051 :
1719 1999 1826 2052 Pro

223 2082 602 2154 thymiamate
642 2089 701 2138 et
741 2083 1004 2139 odoribus
1056 2090 1496 2155 unguentorum,
1535 2086 1736 2158 quibus
1766 2087 1825 2141 in

224 2172 435 2227 smculo
464 2188 601 2227 usus
619 2189 767 2240 sum,
800 2190 940 2245 opus
972 2178 1059 2228 est
1086 2174 1169 2228 uti
1186 2191 1277 2229 me
1307 2192 1456 2230 nunc
1474 2176 1650 2231 fetore
1691 2176 1820 2231 isto.

303 2260 356 2316 6.
381 2262 597 2316 Iterum
625 2261 792 2316 dixit:
815 2262 959 2327 Quia
986 2262 1211 2335 quando
1235 2264 1449 2319 audivit
1468 2265 1617 2336 quod
1636 2271 1825 2320 matu-

223 2354 415 2404 rasset
439 2366 606 2405 omne
645 2366 826 2422 genus
854 2368 1172 2423 pomorum,
1213 2352 1352 2407 dixit
1379 2371 1391 2408 :
1421 2353 1630 2408 Ail‘erte
1661 2354 1820 2408 mihi.

222 2438 299 2492 Et
323 2439 571 2509 gustavit
607 2440 782 2494 semel
811 2445 1034 2496 tantum
1066 2458 1266 2513 parum
1295 2459 1361 2497 ex
1391 2442 1669 2511 omnibus,
1693 2460 1826 2515 gra-

224 2527 342 2582 tias
361 2543 533 2603 agens
552 2528 688 2583 Deo.

306 2617 357 2671 7.
383 2616 656 2673 Dicebant
691 2618 761 2673 de
788 2617 990 2673 abbate
1018 2619 1313 2690 Agathone
1349 2640 1360 2675 :
1391 2622 1830 2695 Quiapertrien-

227 2705 394 2761 nium
419 2706 665 2778 lapidem
685 2707 747 2762 in
776 2724 872 2763 ore
901 2724 1002 2764 suo
1022 2709 1301 2779 mittebat,
1333 2711 1509 2767 donec
1531 2713 1829 2768 tacitumi-

224 2798 410 2851 tatem
432 2794 693 2852 disceret.

302 2882 357 2939 8.
391 2884 709 2957 Aliquando
731 2885 842 2941 iter
855 2885 1061 2958 agebat
1088 2886 1261 2944 abbas
1294 2891 1558 2960 Agathon
1586 2907 1715 2946 cum
1744 2892 1826 2947 di-

226 2972 463 3044 scipulis
491 2973 608 3028 suis
639 2974 898 3045 (Append.
920 2982 1114 3043 mart.,
1144 2994 1202 3033 η.
1235 2977 1306 3049 6).
1341 2980 1409 3033 Et
1439 2979 1652 3035 invenit
1678 2998 1826 3037 unus

229 3077 304 3117 ex
323 3062 403 3117 eis
433 3080 666 3133 parvum
693 3063 1018 3121 fasciculum
1045 3067 1328 3123 cicerculae
1354 3068 1547 3123 viridis
1573 3070 1633 3125 in
1655 3070 1829 3137 via,et

1909 1923 2009 1978 per
2035 1906 2286 1977 singulos
2316 1923 2494 1961 annos
2525 1905 2885 1978 ponebatsibi
2904 1905 3088 1976 legem
3116 1907 3502 1978 cujuscunque

1907 1996 2075 2049 unius
2105 1995 2469 2050 observantiae
2495 2015 2506 2050 :
2542 1995 2598 2049 id
2627 2001 2729 2062 est,
2781 2000 2880 2049 aut
2906 2011 3021 2049 non
3050 2010 3343 2050 occurrere
3385 2011 3503 2050 uno

1907 2101 2056 2139 anno
2081 2084 2267 2152 alicui,
2291 2090 2391 2139 aut
2414 2101 2527 2139 non
2558 2085 2729 2156 loqui,
2763 2088 2862 2139 aut
2887 2100 2999 2138 non
3025 2088 3254 2156 gustare
3289 2083 3514 2156 aliquid.

1907 2179 2145 2241 coctum,
2179 2180 2280 2228 aut
2308 2191 2421 2228 non
2451 2174 2744 2228 comedere
2794 2173 3008 2245 aliquid
3054 2190 3370 2245 pomorum,
3401 2178 3503 2229 aut

1907 2263 2079 2330 olera,
2130 2268 2188 2318 et
2212 2263 2271 2317 in
2300 2264 2453 2317 omni
2479 2280 2645 2334 opere
2675 2279 2776 2318 suo
2805 2263 2887 2317 ita
2929 2261 3185 2318 faciebat.
3239 2262 3310 2318 Et
3336 2262 3503 2335 perﬁ-

1907 2353 2060 2407 ciens
2098 2352 2543 2424 unumquodque
2554 2352 2634 2407 sic
2650 2352 2805 2407 aliud
2825 2351 3164 2420 assumebat,
3188 2356 3246 2407 et
3273 2351 3379 2408 hoc
3400 2368 3505 2425 per

1908 2457 2084 2496 annos
2111 2441 2360 2512 singulos
2389 2440 2646 2496 faciebat.

1981 2529 2066 2587 14.
2091 2530 2243 2585 Dixit
2270 2529 2443 2585 abbas
2472 2531 2760 2602 Evagrius,
2785 2530 2919 2602 quia
2937 2530 3142 2586 dixerit
3166 2547 3354 2587 senex:
3369 2531 3505 2588 Pro-

1908 2624 2104 2691 pterea
2140 2625 2371 2692 amputo
2429 2636 2463 2674 a
2514 2636 2605 2675 me
2664 2620 3063 2675 delectationes
3109 2621 3382 2691 carnales,
3439 2627 3506 2678 ut

1911 2710 2082 2764 etiam
2112 2710 2415 2764 iracundiae
2441 2709 2759 2764 occasiones
2788 2708 3139 2770 abscindam.
3181 2709 3307 2765 Scio
3354 2710 3507 2767 enim

1911 2816 2037 2854 eam
2066 2815 2289 2870 semper
2316 2799 2615 2854 adversum
2644 2815 2735 2854 me
2766 2815 3021 2871 pugnare
3055 2815 3160 2871 pro
3187 2798 3507 2856 delectatio-

1912 2887 2097 2955 nibus,
2129 2894 2187 2944 et
2205 2887 2541 2944 conturbare
2570 2894 2817 2944 mentem
2838 2905 3043 2957 meam,
3076 2894 3134 2945 et
3159 2888 3508 2947 intellectum

1907 2995 2098 3033 meum
2117 2978 2420 3049 expellere.
3424 2984 3429 2991 ’

1976 3067 2005 3122 1
2017 3069 2066 3122 5.
2100 3067 2253 3122 Misit
2281 3067 2583 3139 aliquando
2595 3060 2942 3139 Epiphanius
2955 3068 3247 3140 episcopus
3266 3070 3506 3142 Cyprius

229 3151 378 3206 dixit
405 3152 526 3207 seni
561 3154 785 3222 :Pater,
809 3154 856 3209 si
878 3154 1063 3226 jubes,
1094 3157 1230 3211 tollo
1243 3156 1400 3212 illud.
1425 3159 1675 3215 Intendit
1696 3176 1826 3215 vero
1845 3164 1889 3226 α
1909 3156 1979 3211 ad
2005 3156 2268 3211 abbatem
2295 3155 2662 3220 Hilarionem,
2714 3171 2920 3226 rogans
2952 3171 3103 3221 eum,
3149 3160 3207 3211 et
3262 3156 3455 3212 dicens
3487 3174 3503 3215 :

227 3256 423 3309 senex,
453 3241 761 3310 admirans,
793 3248 852 3297 et
873 3244 1008 3299 dicit
1038 3263 1049 3298 :
1110 3246 1193 3300 Tu
1222 3246 1362 3301 illud
1393 3248 1673 3318 posuisti?
1723 3249 1825 3304 Re-

228 3330 460 3402 spondit
494 3331 547 3386 ei
574 3331 668 3386 ille
715 3332 925 3387 frater:
971 3334 1117 3389 Non.
1151 3335 1220 3389 Et
1248 3335 1387 3390 dixit
1432 3353 1601 3392 senex
1641 3356 1652 3390 :
1686 3338 1833 3403 Quo-

231 3419 406 3474 modo
426 3419 509 3475 vis
535 3421 753 3489 tollere,
787 3422 936 3493 quod
965 3440 1080 3478 non
1101 3425 1337 3495 posuisti
1360 3426 1383 3478 ’ἶ

309 3509 363 3564 9.
408 3509 579 3564 Venit
623 3510 925 3583 aliquando
957 3513 1185 3583 quidam
1216 3531 1412 3569 senum
1455 3517 1526 3570 ad
1570 3516 1832 3571 abbatem

228 3596 511 3652 Achillem
543 3600 729 3668 (Ra/ﬂ,
764 3603 858 3655 lib.
892 3615 974 3668 IlI,
1003 3619 1160 3657 num.
1190 3601 1301 3670 90),
1334 3610 1389 3658 et
1435 3605 1576 3659 vidit
1596 3622 1722 3660 eum
1749 3608 1835 3676 ja-

231 3690 484 3743 ctantem
511 3688 846 3759 sanguinem
864 3689 933 3744 de
962 3707 1057 3745 ore
1087 3698 1271 3755 suo,et
1293 3694 1661 3764 interrogavit
1680 3712 1832 3766 eum,

234 3774 430 3830 dicens
455 3795 465 3829 :
492 3775 639 3841 Quid
668 3783 753 3833 est
772 3779 895 3841 hoc,
920 3780 1089 3835 Pater
1112 3781 1217 3835 lEt
1232 3782 1373 3836 dixit
1401 3800 1569 3837 senex
1599 3802 1610 3837 :
1638 3784 1833 3839 Sermo

234 3868 329 3919 est
355 3865 649 3936 cujusdam
668 3866 877 3935 fratris,
903 3869 999 3941 qui
1025 3886 1115 3924 me
1127 3871 1494 3939 contristavit,
1518 3878 1575 3927 et
1603 3874 1832 3928 omnino

234 3959 476 4012 conatus
499 3972 625 4011 sum
652 3973 980 4013 conservare
1009 3959 1145 4014 illud
1166 3961 1315 4033 apud
1343 3978 1452 4017 me.
1479 3962 1548 4016 Et
1568 3962 1836 4035 depreca-

233 4049 335 4098 tus
362 4060 490 4099 sum
538 4046 720 4101 Deum
747 4052 814 4102 ut
851 4049 1170 4104 auferretur
1207 4067 1242 4105 a
1278 4068 1391 4119 me,
1437 4057 1494 4107 et
1530 4052 1710 4107 factus
1752 4058 1838 4108 est

233 4149 426 4188 sermo
451 4133 547 4189 ille
562 4134 793 4207 sanguis
819 4137 878 4192 in
901 4155 997 4193 ore
1027 4156 1173 4194 meo.
1206 4141 1343 4195 Ecce
1371 4142 1758 4214 exspuiillum,
1779 4149 1837 4197 et

234 4221 508 4294 requievi,
534 4228 591 4279 et
620 4225 869 4282 dolorem
886 4228 1047 4283 illum
1077 4228 1284 4284 oblitus
1303 4247 1450 4285 sum.

314 4309 400 4369 10.
430 4311 600 4368 Venit
627 4314 930 4386 aliquando
959 4317 1131 4372 abbas
1157 4319 1401 4375 Achilles
1429 4320 1487 4375 in
1518 4321 1716 4376 cellam
1743 4321 1837 4376 ab-

236 4399 391 4457 batis
421 4401 595 4468 Isaiae,
621 4402 682 4458 in
705 4404 825 4460 loco
842 4406 1054 4478 Scythi,
1080 4413 1138 4462 et
1150 4406 1365 4464 invenit
1381 4426 1511 4464 eum
1540 4411 1836 4467 comeden-

1912 3245 2075 3313 Veni,
2098 3250 2163 3300 ut
2185 3262 2287 3299 nos
2313 3245 2624 3310 videamus,
2655 3249 2962 3314 antequam
2993 3244 3062 3298 de
3088 3260 3320 3317 corpore
3348 3262 3509 3302 exea-

1914 3352 2059 3389 mus.
2084 3334 2191 3398 Qui
2219 3351 2347 3389 cum
2375 3334 2660 3388 venissent
2677 3333 3009 3400 adinvicem,
3033 3333 3506 3392 manducantibus

1915 3423 1996 3478 eis
2016 3424 2249 3478 allatum
2281 3428 2365 3477 est
2414 3423 2483 3477 de
2542 3421 2735 3477 avibus
2782 3422 3049 3493 quiddam
3082 3441 3095 3489 ;
3138 3424 3288 3496 quod
3308 3429 3508 3482 tenens

1915 3513 2228 3584 episc0pus,
2256 3512 2412 3566 dedit
2425 3510 2613 3565 abbati
2630 3511 2925 3566 Hilarioni.
2959 3512 3029 3566 Et
3042 3512 3179 3567 dicit
3206 3513 3288 3568 illi
3317 3530 3507 3571 senex:

1915 3603 2146 3672 Ignosce
2177 3601 2333 3669 mihi,
2368 3602 2548 3667 Pater,
2584 3600 2716 3672 quia
2764 3617 2829 3655 ex
2880 3617 2991 3673 quo
3021 3602 3211 3674 accepi
3251 3602 3509 3660 habitum

1917 3691 2107 3759 istum,
2139 3708 2250 3746 non
2264 3690 2597 3745 manducavi
2614 3689 2887 3761 quidquid
2913 3691 3180 3745 occisum.
3196 3691 3267 3746 Et
3292 3692 3434 3747 dixit
3448 3693 3500 3748 ei

1917 3781 2280 3852 Epiphanius:
2299 3781 2413 3851 Ego
2426 3786 2616 3835 autem
2631 3797 2695 3833 ex
2712 3796 2822 3850 quo
2859 3781 3045 3851 accepi
3063 3779 3317 3835 habitum
3338 3781 3513 3837 istum

1917 3886 2030 3925 non
2050 3870 2237 3924 dimisi
2264 3870 2509 3941 aliquem
2531 3869 2775 3923 dormire
2797 3869 2893 3940 qui
2918 3868 3162 3924 habebat
3189 3870 3402 3941 aliquid
3414 3871 3511 3927 ad-

1917 3976 2139 4014 versum
2184 3976 2293 4026 me,
2324 3976 2507 4030 neque
2529 3976 2632 4030 ego
2663 3958 2900 4014 dormivi
2928 3958 3143 4031 aliquid
3172 3958 3385 4015 habens
3411 3960 3513 4016 ad-

1918 4065 2139 4103 versum
2169 4048 2433 4119 aliquem.
2474 4049 2545 4103 Et
2573 4047 2707 4102 dicit
2738 4047 2790 4102 ei
2815 4065 3019 4103 senex:
3085 4048 3319 4120 Ignosce
3348 4050 3507 4120 mihi,

1920 4139 2053 4211 quia
2078 4144 2179 4193 tua
2201 4138 2546 4193 conversatio
2578 4138 2762 4208 major
2789 4143 2875 4192 est
2902 4155 3047 4193 mea.

1994 4228 2078 4286 16.
2108 4227 2381 4283 Dicebant
2408 4228 2477 4282 de
2525 4226 2725 4282 abbate
2769 4228 2983 4283 Elladio
3017 4226 3124 4299 (11)
3159 4228 3293 4302 quia
3319 4229 3514 4287 fecerit

1916 4318 2115 4390 viginti
2145 4334 2322 4373 annos
2358 4318 2418 4372 in
2455 4317 2612 4384 cella,
2647 4322 2703 4372 et
2729 4333 2842 4373 non
2871 4317 3138 4374 levaverit
3164 4320 3355 4376 oculos
3381 4335 3512 4378 suos

1918 4424 2161 4475 sursum,
2185 4413 2251 4462 ut
2292 4407 2507 4467 videret
2534 4412 2747 4462 tectum
2775 4407 2916 4477 ejus.

229 4493 378 4545 tem.
419 4491 650 4546 Miserat
676 4494 828 4548 enim
853 4495 912 4550 in
933 4495 1180 4552 catinulo
1204 4498 1287 4552 sal
1317 4504 1375 4554 et
1396 4489 1907 4571 aquam.VidensD
1990 4501 2184 4563 569
2213 4495 2297 4552 17.
2349 4495 2535 4551 Abbas
2562 4497 2748 4551 Zenon
2777 4495 3070 4551 ambulans
3101 4497 3404 4570 aliquando
3450 4498 3512 4557 in

236 4584 434 4635 autem
457 4580 591 4652 quia
631 4582 924 4639 abscondit
948 4585 1086 4641 illud
1118 4592 1247 4659 post
1274 4588 1482 4659 plectas
1512 4589 1581 4644 de
1610 4591 1833 4661 palmis,

236 4667 380 4725 dicit
404 4669 487 4723 illi
518 4688 530 4723 :
564 4670 663 4726 Dic
693 4673 831 4728 mihi
861 4675 996 4746 quid
1032 4676 1447 4732 manducabas?
1478 4679 1577 4733 Ille
1603 4695 1835 4751 respon—

239 4758 328 4813 dit
359 4777 371 4811 :
401 4757 629 4830 Ignosce
661 4762 820 4831 mihi,
853 4763 1017 4834 abba,
1049 4766 1183 4837 quia
1197 4768 1412 4838 palmas
1438 4767 1837 4831 incidebam,et

236 4847 467 4902 ascendi
486 4848 547 4903 in
572 4865 775 4905 cauma
800 4851 909 4924 (10)
947 4872 957 4906 :
1006 4860 1064 4909 et
1104 4861 1405 4927 prepterea
1432 4855 1638 4911 intinxi
1669 4858 1834 4913 modo

235 4936 547 4993 buccellam
569 4939 628 4993 in
657 4941 791 5009 sale,
822 4948 880 4997 et
898 4942 1027 4997 misi
1050 4944 1110 4998 in
1131 4962 1226 4999 ore
1248 4962 1406 5014 meo;
1447 4946 1578 5019 quia
1608 4964 1836 5003 exarue-

235 5036 377 5082 runt
402 5026 590 5083 fauces
626 5044 766 5085 meae
797 5049 809 5099 ;
831 5037 888 5087 et
907 5032 1039 5103 quia
1056 5049 1169 5088 non
1195 5033 1568 5090 descendebat
1591 5035 1836 5092 buccella

238 5130 413 5188 quam
433 5117 492 5171 in
511 5134 606 5172 ore
620 5135 745 5174 meo
760 5120 1350 5195 miseram,propterea
1378 5126 1696 5197 compulsus
1708 5143 1834 5181 sum

231 5206 642 5277 superfundere
665 5209 949 5265 modicum
974 5228 1134 5283 aquae
1158 5213 1216 5267 in
1245 5214 1380 5281 sale,
1404 5219 1469 5269 ut
1488 5215 1573 5269 vel
1603 5215 1683 5269 sic
1709 5232 1834 5288 pos-

235 5311 360 5349 sem
406 5295 650 5366 glutire:
701 5299 799 5354 sed
829 5299 1053 5371 ignosce
1102 5302 1262 5358 mihi.
1295 5303 1365 5358 Et
1412 5303 1634 5359 dicebat
1667 5305 1838 5360 abbas

237 5383 517 5439 Achilles:
552 5386 753 5443 Venite
783 5394 840 5443 et
880 5390 1064 5445 videte
1102 5392 1308 5451 Isaiam
1335 5394 1723 5449 comedentem
1750 5396 1842 5466 ju-

236 5472 476 5530 scellum
531 5476 592 5530 in
632 5477 843 5550 Scythi.
898 5479 955 5535 Si
983 5482 1079 5552 jus
1113 5481 1454 5538 manducare
1481 5483 1579 5552 vis,
1614 5485 1753 5540 vade
1780 5485 1840 5540 in

236 5561 581 5636 Egyptum.

1918 4586 2220 4641 Palaestina
2241 4587 2421 4653 (Ra/7.,
2457 4586 2552 4639 lib.
2588 4599 2816 4651 n,num.
2844 4585 2917 4654 7),
2942 4601 3067 4639 cum
3088 4584 3511 4655 1aborasset,re-

1918 4676 2063 4730 sedit
2100 4681 2164 4729 ut
2195 4673 2557 4729 manducaret
2579 4675 2743 4744 juxta
2779 4673 3250 4731 cucumerarium.
3301 4675 3510 4732 Suade-

1918 4765 2014 4819 bat
2033 4769 2222 4818 autem
2249 4763 2301 4817 ei
2330 4762 2553 4817 animus
2568 4779 2703 4817 suus
2727 4761 2962 4817 dicendo
2995 4780 3007 4816 :
3035 4762 3190 4819 Tolle
3215 4763 3320 4820 tibi
3333 4781 3511 4823 unum

1917 4869 2290 4919 cucumerem,
2317 4857 2375 4907 et
2400 4852 2696 4906 manduca.
2731 4851 3019 4917 Quantum
3048 4858 3239 4910 autem
3267 4856 3379 4912 est?
3403 4857 3511 4922 Qui

1916 4943 2258 5015 respondens
2278 4940 2605 5013 cogitationi
2618 4958 2731 4997 suae
2750 4941 2913 4997 dixit:
2938 4943 3114 4999 Fures
3136 4944 3209 4999 ad
3228 4950 3512 5003 tormenta

1918 5034 2144 5088 vadunt.
2179 5031 2363 5087 Proba
2391 5048 2523 5101 ergo
2569 5032 2815 5103 teipsum
2843 5031 2901 5087 in
2928 5032 3055 5102 hoc,
3090 5033 3138 5089 si
3176 5041 3335 5107 potes
3360 5036 3509 5092 ferro

1916 5127 2215 5178 tormenta.
2252 5120 2359 5186 Qui
2389 5137 2732 5192 consurgens
2762 5121 2917 5177 stetit
2953 5123 3013 5178 in
3034 5140 3235 5179 cauma
3263 5125 3514 5196 quinque

1920 5211 2134 5278 diebus,
2168 5215 2226 5266 et
2251 5209 2534 5281 defrigens
2564 5211 2811 5283 seipsum
2837 5212 2896 5267 in
2923 5213 3058 5280 sole,
3105 5211 3327 5267 dicebat
3350 5214 3513 5286 quasi

1922 5301 2144 5357 animus
2183 5303 2306 5372 ejus
2352 5301 2424 5355 ad
2453 5300 2699 5372 seipsum
2730 5320 2741 5354 :
2785 5302 2910 5357 Non
2944 5318 3172 5373 possum
3220 5301 3367 5357 ferre
3403 5307 3517 5359 tor-

1922 5397 2131 5447 menta.
2166 5391 2317 5447 Dixit
2335 5408 2467 5461 ergo
2496 5391 2567 5445 ad
2590 5391 2841 5445 animum
2874 5407 3039 5445 suum
3076 5410 3088 5446 :
3137 5391 3197 5446 Si
3223 5408 3336 5447 non
3360 5398 3521 5465 potes

1924 5487 2151 5553 portare
2171 5486 2472 5547 tormenta,
2505 5497 2638 5552 ergo
2667 5496 2778 5535 non
2792 5481 2979 5552 rapias
3008 5485 3073 5535 ut
3085 5481 3410 5542 manduces.

2005 5569 2091 5628 18.
2114 5571 2266 5626 Dixit
2294 5569 2464 5625 abbas
2477 5569 2801 5625 Theodorus
2834 5570 2965 5643 [Αι.,
2997 5570 3367 5645 Theodotus]:
3400 5573 3525 5632 Ino-

312 5651 399 5710 11.
433 5652 707 5712 Dicebant
730 5656 800 5714 de
827 5656 1028 5716 abbate
1046 5659 1447 5734 Ammoy,quia
1466 5665 1853 5735 aegrotaret,et
1932 5658 2029 5735 pia
2055 5660 2216 5733 panis
2256 5658 2522 5716 tabefacit
2569 5658 2827 5715 monachi
2870 5674 3094 5734 corpus.
3146 5661 3306 5721 Alter
3341 5669 3534 5726 autem
