3934 6380
437 319 540 379 867

1583 301 1678 356 DE
1713 294 1903 354 VITIS
1941 287 2238 348 PATRUM
2273 291 2487 347 LIBER
2524 292 2590 346 V.

3604 295 3710 352 868

439 446 668 519 quidam
711 441 898 498 senior
925 433 1145 491 dicebat
1177 449 1188 486 :
1245 429 1387 494 Quia
1414 427 1620 500 vigiliis
1650 397 1775 498 plus
1803 419 2038 478 tabescit
2053 419 2246 519 A
2274 418 2391 519 haec
2421 419 2762 519 dicerentur,
2792 418 3044 489 cogitans
3074 434 3183 519 ego
3211 419 3345 519 quia
3376 421 3527 519 Deus
3557 438 3712 492 rem-

439 551 782 681 θοῇ)ῗεῦὴῆ
801 617 973 672 abbas
997 617 1241 670 Joannes
1279 610 1465 665 brevis
1491 612 1724 664 staturae
1753 621 1764 656 :
1801 601 1945 666 Quia
1983 598 2030 652 si

437 709 678 770 voluerit
710 725 807 763 rex
843 705 1046 777 aliquis
1093 703 1376 758 civitatem
1416 697 1775 754 inimicorum
1813 697 2025 753 tenere,

438 801 592 878 prius
619 814 827 871 aquam
845 800 1003 850 tenet
1029 798 1088 848 et
1115 809 1268 847 escas
1301 804 1496 845 eorum
1525 785 1621 856 qui
1659 786 1793 838 sunt
1819 780 1878 878 in
1903 777 2032 878 civi-

439 866 572 956 tate,
607 866 829 944 etiame
859 883 1242 957 periclitantes
1263 885 1398 935 tunc
1412 874 1802 957 subjiciuntur
1831 868 1917 934 ei;
1953 866 2032 920 ita

437 985 524 1035 est
552 983 610 1033 et
625 975 810 1049 passio
827 955 1057 1028 ventris.
1088 971 1215 1026 Siin
1231 955 1450 1040 jejunio
1480 969 1538 1018 et
1563 963 1710 1016 fame
1739 971 2033 1049 converse-

436 1076 532 1126 tur
553 1045 741 1133 hoino,
759 1061 974 1120 inimici
991 1059 1235 1132 ejus,qui
1250 1055 1556 1112 sollicitant
1566 1051 1815 1106 animam
1837 1045 2030 1118 ipsius,

437 1159 800 1214 inﬁrmantur
831 1154 1013 1222 (Rull'.,
1048 1152 1142 1205 lib.
1175 1163 1260 1214 111,
1292 1164 1349 1201 η.
1385 1142 1472 1211 66,
1507 1144 1731 1198 nomine
1760 1136 1998 1203 Mog/sis).

505 1243 598 1304 20.
646 1243 800 1300 Dixit
826 1242 1036 1298 iterum
1063 1258 1074 1293 :
1109 1237 1253 1302 Quia
1282 1233 1588 1290 ascendens
1604 1225 1904 1300 aliquando
1936 1239 2036 1295 per

435 1337 604 1404 viam,
639 1351 762 1406 quae
787 1331 942 1386 ducit
969 1329 1040 1384 ad
1066 1325 1278 1399 Scythi,
1311 1341 1439 1380 cum
1469 1320 1664 1394 plectis
1703 1318 1771 1370 de
1809 1312 2029 1406 palmis,

439 1425 552 1482 vidi
573 1401 938 1480 camelarium
955 1419 1300 1490 loquentem,
1324 1419 1380 1468 et
1390 1413 1830 1468 commoventem
1855 1419 1945 1457 me
1961 1401 2031 1456 ad

436 1515 706 1580 furorem.
765 1511 836 1566 Et
881 1525 984 1580 ego
1037 1505 1223 1561 dimisi
1271 1503 1420 1576 quod
1471 1497 1788 1574 portabam,
1835 1498 1890 1548 et
1917 1490 2035 1561 fugi

445 1604 710 1677 (Append.
741 1603 932 1665 Mart.,
967 1613 1128 1652 num.
1166 1593 1268 1662 1‘2).

2112 507 2252 562 lavit
2271 508 2392 562 seni
2421 509 2488 562 de
2519 525 2627 574 me,
2661 514 3028 580 compunctus
3049 509 3188 581 coepi
3207 510 3362 579 ﬂere,
3391 512 3532 582 ejeci
3560 513 3711 585 paxi-

2113 602 2323 651 matem
2344 598 2412 652 de
2443 598 2568 652 sinu
2593 615 2736 665 meo,
2769 615 2936 670 quem
2963 599 3111 654 male
3133 615 3466 656 consueram
3485 619 3702 674 rapere,

2113 691 2170 740 et
2201 693 2562 758 prosternens
2581 705 2670 742 me
2694 688 2752 742 in
2768 689 3466 762 pavimento,postulabam
3486 691 3555 746 de
3565 709 3708 764 prae-

2112 776 2298 830 teritis
2328 777 2633 845 veniam,et
2662 777 2975 833 orationem
2995 796 3096 850 pro
3119 781 3340 836 cautela
3363 780 3705 837 futurorum.

2114 865 2271 920 Tunc
2299 866 2440 921 dixit
2458 884 2627 922 senex
2652 886 2662 920 :
2710 867 2756 922 O
2778 869 2876 933 ﬁli,
2915 867 3175 924 liberavit
3196 877 3252 925 te
3279 870 3350 926 de
3387 871 3709 946 captivitate

2115 955 2242 1020 ista,
2287 955 2455 1010 etiam
2481 973 2571 1012 me
2599 963 2840 1023 tacente,
2879 958 3151 1024 confessio
3180 963 3298 1028 tua,
3323 965 3382 1015 et
3399 960 3708 1017 daemonem

2116 1043 2506 1099 tenebrantem
2536 1063 2632 1100 cor
2647 1051 2811 1101 tuum
2830 1063 2931 1118 per
2958 1047 3404 1104 taciturnitatam
3431 1065 3581 1106 nunc
3615 1050 3711 1106 ad-

2119 1151 2342 1189 versum
2385 1136 2630 1206 teipsum
2651 1135 2966 1191 confitendo
2987 1136 3511 1210 intertecisti,quem
3524 1140 3711 1195 hacte-

2118 1241 2225 1278 nus
2255 1225 2532 1279 dominari
2561 1224 2664 1279 tibi
2701 1227 3057 1296 permiseras,
3094 1243 3274 1299 neque
3303 1229 3708 1297 contradicens,

2119 1330 2300 1384 neque
2329 1313 2518 1384 aliquo
2541 1315 2707 1368 modo
2736 1316 3032 1387 increpans
3081 1333 3232 1372 eum.
3271 1318 3487 1374 Amodo
3523 1324 3715 1374 autem

2119 1419 2478 1474 nequaquam
2498 1404 2682 1458 locum
2702 1403 2928 1458 habebit
2955 1405 3015 1459 in
3040 1411 3118 1472 te,
3157 1406 3364 1479 quippe
3385 1409 3484 1478 qui
3502 1425 3569 1464 ex
3592 1425 3711 1464 cor-

2118 1492 2188 1546 de
2218 1497 2316 1546 tuo
2348 1509 2612 1548 excussus
2639 1498 2723 1547 est
2745 1493 2805 1547 in
2829 1499 3044 1565 aperto.
3067 1496 3319 1550 Necdum
3350 1502 3540 1552 autem
3556 1498 3716 1554 ﬁnito

2125 1598 2383 1636 sermone
2405 1583 2708 1648 senis,ecce
2728 1599 2915 1654 opere,
2933 1584 3081 1656 quod
3107 1585 3263 1653 dixit,
3295 1587 3719 1659 apparuit,quia

593 1737 606 1748 .
636 1688 789 1746 Dixit
813 1685 986 1742 abbas
1017 1687 1174 1740 Isaac
1200 1681 1492 1754 presbyter
1527 1677 1809 1734 Cellarum
1845 1690 1856 1725 :
1913 1668 2039 1723 Scio
2060 1731 2102 1754 η
2125 1671 2277 1725 velut
2305 1671 2565 1742 lampada
2583 1671 2729 1742 ignis
2759 1689 2984 1743 egressa
3004 1679 3090 1728 est
3117 1673 3186 1728 de
3211 1675 3338 1728 sinu
3367 1681 3588 1742 meo,et
3605 1675 3717 1732 im-

441 1782 674 1838 fratrem
704 1780 1011 1833 metentem
1061 1774 1121 1827 in
1168 1789 1323 1843 agro,
1358 1770 1455 1840 qui
1483 1767 1660 1822 voluit
1702 1759 2041 1818 manducare

445 1871 656 1946 spicam
687 1866 884 1924 tritici.
919 1865 987 1920 Et
1012 1863 1154 1917 dixit
1169 1861 1397 1915 domino
1418 1858 1539 1929 agri
1573 1876 1585 1912 :
1637 1854 1734 1907 Vis
1765 1849 2041 1946 manduco

443 1935 616 2021 ubam
649 1954 1012 2030 spicam’lllle
1042 1950 1276 2007 audiens
1305 1949 1544 2003 miratus
1570 1950 1674 2009 est,
1711 1946 1768 1996 et
1796 1939 1938 1994 dixit
1967 1935 2036 1990 ei:

442 2051 594 2108 Tuus
624 2052 712 2102 est
743 2061 896 2117 ager,
928 2044 1116 2107 Pater,
1152 2046 1210 2094 et
1234 2055 1324 2093 me
1349 2033 1702 2105 interrogas?
1728 2032 1794 2086 In
1816 2031 2038 2083 tantum

443 2145 633 2196 autem
655 2134 1017 2206 scrupulosus
1047 2135 1172 2184 erat
1199 2132 1545 2182 memoratus
1567 2124 1759 2182 frater,

513 2225 600 2284 22.
660 2220 1036 2292 Interrogavit
1065 2217 1293 2291 quidam
1326 2217 1566 2269 fratrum
1587 2213 1847 2268 abbatem
1869 2213 2040 2268 Isido-

443 2333 571 2374 rum
601 2314 880 2370 seniorem
911 2307 1104 2382 Scythi
1132 2309 1312 2376 (Rulli,
1341 2306 1458 2370 lib.,
1481 2318 1565 2370 III,
1603 2320 1662 2358 η.
1698 2301 1786 2369 89,
1823 2305 2044 2356 nomine

446 2406 640 2475 Isaac),
671 2403 860 2457 dicens
893 2419 905 2454 :
948 2399 1134 2464 Quare
1157 2401 1213 2450 te
1260 2395 1340 2449 sic
1385 2393 1607 2448 fortiter
1655 2393 1937 2446 daemones
1975 2391 2044 2446 ti-

444 2492 811 2566 ment?Dixit
848 2490 899 2546 ei
941 2504 1114 2544 senex
1144 2505 1155 2540 :
1193 2486 1268 2540 Ex
1309 2501 1420 2557 quo
1460 2483 1640 2538 factus
1686 2499 1813 2536 sum
1843 2497 2040 2536 mona-

445 2585 600 2650 chus,
625 2581 824 2636 studeo
879 2594 952 2632 ne
981 2575 1306 2648 permittam
1352 2571 1703 2628 iracundiam
1758 2587 1936 2642 usque
1967 2569 2038 2624 ad

444 2671 634 2740 fauces
653 2685 809 2725 meas
835 2665 1156 2722 ascendere.

517 2759 606 2819 23.
645 2757 800 2814 Dixit
848 2757 1054 2812 iterum
1103 2752 1198 2825 qui
1241 2768 1414 2823 supra
1449 2749 1822 2822 quadraginta
1868 2766 2045 2805 annos

447 2867 571 2908 esse
587 2867 654 2906 ex
675 2864 784 2920 quo
805 2845 1040 2902 sentiret
1071 2843 1296 2915 quidem
1317 2846 1533 2896 motum
1549 2845 1759 2913 peccati
1780 2841 1840 2894 in
1856 2845 2046 2895 mente

450 2955 573 3006 sua,
607 2952 899 3008 nunquam
922 2941 1114 2989 tamen
1162 2929 1504 2986 consentiret
1557 2947 1739 3002 neque
1790 2927 2047 3000 concupi-

450 3028 676 3086 scentiae
704 3041 886 3098 neque
916 3021 1238 3078 iracundiae.

2126 1760 2298 1832 plevit
2316 1765 2494 1815 totam
2507 1761 2736 1816 domum
2757 1761 2930 1816 fetido
2943 1763 3131 1830 odore,
3158 1763 3239 1818 ita
3262 1769 3327 1818 ut
3336 1769 3604 1836 putarent
3621 1764 3720 1837 qui

2125 1850 2382 1916 aderant,
2401 1849 2531 1921 quia
2549 1851 2833 1922 sulphuris
2861 1851 3170 1923 plurimum
3189 1853 3385 1908 fuisset
3403 1854 3716 1911 incensum.

2126 1940 2196 1993 Et
2223 1939 2542 1994 dixitsenex
2573 1961 2588 1996 :
2614 1941 2658 1996 Ο
2691 1941 2790 2007 ﬁli,
2833 1958 2960 1996 ecce
3004 1941 3280 1998 verborun
3300 1961 3554 1999 meorum
3583 1948 3640 1999 et
3657 1943 3724 1998 li-

2125 2027 2432 2082 berationis
2453 2033 2563 2082 tuae
2583 2046 2683 2100 per
2702 2029 2926 2099 signum
2957 2031 3106 2102 quod
3125 2031 3336 2086 factum
3357 2038 3460 2100 est,
3498 2031 3712 2103 prasti-

2121 2117 2196 2172 tit
2217 2117 2487 2172 Dominus
2507 2118 2926 2174 documentum.

2196 2224 2284 2280 ‘26.
2334 2224 2606 2280 Dicebant
2633 2226 2704 2280 de
2734 2225 2935 2282 abbate
2972 2226 3237 2294 Macario,
3269 2227 3403 2298 quia
3425 2227 3474 2282 si
3494 2227 3710 2282 vacavit

2126 2313 2276 2368 inter
2304 2313 2524 2380 fratres,
2559 2315 2804 2386 ponebat
2825 2315 2933 2370 sibi
2953 2317 3279 2383 terminum,
3297 2322 3363 2372 ut
3390 2316 3616 2387 quando
3634 2316 3725 2370 in-

2126 2403 2459 2458 veniebatur
2499 2404 2716 2472 vinum,
2764 2409 2822 2460 et
2849 2410 3080 2478 propter
3130 2406 3334 2461 fratres
3378 2405 3624 2472 bibebat,
3666 2409 3728 2460 et

2124 2509 2226 2564 pro
2256 2509 2368 2547 uno
2395 2493 2566 2548 calice
2612 2494 2743 2560 vini,
2769 2495 2859 2549 die
2885 2495 3108 2566 integra
3131 2512 3335 2567 aquam
3361 2512 3475 2550 non
3495 2493 3725 2550 bibebat

2127 2583 2312 2650 (Rulli,
2334 2583 2429 2637 lib.
2452 2597 2537 2650 III,
2569 2598 2729 2638 num.
2761 2582 2874 2656 53).
2899 2584 2969 2639 Et
3002 2583 3204 2641 fratres
3229 2585 3456 2657 quidem
3468 2585 3723 2640 volentes

2127 2687 2257 2727 eum
2287 2689 2559 2740 recreare,
2594 2673 2806 2728 dabant
2837 2673 2889 2728 ei
2916 2674 3129 2730 vinum.
3163 2675 3273 2731 Sed
3304 2680 3363 2730 et
3387 2691 3556 2730 senex
3588 2690 3722 2730 cum

2124 2761 2332 2832 gaudio
2361 2761 2638 2829 sumebat,
2683 2767 2750 2818 ut
2777 2763 3146 2836 semetipsum
3181 2769 3376 2836 postea
3423 2764 3720 2820 cruciaret.

2126 2851 2443 2922 Discipulus
2469 2857 2660 2907 autem
2681 2853 2804 2924 ejus
2833 2853 3014 2909 sciens
3034 2853 3510 2922 causam,dicebat
3537 2852 3724 2908 fratri-

2127 2939 2233 2994 bus
2269 2960 2281 2994 :
2316 2941 2552 3012 Propter
2573 2942 2753 2997 Deum
2781 2959 2940 3014 rogo,
2969 2961 3042 2998 ne
3057 2945 3202 2999 detis
3231 2945 3301 3011 ei,
3335 2944 3468 3017 quia
3493 2945 3554 2998 in
3582 2943 3725 2998 cella

2128 3035 2325 3102 postea
2342 3047 2402 3085 se
2423 3031 2673 3086 cruciatu
2687 3033 2900 3088 domat.
2929 3037 3122 3100 5130
3135 3033 3296 3098 Quod
3316 3037 3719 3106 cognoscentes

522 3117 610 3177 24.
632 3089 897 3173 Narravit
925 3112 1095 3168 abbas
1123 3109 1423 3166 Cassianus
1449 3108 1517 3164 de
1563 3107 1808 3180 quodam
1843 3106 2043 3162 abbate
2063 3089 2108 3156 Ο
2130 3089 2351 3184 fratres,
2384 3121 2536 3176 ultra
2563 3121 2614 3176 ei
2637 3121 2830 3176 vinum
2859 3089 3289 3178 ηοῖἆθξθι-ἶιηι,

449 3210 664 3264 Joanne
689 3205 822 3278 quia
840 3202 1010 3259 fuerit
1027 3201 1175 3272 apud
1201 3199 1460 3254 abbatem
1479 3198 1668 3252 Esium
1680 3199 1702 3270 (
1715 3196 1790 3268 l2)
1820 3197 1879 3252 in
1896 3214 2047 3252 sum-

453 3297 652 3354 mitate
681 3294 856 3350 eremi
885 3291 1254 3356 habitantem,
1278 3305 1380 3360 per
1407 3305 1585 3344 annos
1617 3287 2041 3360 quadraginta‘;

450 3393 508 3443 et
523 3385 656 3459 quia
681 3383 926 3440 habebat
951 3381 1098 3436 circa
1119 3380 1304 3450 ipsum
1333 3377 1571 3432 multam
1599 3377 1950 3442 charitatem,
1991 3381 2047 3430 et

449 3495 550 3550 per
577 3477 724 3532 hanc
751 3472 1042 3530 charitatis
1072 3469 1337 3525 ﬁduciam
1383 3467 1749 3538 interrogavit
1784 3483 1933 3533 cum,
1965 3465 2046 3520 di-

450 3583 582 3632 cens
607 3585 618 3620 :
646 3565 826 3621 Tanto
855 3568 1108 3633 tempore
1139 3559 1218 3614 sic
1247 3563 1516 3624 remotus,
1543 3561 1600 3610 et
1624 3573 1658 3609 a
1689 3556 1838 3611 nullo
1867 3554 2048 3609 homi-

454 3671 591 3713 num
611 3653 929 3709 molestiam
954 3651 1175 3724 patiens
1201 3647 1379 3712 facile,
1401 3646 1491 3700 dic
1514 3645 1671 3711 mihi,
1703 3645 1839 3716 quid
1868 3644 2048 3716 profe-

451 3745 610 3801 cisti?
656 3743 726 3800 Et
749 3743 844 3798 ille
868 3741 1044 3796 dixit:
1110 3739 1189 3794 Ex
1243 3754 1354 3810 quo
1392 3735 1535 3808 coepi
1571 3734 1857 3790 solitarius
1901 3751 2044 3801 esse,

449 3850 742 3907 nunquam
771 3849 861 3886 me
890 3829 1028 3886 vidit
1064 3829 1148 3884 sol
1176 3827 1628 3882 manducantem.
1679 3825 1830 3879 Dixit
1858 3829 2048 3879 autem

453 3924 504 3980 ei
531 3923 704 3980 abbas
732 3923 1006 3980 Joannes:
1039 3919 1154 3974 Nec
1183 3934 1272 3972 me
1299 3918 1652 3971 irascentem.

519 4011 610 4072 25.
625 4011 1014 4068 Dixititerum:
1036 4007 1180 4072 Quia
1191 4006 1442 4061 narravit
1461 4004 1622 4059 nobis
1639 4003 1810 4058 abbas
1823 4005 2045 4075 Moyses

454 4101 605 4175 quod
616 4101 666 4156 ei
683 4099 854 4154 abbas
873 4097 1142 4169 Serapion
1173 4095 1339 4150 dixit:
1381 4093 1524 4158 Quia
1535 4093 1669 4148 dum
1690 4110 1870 4148 essem
1887 4094 2050 4164 juve-

457 4193 566 4260 nis,
600 4195 658 4244 et
685 4188 939 4244 sederem
967 4203 1093 4240 cum
1117 4184 1316 4239 abbate
1331 4201 1454 4238 meo
1484 4183 1712 4238 Thoona
1735 4186 1792 4236 et
1816 4182 2051 4236 mandu-

455 4295 730 4346 caremus,
765 4292 1000 4348 surgens
1023 4293 1057 4330 a
1077 4273 1397 4338 refectione,
1420 4271 1728 4327 secundum
1751 4289 1921 4344 opera
1935 4272 2051 4326 dia-

455 4369 569 4426 boli
597 4369 759 4440 rapui
787 4383 964 4422 unum
1023 4381 1224 4437 panem
1256 4362 1596 4435 paximatem
1629 4359 1758 4431 (l3),
1791 4366 1848 4416 et
1895 4377 2052 4416 man-

457 4457 654 4515 ducavi
697 4473 828 4514 eum
856 4455 1086 4522 occulte,
1137 4452 1419 4508 nesciente
1449 4450 1647 4505 abbate
1670 4467 1795 4504 meo
1822 4449 1864 4504 ².
1907 4451 2048 4506 Cum

453 4567 586 4622 ergo
617 4561 1037 4621 perseverarem
1071 4543 1363 4615 aliquanto
1395 4547 1647 4612 tempore
1667 4540 1773 4594 hoc
1816 4539 2044 4607 faciens,

453 4639 622 4715 coepit
639 4637 780 4694 mihi
810 4637 998 4709 ipsum
1024 4634 1224 4688 vitium
1243 4631 1541 4698 dominari,
1565 4636 1621 4686 et
1647 4647 1759 4685 non
1788 4630 2052 4702 praevale-

452 4729 584 4785 bam
605 4729 882 4800 meipsum
908 4724 1242 4791 retundere;
1273 4721 1370 4776 sed
1389 4720 1740 4776 solummodo
1770 4719 2053 4790 adjudica-

451 4817 556 4874 bar
583 4834 618 4872 a
642 4816 870 4891 propria
898 4812 1254 4879 conscientia,
1285 4816 1341 4866 et
1371 4811 1490 4866 seni
1515 4810 1698 4865 dicere
1744 4809 2052 4865 confunde-

453 4905 574 4962 bar.
609 4904 860 4976 Contigit
887 4899 1412 4968 autem,secundum
1435 4898 1910 4970 dispensationem
1945 4897 2052 4951 mi-

457 4993 754 5067 sericordis
770 4993 962 5060 Dei,ut
979 4991 1207 5063 quidam
1227 4990 1484 5044 venirent
1501 4989 1568 5043 ad
1585 5004 1775 5042 senem
1792 4985 2054 5041 utilitatis

459 5086 660 5160 animm
679 5101 792 5140 suae
809 5098 999 5147 causa,
1027 5087 1085 5135 et
1111 5078 1535 5149 interrogabant
1563 5094 1692 5132 eum
1713 5077 1782 5131 de
1812 5075 2052 5147 propriis

454 5156 910 5249 cogitationibus.
937 5169 1302 5242 Respondens
1322 5175 1513 5223 autem
1531 5165 1881 5232 senex,dixit:
1910 5165 2054 5228 Quia

455 5267 596 5324 nihil
611 5265 688 5322 sic
709 5265 938 5328 noxium
956 5267 1041 5316 est
1060 5258 1366 5326 monachis,
1392 5257 1713 5312 etleetiﬁcat
1747 5255 2048 5322 daemones,

457 5355 735 5432 quomodo
776 5353 822 5410 si
851 5353 1034 5408 celent
1081 5349 1450 5421 cogitationes
1494 5363 1624 5400 suas
1663 5343 2050 5415 spiritualibus

453 5439 990 5512 Patribus.Locutus
1002 5445 1088 5496 est
1099 5445 1292 5494 autem
1317 5437 1398 5492 eis
1429 5439 1486 5490 et
1505 5435 1574 5490 de
1607 5433 2051 5489 continentia.Et

523 5622 542 5657 ί
581 5624 741 5694 Apud
789 5621 1060 5688 Cassium,
1093 5618 1190 5676 lib.
1236 5633 1269 5670 v
1299 5616 1508 5683 Instat,
1533 5631 1578 5670 ο.
1609 5610 1700 5670 27.
1741 5612 1936 5670 Simile
1960 5630 2050 5670 su-

456 5726 578 5785 pra,
607 5711 648 5771 l.
679 5725 756 5782 Iv,
789 5727 840 5766 c.
871 5709 928 5767 5.

2197 3224 2288 3280 27.
2315 3225 2502 3281 Abbas
2543 3227 2818 3283 Macarius
2843 3229 3024 3298 major
3053 3227 3112 3282 in
3148 3227 3340 3300 Scythi
3365 3225 3586 3282 dicebat
3612 3226 3725 3282 fra-

2126 3313 2306 3370 tribus
2339 3334 2351 3369 :
2385 3316 2519 3370 Post
2551 3317 2752 3372 missas
2773 3316 3244 3387 ecclesiae,fugite,
3277 3317 3498 3372 fratres.
3531 3317 3602 3371 Et
3631 3315 3722 3370 di-

2127 3403 2202 3458 cit
2230 3405 2281 3458 ei
2328 3421 2474 3459 unus
2503 3405 2742 3460 fratrum
2773 3426 2789 3461 :
2837 3407 3023 3472 Pater,
3059 3405 3157 3460 ubi
3201 3405 3473 3460 habemus
3524 3404 3723 3476 fugere

2127 3494 2368 3566 amplius
2389 3511 2423 3548 a
2451 3495 2752 3550 solitudine
2775 3496 2883 3550 ista
2908 3495 2932 3548 ?
2952 3497 3022 3550 Et
3033 3495 3275 3566 ponebat
3294 3495 3537 3566 digitum
3555 3509 3724 3549 suum

2127 3583 2185 3637 in
2216 3599 2313 3637 ore
2343 3600 2464 3650 suo,
2497 3585 2714 3639 dicens:
2753 3585 2912 3640 Istud
2939 3590 3024 3639 est
3052 3585 3200 3656 quod
3229 3584 3556 3655 fugiendum
3572 3583 3718 3638 dico.

2131 3673 2200 3726 Et
2227 3673 2306 3726 sic
2333 3673 2580 3728 intrabat
2601 3675 2661 3728 in
2689 3675 2887 3730 cellam
2916 3691 3098 3742 suam,
3131 3679 3189 3729 et
3216 3673 3480 3729 claudens
3511 3673 3721 3728 ostium

2133 3762 2365 3818 sedebat
2391 3765 2562 3819 solus.

2201 3870 2291 3928 ‘28.
2325 3871 2476 3926 Dixit
2511 3871 2646 3926 item
2698 3871 2869 3926 abbas
2897 3870 3178 3926 Macarius
3206 3889 3218 3924 :
3275 3871 3334 3926 Si
3359 3869 3608 3942 aliquem
3635 3870 3722 3924 in-

2132 3977 2360 4032 crepare
2413 3961 2604 4016 volens
2635 3963 2706 4016 ad
2755 3961 3104 4016 iracundiam
3151 3961 3537 4026 commo'veris,
3590 3975 3724 4032 pro-

2133 4050 2314 4122 priam
2343 4049 2666 4122 passionem
2695 4051 2896 4122 imples
2928 4069 2940 4118 ;
2967 4067 3082 4106 non
3111 4049 3264 4105 enim
3312 4054 3378 4104 ut
3403 4048 3578 4104 alium
3607 4047 3726 4102 sal-

2131 4158 2246 4207 ves,
2277 4141 2520 4212 teipsum
2550 4140 2772 4212 perdas.

2201 4239 2290 4294 29.
2328 4238 2470 4295 Dixit
2490 4239 2664 4294 abbas
2694 4240 2894 4294 Pastor
2925 4257 2936 4293 :
2983 4239 3106 4294 Nisi
3148 4237 3516 4294 Nabuzardan
3548 4235 3728 4290 archio

2131 4329 2378 4400 magirus
2405 4329 2664 4396 venisset,
2688 4346 2801 4384 non
2815 4333 3231 4384 concrematum
3247 4327 3432 4382 fuerat
3449 4325 3726 4400 templum

2131 4419 2354 4474 Domini
2376 4419 2564 4492 igne(l
2576 4420 2610 4472 V
2632 4421 2754 4488 Reg.
2788 4421 2912 4489 xxv)
2941 4437 2954 4486 ;
3001 4419 3082 4474 ita
3108 4424 3164 4474 et
3190 4417 3297 4472 nisi
3324 4417 3482 4490 quies
3499 4415 3650 4487 gula
3669 4420 3726 4468 et

2069 4496 2341 4564 Dventris
2369 4509 2585 4563 venerit
2611 4508 2670 4563 in
2710 4509 2978 4576 animam,
3007 4523 3365 4580 nequaquam
3392 4521 3550 4560 mens
3598 4519 3724 4558 cor-

2130 4599 2526 4670 ruit,pugnans
2536 4604 2731 4653 contra
2744 4598 3034 4653 inimicum
3051 4600 3232 4668 (Rull'.,
3258 4599 3334 4652 lib
3357 4592 3721 4665 m,num.52).

2205 4693 2292 4754 30.
2325 4696 2598 4750 Dicebant
2617 4697 2686 4750 de
2697 4695 2898 4751 abbate
2912 4697 3164 4763 Pastore,
3185 4695 3318 4767 quia
3337 4694 3472 4748 dum
3496 4697 3726 4748 vocatus

2135 4785 2332 4841 fuisset
2361 4787 2430 4839 ad
2461 4786 2938 4856 manducandum,
2975 4790 3172 4840 contra
3197 4785 3544 4840 voluntatem
3571 4798 3731 4838 suam

2133 4874 2252 4930 ibat
2289 4876 2669 4947 lacrymando,
2695 4892 2764 4930 ne
2786 4875 3114 4931 inobediens
3141 4879 3288 4929 esset
3311 4871 3578 4928 fratribus
3590 4871 3724 4938 suis,

2137 4969 2193 5018 et
2212 4964 2572 5020 contristaret
2597 4982 2690 5018 eos
2721 4963 2907 5036 (Ra/ll,
2937 4966 3032 5018 lib.
3051 4978 3137 5031 111,
3172 4980 3229 5018 η.
3258 4959 3403 5026 149).

2207 5063 2236 5116 3
2253 5062 2294 5119 l.
2326 5064 2712 5118 Narraverunt
2724 5062 2953 5133 quidam
2974 5061 3164 5116 abbati
3175 5061 3394 5116 Pastori
3403 5059 3473 5115 de
3487 5060 3726 5132 quodam

2134 5153 2430 5219 monacho,
2493 5153 2588 5224 qui
2617 5168 2731 5208 non
2773 5149 3001 5206 bibebat
3027 5151 3237 5205 vinum.
3299 5151 3367 5205 Et
3415 5149 3562 5204 dixit
3601 5149 3680 5204 eis
3713 5166 3724 5201 :

2136 5243 2279 5308 Quia
2301 5243 2494 5296 vinum
2527 5241 2932 5296 monachorum
2951 5239 3180 5296 omnino
3208 5256 3322 5295 non
3351 5244 3453 5294 est.

2197 5340 2283 5399 32.
2324 5342 2477 5397 Dixit
2504 5342 2712 5397 iterum
2736 5340 2908 5394 abbas
2948 5341 3147 5396 Pastor
3179 5359 3190 5394 :
3239 5337 3382 5404 Quia
3411 5338 3556 5392 sicut
3575 5337 3723 5392 fumo

2133 5432 2488 5505 expelluntur
2513 5449 2648 5505 apes
2671 5437 2738 5489 ut
2765 5431 3000 5488 tollatur
3027 5430 3260 5486 dulcedo
3289 5429 3474 5501 operis
3508 5443 3720 5495 earum,

2199 5610 2224 5645 ²
2253 5611 2525 5682 Cassium,
2559 5614 2741 5670 collat.
2765 5625 2825 5680 II,
2858 5627 2978 5682 cap.
3004 5609 3088 5678 11,
3123 5609 3322 5682 Supra,
3356 5609 3395 5664 l.
3427 5603 3729 5679 lv,cap.47.
