3934 6376
209 294 320 353 869

1517 310 1755 366 VERBA
1796 313 2185 371 SENIORUM.

3382 316 3487 373 870

205 422 292 476 ita
312 428 368 477 et
398 424 703 494 corporalis
733 426 891 496 quies
920 426 1183 481 timorem
1220 430 1445 486 Domini
1484 435 1711 505 expellit
1737 435 1806 489 ab
1825 441 1869 496 A
1891 438 2035 503 Non,
2070 446 2248 509 pater.
2284 440 2515 495 Dicebat
2544 447 2733 496 autem
2758 458 2953 497 senex:
2981 442 3037 498 Si
3062 442 3306 498 necdum
3325 458 3485 498 man-

212 511 425 580 anima,
456 519 513 567 et
542 513 723 568 aufert
752 513 821 568 ab
842 532 909 568 ea
937 533 1103 571 omne
1133 534 1272 589 opus
1292 519 1521 576 bonum.

289 610 379 665 33.
414 611 681 667 Narravit
701 612 928 684 quidam
953 630 1150 669 senum
1179 616 1247 671 de
1271 617 1472 673 abbate
1494 621 1724 676 Pastore
1756 628 1812 676 et

205 703 480 761 fratribus
502 704 644 773 ejus,
672 702 767 773 qui
795 701 1119 760 habitarent
1144 705 1202 759 in
1227 708 1471 780 .IEgypto
1502 711 1682 778 (lla/)1,
1712 714 1806 765 lib.

207 809 298 861 III,
334 810 493 848 num.
521 788 670 861 154).
698 791 767 845 Et
787 808 914 845 cum
937 792 1285 849 desideraret
1305 803 1487 851 mater
1504 816 1699 853 eorum
1729 800 1811 853 vi-

203 884 340 938 dere
367 900 480 946 eos,
508 885 565 935 et
594 897 703 935 non
731 888 938 951 posset,
980 882 1292 939 observavit
1318 903 1432 941 una
1452 888 1562 955 die;
1596 895 1652 942 et
1676 906 1809 943 eun-

204 973 361 1028 tibus
380 972 491 1025 illis
521 970 590 1024 ad
614 971 925 1036 ecclesiam,
950 971 1153 1027 obtulit
1180 991 1238 1029 se
1259 976 1357 1030 cis.
1402 977 1489 1031 Illi
1516 984 1704 1032 autem
1732 979 1809 1032 vi-

208 1063 411 1117 dentes
434 1077 578 1126 eam,
609 1066 1004 1115 converterunt
1032 1079 1090 1115 se
1120 1064 1190 1117 ad
1208 1065 1424 1131 cellam,
1450 1072 1505 1121 et
1534 1067 1807 1122 intrantes

211 1152 541 1207 clauserunt
583 1149 789 1203 ostium
833 1149 891 1204 in
924 1149 1123 1204 faciem
1165 1155 1306 1223 ejus.
1348 1156 1451 1209 Illa
1497 1162 1684 1211 autem
1736 1160 1805 1213 ad

203 1241 417 1296 ostium
447 1244 623 1306 stans,
643 1237 939 1303 clamabat,
964 1240 1190 1309 plorans
1211 1260 1337 1296 cum
1367 1244 1541 1298 nimia
1569 1247 1804 1300 misera-

201 1331 379 1385 tione.
410 1328 660 1387 Audiens
695 1333 885 1382 autem
916 1346 1039 1383 eam
1065 1330 1235 1384 abbas
1262 1333 1444 1400 Anub,
1478 1335 1709 1389 intravit
1732 1337 1805 1391 ad

211 1419 479 1474 abbatem
527 1417 839 1483 Pastorem,
878 1418 1102 1475 dicens:
1138 1420 1284 1484 Quid
1313 1422 1581 1478 faciemus
1610 1426 1807 1480 vetulae

211 1509 332 1575 isti,
363 1508 443 1563 ita
463 1512 593 1563 ante
616 1506 822 1561 ostium
843 1508 1028 1561 ﬂenti?
1051 1510 1298 1580 Surgens
1319 1518 1505 1567 autem
1519 1513 1689 1568 abbas
1711 1516 1811 1569 Pa-

213 1604 355 1663 stor,
396 1596 552 1652 venit
578 1596 647 1649 ad
691 1596 915 1664 ostium,
970 1602 1026 1651 et
1054 1597 1202 1653 intro
1233 1605 1407 1667 stans,
1442 1602 1654 1658 audivit
1685 1621 1810 1659 eam

216 1688 537 1760 plorantem
584 1685 978 1740 miserabiliter
1015 1687 1219 1756 nimis;
1273 1695 1329 1743 et
1368 1691 1537 1745 dixit:
1561 1693 1704 1757 Quid
1733 1694 1813 1748 sic

1892 528 2236 595 ducavimus,
2271 530 2425 595 affer,
2462 532 2881 586 manducemus.

1964 616 2213 673 39.Dixit
2226 620 2526 690 aliquando
2538 638 2665 675 cum
2681 622 2883 675 ﬁducia
2899 620 3069 676 abbas
3090 621 3256 678 Sisoi:
3279 623 3479 692 Crede,

1893 706 2027 776 quia
2056 723 2180 760 ecce
2209 707 2445 779 triginta
2473 726 2649 763 annos
2679 710 2856 763 habeo
2890 710 3037 781 quod
3068 726 3183 765 non
3214 711 3485 784 deprecor

1894 794 2072 849 Deum
2104 803 2332 867 prOpter
2362 804 2668 868 peccatum,
2718 800 2814 853 sed
2843 816 3009 853 orans
3038 800 3142 854 hoc
3173 800 3327 855 dico:
3365 801 3479 855 Do-

1891 884 2039 937 mine
2060 886 2192 939 Jesu
2219 886 2457 951 Christe,
2483 894 2711 959 protege
2733 906 2822 941 me
2848 906 2881 942 a
2901 888 3091 959 lingua
3122 906 3268 943 mea.
3295 889 3366 944 Et
3393 905 3485 944 us-

1892 989 1998 1042 que
2020 990 2166 1027 nunc
2195 992 2295 1046 per
2325 976 2572 1047 singulos
2594 978 2709 1031 dies
2740 995 2938 1033 corruo
2967 996 3067 1050 per
3086 978 3268 1051 ipsam
3289 977 3401 1050 (14)
3429 982 3488 1034 et

1886 1058 2177 1132 ‘delinquo.

1958 1148 2046 1205 40.
2076 1151 2365 1206 Venerunt
2387 1154 2687 1225 aliquando
2704 1154 2874 1209 abbas
2891 1156 3149 1211 Silvanus
3172 1160 3229 1211 et
3250 1155 3492 1228 discipu-

1888 1237 1974 1291 lus
1997 1239 2117 1309 ejus
2149 1241 2443 1296 Zacharias
2472 1243 2541 1297 ad
2565 1244 2845 1315 quoddam
2873 1246 3300 1313 monasterium,
3336 1251 3395 1300 et
3416 1245 3491 1300 fe-

1889 1334 2087 1381 cerunt
2113 1346 2207 1383 eos
2233 1337 2463 1400 gustare
2485 1333 2764 1387 modicum
2795 1340 3099 1406 antequam
3126 1333 3481 1389 ambularent

1894 1417 2077 1483 (Ru/f.,
2113 1421 2207 1472 lib.
2243 1433 2323 1479 In.
2360 1437 2514 1474 num.
2553 1420 2661 1490 4‘3).
2689 1422 2757 1475 Et
2785 1422 3117 1478 exeuntibus
3147 1423 3245 1490 eis,
3276 1422 3490 1477 invenit

1892 1504 2199 1576 discipulus
2211 1510 2332 1578 ejus
2351 1527 2555 1581 aquam
2586 1510 2643 1573 in
2656 1511 2761 1579 via,
2778 1517 2835 1566 et
2865 1511 3084 1566 volebat
3095 1511 3305 1566 bibere.
3328 1510 3482 1567 Dixit

1895 1593 2064 1648 abbas
2096 1597 2351 1652 Silvanus
2377 1617 2387 1651 :
2420 1599 2704 1668 Zacharia,
2730 1601 3012 1671 jejunium
3043 1607 3131 1656 est
3158 1602 3344 1657 hodie.
3377 1600 3481 1655 Cui

1894 1682 1987 1737 ille
2018 1685 2183 1739 dixit:
2206 1688 2331 1741 Non
2358 1689 3010 1757 manducavimushodie,
3038 1690 3233 1745 Pater?
3260 1689 3413 1745 Dixit
3432 1689 3485 1747 ei

220 1777 455 1841 clamas,
488 1774 719 1829 vetula?
750 1775 851 1830 Illa
882 1781 1071 1830 autem
1092 1795 1216 1832 cum
1250 1797 1439 1834 vocem
1467 1783 1588 1853 ejus
1620 1784 1811 1837 audis-
1833 1770 2059 1829 Bsenex
2083 1793 2092 1826 :
2116 1776 2258 1830 Illud
2282 1779 2638 1845 manducare,
2665 1780 2909 1833 Charitas
2927 1779 3053 1847 fuit,
3080 1796 3184 1834 nos
3205 1784 3397 1834 autem
3412 1784 3493 1834 te-

224 1870 337 1932 set,
366 1865 544 1919 multo
570 1863 748 1933 magis
765 1863 1059 1931 clamabat,
1089 1867 1314 1938 plorans
1347 1875 1403 1923 et
1431 1870 1645 1925 dicens:
1674 1872 1811 1926 Volo

210 1970 315 2009 vos
338 1954 548 2019 videre,
594 1952 696 2006 ﬁlii
726 1954 855 2007 mei.
890 1954 1034 2017 Quid
1080 1961 1167 2009 est
1196 1958 1344 2011 enim
1376 1959 1421 2012 si
1448 1960 1635 2013 videro
1666 1978 1760 2014 vos
1788 1961 1813 2013 ?

219 2043 482 2115 nunquid
507 2059 620 2097 non
652 2059 774 2097 sum
797 2049 979 2097 mater
1004 2045 1216 2099 vestra?
1236 2053 1336 2101 aut
1354 2065 1465 2102 non
1496 2067 1597 2119 ego
1614 2050 1813 2104 lactavi

215 2150 333 2197 vos,
365 2139 423 2186 et
449 2136 571 2186 tota
600 2148 725 2185 sum
750 2133 871 2200 jam
894 2134 1048 2187 canis
1089 2135 1290 2204 plena?
1324 2137 1432 2190 Sed
1482 2144 1537 2191 et
1578 2139 1811 2193 audiens

208 2238 411 2276 vocem
439 2225 617 2287 tuam,
649 2219 875 2274 turbata
905 2238 1050 2275 sum.
1085 2223 1232 2277 Dicit
1264 2225 1315 2278 ei
1345 2243 1544 2280 senex:
1582 2228 1682 2282 llic
1711 2245 1812 2282 nos

210 2310 298 2366 vis
317 2310 527 2377 videre,
560 2326 632 2364 an
656 2308 716 2363 in
738 2309 833 2363 illo
857 2312 1096 2365 saeculo?
1128 2312 1273 2367 Dicit
1293 2314 1344 2367 ei
1371 2333 1381 2367 :
1416 2316 1484 2370 Et
1509 2317 1556 2369 si
1598 2334 1709 2371 non
1739 2319 1813 2371 vi-

211 2400 353 2455 dero
373 2417 469 2454 vos
488 2399 596 2466 hic,
631 2398 828 2453 videbo
849 2416 945 2453 vos
966 2400 1094 2467 illic,
1123 2402 1221 2455 ﬁlii
1248 2404 1259 2457 !
1291 2403 1439 2459 Dicit
1463 2406 1542 2459 ei:
1579 2407 1635 2460 Si
1657 2411 1814 2478 potes

213 2488 614 2561 aequanimiter
632 2487 797 2555 ferre,
814 2488 977 2543 uthic
999 2506 1099 2544 nos
1126 2508 1238 2545 non
1256 2493 1461 2561 videas,
1477 2494 1689 2549 videbis
1712 2513 1813 2550 nos

208 2577 349 2633 illic.
374 2577 447 2633 Et
464 2578 544 2632 ita
565 2577 825 2631 discessit
854 2579 1082 2646 mulier,
1107 2582 1380 2651 gaudens,
1415 2589 1471 2637 et
1501 2584 1690 2639 dicens
1716 2604 1725 2638 :
1754 2586 1813 2639 Si

211 2666 448 2723 omnino
474 2666 664 2721 visura
686 2684 782 2720 vos
814 2684 910 2721 ero
940 2668 1067 2737 illic,
1102 2671 1229 2724 nolo
1258 2688 1353 2725 vos
1380 2672 1565 2727 videre
1595 2674 1702 2729 hic.

287 2762 378 2822 34.
411 2764 682 2819 Dicebant
700 2764 769 2818 de
790 2764 989 2820 abbate
1020 2766 1167 2834 Pior,
1203 2768 1335 2842 quia
1355 2770 1695 2825 ambulando
1721 2789 1814 2827 co-

215 2852 479 2909 mederet
512 2854 691 2923 (Ilum,
730 2854 825 2908 lib.
859 2868 942 2921 III,
989 2872 1148 2909 num.
1182 2856 1287 2927 31).
1332 2859 1401 2912 Et
1430 2860 1814 2930 interrogante

216 2959 355 2997 eum
368 2941 611 3014 quodam
636 2959 809 3013 quare
821 2943 900 2996 sic
918 2944 1302 3011 manducaret,
1313 2948 1600 3018 respondit
1622 2967 1681 3004 se
1702 2967 1814 3005 non

205 3033 319 3086 hoc
347 3032 498 3084 velut
519 3047 658 3101 opus
687 3031 914 3103 aliquod
936 3049 1124 3104 agere,
1154 3036 1252 3090 sed
1272 3037 1425 3091 velut
1441 3038 1709 3108 quiddam
1725 3057 1815 3095 su-

1895 1880 2127 1917 neamus
2148 1866 2425 1935 jejunium
2458 1873 2734 1934 nostrum,
2765 1869 2864 1922 fili.
3044 1928 3049 1933 _

1965 1959 2085 2017 εῖτ
2105 1960 2141 2019 Ι
2167 1952 2255 2009 41.
2287 1955 2438 2008 Dixit
2464 1962 2657 2011 sancta
2698 1957 3039 2028 Syncletica:
3085 1958 3230 2021 Quia
3258 1960 3482 2030 oportet

1895 2057 2016 2103 nos,
2046 2042 2140 2112 qui
2158 2042 2479 2112 hujusmodi
2511 2047 2858 2117 propositum
2886 2046 3248 2117 sumpsimus,
3265 2046 3489 2102 castita-

1894 2137 2027 2195 tem,
2065 2148 2186 2201 quae
2216 2150 2437 2187 summa
2463 2140 2564 2200 est,
2594 2136 2856 2189 retinere.
2889 2136 3111 2191 Etenim
3142 2136 3293 2207 apud
3322 2151 3492 2190 samu-

1894 2219 2041 2272 lares
2069 2219 2288 2274 videtur
2306 2222 2531 2275 castitas
2553 2222 2866 2277 observari:
2900 2224 2998 2278 sed
3011 2224 3172 2278 adest
3194 2223 3245 2277 ei
3267 2227 3325 2278 et
3347 2222 3497 2281 stul-r

1894 2306 2038 2373 titia,
2072 2315 2301 2380 propter
2317 2327 2487 2381 quam
2512 2311 2634 2365 aliis
2655 2312 2914 2367 omnibus
2935 2312 3190 2369 sensibus
3218 2317 3478 2385 peccant;

1895 2412 2027 2449 nam
2057 2402 2113 2450 et
2148 2398 2427 2468 aspiciunt
2454 2400 2795 2468 indecenter,
2831 2410 2887 2456 et
2914 2402 3102 2456 rident
3123 2402 3442 2457 inordinate
3466 2446 3479 2459 .

1965 2484 2053 2541 42.
2086 2487 2234 2541 Dixit
2253 2488 2458 2542 iterum
2474 2507 2595 2561 qua)
2614 2508 2819 2562 supra:
2856 2491 2999 2556 Quia
3030 2492 3175 2546 sicut
3208 2506 3487 2546 venenosa

1897 2576 2165 2630 animalia
2212 2577 2430 2632 acriora
2471 2580 2880 2635 medicamenta
2910 2598 2943 2635 a
2981 2598 3040 2635 se
3066 2581 3369 2653 expellunt,
3403 2581 3487 2635 ita

1897 2666 2292 2735 cogitationem
2323 2668 2606 2724 sordidam
2630 2671 2915 2742 jejunium
2946 2686 3075 2725 cum
3113 2669 3366 2726 oratione
3395 2669 3496 2724 de-

1898 2755 2059 2825 pellit
2087 2754 2156 2809 ab
2176 2756 2384 2810 anima.
3040 2814 3067 2833 τ

1975 2842 2056 2898 '43.
2092 2845 2242 2898 Dixit
2268 2846 2501 2900 iterum:
2536 2849 2661 2903 Non
2674 2854 2730 2902 te
2762 2848 3033 2904 seducant
3051 2848 3292 2904 divitum
3320 2849 3493 2921 hujus

1896 2933 2081 2987 saeculi
2100 2934 2326 3001 delicize,
2344 2942 2611 3007 tanquam
2636 2938 2771 2993 utile
2794 2939 3005 3010 aliquid
3026 2938 3299 2994 habentes
3322 2938 3381 2993 in
3404 2955 3484 2994 se.

1896 3022 2114 3075 Etenim
2136 3024 2216 3077 illi
2251 3024 2635 3080 delectationis
2665 3044 2836 3081 causa
2863 3033 3044 3083 artem
3069 3028 3289 3083 diverso
3317 3027 3484 3082 modo

206 3120 493 3192 perﬂuum
504 3120 607 3174 uti.
637 3120 748 3175 Alii
762 3125 953 3177 autem
974 3122 1043 3175 de
1061 3124 1165 3177 hoc
1188 3106 1561 3196 interroganti
1585 3145 1811 3200 respon-

1921 3112 2189 3165 :ondiendi
2210 3113 2361 3167 cibos
2389 3114 2684 3169 honorant:
2715 3122 2777 3170 tu
2805 3122 2996 3171 autem
3016 3117 3236 3187 jejunio
3257 3121 3314 3170 et
3340 3115 3492 3187 abje—

206 3210 327 3264 dit:
358 3210 435 3265 Ut
468 3225 581 3264 non
610 3210 695 3264 vel
722 3210 782 3264 in
811 3212 1155 3266 comedendo
1186 3216 1535 3286 corporalem
1555 3216 1809 3272 delecta-

211 3299 431 3354 tionem
460 3297 668 3352 habeat
693 3298 902 3353 anima.

288 3404 381 3463 35.
420 3404 693 3460 Dicebant
720 3406 789 3460 de
820 3405 1021 3461 abbate
1050 3408 1235 3477 Petro,
1281 3418 1650 3481 cognomento
1682 3414 1813 3469 Pro-

220 3495 340 3563 nio,
396 3494 491 3567 qui
523 3500 644 3549 erat
672 3495 730 3548 in
765 3496 951 3562 Cellis,
986 3497 1118 3567 quia
1168 3499 1360 3554 vinum
1408 3519 1519 3555 non
1568 3502 1811 3562 bibebat.

210 3583 453 3650 Quando
475 3588 665 3639 autem
677 3585 881 3651 senuit,
905 3586 1183 3655 rogabant
1195 3606 1326 3643 eum
1348 3596 1412 3644 ut
1434 3598 1683 3646 sumeret
1702 3610 1816 3647 mo-

208 3674 405 3730 dicum
433 3673 566 3730 vini.
587 3672 694 3737 Qui
708 3690 834 3728 cum
863 3691 975 3729 non
988 3677 1384 3747 acquiesceret,
1406 3681 1815 3751 tepefaciebant

210 3779 442 3836 aquam.
484 3767 556 3823 ,et
592 3762 673 3817 ita
725 3762 775 3817 ei
805 3764 1129 3831 offerebant,
1190 3773 1247 3822 et
1293 3768 1543 3823 dicebat:
1589 3771 1815 3826 Credite

214 3852 380 3921 mihi,
415 3851 533 3920 filii,
568 3851 701 3924 quia
736 3851 889 3907 velut
915 3870 1016 3924 pro
1049 3855 1273 3911 condito
1303 3857 1441 3912 illud
1470 3859 1708 3931 accipio.
1749 3861 1816 3915 Et

227 3941 574 4014 adjudicavit
603 3958 663 3996 se
692 3941 881 4014 tepida
909 3959 1054 4015 aqua
1083 3961 1204 3999 esse
1225 3952 1573 4003 contentum.

299 4048 389 4105 36.
421 4047 591 4104 Facta
631 4053 720 4103 est
755 4047 1057 4120 aliquando
1086 4052 1388 4109 celebratio
1420 4054 1718 4111 missarum
1759 4058 1817 4112 in

224 4143 423 4197 monte
449 4137 670 4193 abbatis
690 4138 1301 4208 Antonii,etinventum
1324 4149 1409 4197 est
1436 4144 1515 4199 ibi
1536 4146 1817 4202 modicum

230 4227 372 4282 vini.
405 4228 475 4282 Et
492 4226 694 4281 tollens
714 4243 862 4282 unus
881 4228 949 4281 de
971 4230 1283 4286 senioribus
1304 4250 1536 4303 parvum
1567 4235 1815 4302 calicem,

223 4316 476 4390 portavit
510 4315 585 4370 ad
615 4313 877 4371 abbatem
906 4318 1068 4386 Sisoi,
1098 4326 1156 4374 et
1174 4321 1329 4376 dedit
1352 4323 1429 4390 ei;
1466 4329 1523 4378 et
1553 4323 1694 4379 bibit
1730 4342 1821 4380 se-

216 4406 367 4474 mel;
418 4410 475 4461 et
499 4404 744 4461 secundo
773 4408 1005 4478 accepit,
1030 4414 1089 4463 et
1136 4408 1278 4465 bibit
1302 4428 1314 4463 :
1348 4413 1543 4468 attulit
1572 4414 1741 4469 etiam
1771 4416 1821 4470 ei
1842 4433 1890 4491 ι)

217 4495 396 4551 tertio
425 4515 436 4565 ς
472 4494 697 4550 sednon
727 4496 960 4568 accepit,
977 4496 1166 4554 dicens
1189 4518 1200 4553 :
1224 4500 1478 4569 Quiesce,
1511 4502 1704 4571 frater,
1748 4522 1822 4560 an

219 4585 409 4649 nescis
438 4584 572 4659 quia
595 4585 832 4640 Satanas
864 4591 950 4642 est
976 4586 1004 4640 ‘I

297 4690 392 4749 37.
420 4691 619 4748 Frater
645 4691 875 4763 quidam
894 4694 1260 4767 interrogavit
1273 4697 1531 4754 abbatem
1552 4702 1714 4766 Sisoi,
1741 4703 1828 4757 di-

227 4799 369 4839 cens
393 4797 408 4838 :
439 4781 585 4847 Quid
614 4780 795 4837 facio?
833 4783 965 4854 quia
991 4802 1120 4840 cum
1150 4803 1378 4842 occurro
1408 4790 1479 4843 ad
1506 4791 1818 4858 ecclesiam,

225 4872 557 4974 frequenter
586 4870 792 4972 fratres
815 4890 917 4945 pro
920 4874 1213 4974 pharitate
1245 4877 1317 4931 ad
1353 4878 1537 4933 cibum
1579 4881 1827 4937 retinent
1906 4899 2156 4971 linguam
2186 4901 2242 4955 in
2272 4870 2525 4974 témpore
2556 4904 2761 4957 ςηιιοιιίε
2800 4903 2929 4973 (ιδ)⁷

226 4979 345 5018 me.
377 4961 528 5017 Dixit
578 4960 631 5017 ei
674 4978 879 5019 senex:
914 4964 1167 5019 Onerosa
1208 4983 1299 5021 res
1348 4974 1452 5022 est.
1502 4970 1649 5023 Dicit
1693 4988 1826 5041 ergo
1909 4960 2282 5061 corvpomlium
2313 4960 2563 5046 τοιᾏηιοι.
2583 4994 2692 5048 erit
2720 4960 3042 5066 διίξὶηείέιάο.

227 5050 521 5107 Abraham
541 5054 848 5127 discipulus
877 5054 999 5124 ejus
1024 5072 1035 5107 :
1066 5055 1124 5109 Si
1155 5057 1469 5112 occurritur
1495 5058 1553 5112 in
1586 5059 1827 5115 Sabbato

229 5146 291 5197 et
317 5141 613 5199 Dominica
640 5144 711 5199 ad
741 5143 1052 5210 ecclesiam,
1081 5150 1140 5198 et
1164 5144 1370 5201 biberit
1394 5148 1568 5202 frater
1592 5154 1707 5203 tres
1733 5167 1828 5204 ca-

225 5230 385 5297 lices,
417 5250 489 5286 ne
518 5234 760 5289 multum
789 5234 911 5290 est?
942 5235 1009 5288 Et
1038 5234 1177 5289 dixit
1202 5252 1399 5290 senex:
1440 5237 1499 5292 Si
1533 5255 1644 5293 non
1677 5246 1830 5295 esset

227 5320 491 5388 Satanas,
517 5339 629 5378 non
655 5328 803 5379 esset
831 5324 1095 5379 multum.

299 5426 388 5485 38.
421 5429 771 5501 Frequenter
807 5430 1027 5485 dicebat
1064 5432 1250 5487 abbati
1284 5433 1427 5488 Sisoi
1468 5435 1775 5507 discipulus
1812 5455 1825 5491 :

228 5518 430 5591 Surge,
455 5518 620 5589 abba,
635 5520 1057 5577 manducemus.
1082 5520 1185 5577 Ille
1208 5528 1399 5578 autem
1421 5524 1661 5580 dicebat:
1688 5527 1832 5591 Quia

226 5607 414 5666 adhuc
442 5624 560 5666 non
590 5610 1068 5680 manducavimus,
1085 5612 1202 5668 ﬁli?
1233 5613 1301 5669 Et
1320 5614 1415 5668 ille
1437 5615 1826 5685 respondebat:

1892 3201 2074 3255 ctione
2129 3201 2379 3257 ciborum
2436 3204 2840 3259 abundantiam
2877 3205 3205 3260 deliciarum
3259 3205 3488 3260 illorum

1892 3292 2295 3362 supergredere
2325 3311 2335 3359 ;
2362 3293 2459 3346 sed
2516 3310 2617 3347 nec
2638 3294 2859 3349 satieris
2890 3310 3054 3367 pane,
3079 3311 3182 3349 nec
3204 3294 3490 3349 desideres

1896 3379 2105 3434 vinum.

1963 3468 2052 3525 4i.
2103 3471 2254 3525 Dixit
2299 3470 2469 3526 abbas
2525 3473 2694 3526 Sisoi:
2730 3473 2838 3537 Qui
2886 3473 3267 3544 peregrinatio
3296 3477 3496 3529 nostra

1898 3564 2000 3625 est,
2045 3564 2109 3613 ut
2135 3566 2328 3615 teneat
2357 3562 2523 3616 homo
2552 3579 2612 3616 os
2655 3580 2822 3618 suum
2856 3564 3084 3633 (Pasch,
3112 3580 3157 3620 ο.
3193 3560 3281 3632 3'2,
3324 3578 3486 3619 num.

1898 3649 1958 3715 li;
1987 3651 2227 3718 Appcnd.
2256 3652 2444 3717 MarL,
2480 3668 2637 3705 num.
2669 3650 2775 3722 7'2).

1969 3737 2057 3793 45.
2080 3739 2231 3792 Dixit
2268 3739 2437 3793 abbas
2470 3741 2859 3812 Hyperichius:
2887 3742 3031 3806 Quia
3058 3741 3203 3797 sizut
3231 3742 3319 3795 leo
3338 3741 3502 3795 terri-

1898 3827 2024 3881 bilis
2052 3829 2390 3900 estonagris,
2417 3830 2496 3884 sic
2524 3832 2829 3885 monachus
2857 3831 3123 3904 probatus
3143 3830 3500 3901 cogitationi-

1899 3916 2002 3971 bus
2016 3919 2498 3989 concupiscentia).

1968 4006 2055 4062 46.
2082 4007 2231 4062 Dixit
2252 4009 2453 4063 iterum
2479 4028 2491 4065 :
2527 4011 2812 4080 Jejunium
2842 4011 3067 4065 frenum
3106 4015 3190 4065 est
3214 4009 3489 4065 monacho

1901 4096 2166 4151 adversus
2196 4105 2506 4169 peccatum.
2533 4100 2639 4163 Qui
2660 4106 2848 4154 autem
2875 4101 3066 4171 abjicit
3086 4099 3389 4171 jejunium,
3406 4116 3503 4153 ve-

1902 4186 1987 4240 lut
2014 4203 2190 4257 equus
2232 4188 2449 4242 fervens
2480 4188 2758 4243 desiderio
2790 4191 3010 4245 feminae
3040 4190 3279 4262 rapitur.

1974 4274 2063 4333 47.
2094 4277 2245 4331 Dixit
2270 4277 2478 4331 iterum
2506 4297 2516 4331 :
2552 4280 2828 4334 Siccatum
2846 4280 3063 4350 jejunio
3090 4296 3291 4351 corpus
3312 4295 3504 4334 mona-

1903 4365 1991 4418 chi
2022 4366 2271 4420 animam
2314 4367 2382 4421 de
2426 4368 2702 4439 profundo
2750 4370 2948 4437 elevat,
2983 4375 3041 4424 et
3088 4369 3260 4424 siccat
3287 4369 3505 4423 ﬁstulas

1903 4454 2336 4510 delectationum
2356 4457 2637 4528 jejunium
2666 4459 2943 4513 monachi.

1975 4543 2061 4600 48.
2098 4545 2247 4599 Dixit
2294 4545 2531 4599 iterum:
2566 4548 2765 4602 Castus
2794 4548 3102 4603 monachus
3130 4548 3190 4603 in
3219 4551 3375 4602 terra
3401 4547 3499 4602 ho-

1911 4631 2223 4699 norabitur,
2267 4639 2323 4688 et
2352 4634 2409 4687 in
2440 4635 2591 4689 caelis
2624 4652 2830 4690 corona
2857 4635 2927 4690 ab
2956 4636 3185 4692 Excelsa
3219 4634 3510 4691 coronabi-

1912 4727 2022 4777 tur.

1977 4811 2065 4867 49.
2094 4813 2248 4867 Idem
2292 4812 2412 4883 ipse
2442 4812 2612 4867 dixit:
2656 4815 2979 4882 Monachus,
3017 4816 3115 4889 qui
3155 4832 3270 4871 non
3299 4816 3509 4871 retinet

2967 4921 3151 4976 neque
3179 4904 3506 4978 passionum

1981 5078 2069 5137 50.
2107 5080 2255 5135 Dixit
2281 5081 2486 5137 iterum
2522 5101 2532 5135 :
2564 5083 2813 5139 Verbum
2844 5087 3059 5140 malum
3098 5102 3213 5141 non
3254 5083 3507 5158 proferat

1913 5186 1975 5224 os
2002 5176 2185 5237 tuum,
2220 5173 2486 5242 quoniam
2511 5173 2641 5227 vitis
2664 5190 2775 5229 non
2804 5176 2966 5230 affert
2980 5176 3187 5246 spinas.

1986 5258 2071 5315 51.
2100 5260 2250 5315 Dixit
2276 5261 2480 5316 iterum
2508 5279 2517 5314 :
2552 5264 2770 5319 Bonum
2798 5271 2884 5319 est
2913 5265 3253 5319 manducare
3283 5277 3511 5318 carnem

1916 5354 1973 5403 et
2002 5348 2191 5405 bibere
2213 5351 2422 5418 vinum,
2449 5369 2619 5423 quam
2651 5355 2991 5409 manducare
3021 5355 3079 5408 in
3107 5351 3511 5409 obtrectatione

1914 5456 2109 5494 carnes
2137 5441 2375 5495 fratrum
2413 5444 2593 5513 (Ila/li,
2629 5446 2723 5497 lib.
2758 5457 2839 5509 ιη,
2874 5459 2931 5496 η.
2964 5442 3105 5512 134).

1989 5530 2076 5584 52.
2109 5530 2260 5585 Dixit
2286 5531 2508 5586 iterum:
2549 5534 2856 5587 Susurrans
2886 5549 3115 5603 serpens
3144 5531 3215 5588 ad
3241 5533 3414 5590 Evam
3442 5534 3512 5591 de

1918 5620 2179 5689 paradiso
2202 5621 2675 5692 ejeciteam.Huic
2694 5637 2826 5693 ergo
2841 5622 3041 5680 similis
3054 5630 3141 5683 est
3157 5626 3252 5699 qui
3263 5624 3521 5701 proximo
