3934 6376
531 339 632 401 871

1668 341 1762 398 DE
1798 341 1988 399 VITIS
2028 341 2325 400 PATRUM
2361 341 2575 398 LIBER
2610 342 2678 396 V.

3699 339 3804 398 872

533 486 635 526 suo
665 469 1017 542 obloquitur;
1069 467 1336 540 quoniam
1365 471 1422 522 et
1457 471 1740 528 audientis
1787 491 1847 528 se
1875 473 2125 528 animam
2148 472 2500 538 Alucernam
2529 471 2852 542 proﬁceret.
2903 469 3122 525 Erravit
3159 474 3350 525 autem
3389 469 3582 538 frater,
3615 477 3673 527 et
3699 488 3799 544 pro

533 559 738 632 perdit,
771 563 830 613 et
856 574 1016 612 suam
1047 574 1160 612 non
1191 557 1389 613 salvat.

605 649 690 704 53.
729 649 900 702 Facta
949 654 1036 702 est
1069 647 1374 720 aliquando
1403 647 1676 704 festivitas
1717 650 1778 705 in
1829 651 2040 722 Scythi,
2073 656 2131 704 et

531 737 812 793 dederunt
838 736 960 792 seni
988 737 1048 791 in
1081 736 1252 791 calice
1280 737 1469 792 vinum
1495 757 1508 806 ;
1539 739 1688 810 quod
1726 738 2015 810 abjiciens,
2041 738 2128 792 di-

529 829 612 883 xit
633 846 646 882 :
670 827 827 883 Tolle
856 843 891 881 a
928 843 1019 882 me
1052 833 1292 881 mortem
1322 827 1510 882 istam.
1549 827 1710 892 Quod
1751 827 2004 883 videntes
2032 827 2130 882 alii

529 917 626 989 qui
649 932 780 971 cum
805 916 928 988 ipso
957 914 1216 982 edebant,
1241 931 1344 970 nec
1362 915 1469 987 ipsi
1487 915 1770 972 biberunt.

599 1005 688 1062 54.
718 1003 847 1060 Μία
885 1005 1002 1060 vice
1039 1005 1275 1059 allatum
1316 1010 1403 1059 est
1449 1004 1528 1059 ibi
1567 1006 1854 1061 vasculum
1896 1006 2013 1060 vini
2056 1006 2126 1060 de

531 1095 816 1169 primitiis,
868 1098 936 1150 ut
960 1093 1194 1150 daretur
1220 1093 1492 1148 fratribus
1519 1095 1592 1148 ad
1625 1095 1876 1166 singulos
1903 1095 2122 1150 calices.

525 1186 598 1241 Et
614 1184 937 1241 introeunte
965 1183 1210 1256 quodam
1237 1182 1430 1250 fratre,
1455 1188 1514 1238 et
1534 1183 1757 1238 vidente
1782 1184 1914 1256 quia
1934 1184 2126 1239 vinum

525 1275 858 1347 acciperent,
882 1273 1028 1344 fugit
1049 1273 1109 1327 in
1137 1277 1338 1344 crypta
1369 1311 1384 1340 ,
1419 1289 1542 1343 quia
1570 1265 1770 1346 crypta
1807 1273 2026 1330 cecidit.
2059 1274 2128 1328 Et

525 1380 656 1420 cum
683 1363 974 1418 audissent
997 1368 1522 1428 sonum,currentes
1542 1362 1881 1418 invenerunt
1893 1363 2126 1418 fratrem

528 1454 920 1511 semianimem
944 1454 1244 1524 jacentem,
1269 1455 1327 1506 et
1342 1457 1632 1523 cceperunt
1659 1469 1788 1506 eum
1801 1451 1889 1523 obj
1897 1469 2117 1522 urgare,

529 1544 808 1600 dicentes:
843 1543 994 1598 Bene
1021 1540 1125 1596 tibi
1165 1540 1418 1611 contigit,
1471 1541 1605 1612 quia
1640 1558 1843 1596 vanam
1882 1541 2120 1612 gloriam

523 1633 792 1690 habuisti.
824 1632 1010 1688 Abbas
1033 1637 1223 1686 autem
1254 1631 1506 1686 refovens
1537 1647 1686 1700 eum,
1719 1631 1891 1686 dixit:
1924 1631 2124 1686 Dimit-

524 1723 628 1780 tite
660 1723 838 1778 filium
863 1739 1074 1789 meum,
1097 1720 1309 1775 bonum
1330 1737 1468 1792 opus
1498 1721 1644 1776 fecit.
1667 1721 1736 1775 Et
1763 1720 1897 1775 vivit
1925 1721 2121 1775 Domi-

2210 562 2374 616 melle
2391 561 2459 615 de
2480 561 2832 632 raphanelaeo
2843 559 3000 614 misit
3019 559 3078 614 in
3097 560 3472 632 pulmentum.
3492 564 3682 628 5‘12
3709 563 3802 617 Se-

2210 667 2317 704 nex
2341 666 2472 704 vero
2499 667 2627 704 cum
2647 655 2952 720 gustasset,
2993 649 3134 704 nihil
3162 650 3380 705 locutus
3410 655 3513 716 est,
3537 650 3635 704 sed
3654 651 3804 705 taci-

2211 743 2303 794 tus
2315 738 3078 810 manducavit.Compellebat
3093 743 3191 794 aut
3199 755 3286 793 em
3305 755 3435 794 eum
3447 738 3628 793 adhuc
3648 756 3802 794 man-

2210 827 2436 882 ducare.
2471 828 2541 882 Et
2563 832 2899 899 extorquens
2930 826 3035 881 sibi
3065 827 3440 892 manducavit,
3466 832 3522 882 et
3553 826 3725 882 dabat
3752 828 3801 882 ei

2209 915 2397 970 tertio.
2422 916 2522 970 Ille
2545 921 2736 972 autem
2765 916 2992 971 nolebat
3032 917 3374 971 manducare
3403 915 3620 970 dicens:
3655 916 3802 970 Vere

2207 1021 2322 1059 non
2351 1021 2596 1076 possum,
2620 1005 2720 1058 ﬁli.
2745 1005 3062 1077 Discipulus
3082 1011 3272 1060 autem
3297 1003 3631 1060 hortabatur
3647 1021 3799 1072 eum,

2209 1097 2267 1147 et
2293 1091 2542 1146 dicebat:
2577 1093 2794 1148 Bonum
2825 1097 2929 1160 est,
2955 1093 3116 1159 abba,
3143 1110 3268 1148 ecce
3297 1110 3400 1164 ego
3425 1093 3704 1148 manduco
3724 1099 3804 1148 te-

2209 1196 2356 1234 cum.
2385 1180 2492 1244 Qui
2507 1197 2636 1235 cum
2661 1186 2963 1252 gustasset,
2980 1187 3037 1236 et
3054 1181 3404 1252 cognovisset
3426 1181 3560 1253 quid
3570 1181 3801 1248 fecerat,

2207 1267 2407 1323 cecidit
2442 1285 2652 1340 pronus
2691 1269 2750 1324 in
2790 1269 3008 1338 faciem,
3043 1270 3262 1325 dicens:
3294 1271 3389 1326 Vae
3417 1271 3574 1340 mihi,
3610 1273 3799 1340 Pater,

2208 1357 2341 1428 quia
2369 1357 2543 1412 occidi
2574 1363 2650 1424 te,
2699 1364 2756 1412 et
2791 1363 2854 1413 tu
2883 1363 3177 1430 peccatum
3219 1359 3324 1414 hoc
3359 1359 3596 1431 posuisti
3627 1377 3800 1433 super

2203 1461 2314 1512 me,
2348 1446 2480 1517 quia
2499 1463 2612 1502 non
2641 1465 2700 1501 es
2728 1448 2967 1502 locutus.
2986 1449 3055 1502 Et
3074 1447 3213 1506 dixit
3229 1448 3280 1503 ei
3309 1465 3504 1504 senex:
3529 1451 3660 1505 Non
3677 1467 3802 1506 con-

2202 1533 2464 1604 tristeris,
2481 1535 2589 1604 fili;
2620 1535 2668 1589 si
2680 1536 2942 1591 voluisset
2957 1537 3127 1602 Deus,
3150 1541 3216 1591 ut
3239 1538 3354 1592 mel
3374 1539 3796 1607 manducarem,

2204 1623 2316 1677 mel
2355 1623 2599 1679 habuisti
2623 1625 2848 1680 mittere
2869 1626 2928 1680 in
2962 1625 3214 1698 zippulas
3242 1627 3398 1682 istas.

2271 1708 2360 1767 60.
2392 1713 2779 1769 Narraverunt
2805 1716 2876 1769 de
2919 1732 3051 1770 sene
3081 1717 3342 1787 quodam,
3375 1717 3470 1789 qui
3501 1717 3792 1774 desidera-

523 1831 632 1869 nus
659 1813 792 1885 quia
817 1829 932 1867 non
961 1809 1394 1866 rezediﬁcabitur
1420 1815 1618 1882 crypta
1639 1809 1756 1864 haec
1771 1809 2121 1882 temporibus
2137 1803 2184 1864 B
2205 1799 2283 1854 Vit
2301 1801 2603 1873 aliquando
2621 1805 2961 1859 manducare
2990 1821 3344 1860 cucumerem
3359 1806 3550 1878 (Rulli,
3580 1810 3681 1862 lib.
3713 1823 3796 1875 ιιι,

525 1903 686 1971 meis,
711 1908 776 1958 ut
813 1905 1115 1972 cognOscat
1141 1899 1406 1968 mundus,
1451 1899 1585 1970 quia
1633 1905 1864 1972 propter
1892 1900 2122 1955 calicem

519 1992 634 2048 vini
661 1991 864 2047 cecidit
892 1995 1089 2062 crypta
1117 1990 1176 2043 in
1206 1988 1421 2060 Scythi.

601 2081 694 2142 55.
732 2079 1000 2136 Ascendit
1027 2077 1328 2150 aliquando
1366 2075 1661 2149 presbyter
1702 2077 1772 2132 de
1817 2077 2008 2149 Scythi
2049 2078 2122 2133 ad

523 2171 848 2245 episcopum
869 2169 1329 2245 Alexandrinum.
1354 2167 1425 2221 Et
1444 2167 1668 2238 quando
1683 2183 1938 2222 reversus
1965 2168 2122 2222 estin

524 2243 736 2334 scythi,
766 2243 1248 2330 interrogavéruni
1283 2272 1413 2312 eum
1439 2255 1678 2310 fratres:
1713 2257 2005 2320 Quomodo
2033 2262 2120 2312 est

518 2350 756 2408 civitas?
783 2350 884 2406 Ille
907 2353 1100 2404 autem
1130 2347 1271 2401 dixit
1309 2346 1422 2400 eis:
1450 2345 1673 2401 Credite
1703 2345 1861 2412 mihi,
1895 2345 2114 2414 fratres,

519 2459 624 2514 ego
653 2440 731 2496 ibi
757 2439 957 2495 faciem
978 2435 1444 2492 hominisnullius
1459 2434 1592 2502 vidi,
1620 2433 1728 2488 nisi
1752 2439 1976 2490 tantum
2004 2436 2120 2508 epi-

515 2531 688 2604 scopi.
717 2529 807 2586 Illi
833 2533 1026 2584 autem
1053 2525 1366 2592 audientes,
1398 2523 1590 2578 mirati
1607 2527 1741 2578 sunt
1761 2528 1818 2578 et
1831 2523 2114 2580 dixerunt:

519 2621 665 2686 Quid
694 2624 860 2692 putas
875 2617 1022 2672 facta
1046 2620 1134 2671 est
1152 2614 1332 2670 omnis
1353 2613 1452 2668 illa
1471 2613 1798 2669 multitudo?
1816 2613 2118 2686 Presbyter

513 2725 648 2765 vero
667 2706 866 2763 refovit
878 2705 1008 2761 illos
1017 2704 1360 2770 hasitantes,
1386 2701 1596 2758 dicens:
1616 2702 1840 2757 Extorsi
1862 2703 2116 2758 animum

517 2815 731 2865 meum,
752 2813 826 2852 ne
843 2795 1094 2850 intuerer
1115 2792 1315 2848 faciem
1327 2790 1592 2846 hominis.
1610 2791 1688 2846 Ex
1710 2807 1822 2862 qua
1844 2791 2116 2846 relatione

517 2887 872 2962 profecerunt
885 2883 1106 2951 fratres,
1139 2887 1196 2936 et
1215 2880 1604 2937 custodierunt
1613 2896 1673 2935 se
1701 2879 1772 2935 ab
1795 2881 2116 2937 extollentia

517 2978 810 3034 oculorum
837 2989 1092 3053 suqrum.

589 3063 676 3124 56.
707 3063 884 3121 Venit
931 3060 1232 3134 aliquando
1263 3059 1494 3132 quidam
1521 3075 1688 3114 senex
1722 3059 1792 3114 ad
1819 3058 1994 3114 alium
2024 3076 2114 3115 se-

2208 1906 2366 1943 num.
2391 1890 2502 1962 50).
2534 1893 2712 1957 Quem
2725 1910 2854 1948 cum
2875 1894 3197 1965 accepisset,
3225 1895 3628 1968 appenditeum
3644 1899 3800 1970 prius

2205 1983 2336 2033 ante
2364 1981 2554 2035 oculos
2582 1999 2732 2037 suos.
2758 1984 2826 2038 Et
2845 2001 2973 2038 cum
3001 2000 3114 2038 non
3135 1990 3282 2039 esset
3307 1985 3484 2040 victus
3496 1986 3796 2050 desiderio.

2203 2068 2439 2126 domans
2460 2072 2707 2143 seipsum
2743 2074 3135 2145 paenitentiam
3160 2073 3380 2145 agebat,
3412 2075 3495 2129 vel
3509 2075 3643 2146 quia
3676 2093 3796 2131 om-

2202 2161 2337 2216 nino
2362 2163 2758 2220 desiderasset.

2273 2249 2360 2306 61.
2395 2253 2592 2308 Frater
2620 2254 2920 2327 aliquando
2939 2255 3080 2310 abiit
3106 2255 3332 2313 visitare
3357 2274 3608 2313 sororem
3635 2275 3795 2314 suam

2200 2338 2258 2393 in
2304 2343 2645 2397 monasterio
2685 2349 3054 2414 aegrotantem
3105 2347 3298 2416 (Ilum,
3335 2349 3429 2402 lib.
3467 2361 3552 2414 III,
3585 2365 3642 2402 η.
3680 2347 3790 2422 33).

2202 2427 2336 2484 Erat
2344 2436 2536 2486 autem
2557 2433 2978 2490 fidelissima.Et
2990 2452 3102 2490 non
3117 2435 3472 2508 acquiescens
3491 2437 3797 2508 aliquando

2199 2517 2385 2574 videre
2413 2521 2614 2589 virum,
2647 2540 2829 2596 neque
2850 2525 3199 2580 occasionem
3228 2526 3364 2580 dare
3393 2525 3553 2580 fratri
3597 2544 3701 2582 suo
3729 2533 3790 2582 ut

2199 2615 2430 2680 propter
2456 2609 2614 2667 illam
2631 2613 2848 2668 veniret
2858 2615 2916 2670 in
2931 2615 3114 2670 medio
3127 2615 3549 2684 feminarum,et
3560 2617 3794 2672 manda-
3878 2655 3879 2659 η

2198 2695 2276 2750 vit
2299 2696 2460 2754 fratri
2489 2718 2616 2758 suo:
2661 2703 2835 2770 Vade,
2867 2703 3058 2771 frater,
3093 2721 3194 2760 ora
3220 2721 3320 2778 pro
3351 2722 3460 2773 me,
3490 2707 3627 2778 quia
3658 2723 3782 2762 cum

2195 2788 2382 2857 gratia
2409 2790 2618 2847 Christi
2647 2792 2842 2848 videbo
2872 2798 2929 2848 te
2955 2793 3014 2848 in
3043 2810 3218 2866 regno
3248 2795 3541 2850 ccelorum.

2268 2875 2362 2937 62.
2393 2879 2689 2936 Monachus
2719 2883 2962 2937 occurrit
2989 2883 3204 2937 ancillis
3225 2883 3326 2938 Dei
3348 2883 3406 2938 in
3427 2883 3632 2939 itinere
3655 2902 3792 2957 quo-

2195 2963 2346 3020 dam.
2379 2967 2594 3032 Quibus
2620 2971 2753 3026 visis
2783 2971 3012 3026 divertit
3025 2977 3182 3026 extra
3208 2972 3376 3027 viam.
3408 2973 3510 3028 Cui
3539 2973 3681 3029 dixit
3703 2975 3794 3029 ab-

2197 3049 2409 3110 batissa
2433 3073 2444 3109 :
2473 3058 2556 3112 Tu
2588 3058 2635 3112 si
2664 3058 2940 3131 perfectus
2970 3060 3278 3115 monachus
3293 3077 3462 3128 esses,
3479 3077 3593 3116 non
3616 3062 3792 3134 respi-

516 3174 666 3214 nem.
693 3156 794 3212 Ille
813 3161 1004 3210 autem
1037 3151 1178 3205 dixit
1197 3149 1472 3220 discipulo
1500 3166 1602 3204 suo
1627 3169 1638 3204 :
1675 3149 1785 3204 Fac
1815 3149 1976 3204 nobis
1996 3167 2114 3204 mo-
2135 3157 2350 3227 Cceres
2397 3162 2500 3202 nos
2547 3148 2644 3215 sic,
2677 3154 2742 3202 ut
2772 3166 3104 3220 agnosceres
3130 3150 3262 3222 quia
3289 3150 3510 3206 feminae
3542 3168 3784 3207 eramus.

515 3249 704 3304 dicum
732 3243 1030 3300 lenticulis.
1072 3240 1142 3296 Et
1169 3239 1320 3294 fecit.
1362 3239 1432 3293 Et
1458 3238 1688 3293 infunde
1724 3238 1887 3293 nobis
1915 3255 2106 3310 panes.

515 3338 586 3393 Et
597 3332 900 3392 infudit.Et
918 3334 1250 3386 manserunt
1268 3328 1348 3382 sic
1362 3344 1541 3400 usque
1564 3327 1633 3382 ad
1649 3328 1817 3382 aliam
1841 3328 1990 3382 diem
2013 3329 2110 3384 ho-

512 3445 579 3482 ra
614 3431 790 3492 sexta,
821 3423 1116 3494 loquentes
1152 3419 1221 3474 de
1251 3417 1640 3490 spiritualibus
1670 3417 1859 3474 rebus.
1893 3419 2108 3473 Iterum

513 3515 656 3572 dixit
671 3529 840 3569 senex
865 3509 1136 3581 discipulo
1147 3525 1250 3562 suo
1276 3526 1287 3560 :
1319 3507 1430 3562 Fac
1449 3507 1610 3561 nobis
1638 3506 1919 3561 modicum
1947 3508 2110 3562 lenti-

512 3605 670 3672 culte,
701 3602 802 3658 fili.
829 3601 929 3656 Ille
957 3597 1268 3670 respondit:
1303 3596 1388 3650 Ab
1412 3596 1676 3651 hesterno
1689 3595 1779 3650 die
1800 3596 1924 3650 feci.
1942 3597 2108 3652 Etita

512 3697 808 3766 surgentes
827 3692 1190 3762 sumpserunt
1215 3685 1418 3741 cibum.

581 3779 673 3838 57.
698 3781 858 3836 Alter
892 3779 1123 3851 quidam
1161 3793 1330 3832 senex
1359 3775 1513 3830 venit
1562 3774 1634 3829 ad
1667 3775 1966 3846 quemdam
1997 3775 2106 3830 Pa-

507 3878 682 3928 trum.
711 3870 812 3927 Ille
839 3875 1031 3926 autem
1057 3867 1205 3922 coxit
1232 3865 1515 3921 modicum
1535 3864 1834 3932 lenticulae,
1859 3869 1918 3919 et
1943 3864 2100 3919 dixit:

505 3961 802 4017 Faciamus
846 3975 986 4032 Opus
1014 3957 1136 4025 Dei,
1177 3963 1236 4012 et
1268 3962 1580 4028 gustemus.
1606 3955 1676 4010 Et
1701 3971 1848 4011 unus
1878 3953 2106 4027 quidem

509 4067 706 4107 eorum
730 4047 1028 4120 complevit
1062 4052 1245 4102 totum
1275 4045 1609 4118 psalterium
1643 4063 1656 4112 ;
1699 4045 1842 4100 alter
1867 4061 1998 4100 vero
2037 4061 2104 4098 ex

509 4139 678 4196 corde
703 4137 819 4212 (16)
835 4138 977 4192 duos
986 4139 1294 4208 prophetas
1312 4136 1554 4206 majores
1567 4134 1788 4189 lectoris
1815 4133 2012 4189 ordine
2022 4151 2104 4190 re-

510 4228 726 4285 citavit.
759 4224 830 4282 Et
853 4226 1000 4280 facto
1033 4241 1200 4279 mane
1229 4224 1486 4278 discessit
1503 4240 1673 4278 senex
1699 4223 1792 4278 ille
1823 4223 1919 4295 qui
1948 4241 2108 4279 vene-

511 4324 620 4388 rat,
643 4323 704 4374 et
731 4315 890 4374 obliti
911 4320 1044 4371 sunt
1063 4330 1286 4370 sumere
1306 4312 1509 4379 cibum,

581 4404 670 4466 58.
697 4406 912 4464 Esuriit
951 4405 1183 4478 quidam
1221 4401 1396 4458 frater
1423 4419 1458 4456 a
1495 4417 1680 4468 mane,
1730 4407 1787 4456 et
1841 4403 2112 4474 pugnavit

2269 3235 2357 3291 63.
2389 3236 2749 3292 Intraverunt
2761 3238 3064 3309 aliquando
3079 3239 3278 3294 fratres
3298 3240 3357 3294 in
3385 3241 3780 3297 Alexandriam

2191 3327 2411 3382 invitati
2431 3344 2466 3380 a
2491 3327 2800 3398 Theophila
2837 3329 3274 3400 archiepiscopo,
3315 3335 3380 3384 ut
3408 3331 3777 3400 praesentibus

2189 3417 2278 3471 his
2307 3417 2452 3470 facta
2475 3416 2726 3470 oratione
2748 3418 2959 3489 templa
2986 3418 3301 3473 destrueret
3315 3435 3686 3490 paganorum.
3714 3421 3778 3474 Et

2190 3505 2660 3563 manducantibus
2700 3505 2781 3560 eis
2823 3523 2952 3561 cum
2983 3508 3418 3580 archiepiscopo,
3451 3509 3788 3564 ministrata:

2190 3601 2322 3650 sunt
2335 3612 2529 3650 carnes
2537 3595 2803 3662 vitulinae,
2813 3601 2870 3650 et
2880 3597 3047 3650 mand
3055 3597 3293 3652 ucabant
3305 3597 3443 3651 nihil
3459 3598 3781 3666 discernen-

2189 3690 2290 3740 tes.
2303 3687 2367 3740 Et
2389 3685 2664 3757 accipiens
2681 3685 3126 3759 archiepiscopus
3144 3702 3320 3741 unum
3340 3687 3638 3760 copadium
3657 3689 3778 3757 (19),

2188 3775 2520 3846 deditjuxta
2550 3792 2608 3829 se
2642 3774 2988 3830 recumbenti
3018 3776 3161 3844 seni,
3189 3777 3379 3831 dicens
3413 3795 3425 3829 :
3458 3776 3595 3831 Ecce
3627 3777 3777 3832 istud

2187 3863 2397 3919 bonum
2425 3864 2722 3936 copadium
2751 3869 2854 3933 est,
2871 3866 3166 3934 manduca,
3191 3865 3446 3921 abba.Illi
3474 3870 3666 3920 autem
3690 3883 3781 3920 re-

2187 3955 2527 4026 spondentes
2557 3953 2834 4008 dixerunt:
2865 3956 2982 4010 Nos
3002 3972 3180 4028 usque
3203 3956 3368 4010 modo
3395 3955 3778 4024 credebamus,

2189 4044 2322 4116 quia
2339 4043 2996 4100 oleramanducaremus.
3026 4046 3173 4100 Nam
3191 4045 3240 4100 si
3261 4061 3458 4101 carnes
3486 4051 3640 4115 sunt,
3672 4062 3782 4101 non

2187 4135 2611 4190 manducamus.
2667 4134 2736 4188 Et
2764 4135 2916 4189 ultra
2941 4150 3108 4190 nemo
3141 4151 3207 4189 ex
3234 4135 3316 4190 eis
3365 4136 3649 4208 acquievit
3676 4151 3780 4206 gu-

2191 4229 2360 4280 stare.
3347 4247 3350 4251 λ

2260 4312 2349 4370 64.
2378 4314 2576 4369 Frater
2590 4313 2819 4386 quidam
2839 4313 3030 4370 attulit
3042 4330 3216 4385 panes
3238 4320 3490 4370 recentes
3508 4315 3568 4370 in
3582 4315 3781 4372 cellam

2191 4408 2249 4458 et
2276 4403 2532 4458 invitavit
2553 4404 2624 4458 ad
2641 4420 2892 4458 mensam
2919 4403 3186 4460 seniores.
3205 4405 3276 4458 Et
3293 4421 3421 4460 cum
3444 4405 3780 4460 manducas-

506 4516 635 4556 cum
663 4497 852 4554 animo
893 4512 1016 4563 suo,
1047 4512 1118 4551 ne
1163 4491 1548 4560 manducaret,
1578 4491 1754 4546 donec
1783 4493 1945 4547 ﬁeret
1965 4490 2169 4550 horaD
2187 4499 2316 4548 sent
2340 4493 2590 4564 singulos
2618 4494 2947 4565 paximates,
2989 4499 3385 4564 pausaverunt.
3421 4495 3620 4549 Frater
3651 4511 3778 4550 vero

505 4590 675 4646 tertia
717 4587 910 4663 (Ra/72,
963 4587 1059 4642 lib.
1114 4599 1194 4650 Ill,
1235 4601 1393 4638 num.
1429 4582 1502 4654 4).
1562 4583 1632 4636 Et
1673 4581 1820 4637 facta
1851 4589 1941 4638 est
1968 4583 2108 4638 hora

505 4679 692 4748 tertia,
717 4675 902 4750 exegit
929 4693 964 4732 a
991 4693 1050 4730 se
1081 4681 1148 4731 ut
1171 4675 1334 4729 ﬁeret
1359 4678 1533 4729 sexta.
1584 4672 1794 4728 Infudit
1821 4689 2026 4744 panem
2051 4678 2110 4728 et

505 4769 670 4836 sedit,
701 4773 768 4823 ut
795 4767 1180 4822 manducaret.
1212 4765 1416 4818 Postea
1440 4779 1569 4817 vero
1597 4762 1856 4828 surrexit,
1882 4763 2102 4817 dicens:

503 4857 735 4917 Manebo
745 4855 826 4910 sic
843 4872 1021 4926 usque
1032 4854 1100 4910 ad
1116 4855 1314 4909 horam
1327 4869 1552 4908 nonam.
1581 4853 1732 4907 Hora
1743 4857 1936 4906 autem
1955 4868 2107 4907 nona

503 4946 638 5004 fecit
677 4945 1010 5012 orationem,
1045 4949 1104 4998 et
1129 4943 1268 4997 vidit
1296 4959 1436 5014 opus
1465 4941 1673 4996 diaboli
1702 4941 1849 4996 sicut
1881 4941 2105 4996 furnum

506 5042 802 5094 exeuntem
827 5051 863 5089 a
890 5051 969 5100 se,
1002 5039 1060 5088 et
1087 5032 1169 5088 ita
1201 5033 1439 5086 cessavit
1457 5031 1670 5085 esuries
1696 5031 1841 5100 ejus.

574 5126 1012 5185 59.1nﬁrmatus
1051 5128 1139 5178 est
1179 5121 1409 5193 quidam
1431 5137 1633 5176 senum
1665 5121 1850 5192 (Ra/I2,
1889 5121 1984 5174 lib.
2017 5134 2100 5187 III,

501 5235 661 5275 num.
691 5217 815 5290 5i);
848 5220 906 5270 et
927 5230 1055 5270 cum
1087 5229 1200 5268 non
1229 5217 1418 5284 posset
1444 5225 1667 5265 sumere
1699 5207 1887 5263 cibum
1910 5209 2102 5264 multis

501 5307 716 5376 diebus,
749 5303 1056 5377 rogabatur
1077 5319 1113 5358 a
1138 5300 1414 5372 discipulo
1439 5315 1539 5353 suo
1555 5303 1620 5352 ut
1634 5297 1795 5351 fieret
1807 5296 1858 5350 ei
1885 5297 2098 5368 aliquid

499 5405 557 5455 et
582 5401 926 5454 reﬁceretur.
957 5393 1112 5448 Abiit
1130 5397 1318 5446 autem
1345 5394 1403 5444 et
1427 5387 1558 5442 fecit
1580 5387 1648 5441 de
1670 5385 1911 5441 farinula
1937 5387 2099 5442 lenti-

2188 4583 2368 4638 sciens
2387 4583 2638 4637 laborem
2658 4582 3008 4638 abstinentiae
3031 4583 3422 4655 eorum,cuapit
3443 4600 3571 4638 cum
3595 4584 3778 4639 humi-

2187 4671 2346 4727 litate
2367 4673 2701 4744 supplicare,
2735 4673 2956 4727 dicens:
2985 4673 3222 4744 Propter
3241 4673 3420 4728 Deum
3441 4673 3774 4728 manducata

2187 4761 2352 4816 hodie
2370 4763 2546 4817 donec
2577 4761 2878 4816 satiemini.
2910 4761 2982 4816 Et
3007 4762 3486 4818 manducaverunt
3508 4763 3650 4818 alios
3678 4764 3773 4818 de-

2185 4867 2288 4906 nos
2323 4851 2652 4923 paximates.
2687 4851 2824 4905 Ecce
2876 4850 3050 4920 igitur
3077 4857 3355 4922 quantum
3383 4869 3555 4923 supra
3602 4869 3770 4924 quam

2185 4957 2326 5016 opus
2355 4946 2495 5009 erat,
2527 4941 3008 4995 manducaverunt
3044 4946 3274 5012 propter
3301 4942 3482 4998 Deum
3513 4941 3625 4996 veri
3653 4957 3770 4996 mo-

2185 5030 2351 5100 nachi
2377 5035 2434 5086 et
2462 5030 2792 5102 simpliciter
2819 5029 3186 5085 abstinentes.

2255 5117 2344 5176 65.
2374 5119 2685 5190 zEgrotavit
2698 5119 2927 5191 quidam
2947 5136 3147 5175 senum
3166 5120 3466 5191 aliquando
3487 5120 3548 5174 in
3569 5136 3771 5190 magna

2183 5208 2535 5276 infirmitate,
2565 5209 2645 5262 ita
2676 5214 2739 5263 ut
2765 5209 2835 5263 de
2869 5209 3176 5264 visceribus
3211 5211 3452 5266 multum
3481 5210 3766 5280 sanguinis

2182 5300 2532 5369 egereret.Et
2560 5298 2750 5354 attulit
2787 5295 3018 5370 quidam
3047 5299 3220 5354 frater
3243 5300 3400 5354 nixas
3433 5301 3604 5355 siccas
3643 5296 3764 5371 (20),

2181 5394 2239 5442 et
2257 5389 2388 5442 fecit
2413 5389 2616 5460 pultes,
2641 5393 2698 5443 et
2722 5388 2877 5442 misit
2905 5405 2998 5443 eas
3027 5388 3124 5457 ibi,
3158 5395 3214 5444 et
3238 5389 3438 5444 obtulit
3455 5390 3656 5454 seni,et
3683 5405 3768 5442 ro-

499 5489 702 5558 culam,
726 5493 782 5543 et
793 5486 1044 5560 zippulas
1069 5481 1200 5555 (l7).
1218 5483 1351 5538 Erat
1369 5485 1560 5535 autem
1573 5477 1650 5532 ibi
1663 5479 1946 5534 vasculum
1965 5497 2099 5552 pen-
2178 5477 2350 5550 gabat
2369 5495 2519 5546 eum,
2553 5479 2772 5534 dicens:
2807 5479 3069 5546 Comede,
3101 5480 3233 5551 quia
3261 5479 3400 5534 forte
3413 5479 3632 5551 expedit
3643 5477 3760 5532 tibi.

497 5578 655 5648 dens,
681 5579 742 5634 in
769 5593 881 5648 quo
902 5580 1026 5631 erat
1051 5573 1337 5629 modicum
1367 5568 1552 5626 mellis
1581 5587 1592 5624 :
1623 5573 1680 5624 et
1706 5569 1862 5625 aliud
1883 5569 1944 5625 in
1986 5587 2096 5643 quo
2179 5569 2410 5624 Intuens
2421 5574 2613 5626 autem
2636 5569 2696 5624 in
2721 5586 2852 5624 eum
2875 5587 3045 5625 senex
3067 5569 3298 5636 diutius,
3331 5569 3471 5624 dixit
3493 5569 3666 5624 :Vere
3688 5567 3763 5622 di-

499 5673 623 5748 erqt
648 5664 1068 5740 raphanelzeum
1099 5661 1231 5738 (18),
1265 5667 1322 5717 et
1348 5658 1576 5730 fetebat,
1609 5659 1759 5733 quod
1778 5663 2002 5718 tantum
2020 5661 2095 5720 ad
2177 5675 2262 5728 co,
2297 5659 2431 5732 quia
2457 5658 2712 5716 volebam
2735 5665 2801 5717 ut
2827 5676 2918 5716 me
2947 5660 3260 5716 dimitteret
3277 5659 3426 5716 Deus
3453 5659 3512 5715 in
3549 5659 3653 5713 hac
3684 5658 3762 5714 in-
