3934 6400
104 374 211 436 873

1408 399 1648 455 VERBA
1685 395 2076 456 SENIORUM.

3273 395 3381 458 874

105 505 373 564 ﬁrmitate
401 526 524 566 esse
551 512 692 568 alios
722 515 959 586 triginta
999 533 1194 572 annos.
1242 519 1312 574 Et
1343 522 1497 578 nullo
1529 523 1694 578 modo
1714 521 2003 594 Aquidam
2036 527 2223 577 motus
2249 521 2592 577 certantibus
2623 522 2680 578 in
2711 523 3130 579 conversatione
3151 541 3216 580 ex
3239 524 3382 580 insi-

107 597 382 668 acquievit
400 616 571 655 senex
595 601 654 656 in
683 604 783 658 tali
811 605 1146 675 aegritudine
1179 609 1259 662 vel
1290 611 1573 666 modicum
1603 630 1699 667 su-

1781 611 1889 666 diis
1919 617 1976 666 et
2003 611 2214 666 invidia
2237 612 2555 666 daemonum
2575 613 2820 668 veniens.
2854 613 3052 685 Itaque
3085 615 3228 670 scire
3253 629 3382 672 con-

110 700 261 740 mere
291 687 495 756 cibum,
537 690 617 746 ita
643 697 708 747 ut
734 693 958 749 tolleret
981 694 1157 750 frater
1199 699 1348 770 quod
1377 707 1702 772 apportave—
1782 701 1934 755 venit
1959 701 2092 772 quia
2105 707 2222 756 tres
2247 705 2381 758 sunt
2407 701 2724 773 corporales
2748 708 2952 757 motus.
2977 703 3130 758 Unus
3155 705 3383 776 quidem

105 778 214 839 rat,
248 781 305 830 et
331 777 543 834 rediret
565 781 636 834 ad
664 782 863 836 cellam
893 800 1073 839 suam.

1783 790 2086 856 naturalis;
2111 791 2254 845 alius
2281 795 2470 845 autem
2489 807 2554 844 ex
2584 791 2930 862 plenitudine
2963 792 3216 848 ciborum
3243 799 3384 862 ;ter-

178 861 267 918 66.
300 866 462 920 Alter
477 884 647 923 senex
675 870 907 926 sedebat
937 874 1099 943 longe
1130 875 1186 929 in
1213 893 1422 942 eremo,
1447 885 1502 934 et
1531 881 1704 936 conti-
1784 879 1898 934 tius
1926 897 2055 934 vero
2084 897 2149 933 ex
2179 879 2545 934 daemonibus.

103 953 194 1023 git
221 952 452 1010 fratrem
490 957 680 1012 venire
711 959 780 1014 ad
814 972 964 1028 eum,
997 969 1055 1018 et
1081 963 1332 1020 invenire
1369 984 1496 1023 eum
1545 969 1702 1024 infir-

107 1049 381 1098 mantem.
405 1045 512 1109 Qui
534 1047 726 1102 levans
745 1051 867 1120 ejus
890 1051 1109 1113 faciem,
1127 1053 1256 1109 fecit
1275 1056 1324 1110 ei
1347 1056 1704 1114 refectionem

108 1147 179 1185 ex
202 1131 292 1186 his
317 1150 442 1204 qua:
470 1136 755 1191 attulerat.
788 1139 948 1203 Quod
985 1157 1112 1195 cum
1143 1143 1372 1198 vidisset
1399 1163 1588 1212 senex,
1625 1148 1706 1202 di-

107 1215 190 1274 xit
216 1221 416 1288 :Vere,
436 1221 625 1290 frater,
651 1225 857 1282 oblitus
887 1228 1122 1298 fueram,
1152 1233 1284 1303 quia
1312 1233 1585 1291 haberent
1616 1237 1708 1291 ho-

108 1309 294 1364 mines
332 1311 402 1366 de
441 1312 564 1368 cibo
607 1315 889 1370 solatium.
939 1317 1155 1374 Obtulit
1183 1321 1354 1377 etiam
1392 1323 1441 1377 ei
1478 1325 1703 1380 calicem

107 1399 245 1454 vini.
268 1399 428 1464 Quod
455 1418 584 1456 cum
611 1404 858 1468 vidisset.
884 1407 1139 1478 ploravit,
1169 1411 1394 1467 dicens:
1423 1415 1546 1468 Non
1576 1433 1704 1487 spe-

109 1487 309 1542 rabam
340 1507 428 1544 me
452 1507 630 1563 usque
659 1494 726 1547 ad
761 1501 998 1551 mortem
1025 1497 1332 1556 bibitur-um
1361 1503 1570 1558 vinum.

183 1574 276 1634 67.
307 1579 518 1634 Statuit
553 1583 782 1652 quidam
823 1601 990 1640 senex
1021 1592 1084 1642 ut
1112 1590 1488 1662 quadraginta
1513 1593 1710 1650 diebus

108 1683 228 1721 non
255 1667 491 1724 biberet.
524 1671 594 1725 Et
620 1671 668 1725 si
689 1674 912 1744 quando
941 1675 1114 1730 fiebat
1133 1695 1350 1746 rauma,
1375 1681 1596 1738 lavabat
1614 1702 1710 1740 su-

3285 930 3300 949 \

1856 969 1909 1024 2.
1942 969 2088 1022 Dixit
2114 968 2288 1023 abbas
2325 969 2626 1023 Gerontius
2655 969 2936 1023 Petrensis
2969 987 2978 1023 :
3031 971 3174 1036 Quia
3222 971 3384 1028 multi

1787 1057 1987 1111 tentati
2018 1073 2052 1110 a
2081 1057 2460 1130 corporalibus
2487 1057 2952 1114 delectationibus
2983 1075 3110 1114 cum
3143 1077 3254 1116 non
3283 1078 3385 1134 ap-

1787 1145 2169 1216 proximarent
2225 1146 2569 1217 corporibus,
2620 1153 2806 1201 mente
2848 1140 3106 1204 fornicati
3155 1157 3305 1217 sunt,
3331 1159 3390 1205 et

1789 1236 2136 1305 corporalem
2167 1235 2544 1305 virginitatem
2585 1242 2888 1299 servantes,
2933 1237 3238 1292 secundum
3269 1240 3389 1294 ani~

1788 1339 1944 1377 mum
1970 1323 2338 1379 fornicantur.
2371 1325 2589 1378 Bonum
2617 1329 2704 1378 est
2727 1341 2880 1396 ergo,
2904 1325 3272 1394 dilectissimi,
3305 1329 3388 1383 ta-

1787 1427 1912 1466 cere
1941 1413 2086 1483 quod
2117 1413 2387 1484 scriptum
2410 1417 2492 1467 est
2521 1431 2531 1466 :
2558 1413 2726 1468 Omni
2747 1414 3000 1468 custodia
3021 1431 3394 1488 unumquem—

1791 1517 1900 1572 que
1929 1518 2026 1556 cor
2061 1519 2224 1556 suum
2255 1519 2479 1556 servare
2499 1503 2683 1570 (Prov.
2713 1509 2786 1572 v).

1852 1595 1909 1656 3.
1973 1591 2124 1646 Dixit
2178 1590 2350 1646 abbas
2409 1591 2713 1646 Cassianus
2771 1593 3063 1660 (Cassium,
3107 1597 3289 1652 callet.
3333 1608 3389 1650 II.

1795 1701 1910 1753 cap.
1943 1682 2056 1752 10),
2081 1679 2214 1751 quia
2248 1679 2452 1734 dixerit
2492 1679 2652 1734 nobis
2681 1679 2854 1734 abbas
2882 1681 3140 1752 Moyses:
3175 1683 3394 1739 Bonum

109 1755 378 1812 risculam
407 1757 534 1830 (21),
563 1766 620 1814 et
640 1759 908 1832 implebat
937 1780 1058 1820 eam
1084 1783 1248 1838 aqua,
1279 1775 1336 1822 et
1359 1772 1713 1842 appendebat
1793 1778 1880 1827 est
1905 1789 2016 1826 non
2056 1769 2394 1824 abscondere
2419 1768 2808 1839 cogitationes,
2837 1769 2933 1824 sed
2965 1768 3194 1825 senibus
3227 1772 3395 1844 spiri-

107 1862 239 1900 eam
267 1853 399 1902 ante
423 1849 612 1904 oculos
631 1866 777 1905 suos.
803 1852 1056 1916 Quicum
1079 1855 1524 1926 interrogaretur
1545 1879 1579 1915 a
1607 1862 1713 1917 fra—
1741 1847 1782 1906 Β
1800 1860 2046 1917 tualibus
2063 1858 2522 1913 etdiscretionem
2547 1857 2880 1912 habentibus
2903 1859 3263 1914 manifestare
3276 1876 3391 1927 eas,

105 1933 294 1990 tribus
323 1953 498 2007 quare
517 1937 622 1992 hoc
645 1939 869 2006 faceret,
903 1945 1210 2014 respondit.
1227 1946 1450 2001 dicens:
1488 1950 1561 2004 Ut
1587 1968 1711 2005 cum
1797 1967 1909 2005 non
1937 1949 2024 2003 bis
2053 1947 2150 2019 qui
2178 1953 2400 2001 tantum
2428 1951 2680 2018 tempore
2719 1963 2886 2001 senes
2934 1953 3086 2014 sunt,
3127 1948 3395 2020 quoniam

108 2024 309 2079 videns
332 2027 479 2097 quod
518 2027 930 2097 desiderabam,
965 2049 1077 2087 non
1099 2041 1416 2104 gustavero,
1443 2041 1712 2110 majorem
1799 2039 1959 2094 multi
1986 2038 2055 2092 ad
2095 2042 2316 2092 aetatem
2361 2035 2739 2106 respicientes.
2783 2040 2841 2090 et
2867 2035 3234 2108 cogitationes
3264 2055 3396 2094 suas

106 2117 376 2171 ardorem
406 2118 733 2183 sustineam,
766 2127 824 2174 et
855 2128 1084 2193 propter
1120 2125 1223 2180 hoc
1267 2128 1535 2196 majorem
1564 2147 1712 2184 mer-

107 2205 309 2260 cedem
339 2223 372 2260 a
401 2207 638 2262 Domino
669 2210 932 2280 consequi
970 2229 1208 2267 merear.

187 2291 280 2350 68.
305 2295 503 2350 Frater
527 2297 755 2367 quidam
773 2297 882 2353 iter
899 2315 1090 2370 agens,
1115 2302 1356 2358 habebat
1383 2322 1570 2360 secum
1600 2324 1715 2362 ma-

112 2389 266 2438 trem
289 2400 468 2450 suam,
481 2385 601 2455 jam
617 2403 828 2441 senem.
849 2389 956 2452 Qui
977 2406 1103 2444 cum
1133 2393 1416 2448 venissent
1435 2395 1504 2449 ad
1525 2413 1719 2466 quem-

110 2473 252 2527 dam
273 2473 530 2540 ﬂuvium,
553 2491 668 2530 non
695 2483 916 2548 poterat
935 2479 1120 2534 vetula
1138 2480 1234 2536 illa
1262 2483 1524 2538 transire.
1551 2485 1618 2539 Et
1631 2491 1718 2540 tu-

110 2563 181 2616 lit
211 2561 364 2618 ﬁlius
393 2564 516 2634 ejus
537 2565 768 2636 pallium
787 2573 1036 2634 suum,et
1049 2569 1280 2626 involvit
1299 2573 1498 2628 exinde
1519 2591 1718 2630 manus

108 2667 272 2718 suas,
287 2668 360 2706 ne
378 2652 567 2725 aliquo
588 2655 754 2709 modo
774 2658 1124 2730 contingeret
1141 2676 1342 2732 corpus
1357 2663 1559 2717 matris
1579 2680 1711 2727 suae,

109 2748 174 2796 et
192 2741 276 2796 ita
297 2748 529 2814 portans
557 2759 680 2798 eam
699 2748 1052 2818 transposuit
1073 2749 1327 2805 ﬂuvium.
1355 2751 1505 2806 Dixit
1523 2760 1714 2807 autem

109 2832 167 2886 ei
189 2838 377 2887 mater
394 2849 499 2888 sua
523 2851 536 2887 :
558 2834 630 2888 Ut
649 2834 782 2904 quid
810 2836 888 2892 sic
907 2839 1177 2909 operuisti
1200 2856 1398 2896 manus
1426 2847 1573 2907 tuas,
1601 2842 1716 2896 fili?

109 2921 218 2976 Ille
249 2926 438 2976 autem
464 2921 607 2976 dixit
635 2941 647 2976 :
676 2923 821 2988 Quia
843 2942 1044 2998 corpus
1072 2929 1326 2984 mulieris
1345 2930 1492 3000 ignis
1521 2937 1625 2986 est.
1649 2932 1716 2986 Et

107 3027 182 3065 ex
207 3027 278 3066 eo
305 3011 427 3083 ipso
457 3027 567 3082 quo
593 3017 651 3066 te
679 3013 1090 3085 contingebam,
1116 3018 1376 3074 veniebat
1403 3020 1540 3074 mihi
1561 3037 1716 3075 com-

105 3099 450 3156 memoratio
479 3101 718 3156 aliarum
749 3103 1087 3161 feminarum
1113 3106 1171 3161 in
1203 3107 1410 3163 animo.

1797 2129 2047 2184 dicentes
2075 2126 2156 2180 eis
2205 2125 2301 2195 qui
2326 2125 2768 2196 experimentum
2801 2141 2914 2187 non
2957 2125 3258 2193 habebant,
3295 2144 3396 2199 pro

1795 2215 2173 2273 consolatione
2185 2215 2254 2268 ad
2267 2213 2714 2286 desperationem
2731 2214 2988 2268 ultimam
3001 2222 3391 2286 pervenerunt,

1866 2306 1920 2359 4.
1953 2305 2088 2359 Erat
2131 2303 2360 2374 quidam
2406 2301 2581 2356 frater
2611 2301 2840 2357 omnino
2887 2302 2946 2356 in
2975 2305 3396 2360 conversatione

1800 2393 2071 2450 sollicitus
2091 2394 2384 2457 (Cassium,
2416 2394 2598 2445 σοιιαι.
2623 2405 2683 2456 Π,
2717 2407 2834 2461 cap.
2873 2390 2974 2458 l3).
3005 2393 3220 2448 Etcum
3249 2394 3397 2450 male

1801 2501 1836 2538 a
1865 2481 2247 2540 fornicationis
2275 2480 2527 2535 daemone
2557 2479 2902 2542 turbaretur,
2934 2481 3087 2535 venit
3104 2483 3175 2536 ad
3206 2499 3400 2554 quem-

1801 2573 1928 2628 dam
1944 2589 2154 2637 senem,
2180 2576 2236 2624 et
2255 2569 2450 2624 retulit
2468 2569 2520 2623 ei
2539 2568 2906 2640 cogitationes
2916 2586 3068 2624 suas.
3087 2571 3188 2626 Ille
3207 2578 3398 2627 autem

1796 2663 2032 2716 audiens
2061 2659 2192 2732 quia
2220 2675 2417 2730 expers
2446 2662 2585 2725 erat,
2608 2657 2934 2728 indignatus
2965 2663 3069 2725 est,
3093 2667 3152 2714 et
3171 2660 3398 2716 misera-

1797 2750 1962 2805 bilem
1995 2749 2216 2804 dicebat
2241 2765 2362 2802 esse
2393 2747 2624 2802 fratrem
2652 2745 2830 2812 illum,
2865 2751 2924 2802 et
2953 2747 3250 2819 indignum
3272 2766 3395 2805 mo-

1798 2839 1962 2895 nachi
2017 2837 2504 2911 habitu;_quippe
2547 2835 2646 2908 qui
2695 2836 2974 2907 ejusmodi
3031 2837 3399 2908 cogitationes

1798 2929 2094 3000 reciperet.
2125 2927 2255 2982 Haec
2282 2926 2517 2981 audiens
2547 2925 2738 2991 frater,
2771 2925 3076 2997 desperans
3127 2926 3395 2998 seipsum,

1797 3016 2028 3088 reliquit
2063 3015 2350 3088 propriam
2382 3015 2601 3080 cellam,
2646 3020 2704 3070 et
2739 3013 2811 3068 ad
2859 3015 3125 3070 saeculum
3154 3015 3394 3071 redibat.

1797 3105 2116 3161 Secundum
2128 3121 2257 3159 vero
2270 3103 2372 3158 Dei
2393 3102 2866 3174 dispensationem
2889 3103 3134 3158 occurrit
3150 3103 3202 3158 ei
3223 3102 3396 3159 abbas

181 3189 278 3245 69.
305 3189 539 3246 Dicebat
561 3191 791 3263 quidam
821 3193 1091 3248 Patrum:
1126 3196 1271 3260 Quia
1289 3199 1459 3253 sciret
1483 3167 2030 3266 fratremCApollo;
2081 3201 2140 3248 et
2183 3193 2377 3247 videns
2423 3167 2554 3246 eum
2597 3191 3010 3265 perturbatum,
3052 3196 3108 3247 et
3152 3193 3392 3249 nimium

98 3281 168 3335 in
191 3280 336 3334 cella
347 3281 696 3351 jejunantem
717 3287 837 3336 tota
855 3283 1206 3340 hebdomada
1228 3287 1470 3341 Paschre.
1499 3289 1563 3343 Et
1585 3305 1709 3342 cum

97 3367 360 3425 Sabbato
379 3386 504 3424 sero
534 3370 778 3426 venisset
807 3373 879 3427 ad
905 3373 1122 3441 missas,
1141 3377 1562 3432 communicans
1584 3395 1712 3432 mox

92 3457 378 3528 fugiebat,
395 3475 466 3513 ne
485 3465 781 3530 cogeretur
797 3478 832 3515 a
851 3461 1117 3535 fratribus
1141 3465 1198 3520 in
1225 3466 1454 3520 ecclesia
1479 3467 1712 3521 mandu-

93 3564 258 3602 care.
292 3547 456 3618 Apud
481 3565 543 3602 se
580 3555 772 3604 autem
803 3555 1025 3606 tantum
1068 3553 1314 3608 modicas
1354 3555 1510 3609 betas
1539 3556 1711 3610 elixas

92 3654 240 3692 cum
278 3637 396 3692 sale
419 3637 798 3694 manducabat
823 3641 944 3696 sine
970 3659 1134 3714 pane.

174 3724 265 3782 70.
295 3727 520 3782 Fratres
553 3729 840 3784 convocati
867 3737 1000 3786 sunt
1041 3732 1100 3786 in
1130 3733 1340 3804 Scythi,
1376 3739 1440 3789 ut
1471 3735 1708 3791 mandu-

87 3819 303 3872 carent
327 3815 562 3887 palmas,
595 3822 655 3872 et
671 3823 797 3874 erat
821 3819 1024 3892 aliquis
1043 3821 1303 3878 infirmus
1319 3823 1388 3878 de
1409 3823 1589 3879 nimia
1613 3823 1710 3879 ab-

87 3905 396 3971 stinentia,
420 3905 515 3976 qui
528 3905 770 3962 tussiens
785 3911 1111 3965 exscreabat
1133 3913 1416 3983 phlegma,
1437 3913 1586 3985 quod
1606 3930 1710 3969 no-

88 3995 259 4051 lente
285 4010 352 4048 eo
371 3993 524 4050 venit
551 4011 722 4068 super
747 3997 920 4053 alium
947 3999 1198 4055 fratrem.
1223 4000 1329 4066 Qui
1354 4019 1480 4056 cum
1502 4019 1536 4056 a
1556 4003 1708 4074 cogi-

86 4084 326 4140 tatione
362 4099 466 4138 sua
488 4085 918 4157 compelleretur
945 4088 1130 4145 dicere
1171 4090 1222 4146 ei
1258 4109 1270 4143 :
1307 4091 1540 4156 Quiesce
1565 4092 1705 4162 jam,

89 4179 157 4228 et
190 4188 311 4228 non
327 4189 580 4229 exscrees
599 4191 771 4246 super
790 4193 899 4244 me,
931 4183 997 4233 ut
1023 4185 1318 4250 superaret
1339 4181 1706 4251 cogitationes

87 4279 258 4330 suas,
291 4262 425 4317 tulit
461 4263 609 4334 quod
635 4272 1033 4334 exscreaverat,
1057 4274 1113 4322 et
1139 4269 1368 4324 mittens
1387 4269 1444 4323 in
1463 4286 1560 4324 ore
1579 4287 1700 4336 suo,

83 4351 301 4408 statim
318 4351 562 4407 comedit
577 4352 736 4408 illud.
760 4355 829 4409 Et
843 4343 1034 4423 593
1045 4362 1180 4412 tunc
1189 4359 1357 4430 cmpit
1367 4359 1436 4413 ad
1458 4359 1703 4430 seipsum

83 4442 292 4497 dicere
326 4459 338 4494 :
363 4441 480 4496 Aut
507 4457 620 4496 non
645 4443 800 4499 dicas
827 4443 988 4500 fratri
1021 4452 1121 4502 tuo
1164 4447 1313 4519 quod
1337 4465 1464 4504 eum
1495 4448 1704 4504 contri-

82 4535 236 4598 stet,
267 4534 371 4585 aut
399 4531 676 4588 manduca
704 4534 853 4605 quod
886 4535 1100 4591 horres.

550 4621 893 4678 LIBELLUS
925 4625 1258 4690 QUINTUS.
1279 4653 1288 4663 ι

661 4713 732 4766 Ile
769 4714 1158 4780 fornicatione.

164 4797 329 4854 Dixit
355 4797 526 4855 abbas
548 4800 827 4856 Antonius
861 4821 874 4856 :
903 4803 1138 4858 zEstimo
1169 4805 1316 4875 quod
1345 4803 1548 4858 habent
1577 4821 1702 4859 cor-

78 4904 206 4960 pus
223 4892 443 4943 motum
459 4889 772 4944 naturalem
796 4907 1156 4964 conspersum
1181 4893 1238 4948 in
1259 4911 1340 4959 se,
1365 4894 1460 4965 qui
1478 4894 1702 4948 nolente

76 4976 292 5032 animo
307 4993 422 5032 non
439 4983 722 5050 cperatur,
747 4980 845 5034 sed
865 4983 1254 5038 tantummodo
1281 4982 1630 5053 signiﬁcatur
1645 4983 1702 5036 in

75 5081 356 5138 corpore,
403 5067 562 5138 quasi
608 5066 972 5140 impassibilis
1020 5077 1227 5126 motus.
1275 5073 1372 5127 Est
1416 5077 1608 5127 autem
1645 5078 1704 5127 et

73 5155 245 5212 alius
283 5158 472 5210 motus
501 5172 568 5210 ex
597 5171 682 5224 eo,
711 5158 859 5228 quod
888 5161 1138 5216 nutritur
1166 5165 1222 5214 et
1257 5159 1476 5214 fovetur
1503 5176 1704 5232 corpus

73 5243 238 5300 cibis
258 5247 320 5298 et
347 5243 595 5314 potibus,
620 5249 678 5300 et
705 5262 771 5300 ex
799 5246 1002 5318 quibus
1019 5249 1172 5304 calor
1191 5248 1481 5320 sanguinis
1503 5248 1708 5306 excitat

71 5349 303 5405 corpus
325 5331 397 5389 ad
415 5333 785 5405 operandum.
805 5336 1042 5408 Propter
1053 5339 1200 5410 quod
1214 5338 1351 5394 dicit
1371 5338 1701 5410 Apostolus:

69 5421 284 5479 Nolite
311 5419 584 5478 inebriari
615 5423 760 5492 vino,
794 5424 853 5479 in
883 5443 992 5498 quo
1023 5433 1109 5482 est
1143 5427 1364 5482 luxuria
1393 5429 1602 5498 (Ep/tes.
1629 5427 1702 5499 v).

71 5514 156 5570 Et
181 5527 414 5567 rursum
433 5511 706 5568 Dominus
719 5513 778 5568 in
791 5514 1087 5587 Evangelia
1102 5517 1389 5589 discipulis
1407 5517 1704 5582 mandans,

71 5602 239 5659 dixit
273 5618 287 5654 :
321 5600 540 5666 Videte,
573 5617 644 5656 ne
676 5605 900 5675 quando
921 5612 1232 5678 graventur
1255 5606 1424 5663 corda
1442 5611 1628 5662 vestra
1647 5606 1705 5660 in
1733 5638 1739 5645 -

73 5691 332 5765 crapula
357 5696 417 5744 et
447 5689 720 5747 ebrietate
751 5695 924 5762 (Lucae
953 5702 1087 5766 xxI).
1122 5698 1218 5753 Est
1249 5703 1438 5753 autem
1477 5702 1534 5752 et
1565 5695 1708 5752 alius

490 5793 756 5856 PATROL.
788 5793 1064 5858 LXXIII.

1794 3284 2034 3347 tristem,
2087 3281 2452 3353 interrogavit
2505 3297 2652 3347 eum,
2703 3280 2936 3335 dicens:
2981 3281 3106 3347 Fili,
3139 3299 3264 3353 quae
3307 3288 3395 3338 est

1793 3389 1962 3428 causa
1991 3378 2160 3427 tantae
2181 3371 2424 3425 tristitiae
2447 3370 2596 3424 tute?
2617 3370 2716 3424 Ille
2739 3375 2928 3424 autem
2952 3369 3110 3442 prius
3131 3387 3197 3426 ex
3213 3372 3393 3426 multa

1792 3462 2114 3516 confusione
2143 3459 2318 3514 animi
2353 3459 2440 3514 sui
2481 3475 2592 3514 non
2632 3459 2920 3530 respondit
2950 3459 3001 3514 ei
3031 3461 3340 3532 quidquam
3373 3479 3388 3530 ;

1793 3558 1986 3623 postea
2015 3557 2206 3605 autem
2234 3565 2362 3604 cum
2401 3548 2642 3602 multum
2681 3555 2980 3618 rogaretur
3007 3564 3044 3604 a
3079 3565 3232 3616 sene,
3267 3567 3391 3622 que

1791 3641 1938 3696 circa
1969 3658 2029 3694 se
2058 3643 2378 3710 agerentur,
2411 3637 2696 3693 confessus
2722 3643 2823 3702 est,
2862 3638 3055 3693 dicens
3083 3657 3095 3692 :
3127 3639 3274 3705 Quia
3302 3656 3391 3695 co-

1789 3729 2090 3801 gitationes
2115 3727 2547 3782 fornicationum
2573 3727 2896 3798 inquietant
2925 3743 3014 3782 me
3038 3744 3052 3795 ;
3085 3727 3234 3800 quod
3260 3745 3390 3783 con-

1792 3821 1970 3874 fessus
1993 3835 2117 3872 sum
2148 3817 2228 3871 illi
2257 3815 2396 3882 seni,
2429 3821 2504 3883 et,
2547 3815 2858 3870 secundum
2900 3815 3070 3871 verba
3097 3817 3240 3887 ejus,
3264 3818 3386 3888 jam

1791 3923 1904 3962 non
1929 3912 2015 3960 est
2035 3905 2170 3960 mihi
2200 3921 2326 3976 spes
2344 3904 2570 3972 salutis;
2595 3904 2899 3975 desperans
2919 3921 3053 3976 ergo
3083 3905 3382 3978 meipsum,

1791 3997 1863 4050 ad
1901 3995 2165 4050 saeculum
2207 3994 2396 4048 redeo.
2429 3993 2560 4048 Haec
2603 3998 2796 4047 autem
2849 3993 3020 4048 Pater
3047 3993 3247 4066 Apollo
3281 4011 3385 4052 au-

1791 4085 1970 4150 diens,
2003 4085 2158 4138 velut
2197 4083 2422 4156 sapiens
2470 4082 2720 4136 medicus
2761 4083 3003 4138 multum
3043 4083 3294 4154 rogabat,
3329 4091 3388 4140 et

1791 4175 2057 4230 monebat
2073 4191 2222 4238 eum,
2247 4172 2438 4228 dicens
2453 4190 2464 4225 :
2479 4171 2606 4227 Noli
2627 4171 2843 4238 mirari,
2861 4171 2960 4239 ﬁli,
2981 4189 3165 4245 neque
3193 4173 3389 4247 despe-

1789 4281 1880 4318 res
1909 4263 2196 4335 deteipso.
2225 4262 2340 4333 Ego
2369 4261 2519 4316 enim
2551 4261 2608 4315 in
2638 4261 2743 4315 hac
2767 4267 2931 4316 aztate
2963 4268 3134 4334 atque
3161 4279 3380 4319 conver-

1789 4353 2006 4408 satione
2021 4352 2180 4406 valde
2199 4350 2269 4406 ab
2290 4351 2386 4422 huj
2395 4348 3060 4421 usmodicogitationibus
3077 4351 3377 4423 inquietor.

1788 4443 1870 4497 Ne
1901 4459 2034 4512 ergo
2063 4441 2290 4496 deficias
2318 4440 2376 4494 in
2417 4439 2740 4510 hujusmodi
2781 4439 3090 4506 occasione,
3123 4457 3246 4513 quae
3270 4457 3384 4496 non

1729 4529 2006 4588 Dtantum
2031 4532 2282 4584 humana
2301 4527 2695 4594 sollicitudine,
2718 4533 2993 4598 quantum
3021 4528 3121 4582 Dei
3152 4529 3384 4584 misera-

1785 4621 1940 4676 tione
1969 4625 2216 4674 curatur.
2237 4618 2480 4672 Tantum
2514 4615 2680 4670 hodie
2709 4615 2858 4669 dona
2886 4614 3026 4669 mihi
3051 4616 3198 4688 quod
3227 4622 3378 4688 peto,

1787 4715 1847 4765 et
1867 4713 2147 4764 revertere
2172 4707 2242 4761 ad
2263 4705 2457 4760 cellam
2480 4709 2656 4759 tuam.
2682 4703 2838 4758 Fecit
2865 4709 3056 4758 autem
3081 4703 3256 4760 frater
3279 4705 3375 4762 sic.

1786 4796 1972 4852 Abbas
2022 4802 2212 4850 autem
2256 4793 2454 4865 Apollo
2495 4791 2788 4846 discedens
2815 4791 2885 4846 ab
2924 4808 2990 4846 eo
3038 4793 3284 4865 perrexit
3310 4793 3382 4850 ad

1785 4888 1982 4942 cellam
2013 4885 2162 4940 illius
2191 4882 2358 4947 senis,
2393 4881 2489 4954 qui
2518 4881 2570 4936 ei
2598 4880 3048 4952 desperationem
3075 4882 3306 4952 fecerat;
3327 4890 3386 4940 et

1785 4983 1942 5032 stans
1971 4975 2118 5030 foras
2147 4973 2478 5045 deprecatus
2499 4975 2582 5024 est
2609 4969 2913 5026 Dominum
2934 4987 3062 5026 cum
3092 4972 3380 5046 Iacrymis,

1785 5067 2006 5122 dicens:
2040 5063 2294 5128 Domine,
2321 5061 2418 5133 qui
2441 5059 2782 5114 tentationes
2807 5061 3024 5116 utiliter
3042 5061 3231 5129 infers,
3257 5079 3386 5118 σθη-

1785 5163 1939 5211 verte
1967 5154 2174 5210 bellum
2205 5151 2352 5224 quod
2374 5151 2588 5222 patitur
2615 5148 2791 5204 frater
2812 5151 2906 5204 ille
2935 5151 2994 5204 in
3022 5151 3127 5206 hoc
3147 5169 3302 5218 sene,
3319 5160 3384 5208 ut

1789 5263 1888 5319 per
1905 5243 2351 5316 experimentum
2367 5241 2426 5294 in
2451 5245 2738 5294 senectute
2758 5256 2862 5294 sua
2883 5239 3062 5294 discat
3081 5240 3226 5312 quod
3245 5246 3385 5297 tem-

1788 5352 1922 5408 pore
1943 5335 2109 5404 longo
2129 5348 2241 5386 non
2267 5329 2481 5394 didicit,
2499 5333 2776 5400 quatenus
2791 5327 3164 5398 compatiatur
3184 5329 3270 5383 his
3289 5332 3385 5404 qui

1789 5418 2532 5497 hujusmoditentationibus
2554 5415 2971 5488 perturbantur.
2989 5416 3094 5480 Qui
3116 5434 3245 5474 cum
3266 5435 3388 5476 ora-

1787 5513 2000 5569 tionem
2027 5510 2381 5582 complesset,
2414 5507 2556 5562 vidit
2587 5505 2904 5576 .IEtbiopem
2947 5509 3191 5561 stantem
3228 5509 3394 5580 juxta
3500 5584 3507 5590 '

1790 5603 2007 5668 cellam,
2041 5604 2096 5654 et
2123 5599 2359 5670 sagittas
2387 5597 2709 5650 mittentem
2738 5598 2936 5648 contra
2967 5593 3131 5650 illum
3172 5614 3392 5668 senem,

1791 5690 1994 5764 quibus
2034 5687 2194 5760 quasi
2232 5685 2565 5758 perforatas,
2599 5681 2794 5738 statim
2819 5686 3094 5756 tanquam
3143 5685 3334 5745 ebrius
3367 5719 3402 5758 ε

3005 5783 3084 5844 28
