3934 6392
521 459 627 514 875

525 1026 863 1091 turbationis
875 1040 997 1096 quaa
1013 1015 1256 1074 obtinuit
1273 1017 1329 1066 te
1341 1011 1365 1064 ?
1377 1009 1476 1065 Ille
1497 1009 1686 1059 autem
1699 1003 1966 1059 sentiens,
1991 1009 2028 1063 q

529 1115 870 1179 intellexerit
892 1095 1124 1166 sanctus
1155 1103 1236 1156 vir
1271 1114 1393 1171 quae
1418 1095 1470 1150 ei
1497 1104 1770 1148 eveneran

533 1169 903 1268 cundiavnihil
933 1196 1169 1254 dicebat.
1199 1169 1354 1246 Dixit
1381 1189 1571 1240 autem
1603 1179 1656 1234 ei
1684 1175 1854 1232 abbas
1883 1169 2080 1242 Apollo
2107 1183 2118 1219 :

530 1302 832 1356 Revertere
860 1291 920 1346 in
947 1287 1146 1343 cellam
1167 1288 1346 1342 tuam,
1379 1281 1436 1330 et
1459 1273 1528 1327 de
1556 1273 1754 1324 caetero
1780 1275 2018 1334 agnosce
2045 1257 2127 1310 in-

530 1348 855 1446 ﬁrmitatem
871 1384 1049 1442 tuam,
1064 1379 1118 1429 et
1145 1369 1290 1426 habe
1317 1363 1466 1437 apud
1477 1357 1859 1426 temetipsum;
1878 1348 2011 1421 quia
2029 1349 2128 1400 aut

528 1480 822 1552 ignoratus
837 1471 914 1526 sis
935 1485 969 1522 a
983 1463 1207 1521 diabolo
1227 1470 1404 1528 usque
1426 1449 1612 1513 modo,
1637 1449 1737 1500 aut
1750 1442 2122 1508 contemptus,

1240 1548 1251 1552 ‘
1316 1546 1326 1552 ·
1543 1539 1558 1552 ‘
1727 1533 1801 1552 θη-
1815 1549 1835 1552 ι
1857 1529 1903 1552 -.3
1913 1531 2122 1552 ..Δηώ-...η

537 1573 768 1644 propter
787 1559 934 1634 quod
953 1572 1053 1611 nec
1075 1546 1332 1606 meruisti
1356 1539 1663 1598 secundum
1691 1533 1838 1587 viros
1857 1529 2128 1582 virtutum

1056 1643 1063 1644 ί
1125 1641 1136 1644 “
1259 1637 1273 1644 “
1358 1639 1366 1644 ⁸
1548 1634 1558 1644 ‘
1642 1621 1781 1644 Λ--ἷλ
1809 1623 1992 1644 Α--ιΛ-μη
2007 1612 2128 1644 δίου-ι

537 1612 743 1714 ἑὸδὲΐθ
754 1612 946 1707 cdntra
959 1641 1242 1700 diabolum
1259 1634 1620 1690 luctamenta.
1640 1621 1785 1688 Quid
1807 1623 1994 1674 autem
2005 1612 2130 1670 dico

535 1739 914 1804 luctamenta?
945 1733 1040 1806 qui
1071 1746 1174 1786 nec
1201 1742 1314 1782 uno
1365 1721 1456 1776 die
1495 1711 1922 1788 aggressionem
1955 1703 2132 1776 ipsius

535 1795 771 1910 porta—re—
789 1795 1166 1902 potuisti.Hoc
1195 1820 1387 1871 autem
1415 1808 1518 1864 tibi
1539 1801 1792 1872 contigit,
1827 1796 1960 1869 quia
1976 1795 2134 1864 juve-

535 1879 628 1910 ἵν’
643 1879 718 1890 *ν’-
734 1879 761 1887 "
790 1879 945 1902 ιντνννί

533 1941 663 1982 nem
681 1921 840 1978 illum
862 1935 895 1972 a
909 1907 1195 1970 communi
1213 1897 1532 1960 adversario
1553 1894 1946 1963 impugnatum
1962 1879 2134 1938 susci-

533 2015 712 2088 piens,
737 2025 863 2065 cum
889 2001 1178 2060 debuisses
1203 2010 1333 2050 eum
1363 1993 1557 2044 contra
1583 1979 1919 2037 diabolicum
1948 1976 2129 2028 certa-

1202 2084 1253 2088 __
1625 2072 1658 2088 η
1718 2085 1748 2088 Α
1789 2067 1839 2088 2“
1879 2065 2106 2088 “mum

536 2065 661 2088 τηη
680 2065 711 2078 -ι

536 2121 668 2160 men
693 2091 1082 2156 consolatoriis
1105 2084 1289 2141 verbis
1327 2092 1565 2150 ungere,
1587 2072 1758 2128 etiam
1789 2067 1846 2122 in
1875 2065 2132 2134 despera-

533 2195 746 2250 tionem
777 2183 1002 2248 misisti,
1039 2193 1151 2234 non
1181 2171 1432 2243 cogitans
1477 2163 1616 2219 illud
1655 2153 2132 2230 sapientissimum

535 2284 897 2358 praeceptum,
931 2287 1043 2344 quo
1067 2265 1334 2339 jubemur
1362 2256 1579 2328 eripere
1608 2266 1704 2305 eos
1734 2245 1830 2318 qui
1851 2243 2135 2297 ducuntur

1307 2349 1342 2358 ..
1809 2326 2132 2358 “ﬂuam,”

578 2326 897 2352 ηυντ-*ων
947 2326 967 2344 ι
1067 2326 1088 2339 υ
1449 2326 1460 2328 -

537 2326 608 2430 ad
637 2372 896 2430 mortem,
941 2365 1000 2416 et
1038 2371 1151 2412 non
1197 2349 1450 2421 negligas
1490 2341 1766 2397 redimere
1805 2326 2134 2388 occidendos

542 2466 728 2530 (Prov.
757 2456 859 2524 xiv)
879 2472 890 2506 :
913 2449 1011 2507 sed
1039 2461 1222 2516 neque
1243 2435 1568 2514 parabolam
1591 2423 1893 2486 Salvatoris
1931 2417 2130 2481 nostri,

541 2519 778 2607 dicentis
809 2519 1022 2610 (Matth.
1059 2539 1154 2601 xu)
1189 2552 1202 2588 :
1247 2525 1597 2586 Arundinem
1651 2519 1976 2590 quassatam
2024 2523 2136 2562 non

543 2646 606 2705 5
615 2645 664 2705 τ
673 2642 732 2702 4
744 2596 948 2689 debere
961 2596 1320 2692 confringi,et
1328 2617 1508 2672 linum
1524 2609 1802 2678 fumigans
1812 2618 1926 2658 non
1940 2596 2142 2654 exstin-

543 2685 606 2705 υ
629 2685 654 2705 ι
673 2685 732 2702 -π
750 2685 808 2689 νη
834 2685 839 2686 ν
866 2685 873 2686 ί
1180 2685 1212 2692 ν

541 2727 660 2800 gui.
687 2725 866 2779 Nemo
911 2717 1062 2774 enim
1104 2712 1250 2767 ferre
1298 2710 1488 2779 posset
1525 2697 1760 2756 insidias
1808 2685 2132 2748 adversarii.

1304 2797 1313 2800 ‘
1615 2795 1621 2800 -
1635 2788 1646 2799 '
1852 2799 1859 2800 κ
1900 2799 1924 2800 η
1940 2780 1975 2800 -I
2000 2776 2102 2800 ..-ιε

545 2776 658 2800 ο’““’
689 2776 708 2779 ’“
726 2776 732 2778 '
753 2776 762 2777 ί
1300 2776 1318 2779 _

545 2831 727 2888 neque
741 2807 1027 2867 bullientis
1056 2808 1272 2858 natura:
1301 2797 1488 2868 ignem
1511 2788 1867 2856 exstinguere
1899 2780 1980 2834 vel
2000 2776 2138 2832 reti-

1506 2880 1551 2888 ..
1605 2878 1630 2888 η
1731 2874 1764 2888 ..
1814 2876 1825 2888 .
1890 2886 1915 2888 ,_
1943 2869 2111 2888 μμ,

545 2869 582 2873 η
595 2869 610 2872 -
630 2869 692 2888 Γ

545 2922 700 2962 nere.
715 2901 826 2958 nisi
850 2892 1148 2971 gratiaDei
1167 2886 1522 2945 conservaret
1538 2874 1925 2934 inﬁrmitatem
1943 2869 2140 2922 huma-

547 3011 700 3062 nam,
718 3005 886 3064 quem
906 2987 965 3041 in
983 2982 1144 3039 nobis
1171 2973 1405 3034 salutari
1435 2963 1852 3040 dispensatione
1882 2955 2141 3013 omnibus

546 3079 896 3142 orationibus
911 3072 1216 3131 Dominum
1231 3063 1686 3136 deprecemur,ut
1698 3058 1754 3108 et
1769 3049 2066 3105 adversum
2085 3049 2142 3098 te

1669 421 1762 476 DE
1796 415 1986 472 VITIS
2025 406 2320 467 PATRUM
2356 401 2571 460 LIBER
2605 397 2674 451 ν.

1413 577 1498 616 ur.
1532 559 1600 613 Et
1627 571 1754 609 cum
1785 565 1896 606 non
1927 549 2116 620 posset
2129 542 2176 602 Α
2197 537 2386 586 tamen
2429 522 2642 581 invenit
2677 531 2892 580 curam,
2927 517 2983 566 et
3020 509 3198 580 plerui

2442 616 2453 620 -
2521 613 2536 620 ,
2561 613 2574 620 ,
2694 613 2701 620 ,
2888 608 2898 620 ,
2972 599 3186 620 ,μψή

3687 366 3801 428 876

3199 519 3351 576 nque
3403 496 3799 574 pwnitentiam

2442 616 2459 666 i
2487 613 2777 666 oblocutus
2823 608 2926 666 est,
2964 599 3187 653 dicens:
3221 593 3366 648 Male
3394 591 3614 644 locutus
3643 602 3798 650 sum,

2288 1172 2339 1230 9.
2371 1169 2542 1225 Venit
2571 1159 2873 1235 aliquando
2898 1156 3074 1212 frater
3098 1150 3170 1206 ad
3197 1145 3455 1204 abbatem
3486 1143 3803 1205 Pastorem,

2208 1268 2266 1320 et
2293 1228 2434 1317 dixit
2460 1257 2513 1313 ei
2546 1275 2557 1310 :
2583 1228 2730 1319 Quid
2755 1247 2916 1310 facio,
2949 1239 3154 1300 Pater?
3176 1237 3307 1310 quia
3333 1233 3554 1304 affligar
3578 1247 3613 1285 a
3634 1228 3809 1284 forni-
3893 1279 3898 1286 ,

2208 1316 2427 1408 catione
2474 1316 2658 1420 (Rulli,
2717 1341 2813 1395 lib.
2869 1350 2949 1400 ιιι,
3014 1347 3172 1386 num.
3231 1323 3330 1393 63;
3391 1322 3603 1386 Pasch,
3646 1335 3690 1372 ο.
3749 1316 3801 1382 1,

2212 1458 2368 1496 num.
2399 1409 2828 1504 9).‘Etiperrexi
2879 1423 2949 1478 ad
2997 1419 3257 1475 abbatem
3308 1409 3712 1485 Hybistionem,
3745 1411 3809 1460 et

2210 1494 2352 1586 dixit
2377 1494 2516 1582 mihi
2550 1542 2561 1576 :
2591 1494 2720 1577 Ιίῖοῐι
2747 1515 2920 1572 debes
2947 1527 3070 1566 eam
3093 1509 3260 1577 longo
3287 1508 3539 1575 tempore
3569 1494 3808 1570 permit-

2210 1626 2330 1675 tere
2357 1615 2610 1672 habitare
2640 1610 2698 1664 in
2726 1613 2802 1662 te.
2833 1601 2988 1659 Dixit
3015 1599 3066 1654 ei
3093 1595 3264 1651 abbas
3294 1593 3493 1647 Pastor
3523 1607 3535 1642 :
3568 1585 3808 1642 Abbatis

2213 1703 2560 1781 Hybistionis
2587 1703 2746 1755 actus
2765 1707 2988 1749 sursum
3011 1689 3069 1742 in
3097 1685 3234 1740 caelo
3255 1685 3389 1736 sunt
3414 1695 3540 1734 cum
3571 1674 3810 1746 angelis,

2215 1803 2273 1854 et
2299 1797 2437 1851 latet
2460 1808 2620 1858 eum;
2646 1803 2748 1857 ego
2771 1787 2960 1839 autem
2981 1783 3036 1833 et
3055 1782 3118 1830 tu
3140 1775 3194 1828 in
3207 1769 3570 1827 fornicatione
3591 1781 3812 1820 sumus.

2148 1855 2195 1916 Β
2216 1887 2275 1942 Si
2295 1900 2426 1956 ergo
2447 1855 2641 1936 teneth
2665 1855 2970 1930 monachus
2991 1870 3241 1921 ventrem
3260 1867 3317 1914 et
3334 1859 3603 1928 linguam,
3620 1860 3678 1908 et
3696 1869 3819 1907 ma-

2215 1980 2344 2030 neat
2379 1973 2440 2027 in
2471 1965 2796 2031 solitudine,
2833 1957 3080 2016 conﬁdat
3109 1953 3240 2026 quia
3270 1966 3382 2005 non
3411 1946 3670 2002 moritur.

2294 2080 2377 2140 10.
2397 2077 2782 2136 Narraverunt
2797 2070 2867 2124 de
2893 2063 3177 2121 abbatissa
3196 2061 3353 2122 Sara,
3382 2055 3517 2128 quia
3547 2049 3827 2107 manserit

2219 2170 2488 2230 tredecim
2519 2163 2682 2220 annis
2713 2158 2932 2214 fortiter
2965 2172 2998 2209 a
3021 2145 3477 2207 fornicationibus
3501 2143 3822 2196 daemonum

2216 2262 2566 2333 impugnata.
2603 2254 2673 2308 Et
2699 2262 2987 2318 nunquam
3020 2239 3202 2296 oravit
3231 2241 3296 2292 ut
3323 2233 3610 2290 recederet
3649 2227 3720 2283 ab
3749 2243 3822 2280 ea

2218 2317 2543 2422 lmjusinodi
2571 2356 2788 2415 pugna:
2819 2317 2917 2390 sed
2936 2332 3115 2388 solum
3145 2329 3249 2382 hoc
3269 2323 3488 2380 dicebat
3512 2339 3525 2375 :
3552 2317 3817 2382 Domine,

2217 2441 2290 2495 da
2316 2437 2457 2494 mihi
2485 2431 2891 2490 fortitudinem.

2308 2547 2389 2602 ll.
2413 2545 2686 2600 Dixerunt
2715 2541 2922 2596 iterum
2949 2537 3020 2591 de
3039 2553 3106 2590 ea
3126 2531 3259 2604 quia
3285 2526 3542 2584 infestior
3559 2523 3611 2577 ei
3627 2521 3820 2576 fuerat

2225 2633 2526 2708 aliquando
2555 2631 2858 2687 imminens
2885 2625 3090 2682 fortius
3117 2622 3265 2676 idem
3294 2612 3679 2672 fornicationis
3705 2610 3822 2664 daa-

2223 2741 2374 2788 mon,
2402 2723 2632 2778 mittens
2661 2720 2718 2774 in
2741 2715 3134 2788 cogitationem
3158 2712 3280 2781 ejus
3306 2705 3494 2762 saeculi
3520 2702 3822 2756 vanitates.

2224 2815 2327 2869 Illa
2353 2817 2544 2868 autem
2567 2825 2681 2864 non
2710 2807 2967 2862 relaxans
2995 2801 3246 2858 animum
3275 2814 3311 2851 a
3336 2795 3536 2850 timore
3557 2789 3677 2854 Dei,
3713 2793 3772 2842 et
3789 2803 3826 2841 a

2225 2901 2508 2977 proposito
2557 2895 2910 2953 abstinentiae
2965 2909 3098 2956 suae,
3141 2885 3394 2942 ascendit
3421 2881 3595 2937 semel
3649 2893 3825 2948 super

2224 2965 2432 3048 lectum
2455 3004 2620 3045 suum
2640 3001 2821 3050 orare,
2845 2989 2902 3038 et
2920 2979 3182 3054 apparuit
3201 2976 3252 3030 ei
3275 2971 3640 3045 corporaliter
3661 2965 3828 3038 spiri-

2224 3093 2316 3142 tus
2357 3081 2764 3147 fornicationis,
2799 3083 2858 3134 et
2883 3076 3026 3132 dixit
3053 3074 3106 3128 ei
3137 3089 3150 3129 :
3194 3071 3281 3126 Tu
3311 3083 3399 3123 me
3427 3064 3628 3124 vicisti.
3661 3063 3826 3117 Sara.

547 3171 845 3229 dimissum
865 3163 1150 3236 ﬂagellum
1173 3135 1409 3218 avertat,
1434 3146 1702 3222 quoniam
1721 3141 1842 3236 ipse
1871 3142 1928 3236 et
1953 3135 2142 3190 dolere
2161 3186 2205 3236 α
2358 3135 2856 3236 Γθὲροιίὰὴ
2880 3184 2893 3221 ³
2918 3166 3032 3236 Ego
3055 3178 3168 3218 non
3192 3165 3249 3216 te
3275 3158 3403 3225 vici,
3433 3155 3532 3210 sed
3551 3151 3713 3208 Domi

547 3171 845 3229 dimissum
865 3163 1150 3236 ﬂagellum
1173 3158 1409 3218 avertat,
1434 3154 1702 3222 quoniam
1721 3155 1842 3212 ipse
1871 3154 1928 3191 et
1953 3154 2142 3190 amere

545 3263 697 3329 facit,
730 3264 787 3315 et
813 3257 1018 3312 iterum
1050 3247 1218 3304 saluti
1238 3239 1487 3301 restituit
1519 3256 1532 3291 :
1561 3229 1824 3308 percutit,
1855 3233 1914 3283 et
1940 3237 2143 3279 manus

2241 3177 2332 3232 [lla
2358 3179 2550 3228 autem
2566 3168 2856 3242 respondit
2880 3184 2893 3221 :
2918 3166 3032 3236 Ego
3055 3178 3168 3218 non
3192 3165 3249 3216 te
3275 3158 3403 3225 vici,
3433 3155 3532 3210 sed
3551 3154 3830 3208 Dominus

2241 3281 2388 3321 meus
2419 3261 2699 3318 Christus.

546 3312 726 3426 ipsius
740 3312 940 3411 sanat;
963 3337 1228 3396 humiliat
1241 3339 1299 3390 et
1310 3329 1539 3388 exultat,
1563 3319 1866 3378 mortificat
1889 3321 1947 3371 et
1974 3312 2146 3366 vivifi-

1156 3425 1163 3426 γ
1373 3424 1379 3426 .
1499 3415 1512 3426 .
1887 3406 1947 3426 ,Α
2017 3401 2146 3426 ΠΜ

549 3401 938 3508 ἔιῐᾞθᾶιιοίί
963 3429 1037 3485 ad
1079 3425 1288 3482 inferos
1331 3424 1388 3474 et
1417 3412 1637 3471 reducit
1658 3411 1706 3478 (Ι
1731 3410 1851 3476 Reg.
1887 3406 1970 3470 ιι).
2017 3401 2147 3455 Haec

549 3488 757 3593 dicens,
785 3488 1102 3578 orationem
1137 3507 1408 3584 implevit,
1437 3509 1495 3560 et
1533 3500 1726 3556 statim
1758 3496 1828 3550 ab
1856 3493 2010 3548 illato
2039 3488 2145 3544 sibi

551 3617 698 3672 bello
753 3627 922 3668 senex
967 3607 1062 3662 ille
1097 3603 1369 3658 liberatus
1421 3599 1526 3650 est.
1577 3591 1755 3654 Quem
1801 3577 2150 3638 commonuit

555 3670 728 3762 abbas
756 3700 954 3773 Apollo
984 3701 1048 3752 ut
1077 3693 1298 3766 peteret
1333 3685 1438 3741 sibi
1487 3699 1523 3737 a
1557 3681 1675 3736 Deo
1730 3673 1854 3730 dari
1895 3670 2148 3740 linguam

555 3759 858 3859 eruditam,
889 3793 956 3844 ut
976 3759 1146 3841 sciret
1172 3787 1397 3850 tempus
1425 3787 1536 3845 quo
1559 3767 1816 3841 oporteat
1845 3759 1997 3832 loqui
2028 3773 2148 3812 ser-

555 3901 779 3942 monem
789 3922 800 3934 .

628 3973 682 4028 5.
707 3973 786 4028 De
807 3963 1147 4038 cogitatione
1171 3948 1558 4012 fornicationis
1584 3945 1964 4013 interrogatus
1985 3934 2156 3992 abbas

559 4024 740 4136 Syrus
765 4024 908 4134 [ΑΙ
941 4049 1148 4126 Cyrus]
1170 4041 1598 4104 Alexandrinus,
1631 4035 1712 4090 ita
1741 4027 2062 4102 respondit:
2100 4024 2159 4080 Si

560 4113 624 4136 ’τι
640 4113 658 4117 -
676 4113 734 4117 *ν
767 4113 835 4134 ιη
897 4113 908 4123 ι
987 4113 1007 4126 υ
1123 4113 1148 4122 -

559 4149 926 4223 cogitationes
947 4158 1059 4198 non
1086 4137 1278 4200 habes,
1297 4147 1454 4204 spem
1469 4123 1767 4183 nonhabes
1789 4139 1802 4176 :
1825 4117 2090 4192 quoniam
2110 4113 2156 4168 si

561 4237 928 4312 cogitationes
949 4246 1062 4286 non
1080 4225 1273 4289 habes,
1289 4235 1463 4293 opera
1482 4215 1676 4271 habes.
1695 4212 1814 4266 Hoc
1837 4211 2028 4262 autem
2049 4207 2152 4269 est,

563 4330 698 4404 quia
717 4325 812 4399 qui
833 4318 1172 4394 cogitatione
1192 4313 1458 4403 adversus
1479 4307 1770 4378 peccatum
1789 4314 1902 4354 non
1920 4298 2152 4369 pugnat,

563 4387 754 4490 neque
775 4387 1124 4474 contradicit,
1157 4388 1522 4474 corporaliter
1565 4395 1776 4466 peccat.
1823 4387 1931 4452 Qui
1967 4388 2156 4439 autem

562 4473 927 4580 corporaliter
955 4500 1164 4572 peccat,
1196 4473 1598 4562 cogitationum
1643 4477 1930 4536 molestias
1974 4473 2159 4529 nullas
2176 4507 2224 4566 Β

563 4597 752 4654 habet.

634 4685 687 4744 ὓ.
712 4679 1088 4752 Interrogavit
1117 4679 1306 4730 autem
1341 4666 1568 4741 quidam
1601 4675 1770 4715 senex
1796 4656 2046 4719 fratrem,
2074 4651 2164 4705 di-

567 4740 734 4835 cens;
753 4775 836 4830 Ne
855 4740 1321 4826 consuetudinem
1352 4740 1527 4811 habes
1556 4747 1798 4820 colloqui
1821 4742 2043 4800 mulieri
2059 4740 2083 4794 ?
2097 4741 2166 4795 Et

569 4831 710 4922 dixit
731 4863 904 4917 frater
923 4875 934 4910 :
958 4857 1105 4912 Non.
1133 4853 1201 4907 Et
1223 4849 1316 4904 ille
1329 4845 1498 4901 dixit:
1520 4841 1754 4896 Veteres
1768 4840 1826 4890 et
1848 4833 1978 4888 novi
1996 4831 2166 4902 picto-

569 4973 661 5012 res
715 4955 848 5007 sunt
905 4941 1272 5016 cogitationes
1310 4952 1468 4999 meae,
1509 4937 1566 4986 et
1604 4921 2167 4985 commemorationes

569 5043 844 5120 quaedam,
859 5033 1239 5108 inquietantes
1257 5043 1347 5081 me
1367 5042 1432 5080 ex
1454 5017 1830 5077 similitudine
1843 5010 2163 5066 mulierum.

1200 5118 1212 5120 _
1433 5115 1452 5120 _
1467 5113 1487 5120 _
1563 5117 1569 5120 _
1839 5103 1872 5120 ι,
1917 5119 1924 5120 7
1954 5118 1998 5120 π
2014 5118 2031 5120 ᾗ
2074 5097 2163 5120 HJ

574 5097 688 5120 ἰ’-τ*
834 5097 842 5105 -
939 5097 959 5108 -

570 5138 749 5193 Senex
773 5133 963 5184 autem
983 5122 1125 5178 dixit
1148 5118 1218 5173 ad
1245 5133 1373 5171 eum
1395 5133 1406 5168 :
1433 5113 1686 5168 Mortuos
1707 5121 1818 5161 non
1835 5103 2054 5165 timeas,
2071 5097 2169 5152 sed

568 5227 817 5280 viventes
837 5217 968 5288 fuge
998 5213 1138 5267 :hoc
1159 5219 1264 5269 est.
1285 5215 1622 5260 consensum
1651 5201 1708 5251 et
1735 5207 1908 5266 opera
1933 5186 2166 5261 peccati,

535 5339 542 5351 -
574 5320 630 5370 et
659 5307 896 5367 extende
917 5301 1096 5374 magis
1122 5296 1434 5354 orationem
1464 5295 1642 5345 tuam.

632 5404 685 5460 7.
720 5396 951 5456 Dicebat
975 5370 1148 5447 abbas
1176 5383 1416 5443 Mathois
1446 5377 1596 5451 quod
1621 5373 1850 5447 quidam
1880 5370 2058 5424 frater
2081 5382 2169 5421 ve-

573 5495 732 5550 niens
761 5485 965 5545 dixerit
991 5478 1324 5538 deteriorem
1357 5487 1478 5526 esse
1527 5465 1623 5538 qui
1647 5459 1968 5533 obloquitur
1995 5471 2164 5528 quam

575 5583 670 5656 qui
697 5579 1020 5636 fornicatur.
1055 5571 1124 5626 Et
1157 5561 1446 5636 respondit
1475 5578 1486 5613 :
1521 5559 1707 5613 Durus
1733 5558 1817 5606 est
1838 5549 1930 5604 hic
1961 5562 2163 5602 sermo.

581 5633 670 5656 '1“—
697 5633 738 5636 "
757 5633 765 5634 ί
1250 5633 1266 5636 -

575 5673 728 5728 Dixit
753 5684 885 5738 ergo
902 5666 953 5719 ei
982 5663 1182 5716 frater:
1210 5657 1279 5710 Et
1303 5647 1580 5725 quomodo
1601 5645 1683 5700 vis
1703 5660 1824 5698 esse
1845 5641 1990 5694 hanc
2003 5651 2122 5691 rem
2143 5633 2167 5686 ?

577 5727 731 5817 Dixit
765 5727 935 5812 senex
965 5771 976 5806 :
1027 5745 1319 5806 Oblocutio
1355 5740 1586 5813 quidem
1615 5735 1764 5791 mala
1793 5735 1896 5797 est,
1929 5727 2167 5782 celerem

2303 3369 2388 3428 l2.
2416 3369 2614 3424 Frater
2637 3364 2868 3438 quidam
2893 3358 3289 3416 stimulabatur
3309 3371 3342 3409 a
3366 3349 3754 3412 fornicatione,
3771 3350 3832 3400 et

2229 3467 2354 3516 erat
2379 3457 2638 3514 stimulus
2665 3455 2816 3510 velut
2833 3451 2981 3523 ignis
2995 3449 3198 3504 ardens
3223 3445 3282 3500 in
3301 3443 3466 3499 corde
3487 3441 3609 3510 ejus
3639 3437 3732 3491 die
3761 3450 3830 3488 ac

2228 3555 2410 3606 nocte.
2445 3548 2644 3602 Frater
2671 3549 2860 3598 autem
2880 3537 3204 3596 decertabat
3234 3549 3345 3589 non
3373 3525 3830 3586 condescendens

2230 3640 2316 3696 vel
2337 3635 2693 3693 consentiens
2714 3629 3040 3703 cogitationi
3067 3643 3199 3682 suae.
3225 3625 3361 3678 Post
3377 3619 3618 3676 multum
3635 3619 3831 3670 autem

2231 3737 2456 3800 tempus
2505 3721 2760 3779 discessit
2793 3702 2864 3776 ab
2909 3735 2974 3774 eo
3017 3714 3298 3776 stimulus,
3329 3709 3471 3765 nihil
3518 3702 3833 3779 praevalens

2237 3797 2464 3891 propter
2489 3810 2965 3887 perseverantiam
2983 3805 3192 3862 fratris.
3223 3803 3292 3858 Et
3324 3798 3514 3855 statim
3535 3797 3628 3851 lux
3653 3806 3832 3864 appa-

2237 3907 2354 3963 ruit
2379 3907 2438 3960 in
2461 3903 2627 3959 corde
2658 3903 2800 3972 ejus.

2315 4012 2405 4069 13.
2437 4011 2595 4067 Alius
2618 4009 2794 4064 frater
2821 4004 3142 4060 stimulatus
3163 4003 3250 4056 est
3285 4014 3319 4052 a
3344 3990 3730 4052 fornicatione.
3763 3985 3837 4042 Et

2237 4119 2474 4175 surgens
2502 4104 2664 4156 nocte
2695 4093 3021 4169 perrexitad
3051 4105 3262 4154 senem,
3297 4091 3355 4141 et
3377 4082 3514 4140 dixit
3539 4080 3590 4136 ei
3619 4077 3836 4148 cogita-

2238 4193 2450 4248 tionem
2478 4205 2657 4253 suam,
2691 4189 2744 4242 et
2767 4183 3086 4240 consolatus
3114 4183 3200 4234 est
3230 4191 3360 4230 eum
3388 4186 3573 4226 senex.
3606 4167 3682 4222 Ex
3723 4178 3836 4236 qua

2239 4279 2618 4338 consolatione
2639 4273 2957 4349 proﬁciens,
2979 4283 3238 4324 reversus
3251 4269 3337 4319 est
3351 4262 3410 4316 in
3431 4259 3629 4314 cellam
3650 4269 3832 4310 suam.

2243 4373 2313 4429 Et
2345 4387 2470 4427 ecce
2498 4344 2704 4423 iterum
2732 4363 2966 4437 spiritus
3007 4351 3393 4414 fornicationis
3421 4344 3656 4404 tentavit
3683 4357 3832 4398 eum.

2243 4463 2344 4518 Ille
2363 4465 2553 4515 autem
2577 4457 2782 4512 iterum
2806 4451 2947 4508 abiit
2962 4449 3032 4505 ad
3054 4461 3265 4502 senem.
3285 4442 3516 4498 Factum
3537 4437 3624 4490 est
3646 4437 3836 4510 autem

2242 4552 2347 4606 hoc
2374 4550 2716 4620 frequenter.
2749 4543 2930 4598 Senex
2965 4553 3098 4592 vero
3142 4549 3257 4589 non
3300 4523 3648 4586 contristavit
3683 4535 3832 4584 eum,

2243 4643 2342 4696 sed
2370 4609 2706 4710 loquebatur
2729 4632 2782 4688 ei
2807 4646 2930 4704 quae
2955 4627 3027 4683 ad
3053 4623 3353 4681 utilitatem
3385 4615 3562 4689 ipsius
3590 4609 3836 4684 pertine-

2246 4734 2391 4796 rent,
2418 4727 2610 4782 dicens
2635 4742 2647 4778 :
2671 4723 2797 4778 Non
2815 4717 3086 4774 concedas
3105 4711 3346 4776 diabolo,
3359 4723 3463 4762 nec
3486 4703 3700 4759 relaxes
3721 4697 3837 4752 ani-

2248 4835 2404 4875 mum
2416 4822 2606 4881 tuum;
2627 4811 2725 4867 sed
2746 4808 2944 4880 magis,
2968 4803 3186 4878 quoties
3204 4799 3474 4854 molestus
3494 4797 3581 4848 est
3598 4791 3836 4852 daemon,

2248 4907 2373 4964 veni
2399 4905 2469 4962 ad
2500 4920 2609 4968 me,
2642 4907 2700 4956 et
2733 4875 3056 4970 increpatus
3089 4889 3370 4947 abscedet.
3397 4881 3548 4940 Nihil
3583 4879 3732 4935 enim
3763 4875 3841 4930 sic

2251 4995 2513 5054 extazdiat
2538 4993 2852 5048 daemonem
2879 4968 3284 5044 fornicationis,
3309 4971 3587 5048 quomodo
3615 4968 3666 5022 si
3693 4980 3844 5021 reve-

2250 5088 2440 5142 lentur
2468 5079 2880 5138 stimulationes
2895 5075 3037 5146 ejus.
3059 5072 3129 5127 Et
3143 5067 3286 5124 nihil
3316 5079 3446 5121 eum
3473 5060 3554 5116 sic
3577 5055 3840 5120 laetificat,

2253 5173 2534 5249 quomodo
2563 5171 2612 5226 si
2646 5145 3064 5224 abscondantur
3089 5155 3474 5230 cogitationes.
3515 5145 3685 5202 Venit
3712 5158 3844 5214 ergo

2249 5265 2425 5321 frater
2437 5263 2506 5318 ad
2523 5275 2715 5316 senem
2728 5253 3016 5320 undecies,
3030 5263 3298 5306 accusans
3315 5238 3680 5314 cogitationes
3693 5248 3843 5288 suas.

2251 5357 2455 5412 Postea
2473 5356 2666 5407 autem
2685 5347 2826 5403 dixit
2843 5343 3019 5400 frater
3041 5339 3164 5396 seni
3183 5357 3194 5392 :
3221 5331 3467 5392 Ostende
3491 5325 3841 5387 charitatem,

2253 5445 2416 5512 abba,
2457 5447 2516 5497 et
2543 5441 2632 5495 dic
2661 5436 2800 5494 mihi
2845 5433 3099 5489 verbum.
3131 5427 3279 5485 Dicit
3307 5422 3359 5479 ei
3387 5434 3554 5476 senex
3588 5433 3601 5468 :
3645 5410 3840 5475 Crede,

2250 5535 2348 5600 fili,
2387 5509 2520 5605 quia
2561 5529 2607 5585 si
2655 5526 3010 5601 permitteret
3053 5521 3203 5576 Deus
3261 5509 3626 5582 cogitationes
3669 5516 3840 5564 meas,

2252 5624 2452 5698 quibus
2485 5620 2706 5677 animus
2735 5612 3081 5675 stimulatur,
3108 5608 3166 5662 in
3193 5613 3250 5660 te
3277 5595 3568 5657 transferri
3608 5607 3721 5648 non
3751 5605 3840 5643 eas

2251 5721 2526 5790 portares,
2552 5709 2651 5766 sed
2690 5705 2920 5764 omnino
2946 5713 3236 5758 corrueres
3267 5693 3548 5748 deorsum.
3581 5684 3713 5740 Haec
3741 5693 3839 5734 au-
