3934 6382
137 423 242 482 877

1436 455 1675 515 VERBA
1713 460 2102 521 SENIORUM.

3296 504 3404 565 878

136 554 246 607 tem
275 552 494 611 dicente
524 576 675 628 sene,
699 569 930 635 pmptvr
950 567 1183 626 nimiam
1205 573 1579 636 humilitatem
1606 585 1727 655 ejus
1745 587 1799 646 A
1809 588 2198 659 psalmodiam,
2249 614 2389 670 opus
2426 618 2715 678 manuum,
2749 616 3062 678 orationem
3092 631 3150 681 et
3176 634 3396 703 cantem,

136 641 346 703 quievit
376 646 638 703 δῐίωιιὶιιε
667 651 1052 703 fornicationis
1083 677 1115 703 n
1140 661 1313 703 frnfra
1814 693 1932 703 ηπ...
1960 687 2088 703 κημι
2121 683 2206 703 βω
2238 686 2253 703 ι
2435 698 2442 703 .
2539 696 2567 703 Α
2622 698 2634 703 -

135 641 346 710 quievit
376 646 638 704 stimulus
667 651 1052 713 fornicationis
1083 677 1116 715 a
1139 661 1330 720 fratre.

207 730 291 786 H.
326 734 483 789 ldem
521 738 665 794 alius
704 741 1025 801 stimulatus
1054 765 1088 803 a
1134 750 1519 825 fornicatione,
1561 762 1730 833 cmpit

133 817 418 877 decertare
440 831 496 880 et
521 831 818 887 extendere
840 833 1233 895 abstinentiam
1256 860 1435 907 suam,
1459 864 1559 918 per
1585 868 1724 921 qua-

130 910 440 967 tuordecim
472 930 648 972 annos
676 921 1071 991 cogitationem
1095 946 1254 985 suam
1286 937 1622 1005 custodiens,
1656 957 1725 995 ne

131 1001 477 1058 consentiret
511 1009 973 1079 concupiscentiae
1004 1034 1135 1072 suze.
1170 1020 1370 1077 Postea
1410 1032 1598 1082 autem
1629 1046 1723 1083 ve-

129 1085 290 1142 niens
332 1097 522 1158 565
566 1096 637 1150 ad
679 1100 995 1170 ecclesiam,
1041 1109 1418 1166 manifestavit
1451 1116 1722 1173 universae

129 1176 475 1235 multitudini
505 1186 654 1254 quod
688 1189 1022 1258 patiebatur.
1061 1197 1127 1250 Et
1146 1198 1339 1254 datum
1373 1210 1458 1257 est
1488 1207 1722 1261 manda-

126 1270 266 1333 tum,
309 1273 368 1323 et
416 1287 610 1328 omnes
657 1276 979 1336 afflixerunt
1003 1302 1062 1338 se
1092 1304 1192 1357 pro
1242 1306 1307 1343 eo
1352 1291 1719 1363 hebdomada,

119 1354 336 1424 jugiter
364 1366 588 1417 orantes
607 1364 927 1428 Dominum.
963 1378 1019 1426 et
1048 1376 1257 1445 quievit
1286 1380 1546 1436 stimulus
1577 1386 1719 1455 ejus.
1808 1388 1820 1441 i

193 1443 282 1500 15.
318 1446 399 1502 De
427 1451 763 1521 cogitatione
792 1443 1173 1518 fornicationis
1202 1466 1342 1521 dixit
1372 1443 1721 1539 quidam'se-

123 1548 258 1586 nex:
294 1535 545 1593 Eremita
570 1541 874 1613 dormiens,
912 1549 991 1602 vis
1021 1553 1269 1608 salvari?
1301 1556 1473 1625 Vade,
1506 1559 1717 1626 labora,

123 1621 256 1676 vade
272 1624 543 1696 affligere,
565 1631 721 1697 vade,
739 1651 923 1704 quaere
946 1644 1002 1693 et
1022 1639 1287 1711 invenies;
1313 1646 1503 1716 vigila,
1537 1650 1716 1720 pulsa,
1805 1654 1818 1709 i

124 1719 180 1764 et
207 1714 498 1783 aperietur
524 1718 645 1777 tibi.
681 1722 824 1778 Sunt
849 1726 999 1782 enim
1030 1728 1086 1783 in
1120 1734 1322 1787 saeculo
1357 1739 1720 1806 pancratiarii

123 1797 253 1870 (2‘2),
291 1803 389 1874 qui
419 1822 545 1860 cum
572 1809 740 1864 nimis
778 1815 907 1869 cesi
938 1820 1217 1887 steterint,
1261 1829 1317 1877 et
1346 1797 1514 1880 fortes
1544 1845 1719 1899 appa-

1812 693 1933 747 quae
1959 687 2091 736 sunt
2120 683 2504 748 fundamenta.
2531 696 2636 761 Qui
2656 708 2845 759 autem
2860 725 3053 767 recens
3074 723 3160 771 est
3184 718 3242 775 in
3265 683 3401 781 con:

1810 767 2080 837 versione,
2113 773 2289 831 donec
2317 778 2425 834 ista
2452 783 2636 853 discit,
2670 789 2763 845 ille
2792 794 2849 849 in
2871 800 3112 867 primum
3143 810 3397 869 ordinem

1808 857 2011 911 veniet.

1890 944 1964 1001 l9.
2000 948 2198 1006 Frater
2228 957 2478 1028 quidam,
2523 981 2650 1021 cum
2676 969 2734 1024 in
2780 971 3162 1039 fornicationis
3194 989 3397 1059 spiritu

1805 1038 2112 1107 teneretur,
2160 1049 2402 1112 perrexit
2433 1051 2502 1105 ad
2551 1060 2849 1125 quemdam
2881 1083 3070 1124 senem
3104 1038 3394 1149 magrnum,

1806 1128 1858 1149 Λι
1884 1126 2113 1149 “HLA,
2156 1148 2163 1149 ί
2332 1136 2367 1149 ..
2618 1146 2639 1149 -

1805 1128 1861 1175 et
1884 1126 2115 1195 rogabat
2142 1148 2289 1195 eum,
2314 1136 2503 1194 dicens
2549 1160 2560 1194 :
2606 1146 2853 1206 Ostende
2877 1126 3397 1226 eharitatemoet—oi;

1807 1227 1906 1280 pro
1938 1229 2050 1285 me,
2081 1220 2214 1288 quia
2243 1239 2276 1275 η
2303 1224 2669 1287 fornicatione
2694 1239 3155 1316 sollicitorlﬂuﬂ,
3184 1256 3278 1309 lib.
3312 1273 3393 1325 In,

1809 1317 1842 1325 Α,
1906 1301 1978 1325 I0.
2041 1307 2075 1325 ﬁ
2094 1324 2099 1325 γ
2330 1320 2338 1325 ·
2482 1318 2497 1325 “

2979 1301 2984 1307 -
3074 1301 3154 1316 u'l
3184 1301 3278 1309 υν-
3313 1301 3393 1325 ιη’

1809 1317 1864 1353 n.
1906 1301 2003 1367 l3}.
2041 1307 2217 1363 Senex
2247 1320 2435 1369 autem
2466 1318 2797 1391 deprecatus
2836 1338 2921 1385 est
2951 1334 3281 1402 Dominum.
3332 1347 3401 1402 Et

1580 1888 1594 1899 '
1618 1888 1632 1898 ⁵
1915 1888 1923 1890 ⁷
1965 1888 2003 1891 ““
2026 1888 2062 1893 ’⁷
2081 1888 2297 1900 ””’⁵⁵⁸“⁴“¹
2316 1888 2437 1918 Ὶ“⁴¹“⁴¹·’
2463 1888 2931 1921 ιιὸσυαιιιιυϊυιιυθ
2955 1888 3185 1927 [Patrem
3210 1888 3390 1934 "lum.

118 1888 352 1958 ruerint,
372 1909 605 1951 coronas
620 1900 919 1972 accipiunt.
948 1907 1255 1978 Aliquoties
1279 1920 1465 1968 autem
1492 1921 1548 1968 et
1571 1931 1720 1970 unus
1742 1905 1785 1963 Β
1807 1923 1873 1977 Et
1904 1925 2040 1981 vidit
2069 1946 2195 1985 eum
2224 1951 2390 1991 senex
2420 1941 2728 2013 sedentem,
2758 1956 2816 2004 et
2846 1954 3107 2024 spiritum
3149 1961 3391 2022 fornica-

118 1991 148 2024 3
169 1976 386 2024 (innima
414 1985 647 2024 Pmdihn‘
691 1996 745 2024 υι
769 1993 1109 2024 ηηηθηκιηι..η
1142 2000 1285 2024 “1-..:
1300 2021 1315 2024 ν-
1349 2019 1414 2024 Α-.
1431 2004 1454 2024 λι
1538 2011 1580 2024 Δγ
1801 2012 1833 2024 ,υ
1919 2015 1930 2024 .
1995 2018 2006 2024 -
2166 2021 2192 2024 ,ν
2208 2023 2217 2024 ,

117 1991 148 2028 a
169 1976 386 2034 duobus
414 1985 664 2055 caeditur,
691 1976 1111 2051 etconfortatus
1140 2000 1319 2069 plagis
1343 2004 1619 2059 caedentes
1649 2024 1709 2060 se

119 2065 302 2122 vincit.
336 2070 537 2129 Vidisti
568 2085 836 2147 quantam
870 2083 1136 2141 virtutem
1164 2106 1262 2159 per
1290 2093 1474 2146 carnis
1507 2096 1713 2149 exeici-

116 2153 255 2210 tium
287 2160 630 2230 acquisivit?
655 2167 723 2221 Et
742 2175 803 2223 tu
839 2178 943 2239 sta,
973 2179 1030 2228 et
1065 2153 1407 2247 confortare;
1443 2188 1499 2236 et
1528 2184 1714 2239 Domi-

114 2258 217 2298 nus
247 2258 541 2320 expugnat
568 2271 668 2324 pro
698 2262 753 2311 te
781 2258 1092 2317 inimicum.

180 2333 268 2389 16.
304 2337 388 2391 De
418 2341 610 2396 eadem
633 2344 755 2415 ipsa
786 2350 1124 2420 cogitatione
1140 2354 1542 2427 fornicationis,
1571 2361 1714 2418 dixit

112 2422 252 2478 alter
270 2443 441 2481 senex
463 2448 475 2483 :
510 2431 641 2509 Esto
667 2437 815 2491 velut
846 2439 941 2511 qui
962 2444 1168 2499 transit
1189 2445 1249 2500 in
1264 2448 1471 2518 platea,
1496 2422 1594 2504 aut
1614 2469 1712 2522 per

114 2511 426 2582 tabernam,
482 2526 540 2575 et
566 2523 716 2595 capit
744 2528 1128 2603 cujuscunque
1174 2540 1411 2592 coctum)
1456 2540 1705 2609 odorem,

109 2606 206 2656 aut
219 2604 459 2677 alicujus
483 2616 848 2671 assaturae.Et
868 2620 964 2689 qui
983 2623 1116 2688 vult,
1142 2624 1460 2694 ingreditur
1481 2634 1537 2682 et
1553 2604 1707 2685 man;
1746 2672 1749 2675 -

108 2689 309 2759 ducat;
349 2696 445 2766 qui
483 2705 673 2756 autem
714 2720 825 2760 non
856 2709 993 2776 vult,
1029 2689 1294 2768 odoratus
1335 2721 1422 2770 est
1457 2723 1700 2787 tantum,

108 2785 272 2851 atque
301 2787 574 2854 pmterit.
610 2790 697 2845 Ita
715 2800 773 2847 et
798 2800 860 2849 tu
890 2805 1085 2854 excute
1114 2818 1149 2855 a
1172 2808 1227 2857 te
1258 2803 1513 2874 fetorem,
1537 2785 1703 2880 surge

109 2874 164 2922 et
193 2888 310 2939 ora,
364 2874 555 2931 dicens
581 2896 592 2930 :
618 2880 853 2939 Domine
885 2886 989 2941 Fili
1030 2889 1150 2957 Dei,
1184 2893 1388 2963 adjuva
1417 2913 1531 2954 me.
1586 2899 1702 2953 Hoc

104 2962 286 3013 autem
318 2960 408 3016 fac
435 2964 604 3020 etiam
638 2969 904 3029 adversus
933 2976 1075 3032 alias
1095 2960 1482 3050 cogitationes.
1505 2986 1699 3058 Neque

104 3047 249 3102 enim
279 3051 666 3111 eradicatores
696 3076 890 3117 sumus
918 3066 1341 3135 cogitationum.
1376 3073 1474 3127 sed
1518 3073 1699 3129 lucta-

101 3140 244 3190 tores
272 3139 545 3198 adversus
572 3148 798 3203 easdem
828 3153 1217 3224 cogitationes.

167 3224 251 3280 17.
283 3228 448 3284 Alter
493 3249 662 3290 senex
712 3238 879 3293 dixit:
915 3242 1047 3299 Hmc
1071 3245 1140 3300 de
1170 3250 1517 3320 negligentia
1546 3254 1693 3324 pati-
1715 3224 1759 3284 Ο

98 3327 236 3368 mur.
268 3316 419 3372 Nam
450 3320 497 3374 si
520 3324 939 3385 consideremus
963 3333 1097 3404 quia
1118 3335 1266 3391 Deus
1283 3339 1501 3395 habitat
1520 3342 1576 3397 in
1604 3360 1697 3398 no-

101 3400 198 3467 bis,
232 3420 347 3460 non
379 3407 624 3466 alienum
656 3431 748 3469 vas
769 3417 1075 3477 inferamus
1093 3423 1241 3479 intra
1274 3444 1392 3482 nos.
1425 3430 1696 3488 Dominus

98 3491 241 3546 enim
286 3495 550 3554 Christus
582 3501 840 3561 habitans
870 3508 925 3562 in
978 3511 1137 3567 nobis
1167 3520 1336 3587 atque
1365 3519 1695 3576 cohabitans

96 3580 267 3649 nobis,
303 3586 536 3656 respicit
566 3590 734 3646 vitam
770 3602 1042 3652 nostram.
1078 3601 1235 3657 Unde
1258 3612 1314 3659 et
1344 3623 1442 3660 nos
1468 3615 1695 3678 portan-

96 3672 174 3723 tes
205 3687 333 3726 eum
368 3680 425 3728 et
452 3682 917 3754 contemplantes,
952 3689 1235 3761 negligere
1257 3710 1369 3749 non
1400 3672 1687 3766 debemus,

93 3758 185 3812 sed
235 3762 590 3821 sanctificare
636 3758 1045 3846 nosmetipsos,
1080 3780 1226 3836 sicut
1253 3788 1309 3837 et
1336 3784 1431 3838 ille
1462 3793 1689 3843 sanctus

93 3852 190 3901 est.
226 3850 455 3908 Stemus
487 3871 663 3928 super
684 3866 925 3933 petram,
968 3872 1026 3920 et
1061 3877 1356 3942 rumpetur
1381 3875 1680 3946 malignus.

91 3935 209 3992 Non
224 3938 514 4010 formides,
537 3952 593 4001 et
611 3964 724 4004 non
754 3954 1067 4012 committet
1084 3935 1379 4017 adversum
1407 3969 1484 4020 te.
1502 3935 1684 4022 Fsalle

92 4041 212 4082 cum
232 4029 463 4099 virtute,
480 4033 700 4094 dicens:
726 4039 833 4105 Qui
855 4045 1145 4102 conﬁdunt
1166 4049 1224 4103 in
1252 4052 1509 4121 Domino,
1540 4056 1686 4113 sicut
1766 4057 1801 4110 li

93 4127 245 4171 mons
276 4118 443 4189 Sion;
470 4138 583 4179 non
605 4131 1048 4189 commovebitur
1061 4138 1119 4191 in
1144 4144 1442 4210 aeternum,
1468 4144 1563 4216 qui
1586 4146 1681 4201 ha-

89 4200 223 4259 bitat
248 4206 308 4262 in
338 4203 653 4269 Jerusalem
683 4216 1076 4295 (Psal.cxx1v).

155 4294 237 4349 l8.
271 4296 477 4355 Frater
496 4301 865 4378 interrogavit
890 4328 1101 4381 senem,
1144 4316 1361 4374 dicens:
1399 4321 1457 4376 Si
1487 4321 1680 4378 incur-

88 4382 216 4438 rerit
242 4391 557 4447 monachus
585 4393 643 4448 in
671 4404 987 4469 peccatum,
1022 4403 1293 4477 afﬂigitur
1313 4410 1464 4465 velut
1481 4412 1576 4483 qui
1606 4413 1675 4469 de

85 4472 329 4540 profectu
361 4477 421 4533 in
447 4480 785 4541 deteriorem
799 4493 1008 4546 statum
1025 4472 1361 4566 pervenerit,
1384 4505 1440 4553 et
1458 4472 1676 4557 laborat

84 4558 249 4619 donec
280 4575 548 4640 resurgat
571 4590 583 4625 :
615 4574 709 4645 qui
725 4582 914 4633 autem
941 4584 1186 4639 asaaculo
1206 4587 1377 4654 venit,
1403 4590 1552 4645 velut
1573 4592 1669 4663 qui
1686 4582 1738 4644 D

83 4646 304 4710 initium
336 4657 548 4728 fecerit,
569 4665 808 4733 proficit.
844 4669 913 4723 Et
938 4674 1281 4744 respondens
1310 4646 1479 4731 senex
1507 4646 1663 4735 dixit:

83 4736 383 4800 Monachus
409 4746 468 4802 in
482 4753 851 4810 tentationem
866 4756 1177 4829 incurrens,
1198 4764 1276 4818 sic
1290 4772 1374 4819 est
1393 4772 1667 4839 tanquam

76 5200 186 5255 quae
213 5197 351 5247 sunt
377 5195 609 5253 aedificio
638 5205 969 5272 necessaria,
997 5214 1166 5280 atque
1187 5211 1265 5266 ita
1290 5214 1551 5271 velociter
1579 5217 1658 5271 fa-

76 5272 212 5332 brica
235 5284 477 5352 proficit.
512 5287 611 5342 Ille
637 5297 825 5347 autem
852 5297 947 5367 qui
964 5272 1302 5367 nec-effodit,
1331 5320 1433 5359 nec
1460 5306 1655 5361 funda-

73 5374 313 5425 mentum
346 5374 521 5437 misit,
553 5394 655 5434 nec
693 5380 863 5437 habet
890 5385 1102 5458 aliquid
1149 5407 1343 5446 eorum
1371 5411 1493 5466 quae
1522 5403 1655 5451 sunt

1786 2732 1874 2780 ret
1903 2727 2191 2787 obsistere.
2222 2735 2290 2790 Et
2317 2740 2600 2810 respirans
2630 2745 2804 2805 frater
2832 2771 2933 2824 per
2961 2757 3276 2821 doctrinam
3301 2785 3385 2825 se-

1786 2816 1875 2870 nis
1905 2817 2055 2874 illius
2075 2828 2131 2876 et
2157 2826 2488 2899 orationem,
2507 2832 2721 2892 invenit
2734 2844 2987 2913 requiem
3014 2864 3050 2903 a
3068 2856 3384 2914 tentatione

1852 2991 1940 3048 ‘20.
1973 2995 2243 3055 Tentatus
2264 3008 2350 3058 est
2362 3005 2665 3079 aliquando
2690 3015 2997 3091 discipulus
3017 3030 3169 3086 senis
3190 3035 3383 3107 magni

1852 3080 2166 3107 P.—-3-AA3-u
2190 3105 2201 3107 κ
2245 3090 2279 3107 α

1781 3096 1813 3133 a
1844 3080 2228 3146 fornicatione.
2245 3090 2424 3148 Senex
2446 3113 2573 3154 vero
2594 3118 2722 3158 cum
2742 3106 2956 3166 videret
2971 3130 3098 3170 eum
3124 3080 3384 3180 laborin-

1778 3174 1913 3237 tem,
1944 3172 2086 3228 dixit
2114 3177 2200 3231 ei:
2248 3181 2340 3235 Vis
2369 3200 2505 3255 rogo
2534 3188 2859 3262 Dominum,
2892 3207 2955 3255 ut
2983 3172 3243 3264 sublevet
3252 3172 3376 3271 a—t-e

1781 3259 2095 3317 molestiam
2143 3265 2349 3323 istam?
2388 3273 2488 3327 llle
2520 3283 2706 3334 autem
2753 3259 2900 3341 dixit
2932 3309 2945 3343 ι
2978 3259 3370 3371 magis",

3035 3345 3043 3346 κ
3055 3345 3081 3348 ___
3094 3345 3112 3348 ν
3126 3345 3146 3350 ν
3158 3345 3172 3363 ⁷
3206 3345 3370 3371 wvvu,

1780 3345 1911 3415 quia
1931 3349 1978 3402 si
2000 3350 2209 3420 laboro,
2241 3361 2432 3414 tamen
2458 3378 2528 3417 ex
2554 3368 2800 3436 pondere
2820 3373 3028 3434 laboris
3048 3381 3219 3455 hujus
3241 3405 3373 3446 con-

1780 3433 1820 3455 -_:
1835 3435 1858 3455 Δ
1876 3452 1889 3455 -
1904 3452 1927 3455 .4
1941 3452 1954 3455 λ
1994 3437 2020 3455 ι*
2118 3447 2126 3455 ι
2141 3442 2151 3452 ⁸
2166 3443 2192 3455 ¹¹¹
2517 3452 2534 3455 “
2604 3454 2613 3455 ί

1777 3433 1962 3489 sidere
1991 3437 2327 3500 fructificare
2371 3464 2479 3503 me.
2510 3452 2618 3507 Sed
2646 3456 2749 3513 hoc
2779 3478 2916 3533 rogo
2947 3433 3342 3534 Deum'inora-

1777 3522 2021 3581 tionibus
2059 3530 2188 3597 tuis,
2232 3540 2293 3588 ut
2329 3535 2428 3591 det
2472 3541 2611 3596 mihi
2638 3522 3371 3637 toleranvtiam,

1775 3613 2100 3671 sustineam.
2148 3620 2295 3677 Dicit
2324 3624 2374 3678 ei
2403 3625 2574 3683 abbas
2605 3649 2768 3690 suus:
2803 3640 2971 3698 Nunc
2998 3613 3371 3726 agnovijquia
3470 3636 3483 3643 ί

1774 3700 1832 3754 in
1865 3720 2066 3775 magno
2093 3710 2343 3778 profectu
2375 3732 2453 3782 es,
2481 3718 2579 3782 fili,
2612 3728 2669 3776 et
2694 3733 3117 3801 supergrederis
3144 3719 3255 3797 me;

1844 3790 1928 3848 ‘Zl.
1968 3794 2237 3852 Dicebant
2256 3800 2325 3855 de
2365 3806 2607 3873 quodam
2641 3790 2792 3879 sene,
2837 3790 2969 3889 quia
2989 3790 3279 3888 descendit
3306 3834 3367 3891 in

1763 4236 1841 4291 vit
1864 4241 2013 4310 patri
2035 4259 2155 4311 suo,
2182 4252 2240 4299 et
2258 4247 2586 4309 mirabatur.
2606 4258 2921 4331 Aliquando
2948 4236 3085 4342 ergo

1761 4342 1888 4382 cum
1937 4337 2095 4401 patre
2141 4350 2242 4389 suo
2275 4336 2335 4392 in
2379 4340 2701 4415 Egyptum,
2751 4358 2808 4407 et
2847 4354 3037 4414 videns
3066 4367 3350 4441 mulieres,

1761 4415 1897 4441 ,ιε-ει
1930 4421 2073 4441 ...-L,J
2155 4440 2179 4441 η
2319 4428 2332 4441 ι
2353 4426 2367 4441 ι
2391 4427 2404 4441 ι
2693 4437 2704 4441 -

1759 4415 1900 4471 dixit
1927 4421 2076 4490 patri
2122 4440 2223 4477 suo
2257 4443 2269 4478 :
2302 4426 2477 4496 Abba,
2525 4450 2649 4489 ecce
2689 4437 2810 4495 ista:
2853 4451 2986 4502 sunt
3014 4415 3352 4521 quails};

1760 4504 1896 4561 bant
1924 4508 1993 4562 ad
2036 4527 2125 4563 me
2154 4520 2314 4568 nocte
2358 4516 2414 4570 in
2446 4518 2657 4593 Scythi.
2695 4527 2763 4582 Et
2791 4530 2930 4587 dixit
2949 4536 3001 4590 ei

1757 4597 2017 4651 monachi
2043 4599 2111 4653 de
2140 4603 2357 4671 saeculo,
2391 4606 2490 4665 fili.
2522 4611 2647 4666 Alio
2667 4622 2854 4672 autem
2879 4620 3076 4682 habitu
3107 4597 3348 4693 utuntur

1750 4683 2119 4751 ίεΐίνέἱθεῖθι
2138 4692 2385 4747 eremitze
2408 4695 2537 4750 alio.
2567 4699 2636 4754 Et
2658 4703 2897 4762 miratus
2917 4717 3003 4766 est
3020 4732 3188 4775 senex
3209 4741 3344 4796 quo-

1750 4790 1799 4796 κ-
1814 4790 1835 4796 Α
1848 4774 1874 4796 ,ι
1889 4791 1907 4796 Α
1953 4774 1966 4796 Ξ
1977 4792 2003 4796 -,
2062 4776 2095 4796 ο
2110 4793 2123 4796 Α
2171 4784 2184 4796 Α
2196 4779 2208 4796 ἱ
2238 4779 2249 4790 ⁸
2347 4787 2356 4796 ι
2457 4784 2472 4796 ς
2624 4794 2629 4796 .
2707 4791 2718 4796 -
2773 4793 2786 4796 -

1738 5236 1867 5274 eum
1896 5222 2055 5278 valde
2071 5223 2263 5295 (au/)2,
2297 5230 2392 5285 lib.
2427 5244 2510 5298 ιη,
2544 5250 2600 5288 η.
2644 5235 2747 5305 ιι).
2769 5240 2838 5296 Et
2856 5216 3328 5320 εόηιίείιξξέἑᾷξζ

1737 5310 1871 5364 dum
1912 5312 2013 5366 Dei
2046 5313 2488 5389 dispositionem,
2522 5327 2587 5377 ut
2612 5326 2756 5382 alter
2783 5329 2958 5388 frater
2984 5310 3325 5408 diescenden-s

1736 5399 1804 5453 de
1856 5401 2121 5473 Egypto,
2152 5405 2460 5476 applicaret
2507 5410 2563 5466 in
2599 5414 2813 5487 Scythi.
2865 5421 2935 5477 Et
2961 5442 3089 5484 cum
3128 5399 3322 5509 loqu;

1386 5460 1404 5466 ..
1927 5460 2022 5473 »ιιι
2104 5460 2120 5472 ι
2189 5460 2205 5475 ι
2226 5460 2243 5476 ι
2342 5460 2366 5461 π
2412 5460 2458 5463 -’
2508 5460 2563 5466 ⁷·-
2599 5460 2691 5487 ννα
2709 5460 2813 5473 ’⁸⁸η
2865 5460 2935 5477 υ*
2961 5460 3089 5484 VU!"
3128 5460 3318 5509 ιυψιε-

71 5460 395 5529 necessaria;
414 5464 511 5519 sed
530 5465 585 5521 in
603 5484 701 5540 spe
716 5470 1079 5543 dimittens,si
1102 5481 1380 5549 quomodo
1400 5485 1652 5557 aliquan-
1732 5494 1947 5557 rentur,
1982 5492 2259 5549 nuntiavit
2290 5496 2340 5550 ei
2359 5496 2578 5554 dicens:
2609 5502 2758 5559 Uxor
2782 5506 2933 5566 illius
2961 5525 3185 5577 mortua
3213 5536 3318 5586 est,

72 5541 133 5586 (in
155 5550 477 5586 Μνηηῖοιηκ
503 5556 584 5586 Ῐόη
612 5564 693 5586 Ληι
717 5565 767 5586 ιιι
787 5578 947 5586 ...Α--
966 5566 1082 5586 ,ιην
1166 5570 1177 5581 ο
1208 5570 1219 5581 ο
1287 5576 1295 5586 ι
1385 5578 1393 5586 .
1447 5574 1478 5586 ,ι
1733 5578 1774 5586 ..-
1851 5584 1856 5586 .
2119 5582 2130 5586 -

72 5541 133 5597 do
152 5550 589 5616 perﬁciatur.lta
611 5564 697 5613 est
714 5565 771 5615 et
786 5541 1180 5635 monachum-si
1204 5570 1262 5625 in
1280 5541 1648 5631 tentationem

70 5634 334 5707 ceciderit,
374 5648 431 5697 et
468 5660 767 5705 conversus
801 5653 972 5709 fuerit
1015 5657 1087 5711 ad
1126 5658 1448 5729 Dominum,
1480 5664 1649 5721 habet

67 5720 357 5787 plurimum
407 5743 760 5806 apparatum,
793 5744 1214 5803 meditationem
1244 5750 1443 5807 divina;
1484 5753 1639 5825 legis,

1732 5578 1866 5633 Erat
1896 5585 2087 5635 autem
2114 5582 2238 5654 ipsa
2276 5586 2497 5656 mulier,
2530 5589 2598 5644 de
2631 5609 2742 5663 qua
2778 5594 3200 5669 inquietabatur
3221 5578 3321 5678 ille

1730 5667 1920 5723 frater.
1954 5669 2113 5734 Quod
2135 5687 2259 5727 cum
2278 5675 2546 5745 audisset,
2576 5680 2709 5736 tulit
2736 5667 3131 5756 vestimentum
3152 5667 3319 5768 suum

1727 5762 1910 5824 nocte,
1967 5764 2024 5813 et
2088 5761 2337 5817 ascendit
2383 5763 2477 5819 ubi
2535 5784 2656 5824 eam
2708 5776 2989 5848 sepultam
3042 5761 3316 5857 audierat:
