3934 6380
586 410 694 468 8Ῐ9

1721 412 1812 466 DE
1849 411 2038 467 VITIS
2078 409 2373 466 PATRUM
2412 409 2628 468 LIBER
2663 411 2730 466 V.

3756 410 3865 468 880

651 535 868 592 Etfodit
887 535 1090 600 locum,
1117 539 1174 586 et
1190 533 1421 586 extersit
1435 549 1689 588 cruorem
1714 535 2028 606 putredinis
2050 537 2172 606 ejus
2190 537 2241 595 Α
2263 540 2422 588 satur
2446 554 2458 602 ;
2493 541 2552 590 et
2579 551 2684 606 ego
2718 532 2852 605 quid
2880 532 3018 586 facio
3052 573 3065 597 ,
3110 532 3242 603 quia
3271 532 3376 586 hac
3405 537 3567 588 nocte
3597 533 3774 590 cecidi
3801 535 3860 588 in

576 627 635 680 in
656 625 986 680 vestimento
1009 639 1132 685 suo,
1156 627 1212 675 et
1242 638 1496 677 reversus
1523 622 1766 678 habebat
1795 624 1934 679 illud
1958 625 2012 678 in
2041 625 2180 679 cella

575 731 696 770 sua.
729 715 800 769 Et
821 730 948 768 cum
972 711 1139 766 nimis
1167 710 1387 777 feteret,
1414 711 1658 782 ponebat
1677 712 1804 767 illos
1822 714 2027 768 fetores
2048 719 2179 768 ante

575 820 654 870 se,
696 808 754 857 et
797 803 1186 874 improperans
1227 800 1554 870 cogitationi
1585 818 1718 866 suae,
1749 801 1970 856 dicebat
1999 821 2009 855 :
2041 803 2178 857 Ecce

576 892 920 947 desiderium
952 890 1100 962 quod
1133 889 1438 960 quaerebas.
1475 890 1660 948 Habes
1687 891 1846 957 illud,
1874 891 2082 946 satiare
2113 908 2177 946 ex

575 997 661 1036 eo.
699 982 768 1036 Et
785 981 866 1036 ita
885 997 951 1035 ex
967 978 1244 1049 ejusmodi
1275 978 1450 1034 fetore
1475 980 1787 1051 castigabat
1807 981 2174 1052 semetipsum

571 1070 751 1126 donec
781 1073 1175 1125 emorerentur
1210 1069 1676 1140 concupiscentiae
1707 1071 1849 1140 ejus.

641 1159 735 1217 23.
761 1160 932 1214 Venit
966 1159 1196 1231 quidam
1239 1156 1297 1211 in
1329 1158 1522 1230 Scythi
1551 1159 1873 1230 aliquando,
1917 1163 1982 1214 ut
2013 1160 2174 1214 ﬁeret

573 1250 900 1304 monachus.
925 1249 1032 1314 Qui
1053 1251 1222 1304 etiam
1241 1249 1432 1304 attulit
1449 1249 1626 1303 lilium
1640 1265 1805 1302 suum
1823 1265 2002 1320 nuper
2023 1249 2174 1303 abla-

573 1342 808 1392 ctatum.
832 1336 939 1401 Qui
963 1353 1091 1391 cum
1116 1338 1294 1392 factus
1323 1343 1470 1392 esset
1491 1337 1730 1407 juvenis,
1763 1343 2053 1408 coeperunt
2073 1337 2174 1392 im-

574 1442 828 1498 pugnare
857 1426 1143 1482 dazmones
1176 1434 1232 1482 et
1261 1427 1560 1482 sollicitare
1583 1444 1730 1482 eum.
1768 1427 1837 1481 Et
1856 1427 1998 1481 dixit
2025 1427 2170 1497 patri

573 1531 704 1570 suo:
742 1515 892 1570 Vado
919 1515 990 1570 ad
1027 1517 1316 1582 saeculum,
1351 1515 1484 1587 quia
1519 1533 1631 1570 non
1660 1533 1886 1586 possum
1918 1516 2172 1570 carnales

571 1605 1054 1677 concupiscentias
1084 1607 1381 1660 sustinere.
1407 1606 1576 1659 Pater
1603 1610 1794 1659 autem
1829 1606 1950 1674 ejus
1981 1622 2172 1660 conso-

577 1693 800 1748 labatur
823 1710 972 1748 eum.
1005 1694 1156 1749 Dixit
1181 1712 1314 1764 ergo
1341 1693 1435 1747 ille
1451 1693 1709 1764 juvenis:
1744 1695 1868 1748 Jam
1891 1695 2171 1748 sustinere

576 1794 688 1837 non
720 1783 894 1848 valeo,
928 1788 1128 1854 pater;
1163 1783 1386 1836 dimitte
1434 1799 1525 1836 me
1555 1782 1737 1837 redire
1778 1783 1850 1837 ad
1879 1784 2166 1838 saeculum.

2260 623 2735 678 fornicationem?
2782 621 2885 676 Cui
2918 621 3244 693 respondit:
3279 621 3349 675 Et
3373 638 3474 693 ego
3503 621 3757 692 cognovi.
3791 623 3863 678 Et

2259 712 2396 766 dicit
2423 713 2474 767 ei
2499 729 2510 764 :
2566 713 2650 766 Tu
2689 711 2838 766 unde
2879 710 3030 764 scis?
3060 709 3167 774 Qui
3197 708 3337 764 dixit
3363 725 3377 762 :
3411 709 3772 764 Dormiebam
3802 710 3858 765 in

2261 802 2490 874 templo,
2507 806 2566 856 et
2588 800 2776 855 audivi
2792 801 3074 855 daemones
3096 799 3388 870 loquentes
3417 798 3487 853 de
3515 803 3590 854 te.
3625 799 3694 854 Et
3719 799 3858 855 dixit

2260 907 2460 945 senex:
2487 891 2625 946 Ecce
2656 906 2758 962 ego
2786 889 2927 943 vado
2944 888 3012 942 ad
3045 887 3330 944 szeculum.
3361 888 3459 942 Ille
3480 893 3670 943 autem
3695 905 3858 960 roga-

2257 979 2355 1035 bat
2409 996 2555 1045 eum,
2587 979 2778 1034 dicens
2802 997 2813 1030 :
2837 978 2985 1044 Noli,
3016 983 3196 1050 pater,
3225 977 3321 1031 sed
3352 994 3620 1049 permane
3648 977 3704 1031 in
3736 978 3856 1032 loco

2255 1073 2354 1123 tuo
2383 1087 2395 1135 ;
2421 1069 2714 1123 mulierem
2734 1083 2864 1122 vero
2884 1067 3104 1121 dimitte
3134 1065 3262 1120 hinc
3292 1083 3304 1133 ;
3337 1065 3440 1120 hoc
3483 1066 3637 1120 enim
3663 1084 3730 1120 ex
3762 1083 3854 1120 oc-

2255 1175 2422 1212 cursu
2451 1157 2663 1212 inimici
2684 1156 2943 1227 contigit.
2991 1156 3112 1220 Quo
3143 1155 3336 1210 audito
3364 1171 3532 1210 senex
3557 1155 3852 1222 sustinuit.

2256 1247 2562 1302 extendens
2589 1253 2648 1302 et
2673 1263 2989 1317 aggravans
3014 1245 3492 1300 conversationem
3531 1261 3688 1300 suam
3726 1263 3853 1300 cum

2254 1337 2540 1408 lacrymis,
2572 1336 2750 1391 donec
2775 1335 2986 1390 rediret
3009 1335 3063 1389 in
3095 1333 3270 1406 priori
3297 1333 3492 1390 ordine
3514 1351 3633 1390 suo.

2325 1426 2414 1482 25.
2445 1425 2596 1480 Dixit
2623 1442 2822 1480 senex:
2871 1424 3017 1489 Quia
3052 1423 3345 1488 securitas,
3389 1430 3447 1477 et
3475 1423 3847 1490 taciturnitas,

2255 1520 2312 1570 et
2339 1515 2558 1570 occulta
2587 1513 2878 1570 meditatio
2908 1513 3138 1586 pariunt
3165 1512 3502 1567 castitatem.

2325 1603 2414 1659 26.
2445 1605 2644 1659 Frater
2663 1603 2892 1676 quidam
2917 1603 3284 1673 interrogavit
3310 1619 3519 1666 senem,
3539 1601 3762 1658 dicens:
3794 1604 3848 1658 Si

2255 1693 2544 1765 contingat
2575 1693 2861 1748 hominem
2893 1693 2950 1747 in
2979 1692 3352 1747 tentationem
3379 1692 3596 1752 cadere.
3623 1692 3760 1764 quid
3788 1694 3848 1746 ﬁt

2255 1789 2486 1856 propter
2512 1800 2606 1837 eos
2645 1783 2740 1855 qui
2777 1781 3228 1838 scandalizentur
3270 1780 3327 1834 in
3357 1780 3456 1835 eo?
3491 1781 3558 1836 Et
3597 1783 3846 1836 narravit

572 1871 724 1926 Dixit
753 1872 805 1925 ei
839 1876 1000 1942 pater
1029 1888 1166 1926 suus
1191 1889 1201 1925 :
1235 1871 1382 1926 Audi
1413 1888 1522 1937 me,
1548 1872 1647 1938 fili,
1673 1871 1856 1926 adhuc
1886 1873 2082 1937 semel,
2112 1879 2168 1926 et
2188 1889 2439 1952 Bsenex,
2472 1873 2664 1927 dicens
2691 1891 2702 1926 :
2735 1871 3014 1927 Diaconus
3045 1871 3272 1942 quidam
3302 1860 3424 1924 erat
3449 1871 3773 1925 nominatus
3795 1872 3845 1925 in

455 1995 462 2000 -
567 1959 700 2015 tolle
727 1960 827 2014 tibi
841 1959 1241 2031 quadringinta
1263 1977 1454 2032 panes,
1489 1965 1547 2014 et
1563 1960 1695 2014 folia
1711 1961 2025 2032 palmarum
2050 1961 2169 2015 die-

570 2067 694 2104 rum
725 2050 1103 2122 quadraginta
1130 2056 1187 2104 et
1208 2050 1346 2104 vade
1371 2051 1429 2104 in
1452 2067 1640 2104 eremo
1656 2050 1944 2124 interiore,
1976 2055 2033 2104 et
2049 2056 2168 2105 esto

571 2137 650 2192 ibi
699 2139 1076 2211 quadraginta
1119 2138 1334 2206 diebus,
1368 2145 1425 2194 et
1473 2140 1730 2193 voluntas
1771 2139 1870 2194 Dei
1903 2140 2019 2194 ﬁet.
2060 2139 2168 2203 Qui

568 2227 834 2282 obediens
875 2228 1185 2300 patri'suo,
1231 2228 1474 2282 surrexit
1514 2233 1571 2282 et
1611 2227 1750 2282 abiit
1781 2227 1839 2282 in
1869 2245 2080 2283 eremo:
2113 2234 2170 2283 et

570 2318 780 2372 mansit
797 2317 892 2384 ibi,
919 2316 1181 2372 laborans
1201 2323 1258 2371 et
1283 2317 1492 2372 faciens
1507 2317 1717 2388 plectas
1745 2317 1814 2372 de
1835 2317 2038 2388 palmis
2059 2317 2166 2372 sic-

563 2407 661 2474 cis,
697 2412 753 2461 et
781 2423 983 2478 panem
1009 2407 1218 2462 siccum
1247 2407 1562 2461 comedens.
1598 2407 1667 2461 Et
1694 2423 1822 2461 eum
1863 2406 1939 2460 ibi
1968 2405 2164 2461 diebus

564 2494 760 2566 viginti
781 2497 1113 2566 quiesceret,
1144 2512 1268 2550 ecce
1293 2495 1432 2549 vidit
1457 2513 1598 2566 opus
1621 2495 1902 2566 quoddam
1925 2495 2162 2550 diaboli-

568 2600 696 2638 cum
725 2585 914 2638 venire
939 2601 1108 2656 super
1131 2601 1224 2651 se;
1255 2591 1311 2638 et
1329 2585 1487 2638 stetit
1505 2602 1694 2638 eorum
1723 2585 1846 2655 ipso
1865 2587 2016 2639 velut
2042 2602 2163 2639 mu-

565 2676 670 2729 lier
696 2673 1056 2745 Ethiopissa,
1074 2673 1245 2727 fetida
1274 2679 1331 2727 et
1351 2673 1529 2746 turpis
1554 2680 1802 2745 aspectu,
1829 2674 1908 2730 ita
1930 2680 1992 2728 ut
2019 2675 2162 2729 feto-

565 2781 684 2818 rem
705 2764 828 2834 ejus
848 2762 1080 2816 sull‘erre
1094 2778 1206 2816 non
1235 2768 1442 2833 posset,
1473 2767 1532 2816 et
1547 2763 1846 2833 abjiciebat
1869 2781 1990 2817 eam
2014 2782 2049 2818 a
2079 2781 2156 2818 se.

566 2853 636 2907 Et
652 2853 748 2906 illa
759 2851 979 2906 dicebat
993 2851 1064 2906 ei:
1081 2850 1195 2920 Ego
1215 2868 1340 2904 sum
1363 2867 1485 2921 quae
1505 2851 1564 2905 in
1582 2851 1840 2906 cordibus
1871 2853 2162 2907 hominum

562 2942 742 2996 dulcis
772 2957 1017 3012 appareo
1050 2958 1063 3008 ;
1093 2941 1190 2994 sed
1219 2945 1448 3012 prepter
1479 2940 1857 2995 obedientiam
1888 2948 2063 3008 tuam,
2103 2948 2162 2996 et

563 3030 814 3086 laborem
833 3046 1001 3102 quem
1025 3029 1288 3093 sustines,
1313 3045 1424 3082 non
1443 3045 1533 3083 me
1556 3030 1810 3101 permisit
1830 3031 1978 3085 Deus
2001 3031 2162 3086 sedu-

561 3137 688 3175 cere
719 3124 792 3186 te,
825 3118 923 3173 sed
952 3117 1170 3172 innotui
1198 3117 1300 3172 tibi
1320 3118 1555 3172 fetorem
1584 3135 1793 3174 meum.
1839 3120 1938 3174 llle
1963 3125 2155 3174 autem

2254 1962 2594 2017 monasterio
2607 1961 2852 2033 Egypti.
2873 1961 3021 2015 Dum
3043 1965 3231 2014 autem
3247 1959 3470 2032 quidam
3484 1959 3711 2015 curialis
3738 1959 3846 2030 (‘23)

2251 2051 2442 2105 insecu
2451 2052 2661 2105 tionem
2669 2049 2877 2120 judicis
2889 2055 3196 2122 pateretur,
3219 2050 3370 2104 venit
3379 2065 3503 2103 cum
3518 2049 3671 2104 omni
3683 2049 3845 2103 domo

2251 2157 2354 2194 sua
2399 2141 2470 2194 ad
2521 2139 2945 2194 monasterium.
2980 2139 3048 2194 Et
3077 2145 3344 2211 operante
3387 2138 3580 2210 iniquo
3610 2138 3845 2193 incurrit

2251 2229 2519 2283 diaconus
2541 2229 2634 2282 ille
2665 2229 2724 2282 in
2745 2229 3041 2283 mulierem
3070 2229 3213 2298 ejus,
3247 2229 3454 2282 etfacta
3477 2234 3563 2281 est
3588 2228 3843 2282 omnibus

2251 2317 2517 2372 fratribus
2538 2317 2925 2372 confusio.]lle
2951 2323 3142 2371 autem
3171 2316 3308 2372 abiit
3326 2316 3396 2370 ad
3423 2315 3727 2388 quemdam
3757 2335 3838 2370 sc-

2249 2424 2397 2472 nem,
2423 2413 2480 2462 et
2506 2407 2772 2461 indicavit
2801 2407 2850 2460 ei
2870 2407 3205 2461 rem.Senex
3233 2423 3362 2460 vero
3382 2405 3624 2460 habebat
3652 2407 3835 2460 occul-

2248 2503 2363 2550 tam
2375 2497 2572 2550 cellam
2593 2495 2940 2550 interiorem.
2958 2497 3138 2560 Quam
3162 2512 3288 2549 cum
3317 2495 3543 2548 vidisset
3575 2495 3838 2550 diaconus

2247 2585 2358 2650 ille,
2391 2583 2562 2638 dixit:
2591 2587 2776 2651 δατ
2811 2584 2995 2655 Sepeli
3024 2600 3113 2638 me
3141 2584 3231 2637 hic
3254 2583 3455 2648 vivum,
3486 2590 3542 2637 et
3567 2600 3682 2638 non
3702 2584 3838 2638 indi-

2244 2691 2334 2727 ces
2354 2673 2635 2745 cuiquam.
2657 2673 2966 2728 Etintravit
2985 2673 3043 2727 in
3065 2672 3463 2727 obscuritatem
3485 2673 3636 2727 cella;
3663 2673 3832 2739 illius,

2244 2768 2302 2818 et
2329 2763 2568 2834 egitillic
2590 2763 2978 2834 paenitentiam
3001 2779 3068 2816 ex
3087 2762 3340 2819 veritate.
3365 2761 3614 2833 Contigit
3625 2767 3831 2827 autem,

2244 2857 2309 2907 ut
2339 2857 2462 2923 post
2484 2851 2961 2924 multumtempus
2983 2868 3096 2906 non
3122 2851 3449 2906 ascenderet
3467 2868 3616 2923 aqua
3643 2851 3703 2906 in
3739 2853 3833 2906 ﬂu-

2245 2941 2395 2995 mine
2406 2941 2629 2995 Nilo.Et
2647 2957 2774 2995 cum
2787 2954 2981 2996 omnes
2993 2941 3240 2995 Litanias
3253 2941 3828 3006 facerent,revelatum

2243 3033 2329 3083 est
2375 3029 2595 3083 cuidam
2644 3034 2966 3084 sanctorum
2997 3028 3129 3101 quia
3158 3029 3266 3083 nisi
3297 3028 3513 3084 venerit
3538 3029 3826 3096 diaconus,

2241 3118 2337 3189 qui
2367 3117 2670 3172 absconsus
2690 3124 2776 3172 est
2797 3118 2946 3190 apud
2968 3117 3125 3173 illum
3153 3119 3321 3173 talem
3338 3119 3694 3184 monachum,
3721 3136 3828 3173 non

561 3209 820 3275 surrexit,
867 3213 924 3262 et
966 3207 1178 3278 gratias
1221 3224 1394 3278 agens
1441 3208 1576 3272 Deo,
1622 3208 1774 3262 venit
1818 3208 1891 3263 ad
1932 3214 2150 3280 patrem
2176 3207 2539 3273 Cascendent
2566 3207 2814 3262 fluminis
2842 3224 3020 3279 aque.
3054 3207 3213 3272 Quod
3241 3224 3370 3262 cum
3393 3207 3705 3273 audissent,
3735 3208 3827 3263 ad-

561 3314 744 3359 suum,
767 3302 826 3352 et
841 3296 982 3351 dixit
1008 3297 1060 3350 ei
1086 3315 1097 3350 :
1130 3296 1255 3350 Jam
1275 3296 1404 3350 nolo
1435 3296 1517 3350 ire
1543 3296 1618 3351 ad
1647 3298 1934 3364 sazculum,
1970 3303 2153 3370 pater.

559 3385 687 3442 Vidi
708 3386 857 3441 enim
883 3383 1266 3456 Operationem
1295 3383 1500 3439 diaboli
1531 3391 1589 3439 et
1608 3385 1844 3440 fetorem
1875 3386 2018 3456 ejus.
2053 3387 2157 3441 Co-

557 3479 830 3547 gnoverat
847 3479 1039 3529 autem
1068 3478 1296 3534 etpater
1319 3474 1442 3544 ejus
1457 3472 1526 3528 de
1544 3473 1648 3527 hoc
1667 3473 1809 3545 ipso,
1843 3479 1900 3528 et
1929 3474 2070 3528 dixit
2081 3474 2150 3530 ei:

559 3565 618 3620 Si
636 3563 938 3618 mansisses
964 3562 1340 3634 quadraginta
1357 3561 1497 3628 dies,
1531 3566 1588 3615 et
1614 3562 1954 3617 custodisses
1978 3579 2155 3635 usque

557 3655 616 3710 in
637 3655 806 3709 finem
837 3651 1169 3707 mandatum
1190 3668 1398 3714 meum,
1421 3653 1640 3723 majora
1668 3650 1912 3706 habuisti
1938 3652 2152 3708 videre.

622 3743 713 3800 24.
763 3743 942 3798 Senex
980 3741 1210 3814 quidam
1239 3739 1470 3796 sedebat
1515 3741 1574 3795 in
1602 3741 1910 3813 longinqua
1940 3759 2150 3812 eremo,

556 3834 652 3908 qui
679 3830 924 3888 habebat
949 3847 1122 3886 unam
1150 3835 1461 3902 parentem,
1497 3846 1620 3902 quae
1639 3829 1997 3886 desiderabat
2025 3849 2153 3887 eum

561 3923 744 3978 videre
771 3926 898 3994 post
938 3920 1145 3974 multos
1174 3935 1370 3986 annos,
1421 3924 1478 3974 et
1521 3919 1776 3990 quaesivit
1802 3919 1862 3974 in
1891 3937 2002 3992 quo
2031 3921 2151 3976 loco

555 4011 857 4076 habitaret;
887 4013 945 4064 et
967 4008 1210 4063 surrexit
1245 4014 1303 4063 et
1329 4007 1483 4062 venit
1509 4007 1567 4062 in
1598 4008 1742 4062 viam
1773 4009 1949 4063 eremi
1995 4010 2148 4065 illius

561 4102 748 4168 (Rulli.
776 4100 872 4153 lib.
904 4111 966 4164 ιι,
1000 4113 1058 4151 η.
1096 4095 1198 4166 li).
1233 4097 1303 4152 Et
1338 4097 1628 4151 inveniens
1657 4097 2008 4164 camelarios,
2045 4099 2148 4153 ad-

553 4187 742 4259 junxit
760 4203 820 4241 se
845 4185 1110 4251 cumillis,
1139 4191 1197 4239 et
1220 4186 1475 4256 ingressa
1501 4189 1587 4240 est
1609 4186 1666 4239 in
1693 4203 1879 4241 eremo
1896 4202 2024 4242 cum
2047 4188 2147 4242 eis.

557 4277 690 4332 Haec
717 4275 867 4330 enim
897 4273 1228 4328 trahebatur
1246 4290 1280 4328 a
1308 4272 1549 4328 diabolo.
1586 4275 1720 4338 Quae
1750 4291 1878 4330 cum
1908 4275 2154 4332 venisset

557 4365 629 4421 ad
649 4366 888 4438 januam
917 4361 1086 4429 senis,
1119 4362 1288 4434 ccepit
1301 4361 1475 4434 signis
1493 4362 1743 4418 indicare
1773 4364 2034 4436 seipsam,
2069 4366 2152 4420 di-

557 4472 688 4511 cens
712 4473 723 4508 :
758 4455 874 4525 Ego
887 4452 986 4507 illa
1005 4468 1208 4524 parens
1230 4457 1347 4518 tua,
1372 4457 1432 4506 et
1448 4453 1658 4507 mansit
1675 4453 1825 4525 apud
1850 4471 1999 4508 eum.
2015 4455 2152 4511 Erat

2239 3297 2427 3350 mirati
2456 3301 2606 3364 sunt,
2639 3302 2698 3350 et
2722 3296 3008 3351 venientes
3039 3296 3327 3366 ejecerunt
3347 3313 3474 3351 eum
3515 3296 3584 3351 de
3612 3297 3734 3352 loco
3783 3297 3830 3350 in

2239 3402 2350 3457 quo
2379 3391 2530 3440 erat:
2565 3391 2623 3460 et
2665 3385 2866 3450 oravit,
2917 3391 2974 3439 et
3013 3385 3265 3441 ascendit
3292 3402 3440 3457 aqua
3493 3385 3561 3440 Et
3589 3386 3687 3458 qui
3735 3386 3830 3440 ali-

2240 3475 2463 3548 quando
2519 3473 2880 3529 scandalizati
2909 3474 2968 3530 in
3007 3491 3073 3529 eo
3102 3473 3346 3542 fuerant,
3381 3472 3639 3529 aedificati
3696 3479 3828 3530 sunt

2238 3570 2431 3636 postea
2450 3563 2511 3618 in
2542 3563 2874 3635 poenitentia
2898 3564 3038 3635 ejus,
3063 3568 3122 3618 et
3145 3563 3603 3634 glorificaverunt
3629 3564 3824 3619 Deum.

2307 3653 2396 3710 27.
2427 3653 2549 3708 Duo
2578 3652 2779 3707 fratres
2798 3658 3164 3724 perrexerunt
3189 3653 3261 3708 ad
3288 3653 3590 3720 civitatem,
3617 3659 3685 3707 ut
3707 3670 3827 3708 ven-

2237 3741 2435 3796 derent
2453 3741 2602 3813 quod
2624 3741 2850 3796 fuerant
2877 3740 3125 3814 operati;
3151 3757 3281 3796 cum
3311 3759 3346 3796 a
3373 3758 3432 3796 se
3474 3741 3718 3797 invicem
3773 3742 3824 3796 in

2235 3831 2520 3886 civitatem
2567 3829 2806 3886 fuissent
2834 3829 3020 3901 divisi,
3050 3829 3290 3886 incurrit
3317 3847 3465 3886 unus
3497 3830 3555 3885 in
3583 3829 3824 3886 fornica-

2233 3921 2445 3976 tionem
2477 3921 2671 3988 (Ru/‘f.,
2720 3922 2758 3975 ι.
2802 3934 2886 3986 In,
2925 3936 2982 3974 η.
3004 3919 3118 3988 12).
3144 3919 3388 3974 Veniens
3416 3924 3604 3975 autem
3637 3926 3826 3992 postea

2230 4009 2404 4064 frater
2431 4009 2572 4080 ejus,
2595 4007 2736 4062 dixit
2757 4009 2808 4062 ei
2829 4026 2840 4061 :
2860 4008 2940 4064 Re
2949 4013 3228 4063 vertemur
3241 4007 3312 4063 ad
3334 4007 3532 4063 cellam
3551 4013 3818 4071 nostram,

2233 4097 2424 4154 frater.
2458 4098 2557 4152 Ille
2583 4102 2774 4152 autem
2804 4097 3112 4168 respondit,
3137 4097 3326 4152 dicens
3351 4115 3362 4150 :
3393 4097 3518 4152 Non
3547 4098 3738 4160 venio.
3761 4097 3820 4152 Et

2234 4185 2620 4259 interrogabat
2635 4203 2764 4241 eum
2789 4186 2900 4253 ille,
2924 4187 3140 4241 dicens:
3174 4186 3376 4254 Quare,
3399 4186 3609 4242 frater?
3637 4187 3712 4243 Et
3739 4187 3820 4242 ille

2233 4276 2556 4350 respondit:
2589 4276 2731 4341 Quia
2777 4292 2905 4330 eum
2935 4275 3282 4330 discessisses
3309 4293 3344 4330 a
3374 4293 3482 4342 me,
3513 4275 3727 4332 incurri
3765 4277 3814 4330 in

2231 4365 2620 4432 tentationem,
2671 4370 2729 4418 et
2756 4364 3060 4420 fornicatus
3089 4381 3233 4420 sum.
3269 4365 3366 4421 Ille
3409 4370 3600 4420 autem
3626 4367 3813 4421 volens

2230 4473 2360 4511 eum
2387 4454 2614 4521 lucrari,
2641 4454 3022 4525 coepitdicere.
3047 4453 3190 4519 Quia
3215 4460 3273 4508 et
3290 4453 3427 4508 mihi
3451 4454 3532 4509 sic
3559 4455 3806 4527 contigit;

553 4550 741 4600 autem
772 4543 916 4597 alius
935 4541 1240 4596 monachus
1261 4541 1533 4596 sedensin
1563 4541 1813 4596 inferiori
1839 4549 2018 4615 parte,
2052 4545 2148 4616 qui
2166 4573 2213 4634 Β
2231 4544 2456 4617 quando
2477 4548 2770 4615 separatus
2799 4559 2925 4598 sum
2956 4559 2990 4598 a
3017 4548 3092 4609 te,
3125 4542 3337 4598 incurri
3349 4547 3406 4597 et
3439 4560 3542 4614 ego
3572 4543 3631 4598 in
3654 4543 3811 4598 fomi-

553 4633 824 4706 implebat
835 4631 941 4686 sibi
961 4631 1296 4686 surisculam
1317 4647 1494 4702 aquae,
1513 4631 1654 4685 hora
1676 4649 1788 4704 qua
1806 4633 2148 4688 manducare

551 4723 846 4789 voluisset;
865 4726 922 4776 et
943 4720 1126 4776 subito
1148 4719 1477 4774 versabatur
1503 4720 1796 4786 suriscula,
1823 4726 1878 4776 et
1902 4738 2150 4777 reversa-

552 4811 721 4866 batur
748 4809 1026 4882 aqua;qui
1049 4809 1360 4880 inspirante
1372 4810 1488 4864 Deo
1509 4809 1649 4863 dixit
1668 4809 1728 4864 in
1757 4810 2145 4882 semetipsum:

551 4899 844 4972 Ingredior
869 4898 930 4952 in
956 4914 1228 4964 eremum,
1261 4903 1319 4952 et
1339 4897 1460 4952 dico
1487 4898 1591 4952 hoc
1620 4899 1769 4970 quod
1799 4899 1938 4954 mihi
1966 4901 2152 4956 evenit

549 4989 618 5044 de
647 5004 796 5060 aqua
823 4985 1154 5041 senioribus.
1186 4987 1255 5040 Et
1269 5003 1504 5056 surgens
1529 4985 1669 5041 abiit
1685 5006 1696 5052 ;
1711 4993 1909 5043 etcum
1927 5006 2052 5043 sero
2072 4990 2148 5044 fa-

547 5085 701 5134 ctum
731 5081 896 5143 esset,
937 5075 1199 5130 dormivit
1239 5075 1298 5130 in
1342 5076 1552 5147 templo
1593 5077 1837 5146 quodam
1865 5077 2144 5134 idolorum

539 5169 704 5240 juxta
715 5166 880 5234 viam,
911 5169 968 5220 et
994 5164 1207 5219 audivit
1227 5170 1388 5219 nocte
1405 5165 1706 5232 dmmones,
1725 5165 2000 5220 dicentes:
2027 5169 2144 5223 Ista

545 5265 707 5314 nocte
727 5253 1195 5329 praecipitavimus
1214 5253 1374 5308 illum
1397 5254 1737 5308 monachum
1754 5254 1812 5308 in
1831 5255 2146 5311 fornicatio-

543 5364 694 5404 nem.
716 5345 876 5411 Quod
895 5361 1024 5399 cum
1051 5343 1322 5409 audisset,
1348 5343 1716 5397 contristatus
1743 5349 1846 5412 est,
1873 5349 1930 5399 et
1955 5362 2145 5416 perve-

543 5439 706 5493 niens
733 5435 805 5490 ad
831 5450 1044 5498 senem,
1078 5433 1292 5487 invenit
1321 5448 1449 5485 eum
1495 5431 1738 5497 tristem,
1772 5438 1830 5486 et
1873 5433 2012 5489 dicit
2042 5435 2092 5489 ei
2127 5453 2140 5488 :

543 5527 687 5592 Quid
708 5525 868 5591 facio,
893 5521 1071 5577 abba?
1093 5522 1226 5593 quia
1257 5521 1462 5592 impleo
1479 5521 1618 5576 mihi
1639 5522 1927 5576 vasculum
1956 5539 2138 5594 aquae,

540 5620 598 5670 et
623 5616 765 5668 hora
793 5610 1168 5666 manducandi
1199 5610 1528 5666 elTunditur.
1572 5611 1642 5664 Et
1669 5610 1809 5664 dicit
1836 5613 1888 5665 ei
1917 5629 2090 5667 senex
2123 5631 2134 5667 :

538 5701 623 5759 Tu
649 5700 852 5755 venisti
870 5698 1218 5771 interrogare
1248 5716 1356 5766 me,
1393 5715 1568 5770 quare
1595 5699 1866 5754 suriscula
1891 5705 1990 5756 tua
2013 5719 2132 5755 ver-

2230 4634 2528 4688 cationem.
2547 4633 2655 4688 Sed
2671 4649 2883 4697 eamus,
2916 4637 2974 4687 et
2987 4632 3158 4687 simul
3170 4633 3557 4704 paenitentiam
3587 4649 3810 4705 agamus

2230 4739 2358 4777 cum
2387 4721 2540 4776 omni
2568 4720 2778 4787 labore,
2810 4726 2869 4776 et
2897 4721 3048 4776 Deus
3071 4721 3321 4792 ignoscet
3349 4721 3508 4777 nobis
3524 4723 3806 4794 peccatori-

2229 4810 2353 4867 bus.
2389 4810 2637 4876 Quicum
2648 4809 2929 4864 venissent
2938 4809 3009 4864 ad
3019 4809 3237 4875 cellam,
3253 4811 3571 4866 retulerunt
3590 4811 3807 4866 senibus

2232 4901 2382 4972 quod
2420 4900 2500 4954 eis
2541 4899 2874 4969 contigerat,
2908 4902 2966 4953 et
2992 4897 3271 4953 dederunt
3307 4899 3388 4954 eis
3416 4899 3498 4954 illi
3531 4899 3800 4962 mandata1

2229 4989 2472 5062 qualiter
2498 4988 2888 5060 paenitentiam
2911 4993 3160 5059 agerent.
3194 4988 3294 5044 Ille
3316 4995 3505 5044 tamen
3531 5006 3676 5044 unus
3707 5004 3805 5044 non

2228 5095 2328 5150 pro
2357 5095 2436 5144 se,
2463 5077 2562 5132 sed
2589 5093 2691 5149 pro
2717 5077 2812 5132 illo
2841 5076 2953 5132 alio
2971 5075 3145 5132 fratre
3173 5077 3562 5149 paenitentiam
3591 5077 3799 5150 agebat,

2227 5173 2497 5239 tanquam
2527 5167 2573 5221 si
2613 5171 2672 5221 et
2719 5165 2841 5238 ipse
2868 5171 3172 5238 peccasset.
3208 5167 3414 5224 Videas
3442 5174 3634 5223 autem
3664 5168 3799 5224 Deus

2227 5255 2477 5311 laborem
2507 5261 2564 5310 et
2591 5255 2928 5310 charitatem
2957 5255 3100 5327 ejus,
3132 5255 3284 5312 intra
3312 5273 3519 5329 paucos
3545 5257 3666 5312 dies
3694 5272 3799 5312 ma-

2227 5345 2508 5400 nifestavit
2537 5345 2638 5400 uni
2661 5345 2730 5400 de
2757 5343 3002 5412 senibus,
3035 5345 3182 5416 quod
3212 5361 3312 5418 pro
3341 5346 3520 5402 multa
3545 5346 3799 5402 charitate

2226 5435 2376 5490 illius
2400 5434 2590 5489 fratris
2621 5434 2716 5506 qui
2746 5450 2860 5488 non
2906 5441 3230 5506 peccaverat
3257 5434 3568 5491 indulserat
3605 5435 3686 5490 illi
3713 5433 3796 5506 qui

2223 5523 2528 5579 fornicatus
2566 5529 2670 5578 est.
2714 5523 2859 5578 Vere
2887 5523 2993 5578 hoc
3029 5528 3116 5578 est
3141 5540 3350 5596 ponere
3377 5524 3624 5580 animam
3652 5539 3792 5580 suam

2219 5629 2322 5686 pro
2350 5612 2524 5667 fratre
2548 5628 2671 5667 suo.

2289 5701 2377 5761 28.
2410 5701 2579 5757 Venit
2617 5700 2918 5772 aliquando
2946 5701 3122 5757 frater
3159 5702 3230 5756 ad
3261 5702 3562 5774 quemdam
3592 5719 3786 5767 senem,
