3934 6382
181 312 292 372 881
1506 317 1746 372 VERBA
1784 317 2182 373 SENIORUM.
3364 320 3471 379 882

184 440 384 496 dicens
411 441 498 496 ei:
529 440 727 496 Frater
754 457 915 496 meus
935 442 1100 496 solvit
1128 459 1218 498 me
1248 442 1540 514 egrediens
1573 443 1684 497 huc
1712 443 1995 503 at-Avale
2047 443 2335 498 discedens
2360 461 2371 495 :
2418 445 2517 499 sed
2563 443 2791 500 obsecro
2838 452 2912 513 te,
2963 452 3028 501 ut
3078 447 3468 520 interpreteris

187 547 303 604 que
327 530 496 599 illuc;
528 536 584 585 et
613 547 713 603 pro
740 531 846 585 hoc
876 548 978 602 ego
1006 531 1250 602 aflligor.
1286 534 1356 587 Et
1385 532 1621 603 rogabat
1659 549 1790 587 eum
1875 532 2015 586 mihi
2045 533 2325 604 quomodo
2356 550 2645 606 nunquam
2683 535 3013 591 sollicitatus
3042 537 3119 592 sis
3148 554 3182 591 a
3226 537 3467 594 fornica-

184 637 381 690 senex,
405 620 624 674 dicens:
656 619 1071 692 Equanimiter
1097 626 1278 693 porta,
1314 621 1523 687 frater;
1558 627 1615 676 et
1642 621 1791 676 Deus
1873 621 2043 677 tione.
2082 622 2221 677 Dicit
2244 622 2294 676 ei
2322 640 2518 678 senex:
2554 623 2695 688 Quia
2723 641 2788 679 ex
2819 642 2927 696 quo
2958 626 3135 681 factus
3169 644 3293 682 sum
3339 645 3466 684 mo-

183 710 384 765 videns
404 708 651 764 laborem
675 710 1101 765 sustentationis
1121 717 1253 777 tuae,
1275 710 1557 765 revocabit
1572 728 1701 766 eum
1717 711 1787 766 ad
1872 712 2103 778 nachus,
2128 728 2240 766 non
2262 730 2385 767 sum
2409 713 2645 767 satiatus
2671 730 2834 785 pane,
2868 731 3049 786 neque
3072 732 3243 787 aqua,
3285 734 3469 790 neque

182 804 263 854 te.
299 800 495 871 Neque
520 800 671 854 enim
688 799 951 871 possibile
972 805 1141 856 estut
1160 817 1287 855 cum
1304 800 1515 855 duritia
1530 806 1587 855 et
1605 806 1789 855 auste-
1868 817 2082 865 somno,
2121 806 2178 855 et
2210 803 2462 873 appetitu
2492 804 2693 857 horum
2712 810 2899 869 5’8
2922 805 3122 875 quibus
3158 807 3458 877 pascimur,

183 888 358 943 ritate
386 888 544 944 facile
565 886 635 942 ab
651 888 963 944 intentione
984 905 1087 944 sua
1105 889 1311 961 aliquis
1334 895 1642 956 revocetur,
1659 890 1791 963 quia

182 994 294 1032 nec
323 978 542 1033 daemon
573 973 802 1050 expelll't
829 977 1142 1033 daemonem
1167 998 1180 1046 ;
1214 979 1311 1033 sed
1336 979 1516 1050 magis
1535 977 1791 1050 benigni-

180 1071 306 1122 tate
333 1065 620 1122 revocabis
646 1084 775 1122 eum
802 1068 874 1122 ad
901 1072 976 1122 te.
1009 1068 1287 1133 Quoniam
1325 1073 1383 1123 et
1423 1069 1571 1124 Deus
1596 1074 1791 1124 noster

180 1156 551 1222 consulendo,
585 1156 657 1210 ad
693 1173 753 1211 se
776 1156 1033 1211 homines
1068 1157 1262 1212 trahit.
1304 1156 1372 1212 Et
1416 1159 1668 1213 narravit
1714 1159 1783 1225 ei,

181 1246 379 1301 dicens
408 1246 460 1300 ei
488 1265 499 1300 :
532 1245 676 1311 Quia
698 1245 928 1300 fuerunt
954 1246 1010 1301 in
1042 1246 1330 1302 Thebaida
1358 1247 1469 1302 duo
1488 1247 1710 1314 fratres,
1734 1253 1790 1303 et

182 1351 315 1390 cum
344 1351 492 1390 unus
524 1335 855 1390 incurrisset
881 1353 947 1390 ex
977 1336 1067 1390 his
1095 1336 1154 1390 in
1182 1336 1626 1403 fornicationem,
1646 1337 1791 1392 dice-

181 1424 286 1479 bat
314 1425 385 1479 ad
415 1425 590 1480 alium
613 1442 625 1479 :
654 1425 926 1481 Revertor
948 1426 1019 1479 ad
1047 1427 1332 1481 saeculum.
1356 1427 1515 1481 Alter
1534 1443 1663 1481 vero
1677 1427 1791 1498 plo-

182 1512 369 1579 rabat,
403 1514 594 1569 dicens
621 1532 631 1567 :
669 1515 794 1569 Non
824 1520 881 1569 te
910 1514 1154 1582 dimitto,
1181 1516 1374 1583 frater,
1406 1516 1709 1582 discedere,
1733 1522 1791 1570 et

1871 890 2124 945 crucians
2152 907 2259 956 me,
2293 907 2406 945 non
2434 891 2801 963 permittebar
2843 894 3050 948 sentire
3078 894 3466 952 fornicationis

1872 979 2151 1034 stimulos.
2170 980 2240 1034 Et
2265 980 2398 1035 exiit
2426 982 2601 1036 frater
2621 981 2734 1049 ille,
2761 983 3057 1054 proficiens
3083 1001 3148 1039 ex
3190 986 3465 1042 relatione

1871 1068 2039 1123 senis.

1943 1156 2029 1214 32.
2062 1158 2262 1212 Frater
2283 1159 2511 1229 quidam
2540 1158 2909 1231 interrogavit
2929 1165 3231 1234 quemdam
3252 1183 3463 1234 senem,

1870 1245 2095 1302 dicens:
2126 1247 2271 1311 Quid
2305 1248 2488 1302 facio?
2517 1248 2650 1320 quia
2689 1250 2954 1321 cogitatio
2998 1270 3125 1307 mea
3152 1271 3374 1327 semper
3409 1256 3469 1311 in

1872 1335 2241 1391 fornicatione
2259 1342 2344 1391 est
2372 1338 2607 1402 intenta,
2624 1343 2681 1391 et
2691 1354 2802 1392 non
2824 1339 3062 1395 dimittit
3077 1359 3166 1396 me
3184 1344 3470 1414 quiescere

1871 1440 1986 1479 una
1996 1426 2157 1492 hora,
2175 1431 2232 1479 et
2247 1426 2518 1496 afﬂigitur
2528 1443 2591 1479 ex
2604 1427 2707 1481 hoc
2720 1428 3044 1483 animamea
3065 1432 3289 1500 (Ra/ﬁn.
3302 1436 3359 1498 ,l.
3385 1448 3465 1500 ιιι,

1873 1531 1932 1568 η.
1969 1513 2077 1585 40).
2113 1516 2211 1570 Ille
2232 1521 2419 1569 autem
2437 1515 2576 1570 dixit
2598 1515 2649 1570 ei
2677 1535 2687 1569 :
2708 1516 2942 1581 Quando
2963 1519 3245 1575 daemones
3263 1523 3472 1593 cogita-

181 1603 420 1676 perderc
450 1602 701 1658 laborem
736 1609 919 1670 tuum,
952 1609 1010 1659 et
1046 1605 1428 1676 virginitatem
1457 1611 1637 1661 tuam.
1683 1606 1787 1661 Ille
1869 1603 2050 1658 tiones
2063 1604 2119 1659 in
2144 1605 2419 1659 cordetuo
2440 1605 2739 1673 seminant,
2759 1612 2816 1661 et
2835 1608 3009 1662 sentis
3023 1609 3147 1676 hoc,
3171 1627 3284 1665 non
3299 1612 3469 1666 collo-

182 1709 319 1748 vero
351 1710 463 1748 non
492 1692 900 1765 acquiescebat,
928 1694 1149 1749 dicens:
1184 1696 1311 1751 Non
1338 1695 1431 1750 hic
1459 1695 1646 1763 sedeo,
1690 1696 1787 1750 sed
1813 1765 1848 1773 _
1870 1694 2061 1764 quaris
2079 1710 2207 1749 cum
2220 1694 2408 1748 animo
2422 1700 2538 1761 tuo,
2555 1695 2821 1766 quoniam
2839 1697 3157 1753 daemonum
3170 1707 3257 1754 est
3270 1718 3469 1773 sugge-

181 1783 346 1837 vado.
379 1782 493 1837 Aut
521 1782 649 1838 veni
670 1799 912 1851 mecum,
944 1788 1002 1838 et
1028 1783 1236 1838 iterum
1265 1784 1433 1839 redeo
1460 1789 1665 1851 tecum,
1690 1788 1789 1839 aut
1813 1765 2232 1837 Brere.Etlicet
2247 1800 2360 1837 non
2373 1783 2789 1855 negligantth
2806 1785 3131 1854 immittere,
3150 1793 3339 1845 tamen
3353 1808 3466 1847 non

180 1879 339 1927 certe
367 1872 590 1927 dimitte
620 1889 730 1939 me,
759 1876 816 1927 ct
845 1890 1208 1945 permaneam
1232 1873 1292 1928 in
1320 1874 1540 1928 saeculo.
1564 1874 1786 1928 Vadens
1869 1876 2203 1943 extorquent
2214 1873 2515 1927 daemones.
2532 1874 2594 1927 In
2611 1879 2666 1928 te
2678 1879 2763 1927 est
2788 1891 2921 1945 ergo
2946 1877 3229 1948 suscipere
3263 1882 3319 1933 et
3355 1897 3472 1936 non

180 1964 377 2016 autem
405 1961 597 2029 frater,
640 1960 920 2017 nuntiavit
964 1963 1070 2017 hoc
1118 1962 1343 2017 cuidam
1387 1963 1507 2017 seni
1555 1979 1779 2034 magno.
1868 1961 2171 2033 suscipere.
2207 1962 2570 2033 Respondens
2594 1968 2783 2017 autem
2813 1963 3006 2032 frater,
3042 1965 3182 2021 dixit
3208 1968 3364 2022 seni:
3399 1969 3470 2025 Et

178 2050 337 2106 Dixit
365 2056 553 2106 autem
577 2049 628 2105 ei
652 2068 856 2107 senex:
877 2051 1034 2107 Vade
1055 2069 1182 2107 cum
1196 2051 1340 2125 ipso,
1367 2057 1425 2107 et
1454 2053 1605 2107 Deus
1625 2052 1785 2108 illum
1869 2050 2003 2122 quid
2016 2050 2237 2118 faciam,
2259 2051 2390 2122 quia
2409 2051 2624 2122 fragilis
2640 2069 2785 2119 sum,
2818 2058 2876 2107 et
2900 2060 3131 2126 superat
3161 2073 3250 2111 me
3278 2058 3465 2129 passio

178 2157 287 2212 per
312 2140 561 2196 laborem
591 2144 753 2196 tuum
782 2158 896 2196 non
925 2141 1176 2196 dimittet
1200 2158 1482 2197 corruere.
1514 2142 1623 2206 Qui
1651 2159 1784 2197 con-
1866 2139 2028 2194 haec?
2051 2140 2149 2195 Ille
2167 2145 2357 2195 autem
2371 2141 2511 2195 dixit
2529 2140 2578 2195 ei
2600 2160 2612 2195 :
2634 2141 2890 2197 Intentus
2903 2144 3104 2199 estoad
3120 2145 3466 2217 hujusmodi.

179 2247 423 2301 surgens
448 2229 585 2285 abiit
612 2247 739 2285 cum
761 2247 826 2285 eo
856 2231 927 2286 ad
957 2232 1242 2286 saeculum.
1261 2231 1332 2285 Et
1360 2247 1487 2286 cum
1503 2232 1783 2303 pervenis-
1868 2229 1987 2284 Scis
2027 2236 2218 2285 autem
2248 2230 2382 2302 quid
2421 2229 2654 2285 fecerint
2699 2232 3065 2288 Madianitm?
3109 2234 3467 2292 Ornavcrunt

175 2324 269 2375 set
299 2320 370 2374 ad
400 2320 700 2392 quemdam
723 2321 927 2388 vicum,
946 2320 1140 2376 videns
1159 2321 1309 2376 Deus
1327 2320 1577 2376 laborem
1606 2321 1777 2388 illius,
1864 2319 2007 2373 filias
2039 2336 2188 2387 suas,
2221 2325 2278 2374 et
2296 2324 2616 2375 statuerunt
2644 2337 2738 2375 eas
2764 2321 2823 2375 in
2852 2327 3152 2395 conspectu
3184 2325 3465 2381 Israelita-

176 2408 280 2481 qui
310 2425 376 2465 ex
406 2410 681 2466 charitate
702 2416 759 2466 et
773 2411 1105 2466 necessitate
1134 2411 1366 2466 fratrem
1391 2428 1557 2465 suum
1579 2429 1780 2484 seque-
1863 2425 2019 2478 rum;
2055 2426 2167 2464 non
2184 2414 2373 2465 tamen
2401 2415 2758 2465 extorserunt
2778 2411 3057 2482 aliquibus
3080 2418 3147 2467 ut
3166 2414 3464 2472 misceren-

173 2497 365 2565 batur,
398 2498 626 2555 abstulit
670 2500 1175 2572 concupiscentiam
1221 2518 1256 2555 a
1300 2500 1475 2555 fratre
1513 2502 1662 2572 ejus.
1712 2502 1781 2556 Et
1860 2501 1956 2553 tur
1983 2515 2111 2553 cum
2148 2498 2246 2566 eis,
2278 2500 2376 2553 sed
2415 2499 2512 2570 qui
2540 2500 2841 2554 voluerunt
2867 2500 3230 2558 incurrerunt
3270 2503 3328 2559 in
3377 2506 3460 2560 eis

171 2587 314 2644 dicit
335 2588 499 2644 fratri
526 2606 660 2644 suo:
691 2589 897 2644 Eamus
924 2590 1129 2644 iterum
1155 2590 1227 2645 ad
1263 2606 1536 2657 eremum,
1580 2589 1774 2646 frater.
1859 2586 2057 2655 (Num.
2103 2592 2253 2659 xxv).
2297 2588 2408 2643 Alii
2453 2593 2644 2643 autem
2707 2589 3067 2661 indignantes
3132 2593 3457 2650 comminati

170 2677 316 2733 Ecce
344 2683 497 2750 puto,
528 2679 661 2750 quia
682 2679 803 2751 jam
832 2680 1059 2751 peccavi
1084 2697 1212 2735 cum
1237 2679 1474 2735 muliere
1498 2699 1510 2747 ;
1531 2679 1666 2752 quid
1696 2681 1779 2735 lu-
1860 2682 2009 2742 sunt,
2034 2683 2233 2732 etcum
2257 2677 2490 2732 interitu
2509 2695 2703 2732 eorum
2727 2679 2823 2750 qui
2848 2684 3461 2753 praesumpserant,ulti

168 2772 366 2823 oratus
385 2784 511 2824 sum
530 2784 600 2824 ex
635 2769 777 2824 hoc?
810 2770 880 2825 Et
896 2769 1102 2825 reversi
1124 2774 1257 2825 sunt
1299 2769 1458 2825 illaesi
1486 2770 1545 2825 in
1577 2771 1776 2826 cellam
1858 2772 1991 2823 sunt
2010 2767 2433 2823 fornicationem
2459 2785 2470 2821 :
2505 2768 2587 2824 ita
2613 2769 2894 2840 agendum
2923 2775 3009 2824 est
3037 2775 3094 2825 et
3120 2771 3190 2825 de
3216 2772 3459 2829 fornica-

168 2873 358 2912 suam,
1857 2856 2030 2912 tione.
2059 2857 2130 2911 Et
2150 2858 2374 2929 quando
2388 2856 2614 2912 initium
2643 2857 2856 2913 faciunt
2871 2859 3023 2931 loqui
3054 2859 3113 2914 in
3141 2862 3307 2917 corde
3336 2868 3454 2931 tuo,

242 2945 334 3003 ‘29.
371 2946 570 3003 Frater
595 2952 847 3004 tentatus
876 2965 911 3003 a
955 2948 1208 3005 daemone
1254 2949 1534 3021 profectus
1580 2954 1665 3005 est
1700 2951 1771 3006 ad
1854 2962 1968 3001 non
1990 2946 2329 3017 respondeas
2356 2947 2469 3013 eis;
2503 2947 2601 3001 sed
2639 2963 2894 3018 surgens,
2927 2964 3027 3003 ora
3058 2954 3116 3004 et
3143 2966 3246 3021 age
3275 2953 3456 3023 pceni-

167 3036 478 3106 quemdam
500 3054 713 3105 senem,
730 3038 954 3093 dicens:
987 3038 1133 3103 Quia
1150 3039 1356 3093 duoilli
1373 3039 1576 3095 fratres
1604 3040 1771 3096 simul
1854 3036 2113 3103 tentiam,
2143 3036 2367 3091 dicens:
2398 3036 2504 3091 Fili
2530 3036 2652 3103 Dei,
2684 3037 2952 3092 miserere
2983 3038 3113 3093 mei.
3162 3040 3315 3096 Dixit
3350 3058 3454 3097 au-

170 3130 330 3193 sunt,
358 3131 417 3181 et
440 3128 589 3182 male
619 3126 828 3183 vivunt.
861 3128 1134 3199 Cognovit
1160 3133 1349 3183 autem
1379 3145 1548 3184 senex
1577 3130 1711 3201 quia
1739 3146 1771 3184 a
1792 3135 1836 3197 Ο
1854 3131 1970 3181 tem
2001 3125 2052 3179 ei
2071 3125 2245 3180 frater
2270 3144 2282 3179 :
2314 3126 2451 3179 Ecce
2478 3126 2739 3193 meditor,
2771 3125 2934 3193 abba,
2959 3133 3017 3182 et
3043 3144 3156 3182 non
3187 3133 3273 3183 est
3300 3146 3455 3185 com-

166 3214 426 3271 daemone
456 3216 807 3283 illuderetur,
833 3223 891 3273 et
909 3217 1139 3272 mittens
1159 3218 1374 3272 vocavit
1394 3236 1489 3274 eos
1509 3219 1577 3274 ad
1599 3236 1677 3273 se.
1703 3220 1773 3274 Et

161 3322 298 3360 cum
314 3292 522 3361 factum
540 3311 687 3362 esset
705 3323 954 3378 vespere,
970 3308 1158 3379 posuit
1171 3312 1407 3363 mattam
1428 3308 1646 3364 duobus
1660 3309 1773 3364 illis

158 3394 454 3461 fratribus,
487 3400 545 3450 et
575 3396 872 3468 cooperuit
912 3414 1006 3451 eos
1037 3397 1096 3451 in
1123 3414 1235 3452 uno
1284 3401 1488 3463 stratu,
1540 3398 1728 3453 dicens
1755 3418 1766 3453 :

160 3482 301 3538 Filii
320 3483 422 3539 Dei
452 3484 645 3555 magni
667 3490 724 3540 et
743 3487 924 3541 sancti
939 3492 1089 3541 sunt.
1112 3486 1262 3542 Dixit
1276 3492 1467 3541 autem
1499 3486 1771 3559 discipulo

162 3589 273 3627 suo
300 3590 315 3629 :
345 3572 502 3628 Ilunc
526 3573 761 3629 fratrem
809 3576 1003 3631 claude
1032 3576 1092 3631 in
1122 3577 1263 3631 cella
1304 3594 1558 3632 seorsum
1586 3596 1598 3645 ;
1652 3578 1771 3650 ipse

157 3662 317 3717 enim
347 3663 669 3735 passionem
692 3681 861 3737 quam
893 3665 1002 3720 illis
1031 3665 1238 3737 objecit
1263 3666 1321 3720 in
1347 3683 1406 3719 se
1433 3666 1620 3722 habet.

233 3748 324 3809 30.
355 3753 553 3808 Frater
581 3754 808 3826 quidam
839 3754 978 3810 dixit
1018 3755 1138 3810 soni
1166 3775 1177 3809 :
1231 3755 1377 3820 Quid
1433 3756 1593 3822 facio,
1640 3756 1772 3828 quia

156 3841 368 3898 occidit
394 3860 485 3898 me
506 3843 734 3899 sordida
753 3845 1058 3916 cogitatio?
1090 3844 1237 3899 Dicit
1267 3845 1318 3899 ei
1336 3861 1504 3907 senex
1524 3864 1538 3902 :
1568 3846 1771 3901 Mulier

155 3931 388 4004 quando
416 3934 535 3987 vult
558 3932 840 3989 ablactare
862 3934 1038 3989 lilium
1062 3951 1247 4002 suum,
1273 3951 1531 3990 amarum
1555 3933 1769 4007 aliquid

152 4022 499 4094 superungit
526 4022 791 4077 uberibus
814 4024 929 4078 suis
953 4042 965 4091 ;
1000 4030 1209 4079 etcum
1238 4024 1455 4079 venerit
1486 4025 1672 4079 infans
1702 4042 1766 4080 ex

152 4111 568 4166 consuetudine
610 4128 811 4184 sugere
858 4112 963 4180 lac,
1006 4114 1255 4168 sentiens
1304 4113 1761 4182 amaritudinem,

152 4199 388 4271 refugit.
412 4200 571 4256 Mitte
601 4218 733 4273 ergo
764 4207 819 4256 et
841 4208 903 4256 tu
926 4202 986 4257 in
1013 4190 1350 4273 cogitatione
1368 4208 1469 4258 tua
1496 4209 1763 4259 amaritu-

152 4288 371 4345 dinem.
406 4289 553 4345 Dicit
584 4290 636 4345 ei
658 4291 871 4345 frater:
907 4292 1040 4357 Quae
1087 4298 1173 4346 est
1207 4293 1543 4360 amaritudo,
1590 4310 1759 4365 quam

150 4378 395 4434 debeam
413 4379 678 4434 mittere?
709 4380 859 4435 Dixit
887 4380 938 4435 ei
957 4398 1125 4436 senex
1148 4400 1164 4448 :_
1185 4382 1597 4453 Cogitationem
1616 4399 1763 4437 mor-

1855 3215 2083 3286 punctio
2105 3216 2164 3270 in
2193 3215 2360 3269 corde
2382 3231 2525 3281 meo,
2550 3215 2684 3286 quia
2702 3216 2890 3270 nescio
2910 3216 3176 3272 virtutem
3190 3217 3364 3274 verbi.
3385 3220 3455 3276 Et

1853 3303 1947 3358 ille
1975 3304 2144 3359 dixit:
2182 3304 2251 3359 Et
2278 3308 2341 3358 tu
2364 3308 2556 3359 tamen
2586 3304 2879 3359 meditare.
2910 3305 3114 3360 Audivi
3140 3306 3290 3362 enim
3321 3309 3455 3380 quia

1854 3394 2059 3448 dixerit
2072 3393 2242 3448 abbas
2272 3395 2488 3460 Pastor,
2505 3394 2602 3448 sed
2623 3399 2679 3448 et
2697 3393 2791 3448 alii
2821 3395 3019 3449 Patres
3036 3396 3142 3452 hoc
3176 3396 3409 3454 verbum
3432 3418 3447 3453 :

1855 3484 2133 3548 Quoniam
2158 3484 2475 3539 incantator
2500 3483 2766 3538 virtutem
2806 3483 3105 3540 verborum
3145 3504 3268 3558 quae
3316 3486 3453 3543 dicit

1854 3572 2032 3627 nescit
2059 3592 2072 3640 ;
2105 3573 2203 3627 sed
2231 3590 2461 3645 serpens
2491 3573 2667 3640 audit,
2699 3580 2757 3627 et
2785 3573 2892 3628 scit
2938 3573 3205 3630 virtutem
3254 3594 3450 3633 eorum
3558 3578 3571 3585 ”

1855 3679 1978 3733 quae
2008 3658 2388 3731 incantantur,
2422 3666 2479 3717 et
2505 3661 2799 3733 subjicitur
2818 3663 3150 3732 incantanti,
3184 3670 3242 3720 et
3269 3666 3452 3721 humi-

1853 3751 2043 3806 liatur.
2079 3752 2168 3807 Sic
2199 3757 2257 3807 et
2282 3769 2401 3819 nos,
2436 3751 2690 3823 quamvis
2715 3752 3041 3822 ignoremus
3064 3752 3329 3809 virtutem
3350 3772 3446 3811 eo-

1851 3857 1980 3896 rum
2010 3858 2131 3913 qua:
2160 3841 2463 3913 loquimur,
2497 3842 2778 3896 daemones
2804 3848 2997 3897 tamen
3026 3842 3320 3900 audientes
3337 3849 3448 3900 ter-

1850 3935 2048 3985 rentur
2076 3940 2247 4002 atque
2279 3930 2591 3985 discedunt.

1921 4016 2009 4077 33.
2037 4020 2269 4075 Dicebat
2310 4038 2511 4076 senex:
2566 4023 2713 4087 Quia
2754 4022 3017 4095 cogitatio
3062 4022 3449 4080 fornicationis

1846 4109 2059 4180 fragilis
2085 4118 2189 4178 est,
2213 4111 2366 4165 velut
2384 4129 2649 4184 papyrus.
2669 4113 2726 4168 Si
2753 4130 2885 4184 ergo
2902 4113 3151 4183 jactetur
3171 4113 3231 4170 in
3259 4113 3442 4183 nobis,

1847 4204 1903 4253 et
1932 4216 2045 4254 non
2074 4201 2492 4273 acquiescentes
2522 4203 2883 4274 projiciamus
2912 4201 3065 4256 illam
3098 4219 3131 4257 a
3156 4202 3335 4270 nobis,
3367 4204 3447 4258 fa-

1844 4289 1947 4343 cile
1969 4290 2273 4361 rumpitur.
2300 4292 2692 4346 Necessarium
2714 4291 2889 4363 igitur
2904 4296 2989 4345 est
3008 4295 3072 4345 ut
3091 4292 3166 4345 sit
3184 4292 3445 4348 discretio

1842 4378 1900 4433 in
1930 4380 2268 4451 cogitatione
2298 4386 2512 4447 nostra,
2546 4397 2658 4453 qua
2682 4397 3052 4452 agnoscamus
3083 4381 3217 4453 quia
3238 4381 3327 4435 his
3349 4382 3447 4453 qui

149 4468 231 4523 tis
261 4473 320 4523 et
337 4473 768 4538 tormentorum,
810 4487 935 4542 quae
963 4471 1021 4526 in
1054 4472 1254 4526 sgeculo
1280 4472 1469 4527 futuro
1499 4459 1821 4545 peccato-D
1841 4470 2200 4525 consentiunt
2226 4470 2278 4523 ei
2306 4486 2418 4524 non
2448 4470 2522 4524 sit
2548 4487 2674 4542 spes
2705 4470 2902 4525 salutis
2931 4489 2943 4538 ;
2976 4470 3089 4524 illis
3119 4475 3311 4525 autem
3348 4471 3444 4543 qui

150 4558 315 4613 ribus
344 4564 751 4631 prmparantur.

227 4645 325 4706 31.
363 4648 560 4703 Frater
586 4648 814 4721 quidam
844 4649 1213 4723 interrogavit
1237 4668 1427 4706 senem
1458 4651 1528 4706 de
1554 4653 1754 4723 hujus-

147 4736 311 4792 modi
339 4737 675 4809 cogitatione
695 4740 945 4809 (Rufﬁn.,
978 4741 1074 4794 lib.
1105 4754 1189 4807 ιιι,
1215 4757 1270 4794 η.
1305 4738 1417 4811 62).
1452 4741 1522 4795 Et
1549 4741 1685 4796 dicit
1704 4743 1754 4796 ei

147 4842 361 4881 senex:
387 4827 502 4899 Ego
530 4838 819 4899 nunquam
841 4829 1164 4884 stimulatus
1183 4846 1307 4884 sum
1330 4829 1399 4885 de
1432 4830 1534 4884 hac
1566 4848 1645 4884 re.
1688 4832 1758 4885 Et

147 4915 564 4973 scandalizatus
589 4923 675 4972 est
698 4917 758 4973 in
789 4935 854 4974 eo
883 4918 978 4973 ille
1007 4918 1201 4985 frater,
1230 4923 1287 4973 et
1315 4918 1457 4974 abiit
1478 4920 1547 4974 ad
1579 4920 1754 4975 alium

147 5021 371 5072 senem,
396 5005 628 5063 dicens:
664 5007 800 5061 Ecce
827 5008 934 5062 hoc
963 5007 1104 5062 dixit
1131 5007 1270 5062 mihi
1318 5008 1413 5063 ille
1461 5025 1647 5076 senex,
1700 5014 1757 5063 et

146 5094 563 5151 scandalizatus
594 5113 719 5151 sum
752 5096 809 5151 in
840 5114 945 5152 eo:
987 5097 1120 5169 quia
1148 5114 1317 5170 super
1361 5102 1623 5153 naturam
1672 5104 1757 5153 est

145 5183 305 5256 quod
329 5184 486 5239 dixit.
521 5186 669 5240 Dicit
697 5186 748 5241 ei
769 5203 964 5241 senex:
1000 5187 1125 5242 Non
1151 5187 1479 5259 simpliciter
1498 5188 1601 5243 tibi
1617 5188 1755 5244 dixit

145 5273 258 5328 hoc
285 5272 381 5328 ille
412 5273 577 5329 homo
606 5275 707 5331 Dei
732 5294 744 5343 ;
777 5277 875 5331 sed
895 5292 1081 5348 surge,
1114 5277 1251 5331 vade
1281 5282 1339 5332 et
1362 5278 1752 5349 paenitentiam

145 5379 257 5434 age
291 5362 440 5434 apud
471 5380 620 5431 eum,
648 5368 714 5419 ut
742 5365 959 5437 aperiat
987 5365 1089 5420 tibi
1119 5365 1381 5421 virtutem
1428 5383 1751 5422 sermonum

145 5466 405 5507 suorum.
430 5450 690 5508 Surrexit
718 5469 850 5526 ergo
870 5453 965 5509 ille
985 5453 1177 5521 frater,
1207 5459 1265 5510 et
1279 5456 1432 5510 venit
1446 5457 1517 5510 ad
1538 5472 1749 5524 senem,

144 5556 327 5613 agens
367 5539 428 5596 in
472 5547 774 5615 conspectu
815 5545 937 5615 ejus
986 5544 1398 5618 paenitentiam.
1453 5546 1522 5599 Et
1576 5545 1745 5600 dixit:

141 5629 383 5702 Ignosce
420 5630 583 5703 mihi,
612 5636 789 5706 pater,
825 5633 957 5707 quia
989 5633 1158 5690 stulte
1188 5632 1311 5702 feci,
1342 5650 1456 5693 non
1477 5634 1625 5692 dicto
1654 5633 1754 5692 tibi

1838 4574 1951 4612 non
1981 4558 2357 4625 consentiunt,
2389 4559 2639 4631 reposita
2662 4560 2737 4613 sit
2760 4575 2990 4616 corona.

1910 4646 1998 4703 34.
2031 4648 2153 4702 Duo
2177 4648 2377 4702 fratres
2396 4647 2712 4719 impugnati
2731 4664 2765 4701 a
2779 4648 3164 4715 fornicatione,
3182 4647 3443 4705 abierunt

1837 4742 1895 4791 et
1921 4742 2257 4808 acceperunt
2284 4753 2504 4791 uxores.
2538 4739 2741 4792 Postea
2761 4742 2951 4792 autem
2972 4738 3236 4793 dixerunt
3258 4739 3328 4794 ad
3349 4739 3440 4794 in-

1836 4827 2011 4881 vicem
2038 4844 2050 4879 :
2085 4826 2228 4890 Quid
2249 4826 2448 4881 lucrati
2478 4843 2671 4881 sumus
2692 4826 2825 4899 quia
2849 4828 3201 4884 deseruimus
3229 4829 3440 4901 angeli-

1838 4934 1965 4971 cum
1988 4916 2260 4982 ordinem,
2295 4921 2352 4971 et
2376 4916 2629 4971 venimus
2659 4917 2718 4971 in
2750 4917 3175 4973 immunditiam
3203 4919 3366 4988 hanc,
3384 4926 3442 4975 et

1838 5011 1961 5079 post
1994 5006 2112 5061 haec
2141 5007 2199 5061 in
2224 5006 2431 5077 ignem,
2450 5012 2507 5061 et
2525 5006 2583 5061 in
2596 5012 2945 5063 tormentum
2963 5010 3184 5065 venturi
3204 5009 3438 5065 sumus?

1837 5097 2153 5151 Redeamus
2182 5113 2314 5168 ergo
2346 5096 2417 5151 ad
2447 5113 2719 5164 eremum,
2754 5104 2811 5153 et
2837 5115 3071 5170 agamus
3105 5099 3173 5153 de
3202 5099 3290 5153 his
3315 5114 3436 5170 quae

1837 5186 2297 5258 praesumpsimus
2322 5187 2733 5259 paenitentiam.
2771 5188 2839 5242 Et
2884 5188 3168 5243 venientes
3199 5187 3269 5242 ad
3311 5203 3436 5242 ere-

1835 5293 2012 5343 mum,
2034 5282 2570 5348 rogaveruntpatrcs
2592 5282 2655 5332 ut
2674 5277 3021 5348 susciperent
3037 5293 3132 5331 eos
3161 5276 3433 5347 paeniten-

1834 5371 1920 5419 tes
1949 5370 2006 5419 et
2034 5366 2365 5421 confitentes
2395 5382 2462 5420 ea
2486 5381 2610 5437 quae
2652 5369 2959 5436 gesserant.
2996 5365 3065 5418 Et
3109 5363 3433 5420 clauserunt

1836 5471 1931 5509 eos
1961 5471 2108 5510 anno
2138 5455 2357 5527 integro
2386 5472 2565 5523 senes,
2608 5459 2665 5510 et
2710 5452 2979 5508 ambobus
3024 5452 3315 5525 aequaliter
3361 5454 3434 5511 ad

1834 5561 2071 5616 pensum
2096 5544 2334 5601 dabatur
2353 5545 2533 5618 panis,
2560 5549 2617 5599 et
2636 5544 2707 5598 ad
2724 5559 3046 5597 mensuram
3070 5558 3237 5615 aqua.
3259 5544 3435 5599 Erant

1835 5639 2024 5691 autem
2054 5634 2264 5692 visione
2291 5634 2623 5692 consimiles.
2658 5632 2728 5690 Et
2748 5631 2885 5690 dum
2928 5634 3260 5708 completum
3290 5632 3428 5691 fuis-
