3934 6402
492 275 600 337 883

1629 284 1724 341 DE
1761 283 1951 342 VITIS
1991 284 2288 342 PATRUM
2324 283 2540 341 LIBER
2575 282 2643 336 V.

3649 279 3769 340 884

491 411 579 462 set
597 411 821 480 tempus
835 407 1194 479 paenitentiae,
1211 407 1492 463 exierunt.
1521 408 1592 463 Et
1612 409 1874 464 viderunt
1887 410 2081 465 Patres
2097 411 2144 472 Α
2163 410 2386 464 dicens:
2421 406 2714 474 Quomodo
2740 405 2851 461 huc
2889 403 3209 460 advenisti?
3237 403 3341 460 Illa
3368 408 3561 460 autem
3611 406 3774 463 velut

493 511 668 552 unum
701 497 968 568 pallidum
997 503 1054 551 et
1087 497 1304 552 tristem
1343 497 1545 566 nimis;
1593 498 1766 554 alium
1815 517 1942 554 vero
1991 517 2082 555 ro-

491 585 716 640 bustum
743 590 800 640 et
825 585 1038 640 clarum
1065 605 1078 654 ;
1111 592 1168 640 et
1195 586 1382 642 mirati
1412 593 1562 653 sunt,
1605 588 1871 660 quoniam
1897 588 2083 643 cibum

490 678 548 728 et
574 680 770 744 potum
799 675 1092 746 mqualiter
1127 682 1475 747 acceperant.
1509 677 1578 732 Et
1601 677 2088 747 interrogaverunt

487 779 618 818 eum
657 763 756 834 qui
800 763 979 818 tristis
1015 770 1075 818 et
1116 765 1359 820 afﬂictus
1407 772 1546 829 erat,
1599 766 1848 821 dicentes
1883 785 1894 820 :
1939 767 2084 832 Quid

487 851 831 907 exercitabas
850 869 977 907 cum
1008 854 1439 924 cogitationibus
1469 855 1580 910 tuis
1607 855 1665 910 iu
1703 856 1844 910 cella
1867 862 1964 911 tua
1981 856 2086 910 ?Et

487 939 582 995 ille
611 941 780 996 dixit:
824 942 933 996 Pro
982 943 1144 998 malis
1189 961 1311 1015 quae
1359 943 1482 1008 feci,
1536 961 1728 1016 poenas
1775 946 1832 1000 in
1883 945 2084 1017 quibus

487 1034 755 1085 venturus
785 1047 940 1085 eram
973 1031 1030 1086 in
1059 1032 1250 1086 animo
1278 1033 1648 1100 revolvebam,
1697 1040 1754 1089 et
1804 1051 1838 1088 a
1880 1035 2084 1090 timore

486 1119 846 1175 adhaeserunt
873 1137 1001 1176 ossa
1031 1139 1156 1175 mea
1183 1122 1338 1176 carni
1379 1139 1536 1177 meae.
1589 1123 2086 1194 Interrogaverunt

485 1213 676 1263 autem
707 1213 766 1262 et
792 1208 985 1274 alium,
1009 1208 1282 1265 dicentes:
1312 1211 1396 1266 Tu
1417 1213 1550 1284 quid
1563 1211 1846 1284 cogitabas
1871 1213 1930 1268 in
1944 1213 2087 1269 cella

489 1297 632 1351 tua?
662 1297 730 1351 Et
758 1297 852 1352 ille
881 1297 1140 1354 dicebat:
1174 1299 1290 1354 Deo
1327 1301 1540 1370 gratias
1576 1301 1906 1368 referebam,
1953 1303 2086 1374 quia

487 1385 638 1440 eruit
659 1402 749 1440 me
771 1386 840 1440 de
861 1386 1288 1458 inquinamento
1310 1390 1501 1444 mundi
1525 1391 1712 1462 hujus,
1741 1397 1799 1446 et
1817 1391 1885 1445 de
1907 1391 2084 1446 futuri

491 1475 679 1530 saculi
699 1475 898 1546 poenis,
934 1481 991 1529 et
1019 1477 1293 1532 revocavit
1321 1495 1409 1533 me
1438 1479 1509 1532 ad
1538 1479 1682 1534 hanc
1709 1481 2084 1536 conversatio-

493 1580 622 1618 nem
653 1564 962 1634 angelicam
991 1583 1004 1631 ;
1037 1572 1093 1619 et
1121 1567 1483 1621 reminiscens
1531 1569 1754 1623 assidue
1799 1569 1901 1624 Dei
1953 1570 2083 1638 mei,

2166 501 2410 572 plorans,
2425 497 2673 552 dicebat:
2695 495 2946 550 Errando
2958 493 3068 548 huc
3088 493 3229 550 veni.
3256 492 3509 558 Quicum
3533 495 3773 551 misera-

2165 591 2318 643 tione
2347 587 2622 642 viscerum
2656 584 2996 656 pulsaretur,
3026 581 3338 637 introduxit
3364 599 3487 638 eam
3505 583 3566 639 in
3594 585 3774 640 atrio-

2169 677 2283 732 lum
2314 676 2527 731 cellulze
2551 691 2684 740 suae,
2718 679 2775 728 et
2799 673 2917 746 ipse
2947 671 3177 726 intravit
3205 671 3440 727 interius
3473 673 3534 728 in
3564 675 3768 728 cellam

2167 783 2349 833 suam,
2370 771 2428 820 et
2442 765 2661 820 clausit.
2682 764 2750 818 Et
2769 779 2895 818 ecce
2913 761 3102 816 infelix
3119 761 3219 815 illa
3236 761 3515 829 clamavit,
3542 762 3767 818 dicens:

2165 855 2342 920 Abba,
2373 854 2504 910 ferae
2541 870 2632 908 me
2679 851 2976 908 comedent
3017 850 3126 906 hic.
3174 851 3276 906 Ille
3320 855 3512 906 autem
3558 851 3770 907 iterum

2165 944 2425 1000 turbatus
2455 948 2558 1008 est,
2592 942 2798 997 timens
2831 941 3002 996 etiam
3035 939 3309 1011 judicium
3341 939 3462 1006 Dei,
3506 940 3768 996 dicebat:

2165 1034 2324 1090 Unde
2345 1033 2484 1087 mihi
2519 1032 2664 1086 venit
2678 1031 2762 1084 ira
2782 1031 2900 1084 haec
2921 1029 2944 1083 Τ
2972 1030 3040 1083 Et
3065 1027 3324 1100 aperiens
3344 1028 3568 1096 ostium,
3592 1029 3773 1085 intro-

2164 1123 2326 1177 duxit
2344 1138 2468 1176 eam
2499 1122 2668 1176 intro.
2693 1119 2874 1190 Cmpit
2886 1124 3076 1174 autem
3095 1117 3351 1173 diabolus
3376 1118 3528 1173 velut
3546 1119 3774 1190 sagittis

2165 1212 2458 1268 stimulare
2497 1227 2594 1264 cor
2621 1211 2743 1281 ejus
2781 1209 2836 1263 in
2860 1225 3030 1268 .eam.
3079 1207 3187 1272 Qui
3231 1223 3359 1263 cum
3397 1208 3771 1266 intellexisset

2165 1301 2374 1355 diaboli
2405 1317 2527 1354 esse
2552 1298 2832 1364 stimulos,
2885 1295 3106 1352 dicebat
3150 1296 3210 1351 in
3259 1297 3598 1370 semetipso:
3645 1298 3770 1355 Viae

2166 1389 2377 1446 inimici
2394 1388 2638 1444 tenebra:
2659 1391 2821 1455 sunt;
2857 1386 3033 1441 Filius
3049 1392 3236 1440 autem
3261 1386 3363 1441 Dei
3379 1386 3472 1441 lux
3490 1393 3574 1442 est
3599 1390 3768 1452 (Psal.

2167 1484 2370 1548 xxx1v).
2397 1478 2645 1550 Surgens
2667 1493 2799 1548 ergo
2823 1475 3077 1530 accendit
3097 1475 3405 1532 lucernam.
3439 1475 3507 1530 Et
3531 1473 3662 1531 cum
3683 1476 3769 1531 in-

2170 1571 2558 1624 flammaretur
2584 1565 2878 1632 desiderio,
2912 1563 3132 1619 dicebat
3155 1583 3166 1618 :
3198 1565 3476 1630 Quoniam
3504 1565 3601 1636 qui
3628 1566 3770 1620 talia

492 1651 740 1708 laetabar.
775 1651 843 1706 Et
869 1653 1131 1710 dixerunt
1155 1672 1351 1710 senes:
1394 1656 1645 1728 JEqualis
1673 1665 1759 1713 est
1793 1658 2087 1716 amborum
2110 1727 2139 1730 _
2171 1664 2366 1730 agunt,
2398 1657 2457 1712 in
2492 1655 2787 1712 tormentis
2834 1654 3046 1709 vadunt
3085 1655 3222 1724 (Gal.
3271 1656 3346 1724 v).
3397 1653 3579 1709 Proba
3634 1671 3772 1726 ergo

493 1741 822 1815 paenitentia
847 1743 996 1815 apud
1023 1744 1222 1800 Deum.

566 1830 652 1888 35.
685 1831 866 1886 Senex
889 1832 1118 1903 quidam
1146 1839 1268 1888 erat
1287 1834 1344 1889 in
1361 1835 1582 1906 Scythi:
1627 1836 1720 1908 qui
1744 1853 1872 1890 cum
1901 1837 2088 1892 incur-

493 1918 660 1975 risset
679 1920 736 1974 in
763 1921 1096 1992 aegritudine
1127 1939 1351 1994 magna,
1377 1923 1694 1979 serviebant
1718 1926 1769 1980 ei
1786 1926 2005 1980 fratres.
2026 1927 2094 1980 Et

493 2008 686 2064 videns
711 2026 882 2065 senex
907 2010 1037 2082 quia
1059 2011 1398 2078 laborarent,
1430 2013 1598 2068 dixit:
1623 2014 1779 2069 Vado
1804 2015 1864 2070 in
1891 2015 2096 2088 [Egyp-

495 2104 638 2164 tum,
675 2104 732 2154 et
760 2115 871 2154 non
897 2100 1107 2154 solvam
1135 2101 1337 2156 fratres
1366 2102 1519 2158 istos.
1554 2104 1624 2158 Et
1651 2103 1789 2158 dicit
1832 2103 1884 2158 ei
1924 2104 2096 2160 abbas

497 2188 720 2261 Moyses
751 2205 764 2241 :
793 2187 923 2244 Non
951 2190 1146 2256 vadas,
1191 2189 1456 2264 quoniam
1477 2191 1532 2246 in
1557 2192 1984 2248 fornicationem
2017 2193 2098 2248 in-

499 2293 768 2333 cursurus
796 2295 874 2332 es.
909 2278 1010 2334 Ille
1037 2285 1225 2334 autem
1265 2280 1630 2336 eontristatus
1669 2282 1925 2336 dicebat:
1963 2285 2096 2338 Mor-

498 2372 661 2422 tuum
690 2373 776 2422 est
798 2385 1000 2440 corpus
1020 2385 1230 2434 meum,
1269 2375 1325 2424 et
1353 2376 1413 2424 tu
1443 2370 1580 2424 mihi
1615 2371 1720 2426 ista
1749 2371 1926 2426 dicis?
1959 2373 2096 2427 Sur-

498 2473 639 2528 gens
660 2473 793 2528 ergo
823 2456 962 2512 abiit
989 2458 1046 2512 in
1085 2458 1370 2531 1Egytum.
1421 2459 1580 2524 Quod
1623 2477 1749 2514 cum
1789 2461 2100 2515 audiissent

500 2545 758 2601 homines
807 2546 1244 2619 circumquaque
1292 2547 1630 2615 habitantes,
1680 2549 1988 2604 offerebant
2046 2550 2098 2606 ei

503 2635 702 2689 multa.
733 2635 902 2689 Venit
929 2637 1099 2689 etiam
1131 2637 1201 2691 ad
1240 2653 1370 2691 eum
1403 2637 1660 2708 quaedam
1695 2639 1851 2710 virgo
1898 2639 2094 2705 fidelis,

2109 1727 2152 1791 Β
2173 1727 2246 1802 tei
2253 1763 2412 1818 psum
2435 1762 2500 1800 ex
2519 1745 2643 1810 hoc,
2659 1744 2704 1798 si
2719 1748 2877 1816 potes
2894 1743 3173 1798 sustinere
3187 1741 3370 1814 ignem
3389 1749 3684 1798 aeternum.
3704 1745 3771 1799 Et

2173 1835 2434 1891 mittebat
2451 1835 2690 1906 digitum
2713 1849 2883 1890 suum
2898 1832 2958 1886 in
2989 1831 3299 1888 lucernam.
3322 1821 3500 1897 Quem
3526 1849 3656 1888 cum
3686 1832 3774 1887 in-

2173 1923 2470 1992 cendisset,
2497 1927 2554 1978 et
2571 1923 2814 1988 arderet,
2847 1937 2961 1976 non
2986 1919 3264 1976 sentiebat
3282 1927 3510 1994 propter
3535 1921 3773 1976 nimiam

2177 2017 2464 2071 ﬂammam
2480 2009 2943 2084 concupiscentia;
2957 2009 3218 2065 carnalis.
3237 2011 3308 2066 Et
3324 2010 3402 2065 ita
3411 2027 3592 2083 usque
3607 2027 3776 2066 mane

2175 2104 2403 2171 faciens,
2435 2101 2686 2158 incendit
2713 2116 2908 2155 omnes
2937 2099 3174 2170 digitos.
3215 2099 3320 2155 Illa
3345 2104 3533 2155 autem
3582 2100 3776 2156 infelix

2178 2193 2373 2248 videns
2401 2191 2550 2265 quod
2577 2189 2835 2256 faciebat,
2869 2205 2900 2244 a
2930 2188 3134 2244 timore
3154 2189 3306 2244 velut
3323 2189 3465 2261 lapis
3492 2189 3642 2245 facta
3669 2195 3774 2245 est.

2178 2284 2248 2339 Et
2273 2281 2564 2337 venientes
2597 2282 2833 2352 juvenes
2881 2294 3048 2333 mane
3094 2278 3166 2333 ad
3207 2278 3546 2334 monachum
3593 2279 3774 2346 illum,

2178 2371 2440 2428 dicebant
2463 2389 2474 2424 :
2508 2370 2679 2424 Venit
2706 2368 2799 2422 hic
2829 2367 3034 2424 mulier
3065 2367 3234 2422 sero?
3259 2367 3359 2422 Ille
3381 2371 3570 2423 autem
3599 2367 3774 2423 dixit:

2181 2461 2363 2516 Etiam
2387 2479 2400 2528 ;
2420 2476 2544 2514 ecce
2565 2459 2659 2514 ubi
2675 2458 2903 2513 dormit.
2924 2458 2994 2512 Et
3006 2457 3282 2512 intrantes
3302 2457 3634 2512 invenerunt
3655 2475 3778 2512 eam

2181 2555 2482 2606 mortuam.
2518 2549 2588 2603 Et
2615 2547 2846 2602 dicunt:
2878 2546 3056 2615 Abba,
3090 2552 3314 2602 mortua
3341 2551 3443 2601 est.
3490 2547 3650 2602 Tunc
3688 2547 3780 2600 ille

2181 2638 2462 2694 recuticns
2481 2637 2769 2709 palliolum
2792 2649 2978 2700 suum,
2995 2652 3106 2708 quo
3124 2635 3410 2702 utebatur,
3436 2635 3687 2690 ostendit
3705 2635 3782 2690 eis

506 2723 696 2778 volens
725 2722 1056 2794 obsequium
1086 2741 1250 2780 suum
1279 2727 1398 2780 seni
1430 2727 1738 2782 infirmanti
1768 2728 1985 2783 deferre
2034 2729 2102 2783 Et
2185 2743 2384 2782 manus
2409 2743 2560 2793 suas,
2593 2726 2784 2780 dicens
2808 2743 2822 2782 :
2854 2726 2991 2780 Ecce
3017 2724 3166 2796 quod
3197 2724 3336 2780 mihi
3364 2724 3496 2780 fecit
3531 2724 3652 2779 filia
3675 2725 3782 2780 ista

508 2818 635 2884 post
649 2813 1001 2884 aliquantum
1026 2815 1294 2886 temporis
1321 2832 1448 2869 cum
1479 2817 1769 2886 paululum
1793 2817 1862 2872 de
1881 2817 2105 2888 :egritu-
2185 2816 2412 2881 diaboli,
2434 2815 2680 2888 perdidit
2703 2831 2898 2870 omnes
2921 2814 3126 2886 digitos
3149 2830 3322 2870 meos.
3345 2814 3416 2869 Et
3443 2829 3686 2868 narrans
3706 2813 3783 2868 eis

509 2902 661 2970 dine,
697 2919 807 2974 qua
833 2901 1148 2970 tenebatur,
1184 2903 1384 2960 melius
1414 2903 1722 2968 habuisset,
1766 2905 2002 2961 incurrit
2047 2907 2104 2961 in
2189 2904 2338 2978 quod
2362 2903 2572 2958 factum
2591 2903 2792 2969 fuerat,
2807 2901 3053 2957 dicebat:
3074 2903 3355 2974 Scriptum
3376 2907 3477 2970 est,
3493 2919 3563 2957 ne
3583 2903 3783 2957 reddas

511 3008 656 3058 eam,
692 2997 749 3045 et
776 2991 875 3046 illa
895 2993 1167 3064 concepit.
1204 2993 1558 3064 Interrogata
1599 3001 1788 3049 autem
1835 3013 1870 3050 a
1911 2995 2106 3050 vicinis

2189 2994 2404 3049 malum
2431 3010 2532 3066 pro
2563 2993 2712 3048 malo
2748 2993 2924 3064 (Prov.
2975 3006 3106 3058 xvn,
3167 2993 3340 3048 Thess.
3371 3005 3442 3059 v;
3475 2992 3504 3046 1
3529 2994 3640 3046 Pet.
3677 2995 3779 3060 In).

511 3081 616 3135 loci
645 3081 796 3135 unde
819 3084 1154 3153 conceperit,
1188 3082 1282 3136 illa
1312 3083 1636 3155 respondit:
1683 3085 1762 3139 Dc
1805 3101 1936 3139 sene
1975 3085 2099 3139 hoc.
2126 3090 2170 3152 Ο
2188 3085 2258 3138 Et
2275 3083 2484 3138 faciens
2509 3081 2841 3149 orationem,
2865 3080 3158 3136 suscitavit
3177 3081 3471 3146 eam.Qute
3492 3096 3781 3147 conversa,

512 3170 600 3226 Illi
629 3175 819 3225 autem
845 3187 956 3225 non
998 3171 1300 3226 credebant
1345 3173 1416 3228 ei.
1460 3174 1642 3228 Senex
1676 3191 1802 3228 vero
1850 3173 2104 3228 dicebat:

509 3260 624 3332 Ego
644 3261 750 3316 hoc
775 3259 897 3328 feci,
923 3259 1021 3316 sed
1043 3261 1316 3316 custodite
1352 3261 1490 3316 mihi
1521 3261 1793 3318 infantem
1822 3281 1986 3335 quem
2019 3280 2112 3336 pe-

511 3350 678 3423 perit.
720 3351 854 3416 Quae
891 3367 1016 3406 cum
1057 3350 1346 3421 genuisset
1389 3369 1646 3423 puerum,
1697 3357 1754 3406 et
1799 3352 2110 3408 ablactatus

512 3439 729 3505 fuisset,
750 3439 880 3494 tulit
899 3457 1067 3494 senex
1088 3440 1357 3495 infantem
1376 3440 1435 3496 in
1469 3440 1722 3496 humeris
1751 3442 1890 3508 suis,
1923 3447 1981 3497 ct
2019 3443 2112 3497 die

513 3545 629 3599 qua
649 3528 1057 3583 erattestivitas
1081 3528 1140 3584 in
1159 3529 1368 3602 Scythi,
1403 3530 1646 3585 occurrit
1677 3530 1774 3598 ibi,
1803 3536 1862 3586 et
1883 3531 2114 3587 intravit

514 3617 880 3673 inecclesiam
904 3635 1092 3672 coram
1125 3619 1488 3674 multitudine
1514 3620 1772 3676 fratrum.
1805 3621 1894 3676 Illi
1923 3628 2110 3677 autem

517 3706 766 3762 videntes
787 3724 938 3772 eum,
961 3708 1254 3762 ﬂeverunt.
1294 3707 1399 3773 Qui
1417 3709 1557 3763 dixit
1577 3709 1846 3764 fratribus
1870 3729 1881 3763 :
1899 3711 2115 3766 Videtis

519 3796 792 3853 infantem
811 3798 960 3852 hunc
975 3798 1000 3850 ἲ
1022 3797 1170 3852 filius
1201 3803 1287 3852 est
1315 3797 1704 3854 inobedientize
1731 3816 1888 3855 meze.
1915 3801 2116 3855 Cavete

522 3903 658 3958 ergo
685 3904 800 3953 vos,
822 3886 1046 3956 fratres,
1063 3887 1196 3958 quia
1213 3887 1273 3942 in
1294 3893 1582 3943 senectute
1610 3888 1715 3944 hoc
1737 3888 1860 3956 feci,
1885 3894 1942 3944 et
1961 3896 2116 3944 orate

521 3993 624 4049 pro
643 3993 754 4031 me.
781 3977 850 4030 Et
877 3993 1116 4048 pergens
1128 3977 1198 4031 ad
1215 3977 1414 4032 cellam
1434 3994 1618 4040 suam,
1641 3978 1709 4032 ad
1745 3978 1970 4034 initium
1999 3978 2116 4052 pri-

523 4081 629 4121 mae
653 4065 1092 4120 conversationis
1118 4082 1233 4120 suae
1261 4082 1518 4121 reversus
1548 4072 1652 4122 est.

597 4151 686 4210 36.
717 4153 915 4208 Frater
943 4154 1169 4224 quidam
1199 4159 1450 4208 tentatus
1477 4161 1564 4208 est
1587 4156 1827 4227 pessime
1855 4173 1890 4211 a
1919 4156 2122 4212 daemo-

528 4242 714 4298 nibus.
747 4243 812 4297 In
840 4243 1024 4314 specie
1058 4243 1208 4298 enim
1239 4243 1598 4314 pulchrarum
1621 4245 2120 4311 sﬁamulierum

524 4332 930 4399 transformati,
954 4333 1170 4404 jugiter
1189 4332 1561 4404 quadraginta
1579 4332 1775 4388 diebus
1805 4351 2122 4406 persevera-

2191 3177 2342 3228 caste
2371 3173 2485 3243 egit
2511 3171 2798 3226 residuum
2818 3175 3041 3243 tempus
3072 3169 3199 3226 vita:
3229 3186 3362 3225 sua.

2260 3262 2350 3317 38.
2392 3262 2590 3317 Frater
2619 3261 2847 3333 quidam
2871 3259 3310 3333 impugnabatur
3335 3275 3371 3314 a
3397 3259 3782 3315 fornicatione.

2193 3350 2444 3422 Contigit
2491 3355 2680 3406 autem
2739 3367 2869 3405 eum
2916 3349 3106 3404 venire
3152 3349 3210 3404 in
3260 3349 3442 3404 vicum
3489 3350 3786 3421 quemdam

2191 3440 2399 3513 1Egyti,
2425 3444 2483 3494 et
2501 3439 2695 3494 videns
2721 3439 2894 3494 ﬁliam
2925 3437 3230 3494 sacerdotis
3259 3453 3628 3510 paganorum,
3661 3439 3789 3492 ada-

2193 3529 2368 3585 mavit
2381 3546 2524 3597 eam,
2541 3529 2793 3600 dixitque
2817 3529 2965 3601 patri
2983 3529 3106 3600 ejus
3124 3547 3138 3583 :
3152 3528 3237 3583 Da
3249 3527 3386 3582 mihi
3400 3544 3522 3582 eam
3536 3544 3764 3582 uxorem
3774 3567 3786 3580 .

2195 3619 2298 3676 Ille
2317 3625 2506 3675 autem
2527 3619 2870 3690 respondens
2889 3617 3030 3673 dixit
3049 3617 3099 3672 ei
3121 3635 3133 3672 :
3151 3618 3277 3672 Non
3298 3633 3524 3689 possum
3545 3633 3672 3672 eam
3690 3617 3788 3672 tibi

2196 3709 2350 3776 dare,
2378 3707 2487 3763 nisi
2501 3724 2770 3778 rogavero
2789 3708 2958 3763 deum
2982 3723 3190 3762 meum.
3216 3707 3286 3762 Et
3296 3705 3488 3762 abiens
3505 3707 3574 3761 ad
3589 3707 3789 3762 daemo-

2196 3815 2327 3854 nem
2358 3813 2525 3870 quem
2541 3795 2777 3864 colebat,
2805 3796 2947 3852 dixit
2966 3797 3047 3852 ei:
3074 3797 3210 3851 Ecce
3237 3795 3461 3866 quidam
3485 3797 3788 3850 monachus

2198 3887 2350 3943 venit
2369 3887 2440 3942 ad
2453 3904 2561 3954 me,
2579 3887 2769 3942 volens
2787 3887 3040 3958 accipere
3053 3887 3220 3942 filiam
3243 3903 3424 3943 meam
3443 3886 3542 3954 ;do
3560 3886 3612 3940 ei
3639 3887 3788 3940 eam?

2197 3977 2562 4050 Respondens
2591 3977 2828 4044 daemon,
2850 3975 2990 4031 dixit
3013 3995 3024 4029 :
3052 3976 3110 4032 Si
3134 3983 3306 4048 negat
3325 3977 3502 4032 Deum
3517 3991 3708 4043 suum,
3739 3981 3790 4030 et

2198 4066 2564 4138 baptismum,
2588 4071 2646 4121 et
2664 4065 3014 4138 propositum
3035 4065 3313 4133 monachi,
3344 4065 3629 4136 interroga
3641 4081 3784 4120 eum.

2201 4157 2271 4212 Et
2297 4155 2522 4212 veniens
2547 4156 2805 4211 sacerdos
2824 4155 2966 4210 dixit
2985 4155 3036 4210 ei
3060 4173 3072 4209 :
3113 4157 3271 4226 Nega
3293 4156 3470 4210 Deum
3513 4160 3702 4222 tuum,
3741 4158 3791 4208 et

2199 4245 2561 4318 baptismum,
2593 4251 2652 4300 et
2693 4244 3040 4318 propositum
3083 4244 3361 4312 monachi,
3411 4249 3468 4298 et
3507 4241 3650 4298 dabo
3696 4243 3789 4298 tibi

2202 4335 2376 4390 ﬁliam
2407 4351 2612 4390 meam.
2645 4335 2746 4390 Ille
2791 4351 2922 4389 vero
2969 4335 3268 4390 consensit.
3318 4334 3388 4388 Et
3421 4332 3612 4388 statim
3659 4332 3792 4386 vidit

525 4427 728 4478 verunt
753 4427 1071 4495 pugnantes
1101 4422 1365 4476 adversus
1393 4438 1542 4488 eum,
1576 4428 1641 4477 ut
1669 4423 1962 4479 traherent
1988 4442 2118 4480 eum
2139 4411 2189 4470 Π
2204 4425 2354 4480 velut
2371 4423 2686 4480 columbam
2703 4424 2853 4480 exire
2875 4423 2944 4477 de
2964 4440 3060 4478 ore
3081 4439 3202 4488 suo,
3220 4429 3278 4478 et
3295 4423 3479 4478 volare
3497 4422 3556 4476 in
3569 4422 3786 4478 malum.

527 4513 598 4569 ad
624 4519 850 4586 turpem
883 4511 1350 4568 commistionem.
1379 4512 1481 4568 Illo
1503 4518 1691 4568 autem
1713 4513 1950 4569 viriliter
1977 4515 2122 4570 relu-

509 4592 732 4671 ‘ctante,
761 4609 818 4658 et
844 4602 1076 4657 minime
1104 4607 1387 4674 superato,
1421 4603 1570 4657 Deus
1605 4603 1882 4675 aspiciens
1909 4603 2120 4660 bonum

527 4681 650 4765 ejus
676 4698 981 4760 certamen,
1021 4692 1250 4747 donavit
1277 4692 1329 4746 ei
1359 4697 1422 4747 ut
1447 4693 1600 4747 ultra
1633 4694 1851 4748 nullum
1877 4695 2119 4750 calorem

528 4783 768 4838 carnalis
797 4781 1256 4854 concupiscentia:
1285 4786 1592 4852 pateretur.

600 4869 688 4926 37.
721 4871 1017 4926 Solitarius
1037 4871 1266 4942 quidam
1286 4875 1409 4924 erat
1423 4869 1854 4925 ininferioribus
1873 4871 2122 4944 [Egypth

528 4966 587 5016 et
616 4960 706 5015 hic
733 4965 856 5014 erat
883 4959 1384 5024 nominatissimus,
1425 4959 1559 5032 quia
1592 4960 1743 5014 solus
1785 4959 1843 5014 in
1891 4960 2123 5016 ecclesia

527 5048 835 5106 sedebatin
867 5049 1088 5103 deserto
1105 5048 1243 5103 loco.
1274 5049 1346 5103 Et
1373 5065 1518 5113 ecce,
1547 5048 1712 5118 juxta
1739 5048 2124 5118 Operationem

529 5141 774 5206 Satanae,
809 5137 1013 5194 mulier
1040 5137 1293 5210 quaedam
1323 5137 1621 5192 inhonesta
1656 5136 1892 5190 audiens
1919 5137 1990 5192 de
2035 5153 2121 5204 eo,

527 5229 750 5284 dicebat
767 5227 1100 5300 juvenibus:
1126 5227 1270 5292 Quid
1288 5227 1427 5281 mihi
1456 5225 1623 5280 vultis
1651 5225 1804 5291 dare,
1825 5231 1882 5280 et
1896 5227 2122 5300 depono

433 5341 442 5350 ο
526 5319 696 5375 istum
727 5319 1041 5374 solitarium
1069 5316 1352 5372 vestrum?
1378 5315 1462 5371 Illi
1494 5319 1683 5370 autem
1713 5315 2126 5372 constituerunt

527 5410 578 5464 ei
598 5415 814 5465 certum
837 5407 969 5481 quid
991 5407 1141 5480 quod
1155 5407 1358 5460 darent
1379 5404 1450 5460 ei.
1470 5405 1604 5466 Quae
1625 5420 1854 5473 egressa
1873 5422 2118 5477 vespere,

532 5499 682 5554 venit
696 5499 845 5554 velut
860 5513 1056 5552 errans
1077 5496 1146 5552 ad
1169 5496 1363 5552 cellan:
1389 5495 1543 5564 ejus;
1563 5498 1760 5548 etcum
1781 5494 2032 5565 pulsaret
2051 5495 2124 5550 ad

529 5588 748 5654 cellam,
763 5602 1025 5658 egressus
1047 5586 1234 5643 estille
1255 5603 1266 5650 ;
1288 5589 1345 5638 et
1359 5583 1549 5640 videns
1581 5599 1704 5638 eam
1734 5581 1994 5642 turbatus
2015 5591 2118 5654 est,

2201 4513 2447 4584 Pcrgens
2475 4519 2664 4569 autem
2699 4513 2956 4568 sacerdos
2973 4513 3040 4568 ad
3073 4512 3402 4578 daemonem,
3435 4511 3607 4566 dixit:
3660 4513 3788 4567 Ecce

2202 4603 2462 4674 promisit
2507 4620 2567 4657 se
2611 4603 2726 4657 tria
2771 4601 2868 4657 illa
2907 4601 3204 4657 facturum.
3260 4603 3403 4657 Tum
3456 4601 3788 4672 respondens

2203 4692 2458 4747 diabolus
2489 4692 2692 4747 dixitei
2717 4711 2728 4746 :
2755 4693 2882 4747 Non
2898 4691 2994 4746 des
3014 4691 3064 4746 ei
3083 4690 3257 4746 filiam
3275 4696 3432 4746 tuam
3463 4689 3520 4745 in
3543 4706 3787 4755 uxorem,

2203 4782 2336 4854 quia
2366 4783 2515 4836 Deus
2538 4783 2661 4853 ejus
2688 4798 2798 4836 non
2817 4781 3046 4836 recessit
3065 4779 3134 4835 ab
3157 4797 3241 4846 eo,
3271 4780 3368 4834 sed
3405 4779 3585 4835 adhuc
3633 4781 3789 4850 adju-

2201 4870 2354 4926 vabit
2383 4889 2532 4926 eum.
2553 4872 2623 4926 Et
2641 4871 2870 4926 veniens
2891 4870 3151 4925 sacerdos
3167 4869 3308 4924 dixit
3325 4868 3406 4923 illi
3441 4867 3601 4922 fratri
3627 4885 3640 4922 :
3673 4869 3788 4923 Non

2203 4959 2306 5015 tibi
2335 4977 2561 5032 possum
2581 4977 2704 5014 eam
2727 4961 2880 5028 dare,
2906 4959 3038 5032 quia
3060 4960 3210 5014 Deus
3222 4963 3352 5014 tuus
3371 4957 3552 5013 adhuc
3565 4957 3787 5028 adjuvat

2205 5053 2281 5116 te,
2323 5055 2380 5104 et
2407 5067 2520 5104 non
2549 5049 2778 5104 recessit
2804 5065 2838 5104 a
2865 5055 2939 5104 te.
2965 5049 3097 5103 Haec
3117 5047 3351 5103 audiens
3369 5051 3561 5110 frater,
3581 5045 3722 5101 dixit
3734 5045 3782 5098 in

2207 5139 2607 5211 semetipsum:
2645 5139 2702 5194 Si
2732 5144 2949 5194 tantam
2987 5137 3296 5192 bonitatem
3339 5135 3582 5192 ostendit
3607 5135 3667 5190 in
3706 5148 3784 5189 me

2205 5225 2374 5294 Deus,
2410 5245 2537 5284 cum
2575 5245 2678 5300 ego
2713 5227 2902 5283 infelix
2922 5226 3238 5298 negaverim
3261 5230 3319 5280 et
3335 5225 3537 5296 ipsum,
3578 5228 3637 5279 et
3661 5223 3785 5294 bap-

2203 5317 2454 5383 tismum,
2488 5323 2546 5373 et
2562 5317 2909 5390 propositum
2931 5316 3211 5382 monachi,
3235 5313 3416 5370 bonus
3444 5319 3633 5368 autem
3649 5314 3785 5368 Deus

2207 5405 2376 5460 etiam
2404 5406 2482 5461 sic
2513 5407 2724 5460 malum
2751 5422 2902 5461 nunc
2926 5421 3103 5476 usque
3131 5405 3362 5476 adjuvat
3406 5419 3514 5470 me,
3559 5419 3660 5458 cur
3694 5415 3784 5472 ego

2167 5547 2176 5562 ,
2205 5495 2466 5550 recedam
2496 5493 2566 5550 ab
2595 5511 2660 5550 eo
2683 5495 2705 5548 ?
2733 5496 2804 5551 Et
2821 5495 2880 5550 in
2893 5495 3262 5566 semetipsum
3290 5509 3566 5558 reversus,
3591 5489 3784 5563 recepit

2205 5583 2566 5642 sobrietatem
2593 5585 2816 5654 mentis,
2841 5591 2898 5642 et
2917 5584 3068 5642 venit
3085 5582 3143 5640 in
3161 5599 3416 5643 eremum
3435 5581 3505 5640 ad
3535 5595 3782 5658 magnum
