3934 6402
192 318 305 379 885

1494 328 1736 387 VERBA
1772 324 2163 419 SENIORUM.

3368 318 3473 380 886

189 448 497 520 quemdam
525 465 735 516 senem,
757 454 815 505 et
832 451 1082 507 narravit
1098 452 1149 507 ei
1170 469 1291 525 quae
1311 456 1536 510 fuerant
1560 460 1704 511 acta.
1726 456 1793 509 Et
1809 451 2159 516 Aosculatus
2185 455 2271 505 est
2307 466 2437 506 eum
2470 468 2484 507 :
2515 457 2570 506 et
2607 451 2809 507 tollens
2843 466 3107 506 coronam
3151 465 3323 523 quam
3348 449 3467 522 ipse

188 539 540 610 respondens
558 556 746 606 senex,
765 540 907 595 dixit
923 541 992 596 ei:
1021 541 1164 596 Sede
1187 556 1408 599 mecum
1427 544 1483 600 in
1506 546 1790 617 spelunca,

187 631 249 681 et
260 627 463 698 jejuna
474 634 590 684 tres
600 629 980 685 hebdomadas
999 631 1312 699 continuas,
1332 638 1390 688 et
1409 650 1512 704 ego
1534 635 1794 706 depreca-

186 713 297 770 bor
312 717 502 772 Deum
532 735 633 789 pro
661 724 735 774 te.
768 720 840 774 Et
884 718 1160 775 laboravit
1185 738 1355 777 senex
1380 740 1483 794 pro
1509 724 1702 792 fratre,
1735 731 1792 781 et

186 804 524 877 deprecatus
569 813 658 863 est
698 808 896 875 Deum,
929 808 1119 864 dicens
1159 829 1170 864 :
1222 811 1485 880 Obsecro,
1529 813 1784 881 Domine,

186 893 341 949 dona
370 895 510 950 mihi
553 896 804 952 animam
845 898 1008 965 hanc,
1043 904 1100 953 et
1137 900 1357 973 suscipe
1399 903 1788 973 paenitentiam

185 984 1789 1065 ejus.EtexaudivitorationemejusDeus.Etcumcompleta

187 1072 949 1146 fuissetprimahebdomada,
958 1078 1108 1159 venit
1117 1080 1357 1134 senexad
1370 1080 1784 1150 illumfratrem,

185 1171 248 1217 et
296 1163 670 1234 interrogavit
702 1165 883 1232 illum,
934 1167 1130 1222 dicens
1160 1186 1171 1221 :
1206 1168 1433 1241 Aliquid
1454 1170 1639 1225 vidisti
1658 1171 1684 1224 ?
1721 1173 1792 1227 Et

184 1252 537 1323 respondens
587 1253 780 1320 frater,
832 1254 1012 1309 dixit:
1046 1256 1270 1325 Etiam;
1312 1258 1425 1312 vidi
1470 1260 1789 1316 columbam

184 1356 414 1395 sursum
426 1340 485 1397 in
495 1342 793 1398 altitudine
805 1345 927 1399 caeli
941 1349 1137 1400 contra
1144 1351 1315 1417 caput
1324 1363 1513 1402 meum
1524 1354 1766 1405 stantem
1775 1390 1787 1405 .

186 1429 258 1484 Et
291 1432 633 1502 respondens
661 1449 848 1501 senex,
872 1434 1017 1489 dixit
1044 1434 1131 1491 ei:
1164 1436 1407 1491 Attende
1435 1436 1784 1511 tibimetipsi,

188 1523 251 1573 et
264 1518 568 1590 deprecare
588 1521 768 1576 Deum
780 1522 1013 1577 intente.
1033 1524 1422 1580 Secundavero
1437 1526 1788 1584 hebdomada

185 1609 348 1663 venit
364 1626 533 1663 senex
561 1610 765 1665 iterum
806 1612 878 1666 ad
896 1611 1148 1681 fratrem,
1170 1618 1227 1668 et
1245 1614 1611 1685 interrogavit
1636 1634 1786 1688 eum,

184 1697 383 1752 dicens
410 1716 421 1752 :
459 1698 661 1753 Vidisti
690 1700 943 1771 aliquid?
973 1702 1042 1758 Et
1068 1703 1360 1775 respondit
1385 1723 1398 1759 :
1430 1705 1559 1759 Vidi
1579 1707 1789 1763 colum-

1874 541 2134 605 habebat,
2160 540 2349 612 posuit
2376 540 2436 595 in
2466 541 2648 612 capite
2675 540 2844 607 illius,
2877 545 2934 595 et
2952 540 3083 595 fecit
3111 556 3243 595 eum
3270 538 3376 594 sibi
3406 539 3465 593 in

1873 646 1989 685 una
2015 630 2145 685 sede
2181 629 2490 695 considere,
2526 629 2715 683 dicens
2750 646 2762 684 :
2790 630 3054 700 Magnam
3095 644 3217 683 rem
3246 627 3467 682 fortiter

1871 719 2110 790 gessisti.
2129 720 2246 774 Hoc
2259 736 2362 790 ego
2381 735 2507 774 cum
2520 718 2825 783 audissem,
2844 717 3303 784 etvidissem,dixi
3316 716 3466 772 intra

1871 809 2148 881 meipsum
2176 827 2187 863 :
2221 809 2395 864 Valde
2422 825 2663 880 magnus
2692 813 2777 862 est
2805 808 2940 862 ordo
2970 808 3391 863 monachorum.

1939 897 2028 955 40.
2064 898 2343 954 Dicebant
2357 899 2426 953 de
2446 899 2689 970 quodam
2714 898 2876 954 Patre
2889 897 3021 969 quia
3031 897 3310 953 saecularis
3326 896 3464 951 fuis-

1870 991 1973 1054 set,
1993 993 2051 1042 et
2069 995 2194 1059 post
2208 1004 2505 1042 conversus
2521 994 2625 1053 est,
2649 993 2705 1041 et
2722 988 2791 1042 de
2810 987 3259 1058 concupiscentia
3278 987 3465 1041 uxoris

1870 1093 1987 1132 sua:
2015 1076 2336 1148 frequenter
2355 1076 2772 1143 stimulabatur,
2797 1082 2854 1131 et
2872 1075 3139 1131 narrabat
3165 1076 3269 1131 hoc
3289 1075 3467 1130 Patri-

1870 1165 1997 1223 bus.
2021 1166 2129 1231 Qui
2148 1183 2277 1221 cum
2307 1166 2577 1221 vidissent
2599 1166 2732 1237 quia
2760 1165 3050 1238 Operarius
3070 1170 3236 1231 esset,
3266 1171 3323 1220 et
3350 1180 3467 1219 ma-

1866 1256 1995 1325 jora
2021 1255 2262 1310 faciebat
2274 1272 2442 1327 quam
2460 1255 2540 1309 illi
2565 1254 2844 1320 dicebant,
2864 1254 3230 1325 imponebant
3247 1254 3298 1308 ei
3320 1270 3465 1324 quae-

1870 1344 2020 1410 dam,
2045 1350 2109 1399 ut
2127 1344 2515 1399 debilitaretur
2527 1361 2729 1415 corpus
2756 1344 2897 1414 ejus,
2927 1343 3009 1397 ita
3034 1348 3099 1398 ut
3114 1360 3216 1397 nec
3236 1359 3465 1412 surgere

1871 1438 2075 1503 posset.
2110 1433 2224 1487 Deo
2254 1438 2444 1488 autem
2474 1433 2851 1504 dispensante,
2880 1432 3033 1486 venit
3059 1432 3286 1503 quidam
3309 1437 3468 1503 pater

1871 1527 1936 1576 ut
1962 1522 2269 1594 applicaret.
2296 1523 2356 1577 in
2387 1522 2579 1594 Scythi
2604 1541 2616 1583 ;
2650 1527 2707 1577 et
2735 1539 2861 1577 cum
2887 1521 3127 1576 venisset
3155 1521 3226 1575 ad
3266 1521 3465 1575 cellam

1872 1611 2013 1680 ejus,
2048 1610 2186 1666 vidit
2230 1628 2354 1665 eam
2385 1616 2660 1683 apertam,
2705 1617 2761 1666 et
2799 1610 3161 1682 pertransivit
3198 1610 3465 1680 adjurans

1870 1705 2149 1776 quomodo
2173 1721 2339 1760 nemo
2359 1721 2616 1776 egressus
2644 1710 2793 1760 esset
2820 1704 2879 1758 in
2908 1720 3201 1758 occursum
3231 1705 3373 1775 ejus.
3399 1703 3468 1758 Et

178 1784 317 1841 bam
342 1787 659 1843 venientem
698 1790 863 1860 juxta
889 1796 1057 1863 caput
1087 1808 1297 1849 meum.
1329 1794 1399 1849 Et
1438 1796 1706 1868 pmcepit
1732 1786 1847 1852 eiB
1868 1810 2126 1849 reversus
2162 1793 2442 1866 pulsabat,
2483 1794 2673 1849 dicens
2698 1812 2709 1848 :
2734 1795 2818 1849 Ne
2837 1793 2980 1848 forte
2998 1792 3172 1848 frater
3191 1792 3286 1864 qui
3308 1792 3365 1848 in
3395 1809 3463 1847 ea

181 1893 375 1941 senex,
404 1877 595 1932 dicens
621 1896 633 1931 :
661 1878 893 1934 Sobrius
917 1887 1036 1935 esto
1067 1887 1277 1949 mente,
1310 1888 1370 1937 et
1388 1900 1504 1938 ora.
1534 1885 1606 1940 Et
1631 1901 1785 1953 com-

178 1965 337 2036 pleta
357 1966 527 2021 tertia
544 1966 913 2032 hebdomada,
935 1969 1089 2025 venit
1106 1971 1316 2027 iterum
1335 1989 1522 2040 senex,
1544 1979 1602 2029 et
1615 1974 1789 2029 inter-

175 2054 402 2125 rogavit
431 2071 581 2122 eum,
609 2056 801 2112 dicens
824 2075 836 2111 :
871 2058 956 2113 Ne
977 2059 1190 2131 aliquid
1210 2061 1336 2132 plus
1348 2062 1536 2117 vidisti
1558 2063 1582 2116 ?
1600 2064 1670 2119 Et
1687 2064 1782 2120 ille

178 2144 494 2215 respondit,
542 2145 733 2201 dicens
766 2164 779 2199 :
820 2146 948 2202 Vidi
989 2148 1329 2217 columbam,
1360 2151 1494 2222 quia
1519 2152 1675 2208 venit
1725 2158 1783 2209 et

175 2233 342 2289 stetit
364 2250 538 2305 supra
574 2240 743 2307 caput
769 2252 977 2317 meum,
1010 2243 1069 2293 et
1094 2239 1308 2295 tetendi
1340 2256 1572 2296 manum
1592 2259 1778 2297 meam

170 2327 375 2377 tenere
394 2339 543 2391 eam,
563 2324 658 2378 illa
675 2328 864 2380 autem
889 2342 1125 2397 surgens
1153 2328 1387 2384 intravit
1402 2329 1462 2384 in
1483 2346 1545 2385 os
1562 2347 1773 2386 meum.

174 2411 248 2466 Et
266 2413 685 2483 ﬁsogratias
714 2431 887 2486 agens
907 2415 1023 2470 Deo
1044 2433 1231 2484 senex,
1263 2417 1403 2473 dixit
1421 2419 1580 2474 fratri
1602 2438 1613 2475 :
1639 2422 1777 2476 Ecce

172 2499 428 2570 suscepit
454 2501 604 2557 Deus
621 2503 1009 2574 paenitentiam
1037 2510 1215 2574 tuam;
1248 2506 1317 2562 de
1331 2512 1533 2563 caetero
1550 2510 1777 2565 attende

173 2589 564 2661 temetipsum,
592 2595 650 2645 et
676 2596 796 2647 esto
825 2593 1113 2649 sollicitus.
1147 2596 1217 2651 Et
1239 2598 1583 2668 respondens
1602 2599 1778 2656 frater

173 2676 323 2732 dixit
353 2696 365 2732 :
399 2679 538 2734 Ecce
555 2681 758 2737 amodo
784 2686 972 2738 tecum
995 2700 1093 2739 ero
1116 2684 1295 2740 donec
1321 2686 1549 2741 moriar.

247 2765 338 2823 39.
386 2767 618 2824 Dicebat
649 2770 880 2842 quidam
926 2772 997 2828 de
1041 2773 1294 2829 Thebaeis
1329 2775 1575 2844 senibus,
1629 2778 1777 2849 quod

174 2855 333 2911 ﬁlius
374 2861 524 2913 esset
564 2860 869 2916 sacerdotis
896 2861 1213 2932 idolorum;
1244 2870 1303 2919 et
1341 2882 1470 2921 cum
1512 2867 1776 2938 parvulus

168 2945 399 3002 sederet
423 2946 725 3022 intemplo,
747 2951 976 3008 vidisset
1003 2959 1223 3026 patrem
1251 2972 1418 3011 suum
1454 2960 1778 3029 frequenter

170 3032 414 3105 ingredi,
437 3042 494 3091 et
505 3039 779 3095 sacriﬁcia
804 3042 1004 3098 offerre
1017 3044 1166 3099 idolo
1185 3063 1197 3112 ;
1227 3050 1285 3100 et
1303 3044 1436 3116 quia
1454 3047 1629 3102 semel
1649 3052 1776 3118 post

1868 1882 2090 1938 habitat
2106 1882 2443 1939 infirmetur.
2464 1884 2533 1938 Et
2550 1899 2681 1939 cum
2701 1883 2997 1954 pulsasset,
3018 1882 3274 1947 intravit,
3291 1886 3350 1937 et
3370 1882 3460 1937 in-

1868 1973 2021 2027 venit
2047 1989 2178 2027 eum
2197 1972 2437 2027 nimium
2466 1972 2777 2027 infirmum.
2810 1972 2881 2026 Et
2899 1971 3037 2026 dicit
3063 1971 3115 2026 ei
3141 1988 3153 2025 :
3183 1971 3330 2036 Quid
3359 1971 3461 2025 ha-

1867 2059 1985 2127 bes,
2020 2062 2225 2117 Pater?
2245 2062 2317 2117 Et
2342 2061 2593 2116 narravit
2620 2060 2692 2129 ei,
2714 2060 2905 2117 dicens
2934 2079 2946 2115 :
2975 2061 3091 2132 Ego
3109 2060 3180 2115 de
3206 2060 3460 2119 saeculari

1864 2150 1978 2205 vita
2008 2166 2156 2218 sum,
2205 2156 2263 2205 et
2293 2150 2559 2206 sollicitat
2594 2167 2684 2205 me
2712 2150 2881 2205 modo
2906 2149 3170 2205 inimicus
3197 2150 3258 2204 in
3284 2165 3457 2205 uxore

1861 2255 1991 2295 mea
2014 2258 2026 2294 :
2054 2246 2112 2295 et
2130 2240 2353 2295 narravi
2371 2239 2651 2307 Patribus,
2678 2243 2735 2294 et
2760 2239 3151 2311 imposuerunt
3176 2238 3316 2294 mihi
3334 2256 3468 2295 con-

1859 2330 2188 2385 versationis
2204 2346 2376 2384 onera
2387 2329 2625 2384 diversa.
2645 2329 2717 2384 Et
2735 2345 2865 2384 cum
2879 2328 3204 2384 obedienter
3221 2328 3457 2400 implere

1858 2419 2077 2484 vellem,
2116 2435 2243 2474 ecce
2273 2418 2469 2486 defeci,
2501 2422 2559 2473 et
2586 2423 2777 2473 tamen
2803 2418 3067 2473 stimulus
3094 2417 3311 2473 crescit.
3334 2418 3454 2473 Au-

1859 2507 2017 2562 cliens
2044 2508 2161 2563 haec
2179 2524 2367 2574 senex,
2401 2507 2764 2563 contristatus
2793 2513 2897 2573 est,
2929 2513 2988 2562 et
3013 2507 3153 2562 dixit
3180 2507 3265 2561 ei:
3290 2508 3458 2579 Equi-

1858 2596 1987 2668 dem
2018 2597 2235 2664 Patres,
2266 2602 2331 2652 ut
2357 2601 2615 2668 potentes
2640 2596 2743 2650 viri
2766 2595 2910 2651 bene
2938 2595 3040 2651 tibi
3068 2595 3459 2668 imposuerunt

1858 2701 2050 2754 onera,
2088 2686 2290 2759 quibus
2316 2686 2597 2758 gravaris;
2629 2685 2726 2740 sed
2756 2685 2806 2740 si
2830 2702 2920 2740 me
2947 2686 3244 2757 parvulum
3271 2685 3451 2751 audis,

1852 2775 2007 2845 jacta
2027 2792 2061 2829 a
2083 2781 2141 2831 te
2168 2776 2304 2845 haec,
2339 2781 2396 2831 et
2418 2792 2578 2831 sume
2607 2791 2807 2847 parum
2827 2774 2935 2830 cibi
2962 2775 3022 2830 in
3055 2780 3309 2848 tempore
3328 2792 3452 2841 suo,

1859 2868 1918 2919 et
1941 2866 2274 2937 recolligens
2292 2865 2437 2919 vires
2465 2870 2613 2932 tuas,
2646 2863 2734 2918 fac
2760 2864 3115 2936 aliquantum
3145 2881 3286 2937 opus
3329 2865 3451 2929 Dei,

1858 2956 1917 3008 et
1937 2954 2093 3025 jacta
2120 2954 2179 3009 in
2202 2955 2443 3011 Domino
2462 2954 2770 3026 cogitatum
2783 2960 2948 3009 tuum
2964 2955 3134 3027 (Psal.
3170 2960 3297 3021 LIv),
3322 2970 3457 3026 quo-

1856 3042 2010 3098 niam
2038 3050 2137 3099 tuo
2165 3043 2356 3099 labore
2401 3044 2549 3098 hanc
2589 3059 2713 3097 rem
2753 3060 2866 3099 non
2922 3043 3133 3115 poteris
3162 3059 3447 3115 superare.

168 3122 361 3194 ipsum
375 3127 589 3182 occulte
614 3128 923 3198 intraverit,
953 3137 1011 3187 et
1046 3134 1249 3189 viderit
1276 3135 1543 3190 Satanam
1571 3136 1773 3192 seden-
1793 3144 1834 3207 c
1855 3132 2073 3205 Corpus
2117 3133 2269 3188 enim
2320 3139 2578 3190 nostrum
2622 3136 2777 3190 velut
2802 3133 3200 3188 vestimentum
3243 3138 3347 3186 est.
3391 3132 3452 3187 Si

169 3216 316 3278 tem,
347 3209 405 3268 et
429 3232 653 3272 omnem
681 3219 941 3275 militiam
971 3224 1094 3293 ejus
1122 3228 1403 3279 astantem
1432 3225 1484 3279 ei
1515 3243 1527 3278 :
1562 3230 1620 3281 et
1646 3241 1772 3280 ecce

164 3317 319 3356 unus
339 3303 409 3358 de
436 3305 782 3378 principibus
811 3311 934 3380 ejus
954 3311 1182 3367 veniens
1201 3313 1457 3368 adoravit
1482 3330 1630 3369 eum.
1664 3316 1768 3371 Cui

164 3390 426 3448 diabolus
448 3393 624 3452 dixit:
656 3398 815 3454 Unde
827 3400 981 3455 venis
1000 3402 1098 3456 tu?
1126 3403 1193 3456 Et
1226 3403 1321 3457 ille
1341 3404 1659 3475 respondit:
1700 3406 1767 3461 In

160 3478 268 3535 illa
296 3482 579 3553 provincia
597 3502 773 3557 eram,
799 3494 857 3544 et
880 3491 1142 3546 suscitavi
1164 3492 1277 3546 illic
1301 3492 1448 3547 bella
1471 3498 1529 3548 et
1548 3498 1767 3565 pertur-

161 3568 421 3627 bationes
449 3574 739 3645 plurimas,
775 3578 1073 3635 effusiones
1107 3582 1402 3652 sanguinis
1445 3582 1676 3652 faciens,
1709 3589 1767 3639 et

158 3659 294 3714 veni
320 3662 581 3719 nuntiare
607 3665 730 3721 tibi.
751 3668 821 3722 Et
837 3668 1093 3725 diabolus
1119 3670 1486 3742 interrogavit
1511 3689 1670 3728 eum:
1696 3674 1763 3730 In

157 3755 376 3820 quanto
396 3756 648 3825 tempore
662 3755 767 3810 hoc
784 3756 963 3813 fecisti
983 3759 1006 3811 ?
1028 3760 1096 3814 Et
1112 3759 1204 3814 ille
1223 3761 1542 3832 respondit:
1562 3763 1627 3817 In
1655 3764 1761 3817 tri-

152 3837 322 3908 ginta
349 3840 568 3897 diebus.
602 3844 672 3899 Et
698 3844 953 3902 diabolus
975 3848 1148 3918 jussit
1177 3866 1308 3904 eum
1336 3851 1628 3921 ﬂagellari,
1671 3852 1759 3907 di-

152 3927 337 3983 cendo
368 3947 381 3983 :
409 3931 588 3987 Tanto
618 3937 872 4006 tempore
917 3937 1023 3992 hoc
1072 3938 1249 3993 fecisti
1274 3938 1298 3992 ?
1338 3940 1408 3994 Et
1456 3957 1581 3995 ecce
1612 3941 1757 3998 alius

150 4016 388 4074 veniens
423 4020 679 4077 adoravit
718 4040 868 4080 eum.
921 4027 990 4081 Et
1036 4027 1143 4098 ipsi
1188 4027 1332 4082 dixit
1363 4047 1375 4083 :
1412 4029 1572 4084 Unde
1600 4032 1755 4086 venis

154 4109 224 4161 tu
243 4106 269 4159 ?
300 4107 369 4161 Et
396 4111 687 4181 respondit
713 4112 932 4168 daemon
965 4132 977 4168 :
1012 4116 1077 4170 In
1104 4116 1248 4170 mari
1273 4134 1449 4185 eram,
1493 4123 1550 4173 et
1577 4120 1753 4175 susci-

149 4194 269 4249 tavi
298 4199 715 4267 commotiones,
753 4206 811 4256 et
836 4203 1079 4259 demersi
1106 4222 1293 4273 naves,
1336 4211 1394 4261 et
1420 4208 1627 4263 multos
1652 4210 1754 4263 ho-

147 4284 337 4340 mines
358 4287 635 4356 occidens,
667 4291 794 4345 veni
820 4293 1083 4365 nuntiare
1113 4294 1234 4350 tibi.
1269 4296 1340 4350 Et
1387 4296 1528 4352 dixit
1553 4298 1749 4354 diabo-

145 4373 242 4429 lus
266 4392 279 4427 :
305 4374 528 4440 Quanto
546 4382 800 4451 tempore
827 4380 932 4436 hoc
958 4382 1178 4439 fecisti?
1200 4385 1269 4440 Et
1296 4385 1391 4440 ille
1421 4388 1745 4458 respondit:

1853 3220 1991 3276 illud
2011 3222 2312 3293 diligenter
2323 3223 2667 3291 tractaveris,
2691 3222 2880 3291 stabit;
2901 3222 2951 3276 si
2974 3226 3166 3277 autem
3189 3221 3449 3291 neglexe-

1851 3310 1930 3365 ris
1956 3311 2115 3379 illud,
2138 3317 2439 3383 putrescet.
2458 3312 2567 3377 Qui
2591 3329 2718 3367 cum
2735 3312 2987 3367 audisset
3013 3327 3163 3379 eum,
3195 3310 3324 3365 fecit
3341 3310 3443 3377 ita,

1849 3405 1908 3455 et
1932 3400 2085 3455 intra
2112 3418 2319 3472 paucos
2338 3402 2459 3456 dies
2484 3401 2715 3457 recessit
2742 3400 2813 3456 ab
2841 3418 2907 3456 eo
2936 3400 3193 3455 stimulus
3220 3400 3335 3454 ille.

1918 3489 2007 3544 41.
2038 3491 2345 3546 Monachus
2364 3491 2594 3563 quidam
2620 3490 2903 3547 solitarius
2931 3490 3216 3562 antiquus,
3249 3494 3444 3545 etcon—

1846 3580 2163 3635 versatione
2192 3581 2508 3652 proficiens,
2540 3580 2772 3636 sedebat
2786 3580 2846 3635 in
2873 3584 3065 3634 monte
3097 3579 3158 3634 in
3186 3578 3442 3651 partibus

1843 3668 2107 3737 Antinoo,
2135 3669 2281 3725 sicut
2326 3670 2643 3725 audivimus
2673 3687 2709 3725 a
2747 3670 2897 3725 notis
2942 3669 3251 3735 monachis,
3281 3670 3441 3741 cujus

1840 3757 2024 3813 verbis
2049 3763 2106 3813 et
2123 3764 2253 3814 actu
2273 3760 2439 3814 multi
2461 3758 2849 3832 proficiebant.
2873 3759 2944 3813 Et
2957 3774 3085 3813 cum
3108 3758 3238 3812 talis
3264 3761 3429 3821 esset,

1841 3847 2113 3903 excitatus
2132 3852 2221 3903 est
2246 3848 2502 3904 diabolus
2529 3849 2600 3903 ad
2618 3848 2886 3904 invidiam
2903 3852 3099 3902 contra
3116 3862 3265 3913 eum,
3291 3845 3437 3902 sicut

1840 3941 1898 3991 et
1921 3941 2119 3992 contra
2137 3954 2332 3993 omnes
2355 3937 2629 3993 virtutum
2654 3937 2824 4005 viros,
2861 3941 2920 3991 et
2962 3935 3221 3991 immittit
3246 3934 3435 3991 animo

1838 4027 1888 4096 ej
1894 4043 1960 4082 us
1973 4027 2373 4097 cogitationem
2400 4026 2679 4099 talem,|ut
2689 4026 2741 4081 ei
2762 4026 2858 4098 qui
2869 4025 2927 4081 in
2938 4025 3039 4080 tali
3049 4024 3436 4098 ,‘conversatio-

1834 4132 1907 4171 ne
1919 4122 2065 4171 esset
2085 4133 2199 4171 non
2220 4115 2658 4172 deberetserviri
2675 4115 2745 4171 ab
2768 4116 2898 4182 alio,
2930 4120 3031 4171 aut
3058 4113 3434 4170 ministerium

1837 4205 2103 4273 exhiberi,
2144 4206 2243 4260 sed
2277 4206 2457 4277 magis
2492 4207 2675 4278 ipsum
2698 4205 2903 4260 debere
2928 4204 3053 4260 aliis
3082 4205 3427 4261 ministrare.

1835 4294 1997 4359 Quod
2035 4295 2084 4350 si
2123 4284 2267 4351 aliis
2296 4312 2411 4351 non
2453 4296 2741 4351 exhiberet
2786 4295 3183 4363 ministerium,
3229 4296 3429 4351 saltem

1833 4383 1939 4438 sibi
1987 4383 2095 4456 ipsi
2137 4385 2388 4452 serviret,
2430 4385 2660 4440 dicens:
2693 4385 2887 4440 Vende
2931 4401 3064 4455 ergo
3110 4384 3169 4438 in
3208 4384 3430 4440 civitate

147 4461 299 4518 Sunt
324 4464 444 4520 dies
473 4466 689 4537 viginti.
712 4469 782 4523 Et
810 4469 960 4525 hunc
988 4471 1249 4528 similiter
1262 4473 1435 4544 jussit
1454 4475 1745 4547 flagellari,
1765 4467 1814 4527 D
1832 4474 2126 4545 sportellas
2154 4491 2294 4546 quas
2323 4474 2477 4541 facis,
2511 4480 2567 4529 et
2583 4491 2707 4529 eme
2743 4473 2848 4529 tibi
2878 4490 3001 4545 qua:
3029 4489 3169 4545 opus
3184 4480 3335 4540 sunt,
3366 4480 3425 4529 et

145 4552 378 4608 dicens:
413 4555 598 4620 Quare
626 4557 686 4613 in
722 4561 898 4616 tantis
935 4561 1131 4617 diebus
1167 4563 1273 4618 hoc
1310 4564 1492 4620 solum
1534 4566 1751 4622 fecisti?

146 4641 222 4698 Et
259 4642 460 4699 tertius
497 4647 727 4703 veniens
771 4649 1044 4707 adorabat
1067 4669 1216 4707 eum.
1265 4653 1418 4709 Dixit
1461 4659 1653 4710 autem
1694 4662 1751 4711 et

141 4730 311 4788 huic:
337 4733 406 4788 Et
424 4738 487 4789 tu
503 4736 652 4792 unde
670 4738 852 4794 venis?
875 4740 944 4796 Et
954 4742 1243 4814 respondit
1265 4758 1279 4798 :
1313 4744 1377 4798 In
1406 4744 1505 4798 illa
1520 4744 1745 4800 civitate

139 4818 228 4875 fui
249 4839 264 4888 ;
285 4826 342 4876 et
363 4822 498 4877 dum
514 4824 591 4880 ibi
608 4826 811 4884 fierent
824 4830 1054 4902 nuptiae,
1078 4831 1313 4886 excitavi
1332 4832 1479 4901 lites,
1501 4838 1558 4887 et
1595 4834 1742 4888 mul-

140 4912 234 4963 tas
251 4910 551 4968 effusiones
578 4917 870 4988 sanguinis
885 4920 1008 4988 feci;
1032 4920 1263 4992 insuper
1291 4927 1349 4975 et
1373 4922 1557 4994 ipsum
1578 4939 1743 4994 Spon-

133 5013 270 5053 sum
295 5000 489 5068 occidi,
522 5008 580 5058 et
623 5005 750 5061 veni
795 5008 1057 5064 nuntiare
1096 5009 1219 5065 tibi.
1266 5011 1335 5065 Et
1379 5011 1519 5066 dixit
1543 5012 1595 5066 ei
1628 5030 1639 5065 :
1674 5014 1739 5068 In

133 5088 368 5160 quantis
396 5090 593 5148 diebus
621 5094 727 5150 hoc
763 5095 990 5153 fecisti?
1033 5100 1102 5153 Et
1131 5101 1422 5171 respondit
1452 5120 1463 5155 :
1511 5103 1735 5157 Decem.

131 5177 318 5233 Jussit
343 5184 554 5249 autem,
576 5187 848 5256 tanquam
865 5203 1053 5242 moras
1065 5188 1275 5257 fecerit,
1298 5196 1356 5244 et
1373 5190 1522 5245 hunc
1541 5192 1737 5262 flagel-

130 5266 265 5322 lari.
297 5267 465 5324 Venit
488 5276 679 5327 autem
709 5274 854 5330 alius
873 5274 1132 5345 [adorare
1160 5295 1310 5347 eum,
1359 5285 1416 5335 et
1465 5281 1610 5335 dixit
1636 5282 1689 5336 ei
1723 5301 1734 5337 :

130 5354 297 5411 Unde
324 5357 521 5413 venis?
543 5361 613 5415 Et
647 5364 938 5436 respondit
965 5366 1046 5421 ei:
1078 5368 1142 5422 In
1170 5383 1360 5423 eremo
1392 5385 1547 5423 eram
1573 5388 1585 5437 ;
1612 5386 1738 5425 ecce

130 5444 514 5518 quadraginta
540 5452 675 5507 anni
721 5460 877 5523 sunt,
927 5455 1077 5528 quod
1104 5455 1372 5529 impugno
1400 5460 1738 5514 monachum

130 5535 469 5608 quemdam;
498 5543 556 5594 et
591 5541 679 5597 vix
706 5548 868 5599 nocte
905 5544 1017 5601 ista
1058 5547 1344 5618 praevalui,
1394 5553 1459 5603 ut
1497 5547 1739 5604 facerem

126 5639 264 5684 eum
299 5624 591 5685 fornicari.
633 5631 796 5701 Quod
832 5632 1090 5694 diabolus
1117 5636 1353 5695 audiens
1390 5636 1650 5709 surrexit,
1683 5643 1741 5695 et

1831 4568 2111 4618 revertere
2133 4564 2204 4618 ad
2232 4564 2417 4618 locum
2442 4569 2626 4631 tuum,
2658 4568 2717 4617 et
2745 4562 2885 4617 nulli
2899 4562 2976 4617 sis
2995 4578 3286 4617 onerosus.
3308 4563 3428 4618 Hoc

1830 4656 2021 4706 autem
2044 4651 2380 4723 suggerebat
2422 4652 2697 4714 diabolus,
2724 4650 2979 4705 invidens
3005 4650 3182 4721 quieti
3215 4651 3337 4722 ejus
3366 4657 3424 4707 et

1829 4748 2157 4813 opportunae
2184 4741 2460 4796 vacationi
2488 4742 2560 4796 ad
2588 4740 2909 4807 Dominum,
2941 4745 2999 4794 et
3017 4739 3249 4795 utilitati
3272 4741 3423 4796 mul-

1826 4836 2032 4885 torum.
2055 4830 2312 4902 Undique
2325 4830 2475 4885 enim
2493 4829 2753 4885 inimicus
2772 4828 2964 4884 venari
2991 4845 3123 4885 cum
3142 4834 3199 4885 et
3217 4846 3417 4902 capere

1823 4919 2139 4974 festinabat.
2187 4920 2286 4974 Ille
2326 4936 2456 4975 vero
2481 4924 2751 4991 tanquam
2778 4918 2940 4975 bonae
2964 4920 3294 4991 cogitationi
3322 4937 3417 4975 ac-

1823 5010 2132 5081 quiescens,
2154 5009 2441 5064 descendit
2465 5009 2534 5064 de
2558 5010 2900 5065 monasterio
2913 5026 3034 5068 suo.
3060 5011 3130 5065 Et
3144 5010 3277 5082 quia
3296 5015 3419 5065 erat

1821 5099 2080 5154 omnibus
2102 5098 2484 5165 admirandus,
2516 5094 2743 5169 ignotus
2768 5104 2961 5154 tamen
2990 5098 3195 5154 habere
3218 5098 3418 5169 hujus.

1819 5189 1971 5243 modi
1991 5188 2223 5243 insidias
2245 5187 2486 5255 astutiae,
2499 5192 2667 5244 notus
2688 5193 2880 5245 autem
2900 5194 2958 5244 et
2974 5189 3221 5244 famosus
3237 5187 3414 5241 omni-

1819 5276 1925 5333 bus
1942 5295 1976 5333 a
1996 5277 2198 5350 quibus
2216 5276 2780 5334 videbaturexistens.
2806 5279 2875 5334 Et
2890 5295 3017 5333 cum
3035 5282 3163 5350 post
3181 5277 3411 5347 longum

1818 5372 2044 5440 tempus
2070 5368 2366 5425 mulierem
2409 5368 2659 5436 vidisset,
2693 5385 2794 5439 pro
2814 5367 3094 5422 incautela
3130 5382 3235 5421 sua
3277 5381 3412 5436 sup-

1818 5457 2108 5529 plantatus
2128 5462 2232 5525 est,
2254 5463 2311 5513 et
2324 5458 2633 5513 incurritin
2648 5473 2793 5524 eam,
2818 5457 2887 5511 Et
2906 5457 3133 5511 veniens
3147 5455 3206 5509 in
3226 5454 3411 5510 deser-

1818 5551 1942 5602 tum
1971 5547 2154 5602 locum
2182 5552 2452 5619 sequente
2484 5546 2704 5602 diabolo
2749 5544 2988 5616 vestigia
3035 5546 3177 5617 ejus,
3210 5544 3411 5599 cecidit

1812 5637 2217 5709 juxtaflumen.
2232 5636 2563 5710 Etcogitans
2584 5634 2951 5709 quiagavisus
2976 5640 3102 5708 5s
3117 5640 3159 5705 ι
3187 5640 3274 5693 est
3301 5634 3412 5694 ini-
