3934 6382
495 320 604 384 887

1649 317 1743 371 DE
1765 313 1958 371 VITIS
1993 309 2291 368 PATRUM
2328 313 2543 370 LIBER
2585 315 2645 370 V.

3676 321 3778 381 888

497 452 676 508 micus
703 453 773 506 de
801 465 966 506 ruma
993 451 1136 520 ejus,
1159 447 1337 501 voluit
1372 443 1739 515 semetipsum
1764 441 2086 512 desperare,
2104 435 2374 498 Afaciem
2416 456 2598 508 suam,
2646 459 2850 514 rogans
2901 443 3224 512 Dominum,
3253 449 3311 500 et
3337 445 3526 502 dicens
3556 465 3571 500 :
3628 447 3773 514 Scio,

497 541 630 614 quia
649 540 919 612 Spiritum
941 539 1042 592 Dei
1068 535 1308 591 maxime
1326 532 1754 597 contristaverit,
1788 537 1843 585 et
1871 535 2092 584 sanctos

495 631 742 700 angelos,
767 634 824 684 et
849 626 1193 682 venerabiles
1221 627 1434 692 Patres,
1467 639 1706 695 quorum
1735 619 1898 675 multi
1920 617 2090 672 etiam

497 721 552 774 in
579 718 900 774 civitatibus
930 715 1245 772 habitantes
1270 717 1675 787 superaverunt
1700 709 2005 764 diabolum.
2024 709 2093 762 Et

495 825 623 864 cum
640 807 778 863 nulli
801 807 1000 863 horum
1024 823 1083 860 se
1104 805 1285 860 facere
1296 803 1538 858 similem
1569 807 1774 873 posset,
1796 800 2092 854 contrista-

492 897 660 952 batur
686 897 866 963 valde,
897 903 955 951 et
979 913 1091 951 non
1120 893 1522 950 recordabatur
1543 892 1675 963 quia
1704 892 1852 945 Deus
1883 895 1970 943 est
1995 889 2092 959 qui

493 986 761 1042 virtutem
782 986 980 1041 tribuit
1009 985 1095 1038 his
1113 985 1209 1056 qui
1238 983 1308 1038 ad
1335 1000 1463 1038 eum
1491 980 1846 1036 devotissime
1869 994 2094 1033 conver-

375 1103 384 1115 -
492 1081 717 1132 tuntur.
741 1077 992 1131 Caecatus
1019 1092 1173 1144 ergo,
1204 1079 1262 1128 et
1287 1089 1397 1128 non
1425 1071 1616 1125 videns
1646 1069 1857 1141 peccati
1887 1068 1974 1122 sui
1995 1084 2093 1121 cu-

493 1165 834 1231 ram,voluit
853 1181 912 1219 se
942 1165 1000 1219 in
1032 1164 1245 1217 ﬂumen
1271 1161 1408 1216 illud
1429 1161 1663 1230 jactare,
1692 1163 1758 1213 ut
1787 1158 2094 1229 perfectum
2123 1215 2148 1234 .

490 1253 763 1325 gaudium
801 1254 1005 1308 faceret
1052 1251 1299 1306 inimico.
1347 1251 1424 1304 Ex
1479 1249 1658 1303 multo
1695 1248 1888 1318 itaque
1919 1245 2093 1300 animi

495 1342 687 1397 dolore
709 1342 1027 1398 inﬁrmatus
1061 1345 1144 1396 est
1157 1355 1418 1412 corpore;
1442 1343 1500 1392 et
1527 1337 1632 1392 nisi
1660 1343 1854 1408 postea
1880 1335 2096 1390 miseri-

495 1445 623 1485 cors
652 1431 802 1486 Deus
845 1431 1117 1484 auxilium
1166 1428 1521 1500 przestitissct
1565 1427 1633 1492 ei,
1687 1427 1758 1480 ad
1788 1425 2094 1498 perfectum

493 1519 766 1590 gaudium
798 1519 1010 1574 inimici
1041 1519 1159 1573 sine
1182 1517 1512 1590 pmnitentia
1540 1522 1873 1571 moreretur.
1905 1514 2098 1569 Novis-

495 1609 637 1663 sime
666 1614 856 1664 autem
885 1608 944 1663 in
971 1626 1030 1663 se
1059 1624 1332 1672 reversus,
1365 1607 1627 1677 cogitavit
1651 1607 1918 1676 majorem
1950 1603 2099 1656 labo-

2173 527 2427 595 Domine,
2451 531 2584 602 quia
2609 539 2897 588 certamen
2919 533 3124 588 factum
3138 540 3224 590 est
3244 540 3640 603 utcoronarer,
3663 553 3772 592 non

2173 617 2302 671 steti
2322 618 2380 672 in
2400 619 2654 690 pedibus,
2674 623 2886 693 eligens
2905 623 3083 694 magis
3095 625 3516 695 proptercarnis
3535 626 3777 680 delecta-

2171 706 2385 760 tionem
2405 710 2702 764 tormentis
2724 710 3025 782 impiorum
3049 712 3251 766 addici.
3271 713 3445 768 Parce
3460 729 3597 784 ergo
3615 715 3772 782 mihi,

2175 796 2430 852 Domine.
2447 798 2583 852 Ecce
2598 800 2749 854 enim
2770 800 2974 854 iterum
2993 802 3266 856 conﬁteor
3275 807 3386 858 tua:
3405 803 3649 858 bonitati
3665 809 3777 859 tur-

2175 885 2489 956 pitudinem
2508 903 2692 942 meam
2721 905 2908 944 coram
2938 891 3152 960 angelis
3175 891 3305 957 tuis,
3325 897 3386 946 et
3405 907 3596 946 coram
3605 893 3776 964 justis

2175 975 2454 1042 omnibus,
2487 983 2544 1044 et
2573 977 2679 1032 nisi
2727 978 2860 1049 quia
2905 979 3272 1034 scandalizari
3324 987 3570 1052 possent,
3605 982 3774 1036 etiam

2179 1063 2499 1119 hominibus
2513 1065 2773 1120 omnibus
2790 1068 3105 1122 confiterer.
3125 1069 3275 1123 Deus
3290 1069 3556 1124 miserere
3575 1070 3779 1136 mei,ut

2178 1159 2234 1207 et
2254 1153 2394 1207 alios
2417 1154 2702 1223 erudiam;
2723 1155 2979 1225 Domine,
3009 1157 3226 1212 viviﬁca
3259 1174 3369 1212 me.
3391 1159 3463 1213 Et
3497 1159 3576 1213 ita
3597 1157 3778 1214 tribus

2175 1241 2386 1296 vicibus
2415 1259 2600 1305 orans,
2646 1245 2941 1300 exauditus
2980 1251 3084 1300 est.
3135 1247 3205 1300 Et
3231 1263 3536 1317 exsurgens
3564 1247 3778 1302 invenit

2177 1331 2460 1386 lucernam
2491 1333 2781 1388 ardentem
2809 1335 2978 1389 clare.
3015 1335 3083 1390 Et
3101 1337 3388 1390 exsultans
3416 1353 3534 1408 spe,
3564 1336 3779 1392 confor-

2178 1427 2331 1474 tatus
2343 1421 2550 1492 gaudio
2563 1423 2745 1477 cordis
2760 1429 2865 1486 est,
2888 1424 3174 1479 admirans
3190 1425 3258 1479 de
3267 1427 3452 1496 gratia
3463 1426 3693 1498 Dei,qui
3704 1426 3778 1480 ita

2180 1515 2236 1563 et
2248 1511 2488 1581 peccatis
2504 1512 2552 1581 ej
2562 1528 2626 1566 us
2646 1511 2896 1579 indulsit,
2919 1519 2976 1568 et
2992 1514 3260 1569 satisfecit
3272 1517 3435 1586 juxta
3447 1515 3777 1587 petitionem

2180 1599 2302 1668 ejus
2330 1605 2386 1652 et
2405 1599 2658 1653 animum
2683 1601 2878 1670 ipsius,
2909 1606 2967 1656 et
2985 1601 3238 1657 dicebat:
3277 1603 3499 1658 Gratias
3527 1619 3638 1675 ago
3655 1602 3776 1669 tibi,

494 1714 616 1753 rem
649 1698 710 1752 in
740 1696 1040 1752 afﬂictione
1070 1695 1410 1769 paenitentia:
1439 1697 1846 1759 demonstrare,
1892 1699 1949 1747 et
1969 1709 2098 1763 sup-
2117 1756 2160 1769 ﬁ
2181 1685 2436 1754 Domine,
2461 1688 2594 1759 quia
2623 1689 2792 1744 etiam
2841 1691 2968 1744 vitae
2995 1691 3183 1746 saeculi
3212 1692 3379 1763 hujus
3407 1692 3642 1764 indigno
3674 1691 3776 1746 mi-

495 1787 703 1859 plicare
728 1786 845 1842 Deo
865 1787 922 1841 in
941 1756 1088 1841 ﬂetu.
1111 1793 1168 1840 et
1194 1787 1368 1851 luctu,
1399 1791 1458 1840 et
1483 1784 1560 1838 ita
1590 1783 1758 1837 rediit
1794 1756 1998 1837 iterum
2023 1756 2093 1835 ad
2117 1756 2162 1816 Β
2176 1783 2360 1831 sertus
2376 1794 2454 1841 es,
2476 1756 2682 1848 magno
2694 1784 2753 1832 et
2769 1793 2910 1834 novo
2924 1780 3028 1834 hoc
3044 1781 3207 1851 signo
3223 1756 3480 1836 ﬁduciam
3500 1756 3774 1846 tribuens,

493 1876 900 1930 monasterium
929 1891 1115 1929 suum.
1143 1875 1208 1928 Et
1235 1875 1511 1928 damnans
1538 1873 1744 1928 ostium
1774 1872 1929 1926 cellae
1957 1887 2090 1934 sum,
2177 1867 2361 1937 parcis
2381 1867 2532 1921 enim
2562 1867 2874 1923 misericors
2895 1869 3210 1938 animabus,
3233 1887 3373 1942 quas
3398 1877 3464 1926 tu
3491 1887 3670 1926 creas.
3695 1871 3778 1925 Ita

494 1965 640 2020 sicut
659 1965 801 2019 solet
817 1980 988 2036 super
1013 1969 1319 2030 mortuum,
1348 1963 1427 2017 ita
1441 1961 1613 2016 ﬂebat
1625 1961 1943 2033 supplicans
1956 1961 2093 2014 Deo.
2177 1961 2369 2010 autem
2397 1963 2790 2028 perseverante
2819 1974 2884 2012 eo
2899 1958 2958 2012 in
2976 1959 3322 2014 confessione
3349 1959 3532 2015 illuxit
3547 1961 3692 2016 dies.
3715 1959 3784 2016 Et

495 2055 768 2126 Jejunans
795 2059 985 2109 autem
1007 2059 1065 2108 et
1079 2053 1314 2126 vigilans
1338 2068 1464 2106 cum
1486 2051 1638 2106 omni
1659 2050 1939 2105 anxietate
1960 2053 2098 2103 atte—
2181 2044 2478 2100 lambatur
2499 2045 2558 2100 in
2584 2045 2842 2114 Domino,
2867 2047 3074 2103 oblitus
3103 2047 3213 2104 cibi
3243 2051 3570 2122 corporalis.
3585 2052 3775 2124 Ignem

494 2143 690 2199 nuavit
711 2157 914 2216 corpus
937 2160 1100 2198 suum
1127 2161 1139 2211 ς
1175 2149 1232 2198 et
1259 2159 1362 2198 nec
1379 2142 1460 2196 sic
1489 2141 1835 2196 satisfactum
1865 2137 2102 2210 putabat
2182 2140 2375 2190 autem
2395 2135 2638 2192 lucerna:
2658 2136 2810 2192 illius
2829 2143 2950 2193 toto
2967 2143 3221 2210 tempore
3241 2138 3367 2194 vitae
3385 2157 3500 2195 sua;
3516 2143 3772 2209 servavit,

493 2233 682 2288 animo
706 2248 828 2300 suo,
863 2233 995 2304 quia
1025 2249 1270 2304 congrue
1289 2230 1662 2304 paenituisset.
1695 2227 1986 2284 Fratribus
2005 2243 2103 2282 au-
2184 2224 2370 2280 oleum
2402 2225 2640 2280 subinde
2679 2225 3172 2298 superinfundens,
3223 2233 3282 2284 et
3308 2229 3516 2285 faciens
3537 2231 3780 2305 desuper

493 2328 609 2377 tem
641 2339 786 2396 saepe
815 2323 886 2377 ad
913 2337 1043 2378 eum
1074 2321 1428 2377 venientibus
1457 2337 1570 2375 suae
1600 2319 1862 2374 utilitatis
1897 2333 2086 2384 causa,
2173 2330 2285 2385 quo
2342 2313 2532 2370 minus
2570 2316 3043 2388 exstingueretur.
3085 2319 3156 2374 Et
3199 2319 3280 2374 ita
3327 2335 3522 2399 rursus
3559 2321 3777 2376 divinus

493 2417 549 2466 et
584 2410 940 2483 pulsantibus
988 2411 1216 2477 ostium,
1258 2411 1377 2482 ipse
1406 2409 1628 2464 dicebat
1669 2424 1780 2463 non
1831 2424 1891 2461 se
1929 2423 2092 2478 posse
2177 2403 2416 2475 Spiritus
2447 2405 2722 2460 habitavit
2748 2405 2807 2460 in
2833 2422 2920 2473 eo,
2953 2412 3011 2462 et
3055 2406 3234 2464 factus
3285 2414 3372 2463 est
3409 2409 3557 2481 apud
3589 2427 3776 2466 omnes

493 2500 732 2573 aperire,
765 2501 999 2556 dicendo
1030 2519 1043 2554 :
1078 2501 1440 2555 Sacramenta
1469 2514 1560 2554 me
1591 2497 1895 2552 constrinxi
1917 2511 2094 2551 unum

495 2603 707 2644 annum
735 2590 933 2644 devote
955 2605 1045 2643 me
1074 2589 1462 2660 paenitentiam
1489 2603 1684 2657 agere;
1709 2587 1806 2640 sed
1827 2591 1983 2640 orate
1995 2600 2096 2656 pro

499 2694 616 2734 me.
654 2677 770 2732 Nec
799 2679 950 2732 enim
991 2677 1310 2732 inveniebat
1340 2677 1618 2748 quomodo
1647 2676 1729 2730 eis
1783 2679 2093 2739 excusaret,

503 2765 769 2838 quoniam
799 2765 880 2820 illi
910 2765 1433 2821 scandalizabantur
1455 2767 1572 2820 haec
1597 2765 1888 2819 audientes
1914 2764 1983 2818 de
2009 2779 2094 2828 eo,

502 2854 637 2914 auia
674 2860 797 2908 erat
845 2853 996 2926 apud
1033 2871 1130 2909 eos
1185 2854 1528 2909 honorabilis
1564 2859 1622 2908 et
1647 2854 1806 2907 valde
1861 2868 2099 2922 magnus

501 2944 828 2999 monachus.
861 2945 930 2999 Et
957 2944 1088 2998 fecit
1115 2949 1297 2998 totum
1326 2959 1536 2998 annum
1569 2943 1786 2997 intente
1810 2943 2096 3012 jejunans,

2177 2493 2434 2564 insignis,
2465 2495 2845 2550 humilitatem
2865 2496 3132 2552 exhibens
3162 2497 3221 2552 in
3248 2497 3596 2554 confessione
3617 2506 3676 2554 et
3694 2517 3778 2555 ac-

2177 2581 2329 2639 tione
2349 2585 2662 2655 gratiarum
2679 2585 2920 2641 Domino
2941 2603 3070 2641 cum
3096 2587 3310 2642 laetitia.
3334 2588 3438 2643 Cui
3456 2589 3632 2644 etiam
3653 2595 3778 2644 ante

2179 2673 2394 2746 aliquot
2419 2673 2539 2728 dies
2567 2675 2765 2730 mortis
2789 2691 2904 2730 suae
2932 2676 3173 2732 relatum
3195 2683 3277 2732 est
3299 2678 3368 2732 de
3393 2678 3640 2735 transitu
3655 2696 3774 2735 suo.

2641 2765 2988 2820 LIBELLUS
3026 2767 3317 2823 SEXTUS.

2305 2856 2379 2908 De
2402 2869 2460 2907 eo
2487 2855 2631 2923 quod
2663 2855 2961 2908 monachus
2991 2857 3140 2910 nihil
3163 2857 3349 2910 debeat
3373 2851 3664 2925 posst’dc'rc.

2251 2943 2306 2996 ‘l.
2333 2943 2531 2998 Frater
2554 2943 2785 3015 quidam
2810 2944 3140 3000 renuntians
3160 2944 3380 3012 seculo,
3412 2952 3470 3000 et
3498 2945 3642 3002 dans
3664 2963 3780 3020 qua:

501 3039 558 3087 et
585 3033 784 3089 devote
831 3034 1220 3106 paenitentiam
1263 3049 1455 3104 agens.
1488 3033 1588 3086 Die
1637 3038 1825 3086 autem
1874 3031 2100 3086 Paschee
2183 3032 2426 3087 habebat
2449 3033 2808 3106 pauperibus,
2857 3034 3106 3090 retinens
3151 3040 3345 3090 autem
3383 3052 3562 3108 pauca
3594 3037 3657 3092 in
3684 3054 3778 3093 sua

502 3127 664 3178 nocte
675 3123 796 3196 ipsa
812 3123 1238 3178 resurrectionis
1253 3122 1574 3188 Dominicis,
1598 3122 1801 3176 tollens
1823 3113 2159 3177 lucernamC
2180 3122 2418 3191 ratione,
2441 3123 2595 3179 venit
2621 3123 2694 3178 ad
2721 3123 2983 3180 abbatem
3003 3125 3312 3181 Antonium
3339 3126 3538 3196 (Ruf/1,
3569 3129 3668 3182 lib.
3695 3141 3774 3192 ιιι,

504 3227 704 3268 novam
730 3213 919 3285 posuit
939 3213 997 3268 in
1015 3212 1219 3267 cacabo
1240 3229 1398 3267 novo.
1425 3213 1494 3267 Et
1520 3211 1845 3284 cooperiens
1874 3211 1944 3264 de
1969 3225 2100 3264 coo-
2184 3229 2242 3267 n.
2273 3210 2386 3285 68).
2419 3214 2578 3278 Quod
2599 3230 2729 3269 cum
2758 3215 3077 3286 agnovisset
3104 3231 3290 3283 senex,
3321 3215 3461 3271 dixit
3489 3216 3540 3271 ei
3568 3235 3582 3270 :
3623 3218 3680 3273 Si
3701 3217 3776 3270 vis

502 3303 748 3374 perculo,
773 3319 808 3357 a
829 3319 957 3358 sero
994 3302 1238 3357 surrexit
1262 3303 1334 3356 ad
1363 3302 1695 3369 orationem,
1727 3301 1916 3356 dicens
1947 3319 1958 3354 :
1994 3299 2100 3354 Mi-

501 3391 739 3447 sericors
768 3398 827 3448 et
852 3397 1152 3448 miserator
1170 3391 1442 3446 Dominus
1465 3409 1478 3460 ;
1510 3391 1606 3462 qui
1632 3396 1688 3446 et
1709 3389 1978 3445 barbaros
1988 3389 2102 3443 sal-

502 3497 632 3536 vare
675 3481 776 3548 vis,
827 3488 886 3536 et
922 3482 993 3536 ad
1031 3481 1282 3536 veritatis
1317 3480 1665 3552 agnitionem
1709 3481 1918 3546 venire,
1945 3477 2016 3533 ad
2045 3484 2102 3534 te

505 3569 728 3641 confugi
756 3570 1006 3626 fidelium
1035 3571 1401 3637 Salvatorem,
1445 3569 1712 3625 miserere
1751 3569 1888 3624 mihi
1919 3568 2016 3640 qui
2045 3573 2103 3623 te

506 3658 813 3730 plurimum
833 3658 1172 3724 exaeerbavi,
1197 3659 1487 3714 inimicum
1503 3659 1751 3730 gaudere
1768 3658 1892 3724 feci,
1910 3663 1967 3712 et
1979 3673 2104 3712 ecce

507 3751 767 3803 mortuus
794 3764 920 3803 sum
950 3748 1216 3803 obediens
1235 3749 1306 3804 ei.
1330 3749 1436 3815 Tu,
1454 3748 1710 3814 Domine,
1735 3747 1830 3819 qui
1850 3746 2106 3818 etimpiis

507 3840 565 3892 et
593 3837 680 3892 his
719 3837 815 3908 qui
844 3843 980 3893 sunt
1007 3838 1131 3893 sine
1164 3837 1552 3893 misericordia
1586 3837 1890 3903 misereris,
1932 3837 2031 3891 sed
2050 3840 2108 3890 et

507 3926 776 3998 proximis
794 3927 1236 3982 misericordiam
1274 3927 1602 3999 impendere
1629 3926 1905 3998 praecipis,
1932 3925 2105 3980 mise-

509 4031 635 4070 rere
663 4015 970 4072 humilitati
985 4033 1142 4072 nreaa.
1162 4017 1326 4088 Apud
1346 4015 1575 4074 te.enim
1596 4015 1943 4088 impossibile
1965 4011 2107 4068 nihil

507 4109 613 4170 est,
629 4105 898 4176 quoniam
917 4122 1076 4160 secus
1104 4105 1384 4160 infernum
1405 4105 1678 4176 dissipata
1705 4109 1792 4158 est.
1807 4103 1954 4158 sicut
1981 4102 2110 4174 pul-

511 4193 593 4247 vis
613 4191 805 4246 anima
820 4208 964 4246 mea.
988 4193 1097 4246 Fac
1121 4191 1582 4258 misericordiam,
1605 4191 1739 4263 quia
1756 4191 2032 4263 benignus
2048 4206 2109 4245 es

511 4285 572 4336 et
597 4280 936 4346 misericors,
960 4282 1228 4352 figmento
1248 4287 1366 4350 tuo;
1388 4281 1484 4352 qui
1514 4287 1573 4336 et
1595 4297 1830 4353 corpora
1849 4298 1973 4354 qua;
1994 4298 2108 4338 non

509 4375 644 4427 sunt
672 4370 730 4426 in
759 4371 851 4426 die
879 4370 1303 4426 resurrectionis
1331 4370 1765 4426 resuscitaturus
1791 4387 1871 4426 es.
1894 4371 2108 4426 Exaudi

509 4481 621 4533 me,
649 4464 906 4532 Domine,
939 4465 1072 4537 quia
1107 4465 1308 4520 defecit
1330 4465 1562 4537 spiritus
1591 4481 1770 4532 meus,
1823 4471 1881 4520 et
1919 4465 2111 4520 infelix

511 4560 703 4616 anima
731 4576 874 4615 mea.
908 4559 1271 4616 Tabefactum
1301 4566 1387 4616 est
1437 4560 1608 4616 etiam
1656 4576 1861 4632 corpus
1896 4577 2106 4628 meum,

513 4650 661 4722 quod
691 4649 1066 4723 coinquinavi.
1101 4650 1170 4706 Et
1201 4651 1318 4722 jam
1350 4650 1533 4705 vivere
1563 4667 1675 4705 non
1703 4651 1878 4715 valeo,
1914 4667 2015 4723 pro
2045 4666 2110 4705 eo

512 4739 662 4812 quod
709 4755 822 4794 non
859 4739 1089 4796 credidi.
1127 4740 1359 4812 Ignosce
1389 4746 1676 4813 peccatum
1705 4757 1808 4812 per
1833 4740 2112 4812 poeniten-

512 4828 672 4894 tiam,
722 4827 925 4900 duplex
970 4828 1201 4884 habenti
1253 4836 1543 4902 peccatum
1581 4846 1648 4884 ex
1695 4830 2105 4902 desperatione.

514 4917 746 4972 Viviﬁca
773 4933 864 4972 me
887 4918 1210 4987 contritum,
1241 4926 1296 4974 et
1323 4920 1452 4992 igne
1481 4927 1580 4976 tuo
1599 4921 1837 4992 praecipe
1857 4921 2002 4975 hanc
2027 4919 2111 4975 lu-

514 5021 741 5062 cernam
763 5007 1010 5066 accendi.
1041 5007 1114 5064 Ut
1137 5013 1192 5064 et
1220 5025 1324 5080 ego
1351 5009 1628 5082 accipiens
1655 5010 1915 5064 fiduciam
1949 5009 2113 5064 mise-

513 5095 766 5152 ricordiae
797 5101 855 5151 et
878 5096 1243 5168 indulgentiae
1271 5103 1402 5166 tuae,
1447 5115 1545 5170 per
1573 5099 1861 5152 residuum
1889 5103 2112 5169 tempus

514 5186 638 5242 vitae
665 5203 822 5252 meae,
847 5187 994 5258 quod
1016 5187 1155 5242 mihi
1175 5187 1488 5254 donaveris,
1511 5187 1778 5242 mandata
1795 5193 1896 5242 tua
1922 5192 2114 5242 custo-

514 5275 687 5342 diam,
718 5281 776 5332 et
797 5292 832 5330 a
860 5276 1062 5332 timore
1092 5281 1188 5332 tuo
1213 5294 1326 5332 non
1355 5277 1633 5342 recedam,
1657 5275 1753 5331 sed
1770 5276 1966 5331 devote
1994 5293 2110 5330 ser-

514 5366 661 5420 viam
684 5364 785 5421 tibi
815 5367 1058 5438 amplius
1087 5381 1255 5438 quam
1278 5367 1480 5438 primo.
1506 5367 1576 5422 Et
1591 5367 1706 5421 haec
1734 5366 1791 5420 in
1810 5371 1972 5420 nocte
1993 5367 2110 5438 ipsa

515 5456 942 5510 resurrectionis
961 5473 1091 5511 cum
1117 5455 1310 5511 multis
1337 5455 1600 5528 lacrymis
1629 5455 1836 5521 dicens,
1872 5456 2116 5512 surrexit

516 5547 582 5596 ut
595 5543 810 5599 videret
828 5544 875 5598 si
895 5561 1127 5604 accensa
1137 5549 1287 5600 esset
1303 5545 1549 5599 lucerna.
1566 5545 1862 5600 Etdetecto
1888 5545 2110 5614 cacabo,

515 5629 654 5686 vidit
683 5632 816 5705 quia
852 5649 964 5689 non
993 5640 1142 5690 esset
1185 5649 1436 5691 accensa.
1492 5635 1562 5691 Et
1590 5633 1792 5690 cecidit
1821 5634 2024 5691 iterum
2055 5635 2112 5691 in

2131 4432 2182 4493 D

2182 3303 2488 3357 monachus
2518 3302 2660 3370 ﬁeri,
2683 3303 2822 3357 vade
2842 3303 2900 3358 in
2929 3303 3090 3358 illum
3107 3304 3310 3371 vicum,
3329 3310 3385 3360 et
3413 3321 3536 3360 eme
3556 3319 3771 3369 carnes,

2183 3398 2241 3446 et
2265 3390 2493 3463 impone
2521 3393 2740 3464 corpori
2758 3398 2854 3448 tuo
2881 3393 3050 3461 nudo,
3084 3399 3141 3448 et
3163 3393 3243 3449 sic
3265 3394 3391 3449 veni
3421 3394 3545 3449 huc.
3563 3395 3634 3450 Et
3657 3411 3774 3450 cum

2183 3480 2264 3535 sic
2289 3480 2510 3536 fecisset
2537 3481 2713 3537 frater
2739 3483 2852 3551 ille,
2883 3499 3049 3538 canes
3076 3489 3135 3538 et
3159 3499 3288 3540 aves
3315 3501 3516 3556 corpus
3548 3486 3675 3556 ejus
3700 3485 3776 3538 la-

2183 3569 2469 3626 serabant.
2491 3571 2631 3626 Cum
2665 3573 3010 3644 pervenisset
3033 3578 3226 3628 autem
3255 3574 3327 3629 ad
3367 3590 3578 3641 senem,
3606 3575 3776 3630 inter-

2185 3660 2403 3731 rogavit
2415 3661 2462 3715 si
2491 3661 2715 3717 fecisset
2742 3663 2892 3734 quod
2917 3669 3108 3730 ἥδε
3133 3663 3186 3718 ei
3205 3663 3439 3718 dixerat.
3471 3663 3573 3719 Illo
3593 3671 3776 3719 autem

2185 3750 2517 3806 ostendente
2534 3767 2736 3824 corpus
2750 3769 2916 3807 suum
2936 3751 3263 3820 laceratum,
3277 3753 3418 3808 dixit
3431 3759 3663 3809 sanctus
3677 3755 3780 3809 An.

2186 3839 2378 3895 tonius
2409 3857 2422 3895 :
2457 3839 2565 3906 Qui
2593 3842 2920 3898 renuntiant
2938 3843 3158 3909 seculo,
3178 3849 3235 3898 et
3253 3842 3449 3898 volunt
3459 3842 3669 3898 habere
3689 3859 3778 3916 pe-

2189 3928 2534 3997 cunias,ecce
2546 3930 2624 3984 ita
2634 3930 2949 4003 impugnati
2961 3948 2994 3985 a
3004 3931 3350 3987 daemonibus
3368 3931 3775 4003 discerpuntur.

2259 4017 2314 4077 2.
2340 4020 2602 4074 Narravit
2621 4019 2792 4075 abbas
2812 4021 3011 4076 Daniel
3043 4021 3115 4076 de
3142 4019 3342 4076 abbate
3370 4021 3628 4088 Arsenio,
3655 4020 3780 4093 quia

2193 4107 2342 4162 venit
2367 4109 2669 4180 aliquando
2691 4111 3087 4182 Magistrianus
3106 4109 3238 4184 (24),
3256 4110 3509 4166 deferens
3540 4111 3592 4165 ei
3620 4116 3781 4166 testa-

2188 4205 2442 4253 mentum
2470 4200 2762 4270 cujusdam
2787 4201 3062 4255 senatoris
3081 4201 3329 4273 parentis
3356 4201 3497 4272 ejus,
3531 4200 3628 4272 qui
3661 4198 3780 4254 reli-

2189 4294 2390 4360 querat
2415 4289 2467 4344 ei
2497 4289 2882 4344 hereditatem
2913 4305 3177 4361 magnam
3214 4291 3392 4345 valde.
3413 4291 3481 4346 Et
3505 4291 3778 4364 accipiens

2197 4384 2620 4446 testamentum,
2660 4379 2836 4435 voluit
2871 4379 3011 4435 illud
3048 4380 3304 4435 scindere
3335 4399 3348 4434 :
3393 4378 3779 4450 Magistrianus

2191 4474 2380 4523 autem
2410 4469 2609 4524 cecidit
2637 4469 2708 4524 ad
2723 4469 2892 4541 pedes
2917 4469 3296 4541 ejus,dicens:
3319 4469 3599 4542 Deprecor
3614 4474 3692 4535 te,
3716 4483 3779 4523 ne

2191 4559 2414 4613 scindas
2442 4559 2600 4624 illud,
2633 4560 2766 4632 quia
2794 4559 3074 4614 incidetur
3097 4559 3235 4614 mihi
3266 4564 3452 4630 caput.
3474 4559 3542 4614 Et
3571 4557 3708 4614 dicit
3733 4555 3778 4612 ei

2192 4645 2365 4702 abbas
2393 4647 2692 4703 Arsenius:
2725 4649 2839 4720 Ego
2861 4649 3015 4721 prius
3043 4653 3298 4704 mortuus
3320 4664 3444 4703 sum
3470 4664 3639 4720 quam
3670 4647 3774 4703 ille.

2193 4738 2320 4809 Ipse
2356 4742 2544 4792 autem
2576 4738 2742 4793 modo
2771 4745 3026 4794 mortuus
3064 4743 3167 4804 est,
3210 4737 3488 4810 quomodo
3525 4754 3616 4792 me
3660 4735 3778 4793 fecit

2191 4827 2506 4882 haeredem?
2537 4829 2605 4882 Et
2633 4828 2850 4883 remisit
2876 4834 3297 4895 testamentum,
3322 4827 3460 4882 nihil
3488 4827 3772 4899 accipiens.

2262 4915 2313 4974 3.
2329 4917 2640 4988 IEgrotavit
2654 4917 2955 4990 aliquando
2978 4922 3321 4972 memoratus
3337 4915 3506 4972 abbas
3521 4917 3777 4971 Arsenius

2193 5006 2252 5061 in
2273 5006 2485 5078 Scythi,
2509 5012 2566 5060 et
2590 5023 2729 5078 opus
2753 5005 2950 5062 habuit
2970 5007 3028 5062 in
3049 5007 3384 5062 necessitate
3405 5023 3507 5061 sua
3522 5021 3699 5078 usque
3716 5001 3778 5058 ad

2194 5112 2367 5150 unam
2396 5095 2658 5167 siliquam
2681 5097 2918 5151 nummi.
2943 5097 3013 5151 Et
3031 5112 3158 5150 cum
3182 5113 3294 5151 non
3318 5095 3610 5162 inveniret,
3633 5109 3779 5150 acce-

2194 5186 2279 5258 pit
2289 5202 2323 5240 a
2337 5186 3178 5258 quodamveluteleemosynam,
3193 5191 3249 5240 et
3260 5185 3398 5240 dixit
3413 5205 3424 5238 :
3439 5185 3662 5240 Gratias
3687 5181 3778 5239 tibi

2193 5293 2319 5348 ago,
2345 5276 2600 5343 Domine,
2621 5276 2754 5347 quia
2773 5293 2862 5330 me
2883 5276 3116 5346 dignum
3127 5275 3306 5330 fecisti
3324 5291 3424 5346 pro
3439 5273 3661 5329 nomine
3688 5280 3778 5328 tuo

2195 5367 2265 5420 ad
2286 5367 2390 5420 hoc
2405 5365 2712 5437 pervenire,
2728 5371 2793 5422 ut
2807 5382 2977 5437 egens
2993 5366 3408 5437 eleemosynam
3420 5364 3772 5436 postularem.

2267 5454 2319 5510 4.
2353 5455 2735 5510 Narraverunt
2765 5455 2836 5509 de
2865 5454 3064 5510 abbate
3101 5455 3415 5525 Agathone,
3449 5453 3582 5524 quia
3625 5453 3779 5523 longo

2197 5550 2448 5616 tempore
2476 5545 2673 5600 cellam
2702 5545 2806 5600 sibi
2836 5561 2964 5600 cum
2994 5544 3112 5599 suis
3150 5543 3434 5616 discipulis
3470 5541 3772 5597 fabricaret.

2197 5636 2376 5702 Quam
2405 5651 2532 5690 cum
2560 5634 2940 5707 perfecissent,
2982 5639 3038 5690 et
3074 5633 3332 5708 coepisset
3367 5631 3480 5689 illic
3516 5630 3774 5698 habitare,
