3934 6390
209 346 327 404 8⁸9

1526 349 1767 404 VERBA
1805 348 2199 405 SENIORUM.

3391 344 3500 408 890

212 470 363 526 vidit
380 470 439 526 in
460 470 581 544 ipsa
606 471 959 528 hebdomada
988 474 1244 545 quaedam
1270 488 1385 528 non
1404 472 1567 527 utilia
1588 472 1693 527 sibi
1718 492 1729 541 ;
1755 478 1811 527 et
1832 474 1883 533 Α
1900 476 1958 527 et
1983 472 2149 527 dicit:
2184 471 2360 538 Abba,
2393 489 2520 529 cum
2539 475 2788 530 venirem
2809 475 2877 530 ad
2907 477 2985 542 te,
3018 472 3206 530 inveni
3224 472 3375 530 hunc
3402 489 3496 530 so-

214 558 365 614 dixit
389 560 678 633 discipulis
736 563 853 616 suis
900 563 1038 617 illud
1070 563 1217 634 quod
1246 563 1519 616 Dominus
1550 565 1820 632 apostolis

214 646 479 703 dixerat:
511 651 755 721 Surgite,
790 668 984 706 eamus
1016 652 1145 706 hinc
1174 654 1351 718 (Joan.
1387 654 1515 720 XIV).
1550 651 1819 722 Discipuli

214 740 415 790 autem
445 740 757 793 contristati
788 746 920 794 sunt
945 741 1122 805 valde,
1155 741 1406 795 dicentes
1435 758 1446 793 :
1498 740 1556 794 Si
1589 742 1818 797 omnino

214 826 569 882 voluntatem
588 828 834 883 habebas
866 830 1146 900 migrandi
1171 830 1318 896 hinc,
1350 833 1414 883 ut
1434 830 1567 901 quid
1598 835 1819 885 tantum

214 914 474 970 laborem
521 918 917 987 sustinuimus,
978 920 1320 973 aediﬁcantes
1356 920 1522 989 longo
1564 924 1819 991 tempore

213 1005 731 1077 cellam?lncipient
751 1014 943 1063 autem
981 1008 1238 1063 homines
1260 1008 1623 1062 scandalizari
1640 1010 1696 1063 in
1722 1026 1820 1064 no-

214 1091 327 1159 bis,
360 1098 420 1148 et
441 1094 655 1150 dicere:
686 1097 825 1151 Ecce
860 1098 1065 1152 iterum
1108 1097 1377 1167 migrant,
1409 1113 1689 1169 nusquam
1737 1115 1820 1152 se—

210 1182 547 1238 dentesllle
568 1191 757 1239 autem
779 1203 905 1241 cum
928 1204 1022 1241 eos
1038 1186 1264 1241 vidisset
1278 1186 1665 1257 pusillanimes
1684 1188 1818 1241 elle-

210 1271 504 1339 ctos,dicit
522 1274 632 1328 eis:
666 1275 781 1328 Etsi
801 1275 1254 1330 scandalizantur
1282 1275 1475 1347 aliqui;
1499 1276 1595 1329 sed
1614 1275 1818 1330 iterum

211 1366 356 1415 sunt
380 1362 475 1415 alii
506 1363 602 1433 qui
628 1363 974 1419 aedificentur
1004 1371 1061 1419 et
1091 1365 1322 1419 dicunt:
1358 1365 1515 1419 Beati
1538 1371 1671 1419 sunt
1698 1365 1811 1432 isti,

212 1449 358 1521 quia
385 1458 616 1522 propter
643 1453 822 1507 Deum
854 1454 1254 1524 migraverunt,
1274 1459 1331 1508 et
1349 1470 1451 1508 sua
1479 1454 1669 1508 omnia
1689 1471 1817 1508 con-

211 1542 1003 1611 tempserunt.Verumtamen
1023 1544 1146 1597 dico
1168 1543 1337 1609 vobis,
1356 1543 1454 1614 qui
1473 1545 1593 1598 vult
1604 1543 1813 1611 venire,

212 1629 427 1695 veniat,
448 1629 580 1700 quia
595 1646 697 1700 ego
718 1631 945 1685 interim
970 1633 1224 1687 vado.Illi
1242 1649 1372 1686 vero
1393 1638 1819 1703 prostraverunt

1903 562 2078 617 lidum
2104 562 2162 617 in
2191 562 2297 617 via.
2330 563 2576 618 Ostende
2606 581 2738 635 ergo
2785 564 3138 631 charitatem,
3171 567 3228 618 et
3255 562 3499 636 pmdica

1896 652 2197 722 jejunium,
2232 668 2303 707 ne
2332 652 2456 723 quis
2486 654 2796 724 perdiderit
2823 653 3048 709 eum.Et
3064 650 3387 725 praedicavit
3403 650 3497 708 ab-

1902 740 2082 806 bas,et
2110 758 2276 796 nemo
2302 746 2388 796 est
2415 743 2674 798 inventus
2705 744 2801 809 qui
2822 742 3157 815 perdidisset
3183 738 3495 798 eum.Tunc

1901 847 2030 885 vero
2051 831 2185 885 dicit
2199 830 2385 885 abbati
2395 833 2423 886 J
2427 832 2626 887 acobo:
2648 833 2705 887 Si
2727 850 2859 904 ergo
2888 850 3054 887 nemo
3081 848 3208 887 eum
3227 830 3499 904 perdidit,

1902 919 1973 973 do
2003 936 2131 974 eum
2160 919 2241 973 illi
2271 920 2450 987 fratri,
2473 921 2606 993 quia
2630 922 2736 994 ipsi
2765 921 2940 977 debeo
2972 921 3233 977 solidum.
3268 918 3495 977 Etcum

1902 1008 2150 1063 venirem
2180 1009 2249 1063 ad
2266 1014 2322 1064 te
2344 1014 2408 1064 ut
2418 1015 2482 1065 tu
2503 1010 2642 1064 mihi
2654 1011 2893 1066 solidum
2911 1014 3289 1083 praestares,et
3300 1008 3497 1067 redde-

1901 1115 2020 1153 rem
2052 1098 2323 1165 debitum,
2357 1099 2543 1154 inveni
2563 1117 2692 1155 eum
2714 1100 2772 1155 in
2792 1101 2902 1155 via.
2925 1101 2995 1155 Et
3020 1101 3257 1156 miratus
3285 1102 3372 1155 est
3401 1099 3495 1155 ab.

1899 1189 1999 1242 bas
2027 1188 2282 1255 Jacobus,
2317 1191 2596 1260 quomodo
2623 1192 2942 1262 compulsus
2977 1208 3079 1263 pro
3107 1190 3295 1247 debito
3335 1189 3494 1246 inve-

1900 1278 2092 1344 nisset,
2128 1284 2185 1333 et
2212 1295 2327 1333 non
2356 1280 2548 1333 statim
2576 1280 2800 1334 tulisset
2829 1296 2979 1347 eum,
3013 1285 3071 1334 et
3096 1278 3341 1336 reddidit
3368 1279 3495 1339 soli-

1901 1368 2033 1422 dum
2064 1368 2225 1422 fratri
2256 1368 2354 1423 illi.
2407 1369 2477 1423 Et
2502 1369 2608 1423 hoc
2632 1373 2755 1423 erat
2788 1368 3042 1423 mirabile
3071 1369 3141 1423 de
3168 1368 3291 1441 ipso
3321 1387 3332 1422 :
3364 1366 3496 1441 quia

1900 1457 1948 1511 si
1979 1457 2236 1513 veniebat
2264 1458 2389 1529 quis
2419 1463 2680 1513 mutuum
2707 1458 2920 1529 aliquid
2951 1464 3145 1530 petere
3174 1455 3243 1512 ab
3265 1474 3350 1525 eo,
3385 1472 3499 1516 non

1900 1563 1999 1618 per
2016 1546 2263 1619 seipsum
2289 1548 2478 1615 dabat,
2510 1548 2609 1602 sed
2638 1546 2860 1623 dicebat
2885 1547 3046 1603 fratri
3072 1553 3334 1602 mutuum
3366 1564 3499 1621 pos-

1899 1636 2133 1690 tulanti:
2181 1637 2355 1703 Vade,
2406 1638 2539 1692 tolle
2570 1636 2671 1691 tibi
2701 1644 2763 1691 tu
2793 1638 2914 1710 ipse
2945 1636 3095 1709 quod
3125 1653 3266 1712 opus
3292 1634 3489 1693 habes.

210 1733 281 1771 se
308 1718 373 1773 in
399 1724 632 1785 terram,
667 1726 929 1791 rogantes
971 1726 1035 1774 ut
1063 1723 1394 1776 concederet
1413 1738 1604 1776 secum
1636 1722 1811 1776 abire.
1839 1784 1871 1798 A
1900 1726 1969 1779 Et
1999 1726 2224 1796 quando
2252 1725 2531 1781 referebat
2559 1726 2707 1798 quod
2755 1731 3016 1781 mutuum
3059 1723 3382 1797 accepisset,
3411 1723 3497 1780 di-

292 1808 349 1862 5.
385 1808 539 1863 Dixit
560 1784 1032 1881 abbas’Evagi-ius
1061 1812 1173 1877 (95)
1193 1811 1366 1865 fuisse
1389 1812 1691 1882 quemdam
1712 1784 1883 1867 fra-B
1900 1784 2059 1869 cebat
2101 1814 2178 1868 ei:
2212 1816 2439 1887 Repone
2466 1784 2606 1870 illud
2642 1816 2851 1871 iterum
2904 1815 3053 1870 unde
3077 1784 3276 1871 tulisti.
3310 1784 3498 1873 Si'au-

207 1900 384 1963 trem,
409 1898 505 1968 qui
534 1898 674 1952 nihil
694 1898 893 1953 habuit
911 1900 969 1953 in
998 1899 1313 1955 substantia
1329 1916 1450 1967 sua,
1469 1901 1577 1955 nisi
1597 1906 1818 1957 tantum

211 1986 602 2056 Evangelium,
632 1993 689 2042 et
716 1988 899 2059 ipsum
931 1989 1182 2044 vendidit
1209 1989 1269 2043 in
1300 2006 1612 2061 pauperum
1642 1992 1818 2046 nutri-

210 2080 410 2129 mento
441 2077 693 2145 (Rufﬁn.,
724 2081 761 2131 ι.
788 2092 870 2147 ui,
892 2094 949 2133 η.
983 2079 1070 2144 70,
1097 2081 1319 2133 nomine
1346 2079 1701 2148 Serapionis).
1725 2081 1819 2135 Di-

210 2179 351 2219 cens
399 2165 643 2236 quodam
693 2165 881 2233 verbo,
919 2168 1066 2237 quod
1110 2167 1395 2222 memoriae
1440 2168 1675 2239 dignum
1732 2176 1819 2225 est

212 2254 606 2309 commendari
632 2274 643 2309 :
678 2256 872 2327 Ipsum
902 2256 1094 2322 etiam,
1128 2256 1332 2329 inquit,
1363 2256 1594 2311 verbum
1616 2258 1813 2313 vendi-

210 2343 296 2410 di,
356 2344 502 2415 quod
555 2343 744 2415 jubet:
778 2346 970 2399 Vende
1017 2345 1224 2413 omnia,
1282 2350 1340 2400 et
1373 2346 1447 2400 da
1477 2346 1815 2418 pauperibus

211 2434 434 2499 (Matth.
460 2440 589 2502 xix).

290 2525 337 2580 6.
359 2524 546 2580 Abbas
564 2526 907 2591 Theodorus,
934 2532 1305 2598 cognomento
1325 2528 1394 2582 de
1418 2528 1678 2596 Pherme,
1712 2531 1815 2584 ha-

211 2614 388 2669 bebat
403 2620 520 2669 tres
562 2616 794 2671 Codices
824 2616 1018 2671 bonos.
1035 2617 1105 2671 Et
1133 2634 1259 2671 cum
1284 2617 1526 2672 venisset
1544 2619 1615 2673 ad
1641 2618 1813 2673 abba-

207 2708 333 2759 tem
381 2704 707 2771 Macarium,
737 2705 875 2759 dixit
895 2705 946 2759 ei
970 2724 981 2759 :
1004 2705 1195 2760 Habeo
1217 2710 1331 2760 tres
1354 2706 1665 2773 Codices,et
1682 2725 1812 2780 pro-

1899 1908 2016 1957 tem
2046 1903 2189 1957 nihil
2218 1909 2409 1971 583
2440 1904 2713 1959 referebat
2733 1904 2829 1959 ille
2859 1903 2955 1975 qui
2976 1908 3239 1962 mutuum
3265 1916 3496 1979 accepe-

1900 1999 2007 2061 rat,
2036 2009 2204 2048 senex
2236 1993 2378 2047 nihil
2408 1992 2627 2048 dicebat
2651 1990 2721 2047 ei.

1970 2081 2024 2140 8.
2075 2084 2465 2138 Narraverunt
2514 2082 2742 2154 quidam
2790 2084 3024 2138 Patrum
3053 2081 3187 2153 quia
3214 2081 3367 2137 venit
3388 2082 3495 2138 ali-

1900 2172 2124 2244 quando
2152 2172 2328 2227 frater
2342 2171 2545 2244 aliquis
2565 2173 2625 2227 in
2646 2183 2978 2228 conventum
2993 2171 3275 2227 Cellarum
3301 2188 3495 2231 coram

1898 2261 2099 2317 abbate
2128 2262 2302 2330 Isaac,
2334 2262 2569 2317 vestitus
2598 2261 2880 2317 modicum
2909 2261 3189 2316 cucullum
3213 2279 3225 2329 ;
3257 2265 3315 2316 et
3341 2278 3495 2337 spec-

1896 2351 2056 2406 tabat
2085 2368 2215 2406 eum
2244 2368 2430 2418 senex,
2463 2351 2684 2406 dicens:
2717 2350 2821 2405 Hic
2849 2351 3256 2409 monachorum
3282 2355 3368 2406 est
3398 2349 3496 2408 ha-

1898 2440 2131 2505 bitatio;
2164 2447 2226 2496 tu
2257 2441 2539 2496 saecularis
2568 2457 2647 2507 es,
2678 2446 2735 2496 et
2759 2456 2872 2495 non
2901 2440 3113 2513 poteris
3136 2439 3230 2495 hic
3257 2456 3400 2496 esse.

1968 2529 2022 2584 9.
2054 2531 2288 2587 Dicebat
2315 2537 2505 2586 autem
2548 2529 2814 2585 fratribus
2842 2529 3014 2586 abbas
3065 2531 3259 2586 Isaac:
3297 2531 3495 2587 Patres

1897 2622 2077 2676 nostri
2116 2627 2173 2676 et
2201 2621 2373 2677 abbas
2404 2621 2635 2689 Pambo,
2684 2620 2922 2677 vetustis
2952 2627 3011 2676 et
3039 2620 3109 2676 de
3137 2619 3333 2676 multis
3362 2636 3487 2694 par-

1896 2709 2047 2765 tibus
2100 2711 2384 2766 resarcitis
2430 2710 2676 2766 vestibus
2719 2710 3045 2777 utebantur,
3103 2725 3254 2765 nunc
3305 2713 3496 2763 autem

209 2793 345 2848 ﬂcio
375 2809 441 2847 ex
471 2794 709 2848 lectione
731 2811 944 2848 eorum.
971 2795 1079 2848 Sed
1098 2800 1155 2849 et
1177 2795 1380 2850 fratres
1403 2802 1603 2867 petunt
1617 2814 1711 2851 eos
1741 2798 1811 2852 ad
1893 2799 2153 2870 pretiosis
2215 2800 2463 2854 vestibus
2535 2799 2779 2855 utimini.
2852 2797 3133 2854 Discedite
3199 2794 3351 2865 hinc,
3412 2794 3501 2852 de-

210 2882 540 2952 legendum,
560 2889 618 2937 et
646 2884 749 2954 ipsi
780 2884 1099 2955 proﬁciunt.
1128 2884 1227 2939 Dic
1252 2902 1385 2955 ergo
1414 2886 1554 2940 mihi
1578 2887 1711 2957 quid
1726 2888 1812 2941 de-
1900 2890 2159 2944 sertastis
2220 2890 2403 2944 locum
2447 2890 2615 2945 hunc.
2663 2888 2900 2954 Quando
2945 2893 3138 2944 autem
3184 2885 3493 2961 profecturi

216 2971 326 3026 beo
353 2971 536 3026 facere
562 2973 575 3026 l
602 2973 670 3027 Et
698 2973 1045 3044 respondens
1077 2988 1274 3042 senex,
1301 2975 1476 3029 dixit:
1514 2976 1655 3030 Boni
1686 2982 1819 3031 sunt
1899 2983 2064 3033 erant
2103 2979 2173 3033 ad
2230 2994 2491 3043 messem,
2543 2978 2765 3032 dicebat
2801 2977 2909 3031 eis:
2960 2978 3088 3033 Jam
3133 2975 3291 3032 vobis
3338 2974 3497 3032 nulla

213 3061 447 3134 quidem
475 3062 651 3131 actus,
684 3063 781 3117 sed
804 3062 1005 3118 melius
1035 3061 1293 3118 omnibus
1315 3069 1401 3118 est
1415 3064 1554 3119 nihil
1575 3065 1818 3136 posside-
1898 3065 2169 3120 mandata
2194 3065 2356 3134 dabo,
2384 3067 2518 3138 quia
2546 3084 2659 3121 non
2688 3066 3016 3122 observatis.

211 3167 299 3206 re.
329 3151 493 3216 Quod
519 3168 646 3206 cum
678 3151 944 3219 audisset,
978 3151 1137 3217 abiit,
1175 3158 1233 3207 et
1262 3153 1514 3208 vendidit
1542 3167 1875 3227 memora-(3
1975 3153 2225 3212 lO.Dixit
2237 3153 2409 3210 abbas
2429 3156 2729 3210 Cassianus
2751 3155 3154 3224 (Cassian.,lz'b.
3179 3168 3259 3210 vn
3280 3156 3490 3221 Instit,

214 3246 307 3295 tos
331 3240 581 3308 Codices,
606 3247 663 3296 et
681 3241 835 3295 dedit
853 3241 1237 3312 indigentibus
1265 3243 1512 3314 pretium
1538 3243 1809 3314 ipsorum.
1896 3262 1941 3299 ο.
1980 3243 2064 3315 Η)
2099 3244 2229 3315 quia
2250 3245 2597 3316 Syncleticus
2627 3244 2833 3316 aliquis
2859 3243 3088 3299 nomine
3111 3242 3494 3301 renuntiasset

289 3327 343 3385 7.
380 3330 646 3385 Narravit
676 3331 906 3402 quidam
954 3332 1188 3385 Patrum
1233 3332 1303 3385 de
1346 3331 1554 3386 abbate
1597 3334 1813 3388 Joanne

213 3419 410 3486 Persa,
435 3419 565 3492 quia
594 3437 659 3474 ex
688 3420 880 3475 multis
899 3419 1202 3475 virtutibus
1228 3420 1345 3475 suis
1376 3421 1447 3475 ad
1476 3422 1812 3494 profundam

215 3507 639 3580 simplicitatem
667 3515 838 3580 atque
866 3509 1247 3564 innocentiam
1281 3512 1598 3583 pervenerit
1630 3514 1811 3583 (Rulli,

216 3600 317 3654 lib.
349 3612 431 3679 ω,
464 3614 521 3652 η.
557 3596 701 3668 148).
723 3598 825 3652 Hic
836 3602 1025 3652 autem
1048 3598 1315 3679 manebat
1331 3599 1391 3653 in
1409 3599 1618 3655 Arabia
1636 3600 1817 3656 vicina

507 3687 578 3742 Et
599 3687 877 3742 mutuavit
896 3686 1199 3760 aliquando
1219 3674 1439 3744 afratre
1453 3706 1555 3744 suo
1574 3690 1815 3745 solidum

215 3792 417 3844 unum,
451 3782 506 3832 et
529 3777 667 3831 emit
692 3777 892 3844 linum,
918 3783 981 3832 ut
1008 3782 1355 3849 operaretur.
1380 3779 1449 3833 Et
1476 3780 1630 3834 venit
1642 3779 1818 3834 frater

214 3880 426 3937 rogans
443 3883 591 3934 eum,
617 3872 674 3922 et
683 3866 873 3921 dicens
895 3885 906 3919 :
926 3867 1087 3922 Dona
1104 3867 1266 3934 mihi,
1285 3866 1447 3936 abba,
1464 3869 1816 3940 aliquantum

215 3955 341 4023 lini,
370 3962 427 4010 et
452 3955 651 4011 faciam
684 3956 823 4011 mihi
850 3956 1248 4012 vestimentum
1264 3974 1375 4029 quo
1395 3963 1543 4014 utar.
1573 3960 1641 4013 Et
1664 3959 1820 4014 dedit

216 4045 272 4100 ei
288 4062 415 4101 cum
432 4044 659 4117 gaudio.
683 4045 957 4101 Similiter
977 4051 1035 4101 et
1045 4046 1189 4101 alius
1207 4047 1436 4102 veniens
1456 4048 1674 4119 rogavit
1689 4065 1818 4103 eum

216 4138 287 4190 ut
313 4134 475 4190 daret
501 4134 552 4189 ei
574 4135 926 4207 aliquantum
947 4136 1067 4202 lini,
1099 4141 1164 4191 ut
1183 4135 1389 4192 faceret
1408 4136 1512 4191 sibi
1530 4143 1818 4209 tegumen-

216 4223 442 4280 tum.Et
458 4223 614 4280 dedit
635 4224 686 4279 ei
713 4226 803 4280 .Et
812 4225 1006 4281 multis
1023 4226 1147 4280 aliis
1162 4225 1484 4297 petentibus
1500 4227 1669 4282 dabat
1687 4228 1818 4282 sim-

217 4311 443 4385 pliciter
483 4329 609 4367 cum
638 4313 864 4384 gaudio.
919 4314 1121 4369 Postea
1149 4315 1303 4370 venit
1351 4316 1613 4371 dominus
1654 4317 1819 4372 solidi

220 4419 389 4475 quem
414 4406 611 4458 mutuo
626 4407 934 4474 acceperat,
958 4403 1150 4458 volens
1175 4405 1422 4476 recipere
1440 4407 1588 4477 quod
1602 4412 1822 4462 mutua-

1897 3334 2182 3400 saeculo,et
2192 3334 2485 3388 facultates
2515 3350 2646 3388 suas
2666 3333 3005 3405 pauperibus
3026 3332 3496 3407 dividens,aliqua

1899 3424 2006 3477 sibi
2037 3423 2364 3478 retinuisset
2392 3424 2462 3478 ad
2485 3424 2774 3495 proprium
2800 3440 2986 3489 usum,
3015 3423 3212 3478 nolens
3247 3420 3493 3496 perfecte

1900 3531 1965 3567 ex
1985 3513 2242 3569 omnibus
2270 3513 2719 3568 renuntiantium
2747 3513 3126 3569 humilitatem
3156 3516 3213 3567 et
3248 3528 3496 3569 commu-

1899 3604 1986 3658 nis
2056 3603 2532 3658 monasteriorum
2568 3603 2695 3659 vitaa
2731 3603 3015 3675 suscipere
3074 3601 3348 3674 regulam.
3400 3599 3487 3656 Ad

1899 3709 2067 3764 quem
2096 3698 2301 3747 sanctae
2330 3693 2614 3748 memoriae
2637 3691 2878 3749 Basilius
2906 3692 3048 3747 dixit
3060 3692 3166 3748 hoc
3194 3710 3205 3745 :
3239 3690 3310 3747 Et
3337 3706 3496 3746 sena-

1897 3788 1989 3837 tor
2017 3800 2138 3837 esse
2163 3783 2398 3850 desiisti,
2427 3787 2485 3838 et
2511 3782 2849 3837 monachum
2868 3798 2982 3837 non
3010 3780 3208 3837 fecisti.

1975 3871 2060 3929 11.
2095 3872 2246 3927 Dixit
2275 3872 2504 3943 quidam
2524 3871 2699 3926 frater
2716 3870 2905 3926 abbati
2925 3869 3301 3926 Pisteramoni
3317 3889 3329 3926 :
3348 3868 3495 3934 Quid

1902 3961 2399 4033 faciam,quoniam
2421 3961 2627 4016 durum
2636 3965 2722 4015 est
2742 3960 2881 4015 mihi
2894 3959 3135 4016 vendere
3148 3960 3292 4033 quod
3317 3957 3496 4013 mani-

1904 4052 2005 4105 bus
2033 4050 2173 4105 meis
2201 4049 2415 4105 laboro.
2444 4051 2513 4105 Et
2539 4050 2884 4123 respondens
2934 4048 3108 4104 dixit:
3145 4048 3291 4113 Quia
3324 4046 3497 4103 abbas

1903 4140 2076 4195 Sisois
2097 4145 2154 4194 et
2164 4140 2349 4195 caeteri
2367 4139 2684 4196 vendebant
2694 4156 2835 4212 opus
2850 4155 3120 4195 manuum
3136 4137 3499 4206 suarum;hoc

1903 4230 2055 4284 enim
2072 4246 2185 4285 non
2215 4230 2401 4285 laedet.
2440 4230 2548 4286 Sed
2572 4230 2798 4302 quando
2816 4229 3029 4298 vendis,
3054 4229 3227 4285 semel
3247 4227 3337 4284 dic
3367 4243 3498 4301 pre-

1902 4320 2045 4375 tium
2077 4321 2285 4393 specici
2313 4337 2483 4391 quam
2514 4319 2803 4375 distrahis.
2835 4320 2904 4374 Et
2932 4319 2980 4374 si
3000 4318 3083 4374 vis
3102 4319 3360 4373 relaxare
3383 4333 3500 4373 mo-

1904 4411 2092 4466 dicum
2114 4411 2301 4483 pretii,
2324 4411 2385 4465 in
2404 4417 2462 4466 te
2482 4410 2670 4478 est,sic
2691 4410 2841 4465 enim
2855 4414 2913 4465 et
2943 4410 3188 4482 quietem
3224 4406 3494 4462 invenies.

218 4496 398 4547 verat.
453 4492 524 4547 Et
551 4491 691 4547 dixit
740 4492 790 4547 ei
822 4509 993 4547 senex
1018 4512 1030 4548 :
1067 4494 1182 4565 Ego
1215 4495 1386 4549 affero
1433 4496 1536 4550 tibi
1564 4514 1715 4551 eum.
1747 4498 1818 4552 Et
1836 4492 1885 4552 D
1908 4501 2120 4556 Iterum
2134 4500 2273 4555 dixit
2293 4501 2343 4555 ei
2356 4500 2561 4555 frater:
2585 4500 2836 4555 Sihabeo
2857 4499 3008 4570 quod
3038 4496 3282 4553 suﬁiciat
3305 4512 3498 4553 neces-

219 4598 351 4638 cum
382 4597 495 4636 non
531 4581 767 4637 haberet
793 4583 942 4637 unde
972 4583 1252 4651 redderet,
1288 4584 1430 4638 abiit
1458 4585 1527 4639 ad
1557 4585 1819 4642 abbatem

218 4670 398 4728 Iacob
427 4670 894 4743 dispensatorem,
933 4676 997 4728 ut
1022 4679 1252 4744 rogaret
1281 4690 1432 4741 eum,
1476 4680 1534 4729 et
1577 4675 1740 4731 daret
1768 4677 1819 4732 ei

218 4759 483 4816 solidum.
516 4760 585 4815 Et
605 4777 731 4816 cum
752 4761 879 4828 iret,
911 4761 1125 4817 invenit
1152 4762 1211 4816 in
1242 4767 1395 4817 terra
1419 4764 1704 4835 jacentem
1732 4782 1820 4820 so-

217 4850 421 4919 lidum,
445 4854 503 4905 et
521 4867 634 4905 non
657 4850 843 4922 tetigit
858 4866 1007 4919 eum,
1033 4852 1132 4906 sed
1144 4850 1275 4907 fecit
1293 4853 1627 4921 orationem,
1649 4859 1705 4909 et
1734 4872 1820 4909 re-

216 4954 416 4995 versus
437 4946 524 4995 est
537 4938 598 4996 in
609 4941 811 4995 cellam
829 4941 1089 4995 suam.Et
1105 4941 1258 4996 venit
1271 4942 1476 4998 iterum
1498 4944 1673 4997 frater
1699 4944 1816 5015 ille,

226 5034 288 5085 et
312 5029 482 5101 coepit
529 5030 581 5084 ei
618 5029 887 5085 molestus
936 5046 1058 5085 esse
1088 5047 1189 5102 pro
1228 5031 1425 5087 solido.
1458 5032 1527 5087 Et
1554 5033 1688 5089 dicit
1716 5034 1767 5089 ei
1803 5053 1816 5089 :

219 5117 338 5189 Ego
368 5118 600 5173 reddam
627 5118 750 5172 tibi.
777 5118 845 5174 Et
883 5118 1024 5173 abiit
1058 5119 1267 5177 iterum
1297 5138 1484 5189 senex,
1521 5128 1579 5177 et
1607 5122 1821 5179 invenit

219 5205 461 5263 solidum
489 5207 550 5262 in
578 5212 733 5263 terra
758 5208 856 5264 ubi
886 5214 1009 5264 erat
1035 5210 1210 5281 prius,
1233 5215 1291 5266 et
1322 5229 1519 5267 rursus
1538 5212 1821 5269 factaora-

221 5298 377 5357 tione
404 5318 660 5374 reversus
675 5298 790 5357 'est.
823 5304 894 5359 Et
946 5321 1071 5359 ecce
1099 5305 1308 5361 iterum
1334 5307 1503 5379 coepit
1532 5307 1707 5362 frater
1726 5308 1820 5362 ille

222 5391 495 5446 molestus
524 5407 665 5460 esse,
698 5397 755 5447 et
786 5392 922 5448 dicit
950 5410 1145 5448 senex:
1182 5394 1379 5450 Adhuc
1407 5397 1581 5451 semel
1602 5413 1693 5450 me
1725 5413 1825 5451 ex-

223 5483 435 5553 specta,
470 5485 526 5536 et
548 5481 718 5536 aﬂ'ero
730 5482 834 5538 tibi
859 5482 1100 5539 solidum
1131 5485 1392 5540 tuum.Et
1408 5502 1646 5557 surgens
1669 5487 1824 5543 venit

222 5569 295 5625 ad
317 5570 482 5626 illum
510 5570 782 5638 locum,et
806 5572 1021 5653 invenit
1047 5573 1231 5648 ipsum
1252 5575 1494 5630 solidum
1513 5576 1619 5643 ibi;
1652 5581 1709 5631 et
1732 5576 1818 5631 fa-

218 5665 310 5717 cta
327 5658 585 5719 oratione
608 5662 741 5720 tulit
758 5678 906 5735 eum,
925 5669 983 5723 et
1000 5664 1152 5723 venit
1164 5665 1236 5722 ad
1251 5664 1511 5723 abbatem
1526 5664 1814 5735 Iacobum,

1903 4589 2163 4645 sitatibus
2192 4589 2332 4644 meis
2364 4589 2610 4656 aliunde,
2640 4588 2861 4644 videtur
2890 4586 2991 4642 tibi
3017 4590 3081 4641 ut
3112 4601 3225 4640 non
3254 4583 3498 4658 cogitem

1904 4678 1973 4733 de
2000 4677 2191 4733 labore
2213 4678 2510 4733 manuum?
2527 4676 2898 4748 Respondens
2918 4692 3105 4745 senex,
3128 4675 3285 4731 dixit:
3306 4673 3497 4741 Quan-

1902 4768 2109 4824 tumvis
2150 4767 2377 4834 habeas,
2420 4783 2533 4823 non
2561 4766 2813 4839 negligas
2859 4766 3101 4840 Operari,
3135 4770 3188 4822 et
3222 4769 3498 4840 quantum

1902 4863 2078 4930 potes,
2111 4858 2216 4925 fac,
2238 4861 2463 4912 tantum
2490 4873 2605 4912 non
2633 4873 2761 4912 cum
2789 4855 3110 4913 turbatione
3130 4855 3323 4912 animi.

1970 4947 2061 5003 12.
2093 4948 2291 5003 Frater
2320 4946 2689 5018 interrogavit
2718 4945 2978 5003 abbatem
3009 4946 3394 5023 Serapionem,
3418 4945 3500 5002 di-

1902 5054 2067 5093 cens:
2104 5037 2205 5092 Dic
2242 5036 2379 5091 mihi
2420 5053 2597 5092 unum
2624 5036 2879 5093 verbum.
2930 5037 3080 5094 Dicit
3105 5054 3311 5095 senex:
3345 5035 3491 5104 Quid

1901 5126 2003 5182 tibi
2031 5126 2208 5182 habeo
2252 5125 2597 5199 ‘dicere,quia
2636 5127 2818 5183 tulisti
2843 5144 2912 5183 ea
2939 5145 3062 5200 quae
3091 5132 3253 5184 erant
3298 5125 3493 5182 vidua-

1902 5235 2031 5272 rum
2072 5222 2130 5273 et
2157 5217 2558 5290 orphanorum,
2590 5222 2647 5272 et
2675 5218 2915 5290 posuisti
2944 5219 3003 5274 in
3031 5216 3293 5274 fenestra.
3326 5213 3494 5270 Vide-

1903 5313 1995 5362 rat
2024 5307 2176 5363 enim
2202 5323 2326 5362 eam
2350 5306 2633 5363 codicibus
2655 5308 2898 5381 plenam.

1981 5396 2065 5456 13.
2109 5398 2463 5469 Interrogata
2494 5402 2580 5453 est
2607 5397 2785 5454 beatae
2816 5394 3100 5453 memoriae
3148 5394 3486 5469 Syncletica:

1907 5487 1965 5543 Si
1981 5487 2290 5559 perfectum
2310 5487 2520 5542 bonum
2545 5491 2632 5542 est
2654 5486 2795 5542 nihil
2825 5484 3033 5540 habere
3062 5484 3086 5539 ?
3107 5484 3178 5540 Et
3198 5485 3296 5540 illa
3313 5483 3458 5540 dixit
3475 5504 3493 5541 :

1902 5577 2080 5632 Valde
2108 5577 2318 5633 bonum
2347 5583 2434 5632 est
2462 5575 2548 5632 his
2578 5575 2676 5649 qui
2691 5579 2946 5649 possunt.
2970 5573 3190 5630 Etenim
3209 5574 3269 5630 hi
3300 5574 3497 5647 quite.

1900 5666 2083 5724 lerare
2101 5672 2354 5741 possunt,
2368 5664 2791 5726 tribulationem
2815 5662 3042 5740 quidem
3053 5664 3237 5724 carnis
3260 5663 3491 5738 habent,
