3934 6378
459 291 561 352 891

1587 306 1681 363 DE
1718 306 1908 364 VITIS
1946 306 2243 365 PATRUM
2280 310 2496 368 LIBER
2532 313 2601 366 V.

3619 316 3725 376 892

455 419 556 515 sed
584 420 787 515 animai
831 425 1084 499 requiem
1113 428 1420 500 possident.
1455 431 1733 497 Quoniam
1762 433 1911 490 sicut
1935 434 2049 489 for-
2067 434 2114 494 A
2135 450 2262 490 cum
2293 453 2496 493 aurum
2525 439 2584 493 in
2609 438 2820 511 Scythi,
2854 444 2912 495 et
2939 439 3173 512 rogabat
3188 440 3581 515 presbyterum
3609 459 3726 500 ere-

456 508 533 566 tia
565 512 909 569 vestimenta
944 516 1079 572 dum
1132 518 1438 587 calcantur,
1471 526 1530 576 et
1568 522 1802 594 pedibus
1850 527 2052 599 saepius

457 606 834 671 reversantur,
866 604 1129 662 lavantur
1154 613 1325 680 atque
1354 609 1806 682 incandidantur,
1835 616 1918 672 ita
1946 616 2053 673 for-

455 687 529 743 tis
572 691 763 747 anima
799 710 901 765 per
940 695 1317 753 voluntariam
1365 706 1753 772 paupertatem
1811 707 2052 779 amplius

455 778 842 836 conﬁrmatur.
1236 796 1265 816 ·

533 866 619 924 14.
643 869 795 926 Dixit
820 871 994 929 abbas
1024 875 1418 948 Hyperichius:
1445 879 1765 938 Thesaurus
1794 888 2053 942 monachi

455 960 543 1042 est
566 958 888 1042 voluntaria
910 970 1236 1036 paupertas.
1268 967 1622 1024 Thaesauriza
1649 988 1782 1042 ergo
1808 973 2049 1039 tibi,fra-

454 1040 560 1103 ter,
595 1037 657 1094 in
686 1040 847 1110 ctelo,
880 1043 1015 1115 quia
1040 1044 1117 1099 ibi
1163 1046 1234 1101 ad
1276 1037 1743 1120 requiescendum
1773 1054 1895 1110 sine
1920 1037 2050 1113 ﬁne

451 1130 587 1182 sunt
604 1129 826 1185 saecula.

522 1214 613 1272 15.
638 1216 777 1273 Erat
802 1219 1034 1291 quidam
1070 1229 1413 1291 sanctorum,
1450 1227 1770 1300 Philagrius
1798 1236 2046 1293 nomine.

451 1302 559 1359 Hic
570 1303 863 1395 habitabat
887 1309 946 1364 in
959 1310 1341 1385 Jerosolymis,
1368 1320 1425 1370 et
1434 1315 1724 1375 laborabat
1743 1326 2045 1395 operando,

454 1396 522 1447 ut
547 1394 829 1465 potuisset
857 1397 965 1452 sibi
1001 1399 1074 1454 ad
1112 1416 1316 1471 panem
1344 1403 1695 1463 sufﬁcere.Et
1716 1410 1849 1466 dum
1874 1394 2048 1471 staret

453 1479 515 1535 in
542 1481 752 1553 platea,
777 1485 967 1542 volens
1002 1489 1242 1544 vendere
1272 1493 1418 1563 quod
1441 1496 1698 1552 manibus
1722 1500 1838 1555 suis
1865 1502 2049 1561 fuerat

457 1576 745 1643 operatus,
771 1575 1007 1647 contigit
1038 1582 1104 1632 ut
1128 1579 1355 1635 caderet
1381 1582 1603 1639 cuidam
1633 1591 1900 1646 saccellus
1920 1611 2047 1649 cum

454 1658 651 1716 solidis
680 1662 852 1728 mille,
887 1669 945 1719 et
981 1665 1273 1723 inveniens
1303 1686 1430 1725 eum
1461 1690 1649 1740 senex,
1681 1680 1838 1734 stetit
1865 1681 1921 1736 in
1951 1700 2047 1739 eo-

2135 525 2232 592 mi,
2263 532 2329 581 ut
2354 534 2683 599 erogaretur
2710 530 2781 584 ad
2803 530 3024 586 fratres.
3039 531 3196 586 Dixit
3214 538 3405 589 autem
3423 533 3476 587 ei
3491 532 3720 605 presby—

2132 616 2256 667 ter:
2288 614 2412 669 Non
2443 632 2584 687 opus
2612 615 2823 672 habent
2849 618 3076 673 fratres.
3128 620 3198 674 Et
3226 637 3355 675 cum
3383 620 3554 676 nimis
3578 626 3723 676 esset

2132 702 2449 770 vehemens,
2479 709 2536 758 et
2561 720 2676 760 non
2703 706 3101 777 acquiesceret,
3124 711 3310 779 posuit
3328 715 3578 781 sportam
3595 726 3721 765 eum

2134 790 2327 845 solidis
2354 792 2414 846 in
2441 793 2696 864 ingressu
2727 796 2991 863 ecclesiae,
3015 801 3073 851 et
3099 796 3234 852 dicit
3265 798 3586 870 presbyter:
3615 798 3724 863 Qui

2134 894 2276 950 opus
2298 879 2487 948 habet,
2517 883 2697 937 tollat.
2732 884 2802 938 Et
2828 901 2996 939 nemo
3023 886 3215 957 tetigit
3238 904 3253 953 ;
3279 887 3505 958 quidam
3532 893 3722 943 autem

2132 984 2237 1022 nec
2279 976 2635 1041 aspexerant.
2690 973 2760 1027 Et
2813 973 2951 1029 dicit
2972 974 3025 1028 ei
3049 972 3255 1029 senex:
3291 976 3547 1047 Suscepit
3572 976 3721 1032 Deus

2133 1056 2472 1114 oblationem
2500 1064 2658 1115 tuam
2683 1079 2696 1128 ;
2729 1062 2887 1126 vade,
2912 1068 2969 1118 et
2995 1063 3069 1118 da
3094 1063 3235 1118 illud
3264 1063 3622 1136 pauperibus.
3649 1065 3719 1120 Et

2133 1147 2292 1201 valde
2319 1148 2628 1205 mdiﬁcatus
2656 1151 2931 1206 discessit.

2202 1234 2289 1293 20.
2317 1238 2525 1292 Attulit
2552 1239 2778 1310 quidam
2801 1241 2921 1295 seni
2949 1240 3263 1312 pecuniam,
3294 1241 3485 1297 dicens
3518 1260 3530 1296 :
3564 1240 3722 1297 Habe

2132 1325 2203 1380 ad
2229 1343 2500 1398 expensas
2521 1333 2670 1394 tuas,
2696 1329 2828 1400 quia
2856 1330 3094 1385 senuisti
3121 1336 3180 1385 et
3196 1331 3455 1387 inﬁrmus
3474 1347 3569 1397 es;
3598 1337 3723 1386 erat

2131 1414 2282 1469 enim
2336 1416 2610 1486 leprosus.
2670 1418 2774 1472 Hic
2822 1425 3014 1473 autem
3059 1419 3402 1490 respondens
3430 1419 3605 1477 dixit:
3637 1422 3721 1475 Tu

2130 1509 2259 1574 post
2307 1505 2600 1575 sexaginta
2651 1522 2829 1562 annos
2882 1508 3039 1562 venis
3093 1507 3316 1563 auferre
3377 1509 3716 1565 nutritorem

2130 1608 2317 1647 meum
2340 1593 2363 1646 ?
2393 1594 2529 1648 Ecce
2554 1600 2777 1649 tantum
2796 1596 3067 1668 temporis
3087 1596 3301 1652 habens
3317 1597 3375 1651 in
3396 1598 3723 1653 inﬁrmitate
3768 1616 3773 1617 ί

2131 1698 2276 1748 mea,
2333 1682 2473 1737 nihil
2501 1683 2738 1754 indigui,
2771 1686 2879 1739 Deo
2907 1684 3195 1741 tribuente
3224 1690 3281 1740 et
3318 1691 3579 1758 pascente
3608 1703 3720 1744 me.

606 1749 749 1820 loco,
774 1751 1006 1845 dicens:-
1025 1755 1266 1814 Necesse
1295 1766 1380 1815 est
1406 1763 1573 1819 modo
1595 1781 1723 1822 eum
1740 1770 1836 1839 qui
1854 1774 2033 1842 perdi-
2061 1749 2111 1812 Β
2134 1771 2203 1825 Et
2226 1746 2339 1825 non
2358 1746 2655 1842 acquievit:
2662 1746 2933 1845 accipere.

454 1836 541 1932 dit
566 1838 679 1895 huc
706 1842 916 1932 venire.
969 1842 1040 1899 Et
1080 1862 1205 1901 ecce
1244 1851 1516 1920 veniebat,
1565 1856 1661 1926 qui
1701 1836 2041 1932 perdiderat,

448 1925 697 1998 plorans.
722 1930 877 1987 Tulit
904 1948 1038 2005 ergo
1084 1952 1214 1992 eum
1235 1955 1509 2009 seorsum,
1560 1925 1617 1999 et
1646 1925 1897 2005 reddidit
1931 1925 2047 2010 sae;

448 2015 653 2073 cellum
698 2034 883 2076 suum.
938 2022 1119 2088 Quem
1167 2027 1262 2082 ille
1288 2030 1525 2102 rogabat
1551 2038 1616 2089 ut
1644 2039 1922 2110 acciperet
1940 2043 2045 2098 ali-

448 2121 620 2201 quam
646 2114 869 2180 partem
895 2128 961 2167 ex
990 2129 1073 2182 eo,
1097 2117 1196 2171 sed
1209 2134 1377 2173 senex
1401 2121 1722 2180 nullatenus
1743 2130 2043 2201 acquievit.

448 2193 606 2252 Tunc
627 2196 724 2254 ille
752 2200 923 2273 coepit
950 2203 1195 2260 clamare
1223 2213 1281 2263 et
1309 2209 1521 2266 dicere:
1558 2193 1843 2283 Venite,et
1860 2221 2045 2279 videte

445 2283 737 2343 hominem
764 2288 886 2357 Dei,
922 2292 1057 2364 quid
1081 2294 1230 2351 fecit.
1265 2297 1445 2354 Senex
1473 2307 1664 2358 autem
1704 2308 1916 2365 occulte
1953 2311 2041 2367 fu-

444 2371 625 2445 giens,
685 2377 858 2434 exivit
912 2380 982 2436 de
1010 2382 1253 2452 civitate,
1295 2403 1366 2443 ne
1404 2399 1805 2461 agnosceretur
1855 2398 1926 2453 de
1974 2418 2040 2456 eo

445 2462 582 2533 quid
610 2464 836 2536 fecerat,
871 2474 929 2525 et
954 2470 1298 2531 honorarent
1324 2494 1474 2534 eum.

515 2551 607 2607 I6.
639 2554 1032 2650 interrogatus
1064 2568 1150 2619 est
1177 2581 1346 2622 senex
1367 2569 1597 2640 quidam
1626 2589 1661 2628 a
1678 2573 1871 2644 fratre,
1905 2581 2040 2650 quid

444 2637 657 2734 faceret
682 2648 750 2698 ut
775 2646 960 2703 salvus
990 2656 1153 2707 esset.
1183 2654 1283 2708 Ille
1310 2637 1503 2714 autem
1529 2663 1844 2734 exspolians
1862 2637 1939 2723 se
1952 2686 2041 2724 ve-

445 2727 712 2825 stimento
743 2748 864 2801 suo,
898 2741 956 2792 et
987 2739 1216 2811 cingens
1229 2744 1449 2801 lumbos
1478 2727 1827 2825 suos-atque
1858 2762 2045 2814 exten-

445 2816 586 2874 dens
613 2836 837 2891 manus,
869 2825 1036 2882 dixit:
1058 2829 1149 2885 Sic
1176 2831 1343 2889 debet
1369 2837 1556 2893 nudus
1584 2816 1706 2896 esse
1733 2816 2041 2903 monachus

449 2905 522 2960 ab
550 2910 706 2966 omni
753 2915 993 2970 materia
1019 2919 1292 2987 saeculari,
1320 2928 1377 2978 et
1405 2927 1732 3000 cruciﬁgere
1762 2949 1822 2987 se
1849 2935 2042 2991 adver-

444 3000 924 3058 sustentationem
950 3011 1119 3078 atque
1148 3013 1459 3069 certamina
1485 3019 1700 3077 mundi.

520 3083 1289 3185 17.9uidamrogavitsenem
1314 3106 1634 3174 quemdam,
1668 3114 1730 3164 ut
1764 3112 2042 3185 acciperet

2199 1860 2288 1915 21.
2320 1861 2704 1917 Narraverunt
2730 1879 2892 1918 senes
2906 1864 2976 1918 de
3000 1863 3244 1935 quodam
3272 1863 3572 1920 hortulano
3592 1865 3729 1938 quia

2125 1948 2430 2015 laboraret,
2463 1955 2523 2005 et
2545 1967 2772 2006 omnem
2811 1950 3064 2007 laborem
3092 1968 3261 2008 suum
3288 1953 3633 2025 expenderet
3659 1954 3721 2009 in

2126 2037 2564 2110 eleemosynam.
2596 2040 2900 2103 Ettantum
2910 2040 3016 2095 sibi
3036 2040 3335 2108 retinebat,
3358 2048 3632 2113 quantum
3657 2043 3729 2098 ad

2124 2126 2333 2181 victum
2360 2127 2537 2198 ipsius
2565 2129 2864 2184 sufﬁceret.
2899 2130 3103 2185 Postea
3130 2146 3259 2185 vero
3281 2131 3521 2186 Satanas
3540 2131 3725 2187 immi-

2125 2215 2203 2270 sit
2246 2216 2305 2270 in
2335 2218 2502 2271 corde
2531 2219 2675 2287 ejus,
2709 2218 2901 2273 dicens
2933 2236 2946 2273 :
2988 2218 3197 2291 Collige
3225 2218 3328 2274 tibi
3375 2220 3728 2292 aliquantam

2124 2306 2441 2376 pecuniam,
2472 2323 2545 2361 ne
2596 2324 2725 2361 cum
2750 2307 3004 2363 senueris
3034 2313 3135 2364 aut
3160 2309 3534 2379 aegrotaveris,
3568 2326 3725 2382 opus

2123 2393 2332 2450 habeas
2355 2395 2426 2449 ad
2452 2412 2742 2467 expensas.
2778 2398 2848 2450 Et
2869 2396 3095 2467 collegit
3121 2402 3179 2452 et
3194 2397 3450 2469 implevit
3468 2398 3731 2468 lagenam

2122 2483 2192 2537 de
2211 2484 2738 2557 nummis.Contigit
2760 2492 2952 2540 autem
2981 2503 3114 2541 eum
3136 2486 3432 2554 inﬁrmari,
3457 2492 3514 2542 et
3531 2493 3729 2559 putre-

2122 2572 2244 2627 ﬁeri
2272 2573 2474 2644 pedem
2493 2576 2617 2645 ejus
2640 2594 2653 2642 ;
2679 2580 2737 2629 et
2764 2574 3029 2646 expendit
3046 2575 3197 2647 quod
3221 2576 3523 2647 collegerat
3539 2576 3599 2632 in
3611 2594 3730 2633 me-

2124 2660 2295 2727 dicos,
2328 2667 2387 2717 et
2406 2663 2546 2718 nihil
2576 2665 2626 2718 ei
2658 2665 2920 2736 prodesse
2940 2665 3146 2736 potuit.
3176 2665 3381 2720 Postea
3403 2682 3532 2721 vero
3562 2666 3721 2721 venit

2126 2751 2355 2822 quidam
2376 2753 2447 2807 de
2470 2754 2713 2825 expertis
2734 2754 2984 2821 medicis,
3009 2758 3066 2808 et
3093 2754 3229 2809 dicit
3258 2754 3337 2809 ei:
3370 2754 3492 2810 Nisi
3511 2754 3729 2810 incide-

2124 2838 2203 2894 ris
2230 2841 2431 2911 pedem
2455 2847 2638 2909 tuum,
2667 2844 2951 2915 putreﬁet.
2965 2843 3035 2898 Et
3055 2842 3471 2899 constituerunt
3493 2843 3647 2899 diem
3665 2850 3732 2900 ut

2122 2928 2435 2985 inciderent
2464 2933 2586 3003 ejus
2614 2933 2832 3003 pedem.
2863 2933 2968 2987 Illa
3003 2936 3194 2988 autem
3226 2937 3391 2987 nocte
3417 2932 3642 2989 rediens
3667 2932 3729 2990 in

2122 3021 2572 3092 semetipsum,et
2582 3023 2975 3095 poenitentiam
2997 3039 3171 3094 agens
3182 3023 3252 3077 de
3275 3022 3361 3077 his
3382 3040 3505 3095 quae
3526 3023 3723 3094 gessit,

2119 3108 2397 3179 ingemuit
2425 3117 2482 3166 et
2512 3112 2681 3179 ﬂevit,
2738 3112 2967 3167 dicens:
3026 3112 3243 3167 Memor
3291 3116 3429 3179 esto,
3467 3112 3723 3168 Domine.

439 3177 707 3272 pecunias
729 3180 788 3235 in
799 3182 917 3237 suis
937 3188 1362 3246 necessitatibus
1384 3194 1829 3263 profuturalele
1849 3177 2037 3260 autem
2121 3177 2354 3269 optimm
2376 3216 2632 3255 meorum
2644 3200 2900 3272 Priorum
2925 3217 3049 3272 quae
3060 3200 3489 3269 faeiebamacum
3508 3200 3729 3256 labora-

441 3264 685 3361 nolemt,
715 3274 910 3342 utpote
922 3274 1018 3344 qui
1029 3277 1185 3347 operi
1205 3295 1477 3337 manuum
1500 3301 1731 3342 suarum
1762 3298 1910 3347 esset
1931 3294 2038 3350 sibi
2116 3302 2241 3340 rem
2264 3287 2323 3342 in
2353 3288 2517 3344 horto
2544 3306 2774 3354 "160.8!
2802 3306 2913 3361 quo
2940 3289 3282 3361 Pauperibus
3297 3289 3719 3346 mium-Fabam-

439 3353 725 3452 sufﬁciens
755 3362 940 3431 (Ra/[1,
961 3366 1058 3419 lib.
1081 3379 1165 3433 III,
1196 3384 1252 3425 η.
1288 3370 1397 3441 71).
1440 3374 1547 3428 Sed
1580 3375 1716 3431 dum
1743 3378 1836 3435 ille
1865 3384 2039 3452 persi-
2122 3376 2193 3429 Et
2221 3392 2348 3431 cum
2378 3378 2484 3433 hoc
2512 3353 2766 3445 dixisset,
2802 3353 2960 3433 stetit
2986 3353 3223 3450 angelus
3249 3378 3563 3447 Domini,et
3581 3378 3728 3436 dixit

440 3446 615 3540 stertit
646 3446 1008 3519 obsecrandO,
1043 3460 1107 3509 ut
1135 3458 1343 3514 saltem
1395 3478 1495 3532 pro
1526 3446 1905 3538 indigentium
1936 3489 2037 3528 ne-
2119 3467 2171 3524 ei
2197 3484 2211 3525 :
2257 3467 2361 3522 Ubi
2392 3474 2527 3523 sunt
2555 3468 2774 3523 nummi
2796 3485 2936 3540 quos
2963 3446 3270 3539 collegisti?
3290 3473 3349 3523 et
3366 3467 3463 3523 ubi
3478 3446 3564 3523 est
3589 3485 3721 3540 spes

441 3533 702 3632 cessitate
731 3540 1366 3632 susciperet,respondit
1390 3533 2035 3632 senex,etdixit:Duplex
2119 3560 2190 3615 de
2219 3576 2332 3632 qua
2359 3557 2659 3614 tractasti?
2692 3533 2849 3612 Tune
2872 3533 3212 3628 intelligens,
3245 3556 3388 3613 dixit
3414 3578 3428 3613 :
3461 3533 3716 3624 Peccavi,

599 3627 961 3720 opprobrium
990 3639 1169 3690 esset:
1191 3637 1326 3707 quia
1353 3643 1411 3694 et
1436 3656 1564 3697 cum
1591 3660 1703 3699 non
1730 3620 2035 3720 indigeam,
2122 3620 2386 3717 Domine;
2432 3647 2657 3719 ignosce
2699 3646 2859 3715 mihi,
2891 3651 2949 3701 et
2975 3620 3179 3702 amvodo
3201 3620 3442 3702 ulterius
3469 3647 3576 3702 hoc
3603 3620 3721 3703 non

439 3710 691 3810 accipin
720 3721 777 3771 et
802 3717 989 3775 aliena
1016 3722 1289 3793 tribuens,
1322 3744 1524 3785 vanam
1541 3732 1781 3803 gloriam
1810 3710 2033 3810 colligo.
2122 3739 2345 3793 faciam.
2372 3710 2534 3792 Tunc
2562 3736 2797 3807 angelus
2822 3710 3009 3806 tetigit
3035 3734 3239 3807 pedem
3253 3736 3461 3807 ejus,et
3483 3740 3719 3792 sanatus

515 3798 599 3857 18.
644 3800 928 3898 Venerunt
971 3811 1276 3884 aliquando
1312 3798 1574 3889 quidam-
1593 3798 2033 3897 Graecorumiut
2117 3832 2204 3883 est
2229 3826 2443 3883 statim.
2459 3826 2529 3880 Et
2547 3798 2852 3896 exsurgens
2879 3798 3067 3889 mane,
3098 3824 3240 3879 abiit
3265 3798 3326 3880 in
3353 3798 3555 3896 agrum
3588 3842 3720 3898 ope-

438 3887 642 3947 darent
669 3894 1085 3971 eleemosynam
1113 3901 1173 3958 in
1210 3887 1433 3963 civitate
1473 3910 1794 3969 Ostracines
1817 3887 1942 3986 (26).
1977 3924 2036 3975 et

437 3991 867 4054 assumpserunt
900 3989 1009 4044 sibi
1039 4007 1355 4052 (economos
1384 3999 1650 4068 ecclesia,
1683 4009 1748 4058 ut
1779 4008 2034 4063 ostende-

436 4074 565 4125 rent
594 4071 675 4127 eis
704 4074 801 4144 qui
843 4079 1235 4137 necessitatem
1293 4087 1567 4157 majorem
1622 4090 1911 4151 haberent.
1944 4098 2031 4153 Illi

436 4162 628 4250 autem
661 4161 942 4220 duxerunt
970 4183 1066 4223 eos
1095 4170 1166 4224 ad
1195 4174 1495 4242 quemdam
1519 4177 1824 4250 leprosum,
1856 4190 1913 4240 et
1933 4186 2031 4242 de-

435 4247 643 4304 derunt
670 4250 847 4308 ei.Ille
875 4260 1067 4312 autem
1094 4259 1321 4317 nolebat
1338 4247 1610 4336 accipere,
1639 4247 1860 4327 dicens:
1894 4276 2031 4333 Ecce

2113 3917 2246 3972 rari.
2293 3915 2462 3971 Venit
2512 3931 2646 3985 ergo
2694 3913 2945 3970 medicus
2991 3914 3301 3970 secundum
3330 3914 3709 3970 constitutum

2115 4022 2244 4062 cum
2261 4004 2637 4071 ferramentis,
2670 4008 2737 4059 ut
2764 4010 2980 4060 secaret
3000 4003 3201 4076 pedem
3228 4004 3349 4074 ejus
3375 4021 3390 4071 ;
3420 4009 3479 4059 et
3509 4003 3714 4060 dicunt

2115 4095 2167 4150 ei
2197 4112 2209 4149 :
2240 4094 2387 4150 Exiit
2429 4109 2464 4148 a
2486 4108 2653 4148 mane
2681 4093 2902 4165 operari
2930 4092 2992 4147 in
3020 4109 3176 4165 agro.
3208 4093 3365 4148 Tunc
3395 4092 3712 4148 admiratus

2112 4184 2361 4240 medicus
2390 4182 2637 4255 perrexit
2666 4181 2726 4236 in
2753 4198 2974 4253 agrum,
3003 4181 3098 4237 ubi
3119 4180 3461 4253 operabatur
3486 4182 3601 4237 ille.
3644 4183 3717 4238 Et

2113 4274 2307 4329 videns
2367 4289 2498 4327 eum
2551 4271 2856 4327 fodientem
2882 4277 3115 4341 terram,
3145 4271 3484 4342 gloriﬁcavit
3510 4270 3712 4339 Deum,

432 4338 683 4437 modicas
707 4341 925 4437 palmas
954 4345 1152 4416 habeo,
1169 4365 1308 4421 quas
1318 4361 1599 4423 operor,et
1626 4357 1768 4414 facio
1792 4362 2022 4433 plectas,
2049 4352 2099 4412 D
2118 4363 2215 4437 qui
2243 4361 2564 4417 reddiderat
2594 4361 2646 4415 ei
2676 4361 2935 4416 sanitem.

433 4431 492 4482 et
518 4445 585 4484 ex
614 4430 694 4485 eis
724 4433 1000 4490 manduco
1026 4453 1252 4509 panem.
1280 4441 1496 4498 Iterum
1524 4430 1812 4506 duxerunt
1832 4469 1927 4509 eos
1954 4430 2025 4510 ad

432 4517 629 4575 cellam
657 4521 826 4578 unius
862 4524 1059 4595 vidua,
1096 4544 1218 4599 quae
1246 4535 1368 4586 erat
1385 4548 1515 4588 cum
1544 4536 1766 4594 ﬁliabus
1793 4543 1929 4598 suis.
1958 4545 2030 4600 Et

430 4622 558 4663 cum
588 4610 880 4681 pulsarent
904 4614 1132 4683 ostium,
1160 4620 1406 4676 cucurrit
1436 4623 1555 4678 ﬁlia
1582 4627 1705 4696 ejus
1720 4629 1791 4685 ad
1818 4632 2027 4689 ostium

429 4697 600 4754 nuda.
624 4701 806 4794 Mater
833 4709 1025 4761 autem
1048 4708 1171 4779 ejus
1191 4708 1408 4767 abierat
1437 4714 1508 4769 ad
1532 4718 1814 4787 quoddam
1844 4739 2022 4794 opus;

430 4793 555 4844 erat
582 4790 733 4846 enim
761 4794 1194 4862 candidatrix,et
1211 4798 1560 4859 dabantﬁlia:
1589 4808 1711 4877 ejus
1730 4790 2026 4868 vestit-nens

431 4879 555 4968 tum
584 4882 642 4932 et
661 4884 1053 4939 nummos.Illa
1079 4891 1268 4943 autem
1299 4889 1527 4947 nolebat
1554 4896 2024 4968 accipere,dicens

427 4966 646 5022 venisse
663 4974 907 5025 matrem
934 4989 1115 5043 suam,
1147 4981 1204 5031 et
1230 4977 1436 5037 dixisse
1451 4981 1588 5038 sibi:
1614 4966 1864 5055 conﬁde,
1891 4990 2025 5061 quia

435 5055 615 5145 voluit
640 5057 808 5128 Deus,
825 5065 883 5115 et
900 5060 1087 5118 inveni
1109 5081 1252 5137 opus
1271 5069 1423 5138 quod
1451 5069 1652 5127 faciam
1680 5055 2023 5145 hodie,uhde

424 5144 734 5204 habeamus
762 5149 969 5206 victum
1000 5158 1275 5210 nostrum.
1319 5158 1391 5213 Et
1408 5176 1537 5216 cum
1566 5163 1811 5219 venisset
1839 5144 2023 5223 mater

422 5235 566 5307 ejus,
598 5237 876 5310 rogabant
904 5257 1030 5297 eam
1056 5248 1122 5299 ut
1149 5246 1426 5318 acciperet
1450 5268 1463 5317 ς
1498 5255 1556 5304 et
1582 5252 2014 5319 noluit,dicens:

424 5323 541 5396 Ego
568 5326 749 5384 habeo
777 5334 1095 5388 curatorem
1124 5351 1315 5392 meum
1342 5337 1543 5405 Deum,
1592 5328 1650 5394 et
1672 5357 1800 5397 eum
1824 5345 2020 5402 tollere

424 5428 521 5502 vos
532 5416 849 5474 vultisame
862 5420 1030 5477 hodie
1060 5428 1083 5478 ἲ
1114 5424 1204 5480 Illi
1223 5432 1414 5482 autem
1434 5436 1803 5498 agnoscentes
1830 5440 2022 5502 584

426 5501 597 5559 ﬁdem
619 5507 762 5576 ejus,
785 5509 1246 5580 gloriﬁcaverunt
1258 5515 1451 5570 Deum.

501 5589 584 5652 19.
617 5594 787 5655 Venit
804 5599 1036 5672 quidam
1055 5601 1141 5660 vir
1158 5620 1401 5677 magnus
1428 5605 1677 5681 ignotus,
1682 5615 1917 5685 portans
1941 5629 2022 5673 se-

2185 4451 2278 4510 22.
2313 4452 2511 4506 Frater
2540 4450 2911 4522 interrogavit
2928 4467 3121 4506 senem
3150 4450 3706 4523 quemdam,dicens:

2107 4542 2213 4597 Vis
2261 4546 2424 4596 teneo
2470 4540 2611 4595 mihi
2659 4540 2800 4595 duos
2827 4540 3032 4596 solidos
3060 4545 3293 4612 propter
3319 4540 3708 4596 inﬁrmitatem

2112 4631 2361 4703 corporis
2384 4628 2575 4699 (Ra/[2,
2608 4632 2705 4685 lib.
2740 4645 2825 4697 III,
2858 4647 2918 4686 η.
2946 4628 3078 4699 69)?
3108 4630 3316 4685 Videns
3335 4634 3524 4686 autem
3544 4647 3710 4686 senex

2108 4720 2516 4793 cogitationem
2557 4721 2701 4791 ejus,
2719 4720 2853 4791 quia
2870 4720 3036 4775 vellet
3044 4725 3253 4788 tenere,
3261 4720 3398 4775 dixit
3407 4719 3483 4775 ei:
3499 4720 3702 4776 Etiam.

2106 4811 2177 4866 Et
2198 4810 2407 4865 vadens
2433 4809 2611 4864 frater
2630 4810 2688 4865 in
2699 4810 2896 4864 cellam
2924 4825 3104 4878 suam,
3135 4810 3534 4866 conterebatur
3551 4810 3697 4881 cogi-

2104 4898 2414 4955 tationibus
2440 4899 2575 4965 suis,
2599 4898 2790 4953 dicens
2818 4917 2830 4953 :
2864 4899 3039 4954 Putas
3060 4916 3256 4954 verum
3279 4899 3420 4954 dixit
3444 4898 3587 4954 mihi
3618 4915 3703 4953 se-

2104 5004 2235 5059 nex,
2266 5004 2341 5044 an
2369 5004 2483 5043 non
2502 4987 2530 5042 ?
2584 4989 2657 5043 Et
2703 5004 2945 5059 surgens
2973 4988 3181 5044 iterum
3210 4988 3365 5043 venit
3388 4989 3462 5043 ad
3488 5004 3699 5071 senem,

2103 5095 2276 5150 agens
2302 5078 2696 5150 paenitentiam
2729 5083 2786 5133 et
2824 5094 3049 5149 rogans,
3099 5095 3165 5132 ac
3200 5078 3391 5133 dicens
3420 5098 3435 5132 :
3466 5078 3701 5150 Propter

2101 5167 2407 5224 Dominum
2419 5167 2658 5223 dicmihi
2672 5167 2988 5233 veritatem,
3019 5167 3153 5239 quia
3180 5167 3404 5238 afﬁigor
3427 5183 3461 5222 a
3488 5167 3699 5238 cogita-

2100 5256 2347 5313 tionibus
2374 5256 2516 5312 meis
2546 5261 2778 5329 propter
2803 5256 2945 5312 duos
2973 5256 3200 5312 solidos.
3226 5256 3373 5312 Dicit
3413 5256 3467 5311 ei
3495 5271 3695 5311 senex:

2104 5347 2249 5413 Quia
2275 5346 2388 5401 vidi
2418 5351 2475 5401 te
2511 5346 2861 5401 voluntatem
2889 5345 3099 5401 habere
3130 5345 3416 5400 retinendi
3445 5361 3558 5413 eos,
3587 5342 3697 5399 dixi

2102 5435 2206 5491 tibi
2234 5434 2300 5491 ut
2317 5435 2612 5505 retineres,
2624 5438 3016 5491 verumtamen
3046 5451 3159 5491 non
3185 5440 3273 5491 est
3285 5434 3494 5490 bonum
3505 5438 3694 5489 tenere

2102 5526 2229 5599 plus
2252 5541 2421 5598 quam
2446 5542 2587 5598 opus
2616 5530 2704 5582 est
2731 5525 3038 5598 corpori.Si
3064 5542 3198 5597 ergo
3226 5525 3367 5581 duos
3385 5522 3590 5580 solidos
3613 5538 3695 5578 re-

2102 5613 2360 5685 tinueris,
2382 5614 2443 5671 in
2469 5615 2608 5690 ipsis
2633 5615 2950 5674 invenietur
2977 5632 3104 5691 spes
3122 5615 3318 5675 tua.Et
3333 5614 3384 5673 si
3400 5611 3695 5687 contigerit
