3934 6376
200 271 309 331 893

1502 299 1742 359 VERBA
1780 304 2172 363 SENIORUM.

3375 294 3485 356 894.

195 403 264 499 ut
287 407 542 471 pereant,
568 404 716 462 Deus
730 409 850 477 jam
878 428 995 499 non
1013 418 1223 488 cogitat
1268 420 1339 476 de
1366 423 1551 479 nobis.
1578 427 1868 499 Cogita-A
1949 431 2006 488 8.
2031 430 2185 486 Dixit
2197 427 2368 484 abbas
2398 427 2597 482 Pastor
2619 426 2689 482 de
2717 425 2918 482 abbate
2934 426 3150 482 Joanne
3171 422 3356 480 brevis
3369 427 3483 479 sta-

194 487 409 544 tionem
437 507 569 563 ergo
592 502 843 554 nostram
867 487 1214 572 jactemusin
1246 510 1503 581 Domino,
1531 487 1795 586 quoniam
1878 526 2019 575 turae
2049 520 2182 592 quia
2209 517 2487 589 rogaverit
2524 516 2846 584 Dominum,
2881 520 2939 569 et
2981 513 3278 569 abstulerit
3314 511 3385 567 ab
3414 528 3481 567 eo

193 576 302 649 ipsi
333 596 468 636 cura
501 589 588 638 est
615 585 684 639 de
718 588 897 645 nobis.

613 674 959 735 LIBELLUS
1001 683 1372 744 SEPTIMUS.

548 765 621 818 De
644 771 922 834 patientia
962 788 1054 826 seu
1083 777 1438 842 fortitudine.

1878 626 2075 663 omnes
2102 608 2408 681 passiones,
2443 610 2500 660 et
2519 605 2746 660 effectus
2774 610 2861 659 est
2888 619 3138 670 securus,
3162 606 3220 657 et
3246 601 3479 656 veniens

1879 697 2083 752 dixerit
2104 697 2324 752 cuidam
2347 694 2494 751 seni:
2532 694 2673 749 Vide
2703 693 2989 748 hominem
3007 691 3344 764 quietum,et
3356 688 3478 744 nul-

1879 787 1993 841 lam
2014 787 2314 841 habentem
2345 800 2611 857 pugnam.
2663 783 2733 838 Et
2769 782 2908 836 dixit
2956 781 3007 835 ei
3031 790 3220 847 {senex
3253 797 3263 832 :
3299 777 3473 843 Vade,

271 846 319 904 1.
345 848 583 946 Sanctus
603 857 882 914 Antonius
902 862 1074 918 abbas
1088 882 1215 920 cum
1242 868 1466 926 sederet
1496 872 1798 945 aliquando
1880 892 2018 946 roga
2043 846 2369 939 Dominum:
2403 846 2466 929 uvt
2497 872 2699 944 jubeat
2728 872 2787 926 in
2834 877 2889 926 te
2940 846 3150 925 moveri
3205 883 3474 941 pugnam,

189 933 252 988 in
268 938 488 1037 eremof
489 942 718 1010 Ruf/£12.,
737 948 773 998 ἰ.
805 961 890 1016 ΠΙ,
925 965 981 1004 η.
1011 952 1149 1021 105),
1175 954 1398 1011 animus
1428 960 1551 1028 ejus
1570 933 1799 1018 taedium
1881 933 2147 1036 quoniam
2170 933 2391 1037 proﬁcit
2423 933 2725 1034 pugnando
2755 960 2963 1015 anima.
3000 960 3067 1014 Et
3090 933 3224 1013 cuni
3240 933 3480 1013 redisset

191 1028 254 1078 et
272 1026 660 1085 confusionem
690 1036 1093 1105 cogitationum
1113 1042 1368 1113 incurrit,
1403 1026 1472 1102 et—
1488 1048 1709 1106 dicebat
1727 1053 1799 1109 ad
1880 1026 1939 1108 in
1961 1071 2025 1108 eo
2046 1071 2252 1125 pugna,
2282 1052 2520 1107 ulterius
2541 1068 2652 1105 non
2673 1050 2869 1117 oravit,
2893 1055 2958 1104 ut
2979 1048 3295 1103 auferretur
3321 1045 3391 1100 ab
3411 1061 3477 1100 eo

190 1112 407 1170 Deum:
442 1118 697 1206 Domine,
728 1126 852 1180 volo
905 1130 1095 1184 salvus‘
1133 1133 1276 1199 ﬁeri,
1310 1112 1367 1189 et
1411 1154 1525 1191 non
1557 1156 1646 1193 me
1675 1158 1797 1212 per-
1878 1112 2087 1214 pugna,
2120 1112 2219 1198 sed
2247 1141 2501 1197 dicebat:
2536 1139 2794 1206 Domine,
2831 1139 2905 1193 da
2941 1138 3081 1193 mihi
3110 1134 3473 1191 tolerantiam

188 1201 432 1302 mittunt
457 1201 824 1278 cogitationes
852 1231 1007 1271 meae.
1062 1219 1209 1283 Quid
1238 1221 1437 1278 faciam
1466 1225 1523 1280 in
1566 1201 1799 1284 hac.tri-
1878 1201 2198 1287 sustinendi
2246 1232 2348 1286 has
2366 1246 2609 1302 pugnas.

190 1288 502 1361 bulatione,
537 1302 815 1368 quomodo
852 1305 1037 1362 salvus
1064 1310 1205 1363 ero?
1264 1312 1332 1366 Et
1360 1315 1574 1370 modice
1604 1334 1797 1374 assur-
1954 1321 2005 1375 9.
2039 1320 2208 1376 Venit
2234 1288 2405 1375 abbas
2442 1288 2723 1374 Macarius
2752 1317 2936 1387 major
2981 1314 3053 1369 ad
3082 1313 3340 1369 abbatem
3367 1313 3479 1367 An-

190 1396 355 1451 gens,
392 1386 561 1456 cmpit
588 1388 737 1444 foras
758 1393 932 1452 exire.
956 1396 1024 1450 Et
1038 1397 1175 1453 vidit
1197 1403 1794 1478 quemdam,tanquam
1881 1410 2186 1466 tonium'in
2217 1413 2468 1464 montem
2492 1427 2505 1474 ;
2540 1413 2597 1462 et
2614 1422 2745 1461 cum
2772 1405 3051 1478 pulsasset
3064 1403 3291 1469 ostium,
3310 1400 3481 1455 exivit

193 1470 485 1567 seipsumt
502 1477 789 1534 sedentem
821 1487 989 1555 atque
1023 1495 1387 1559 operantem;
1436 1470 1798 1553 deinde-sur-
1880 1499 1950 1552 ad
1973 1516 2124 1564 eum,
2158 1504 2215 1554 et
2250 1499 2391 1553 dixit
2447 1470 2502 1551 ei
2532 1515 2544 1550 :
2582 1497 2665 1551 Tu
2706 1470 2831 1567 quis
2851 1493 2950 1549 es?
2980 1494 3052 1547 Et
3076 1491 3170 1547 ille
3198 1491 3279 1545 ait
3309 1509 3321 1545 :
3356 1488 3478 1560 Ego

188 1565 421 1629 gentem
436 1561 506 1617 ab
535 1567 795 1636 operibus
826 1577 882 1626 et
907 1580 1189 1645 orantem;
1210 1579 1483 1637 etiterum
1505 1585 1792 1642 sedentem
1876 1604 1998 1642 sum
2032 1561 2328 1643 Macarius.
2362 1588 2431 1642 Et
2450 1561 2943 1640 claudens-ostium
2965 1581 3215 1647 intravit,
3247 1585 3304 1635 et
3317 1577 3478 1634 dimi-

191 1652 254 1701 et
283 1650 525 1720 plectam
553 1655 621 1709 de
646 1657 849 1728 palmis
898 1662 1215 1733 facientem,
1262 1674 1319 1723 et
1346 1670 1477 1725 inde
1498 1689 1692 1730 rursus
1721 1677 1793 1731 ad
1875 1675 1951 1730 sit
1970 1693 2098 1731 eum
2115 1677 2267 1731 foris.
2303 1677 2371 1731 Et
2399 1692 2528 1730 cum
2540 1673 2770 1728 vidisset
2787 1677 2983 1744 postea
3009 1669 3341 1743 patientiam
3354 1668 3476 1738 ejus

96 1788 99 1789 ν
190 1738 509 1805 orationem
536 1753 880 1814 surgentem.
924 1752 1057 1807 Erat
1080 1759 1268 1811 autem
1301 1760 1537 1830 angelus
1566 1762 1792 1819 Domini
1812 1748 1853 1805 Β
1875 1765 2099 1836 aperuit
2110 1766 2183 1820 ei.
2209 1766 2276 1819 Et
2298 1763 2620 1835 adgaudens
2638 1760 2707 1828 ei,
2725 1738 2948 1815 dicebat
2969 1778 2980 1812 :
3001 1738 3239 1814 Multum
3250 1762 3475 1828 tempus

162 1826 402 1903 ‘missus
430 1830 499 1885 ad
531 1836 938 1906 correptionem
967 1847 1023 1895 et
1051 1846 1326 1901 cautelam
1358 1826 1603 1905 dandam
1623 1854 1793 1908 Anto-
1876 1826 1963 1908 est
1993 1870 2059 1908 ex
2088 1870 2197 1925 quo
2244 1859 2302 1908 te
2346 1826 2532 1907 videre
2591 1826 3000 1915 desiderabam,
3034 1847 3269 1903 audiens
3296 1845 3366 1899 de
3393 1848 3473 1900 te.

187 1915 308 1969 nio.
343 1918 414 1973 Et
440 1921 656 1978 audivit
686 1942 874 1981 vocem
906 1932 1112 2001 angeli,
1147 1934 1384 1991 dicentis
1416 1956 1426 1990 :
1484 1939 1574 1994 Sic
1598 1940 1701 2007 fac,
1737 1948 1793 1997 et
1876 1944 1942 1997 Et
2002 1915 2269 1997 exhibens
2299 1942 2351 1998 ei
2381 1941 2844 2013 hospitalitatem,
2888 1937 3086 1993 refecit
3132 1952 3290 1990 eum:
3351 1937 3476 1988 erat

188 2007 382 2061 salvus
412 2010 541 2064 eris.
585 2013 685 2067 Ille
721 2022 928 2084 autem,
963 2021 1068 2075 hoc
1115 2024 1327 2094 audito,
1360 2043 1629 2099 magnum
1656 2048 1793 2103 gau-
1874 2031 2025 2086 enim
2055 2032 2235 2087 fessus
2273 2032 2342 2086 de
2372 2007 2550 2086 multo
2579 2029 2790 2084 labore.
2823 2029 3069 2100 Vespere
3106 2030 3296 2080 autem
3326 2022 3472 2122 facta

188 2094 347 2122 A2“...
399 2101 631 2122 ...μη-,ελ
673 2108 716 2122 θλ
877 2109 904 2122 η
930 2109 944 2122 ι
1025 2110 1036 2121 ι
1186 2114 1243 2122 ...
1285 2114 1316 2122 ..
1398 2116 1417 2122 -
1480 2117 1491 2122 _
1711 2121 1720 2122 κ
1879 2121 1884 2122 ,
1950 2121 1958 2122 κ
2143 2121 2206 2122 ,,,
2270 2119 2320 2122 μ-
2626 2119 2636 2122 -
2848 2118 2884 2122 --
3086 2117 3100 2122 -
3303 2117 3310 2122 .

186 2094 351 2150 dium
397 2101 636 2172 sumpsit
664 2108 833 2177 atque
871 2109 1155 2171 fiduciam.
1184 2114 1254 2168 Et
1282 2114 1363 2169 ita
1392 2094 1616 2186 faciens,
1644 2094 1791 2176 svalu-
1872 2121 2077 2176 infudit
2109 2121 2215 2176 sibi
2235 2119 2406 2176 abbas
2433 2119 2709 2175 Antonius
2738 2094 2985 2172 modicas
3012 2117 3247 2188 palmas,
3264 2117 3322 2168 et
3338 2110 3475 2166 dicit

186 2190 309 2239 tem
340 2204 508 2257 quam
533 2193 817 2262 quaerebat
849 2196 1080 2256 invenit.
1874 2211 1927 2265 ei
1952 2210 2123 2266 abbas
2142 2210 2417 2266 Macarius
2445 2227 2459 2264 :
2497 2208 2587 2264 Da
2606 2208 2764 2274 mihi,
2799 2212 2865 2263 ut
2881 2223 2984 2278 ego
3008 2203 3300 2260 infundam
3322 2200 3472 2273 quod

264 2273 319 2327 2.
350 2277 547 2333 Frater
576 2282 803 2351 quidam
834 2283 1202 2361 interrogavit
1239 2292 1501 2349 abbatem
1546 2297 1792 2367 Agatho—
1874 2316 2091 2371 operer.
2129 2300 2227 2355 Ille
2245 2304 2435 2355 autem
2467 2298 2632 2353 dixit:
2654 2273 2781 2353 Non
2804 2273 2984 2350 habeo
3003 2295 3148 2366 plus.
3172 2293 3243 2348 Et
3261 2290 3471 2345 faciens

188 2380 346 2432 nem,
380 2366 571 2424 dicens
604 2388 616 2423 :
679 2374 1006 2432 Mandatum
1062 2381 1201 2435 mihi
1233 2383 1402 2451 venit,
1449 2390 1505 2440 et
1546 2366 1632 2441 est
1654 2388 1792 2443 mihi
1874 2366 2199 2443 fasciculum
2216 2390 2510 2460 majorem,
2534 2387 2743 2441 infudit
2757 2402 2905 2441 eum.
2926 2385 2996 2439 Et
3015 2382 3469 2438 sedentesasero

189 2470 387 2525 pugna
439 2459 626 2527 gravis
673 2461 731 2517 in
762 2464 902 2531 loco,
935 2484 1044 2538 quo
1076 2475 1161 2524 est
1200 2470 1383 2543 ipsum
1437 2476 1786 2531 mandatum.
1875 2482 1933 2532 et
1960 2459 2340 2549 colloquentes
2396 2477 2465 2532 de
2510 2476 2757 2532 utilitate
2809 2474 3147 2539 animarum,
3190 2469 3473 2525 faciebant

189 2543 336 2599 Volo
368 2563 500 2616 ergo
528 2557 757 2622 propter
779 2557 1110 2613 mandatum
1139 2577 1376 2632 pergere
1404 2563 1563 2630 illud,
1596 2569 1653 2620 et
1697 2583 1792 2638 pa—
1874 2543 2138 2639 plectam,
2168 2572 2225 2621 et
2251 2566 2371 2637 ipsa
2401 2566 2584 2637 p186ta
2624 2581 2726 2636 Per
2767 2564 3070 2658 fenesu‘am
3100 2556 3473 2658 d°§°ePd§bat

187 2650 358 2689 vesco
388 2635 609 2693 bellum.
646 2642 791 2697 Dicit
821 2644 872 2698 ei
903 2663 1072 2701 senex
1104 2666 1115 2700 :
1152 2650 1243 2704 Sic
1272 2656 1394 2706 erat
1409 2653 1659 2723 Agatho;
1691 2635 1793 2710 im-
1871 2635 1931 2710 in
1961 2656 2245 2727 spelunca.
2280 2656 2349 2710 Et
2375 2655 2666 2726 egrediens
2714 2670 2880 2708 mane
2908 2656 3134 2706 sanctus
3170 2646 3469 2711 Antonius,

188 2723 387 2795 plebat
408 2729 757 2798 mandatum,
788 2739 845 2789 et
872 2734 1129 2791 vincebat
1149 2737 1377 2794 bellum.
1874 2723 2014 2798 vidit
2040 2723 2432 2799 collectionem
2449 2744 2759 2816 plectarum
2785 2740 3002 2797 abbatis
3029 2736 3279 2803 Macarii,
3302 2740 3360 2791 et
3379 2734 3474 2790 ad-

264 2811 317 2870 3.
353 2814 507 2871 Dixit
538 2817 708 2874 abbas
735 2823 1063 2893 Ammonas,
1089 2828 1223 2897 quia
1250 2831 1675 2901 quatuordecim
1696 2849 1791 2887 an-
1873 2833 2111 2888 miratus
2137 2840 2240 2900 est,
2265 2838 2322 2889 et
2347 2811 2848 2889 osculatus'manus
2866 2833 3009 2903 ejus,
3043 2826 3281 2885 dicebat:
3300 2825 3475 2882 Multa

186 2918 296 2957 nos
322 2903 517 2960 fecerit
551 2907 610 2962 in
638 2909 848 2981 Scythi,
875 2912 1180 2984 deprecans
1207 2918 1387 2973 Deum
1418 2920 1508 2975 die
1541 2937 1605 2975 ac
1629 2927 1793 2978 nocte

186 2998 259 3046 ut
286 2993 450 3048 daret
472 2996 523 3049 ei
548 2997 810 3054 virtutem
834 3005 1136 3073 superandi
1163 3006 1327 3062 iram.

1878 2922 2053 2977 virtus
2084 2923 2153 2977 de
2182 2923 2305 2978 istis
2330 2922 2636 2994 egreditur.

1947 3011 2036 3068 ‘20.
2068 3012 2367 3067 Descendit
2386 3011 2688 3089 aliquando
2718 3011 2838 3082 ipse
2866 3008 3146 3065 Macarius
3177 3006 3248 3061 de
3277 3002 3472 3076 Scythi

266 3082 320 3136 4.
355 3083 504 3138 Dixit
524 3085 695 3142 abbas
733 3089 1018 3158 Besarion,
1048 3094 1180 3165 quia
1208 3094 1582 3170 quadraginta
1601 3106 1793 3157 noctes
1812 3106 1856 3168 ο
1878 3102 1949 3155 ad
1978 3102 2161 3155 locum
2181 3102 2275 3173 qui
2297 3082 2504 3156 dicitur
2516 3099 2881 3165 Terenuthin,
2900 3103 2957 3153 et
2980 3095 3210 3152 intravit
3225 3092 3473 3149 dormire

189 3172 471 3228 manserit
499 3174 647 3230 inter
675 3178 866 3249 spinas
888 3186 1062 3249 stans,
1099 3189 1156 3238 et
1180 3202 1294 3240 non
1319 3187 1631 3244 dormierit.

269 3258 321 3316 5.
356 3262 554 3318 Frater
580 3266 810 3337 quidam
840 3270 1039 3325 sedens
1057 3273 1357 3344 singularis
1379 3276 1797 3345 turbabatur,et

190 3367 438 3422 pergens
464 3353 532 3406 ad
567 3353 827 3411 abbatem
867 3360 1224 3417 Theodorum
1255 3364 1324 3418 de
1357 3365 1618 3435 Pherme,
1657 3368 1797 3425 dixit

192 3439 268 3506 ei,
297 3440 431 3511 quia
453 3443 900 3504 conturbaretur.
933 3449 1111 3505 Senex
1132 3458 1322 3508 autem
1344 3454 1487 3510 dixit
1514 3456 1592 3510 ei:
1618 3458 1791 3525 Vade,

192 3529 436 3585 humilia
459 3538 650 3599 585
670 3540 918 3591 mentem
937 3542 1117 3607 tuam,
1141 3546 1198 3595 et
1224 3541 1400 3599 subde
1427 3548 1503 3611 te,
1524 3550 1581 3600 et
1607 3546 1800 3602 habita

194 3634 326 3674 cum
356 3620 500 3675 aliis.
537 3622 692 3677 Abiit
720 3630 909 3680 autem
942 3627 998 3682 in
1030 3635 1300 3699 montem,
1335 3637 1393 3687 et
1414 3635 1627 3689 mansit
1671 3653 1798 3691 cum

196 3708 345 3763 aliis.
373 3710 444 3764 Et
470 3727 725 3767 reversus
754 3719 841 3768 est
871 3721 1066 3787 postea
1094 3719 1165 3773 ad
1212 3737 1425 3789 senem,
1457 3727 1515 3777 et
1541 3723 1684 3778 dixit
1704 3725 1754 3780 ei
1779 3744 1789 3778 :

194 3799 314 3852 Nec
342 3816 470 3854 cum
518 3801 644 3855 aliis
677 3803 998 3860 hominibus
1049 3808 1329 3878 habitans,
1363 3811 1609 3883 quietem
1648 3813 1796 3868 inve-

193 3887 311 3942 nio.
349 3889 418 3943 Et
438 3889 578 3945 dixit
607 3891 658 3945 ei
701 3909 871 3948 senex
900 3912 911 3948 :
967 3895 1026 3950 Si
1074 3897 1358 3954 solitarius
1387 3916 1499 3955 non
1531 3902 1790 3973 quiescis,

192 3993 382 4049 neque
406 3995 533 4035 cum
564 3980 708 4047 aliis,
766 3998 868 4037 cur
896 3985 1120 4040 voluisti
1173 3989 1513 4044 monachum
1555 3990 1738 4046 facere
1770 3993 1794 4045 Τ

192 4083 384 4123 nonne
418 4073 484 4123 ut
507 4070 786 4126 sustineas
813 4072 1204 4131 tribulationes
1223 4077 1249 4130 ?
1302 4078 1404 4132 Dic
1431 4084 1621 4134 autem
1651 4081 1790 4135 mihi

195 4162 339 4228 quot
365 4173 541 4213 annos
570 4159 742 4215 habes
770 4161 829 4215 in
858 4161 1054 4218 habitu
1081 4164 1232 4220 isto?
1262 4167 1332 4221 Et
1357 4167 1493 4223 dicit
1519 4169 1597 4223 ei:
1633 4170 1790 4227 Octo.

194 4246 269 4301 Et
299 4247 436 4302 dicit
458 4248 509 4302 ei
536 4265 704 4303 senex
736 4269 752 4303 :
784 4252 961 4306 Crede
1006 4254 1164 4317 mihi,
1198 4254 1397 4311 habitu
1424 4258 1534 4312 isto
1573 4263 1795 4330 septua-

193 4336 360 4409 ginta
387 4352 584 4404 annos,
619 4344 676 4394 et
704 4356 806 4394 nec
835 4356 950 4396 una
964 4342 1053 4396 die
1073 4344 1227 4415 potui
1249 4345 1503 4417 requiem
1518 4347 1788 4417 invenire;

195 4431 257 4481 et
284 4430 348 4481 tu
379 4425 437 4480 in
459 4433 583 4483 octo
607 4428 769 4484 annis
784 4431 1035 4502 requiem
1057 4433 1141 4487 vis
1170 4433 1413 4490 habere?

270 4513 325 4570 6.
359 4515 731 4588 Interrogavit
760 4535 888 4574 eum
918 4521 1124 4576 iterum
1140 4522 1314 4578 frater
1329 4524 1789 4596 quidam,dicens:

196 4602 258 4659 Si
310 4604 413 4659 ﬁat
452 4605 640 4661 subito
668 4624 839 4662 sonus
867 4606 1045 4665 ruinae
1073 4611 1329 4682 alicujus,
1382 4614 1447 4668 ﬁt
1473 4614 1575 4669 tibi
1601 4616 1790 4683 timor,

195 4692 384 4748 abba?
413 4695 483 4750 Et
501 4695 641 4751 dixit
669 4697 719 4751 ei
750 4713 952 4753 senex:
987 4699 1044 4754 Si
1075 4701 1277 4755 coelum
1304 4705 1468 4758 terrae
1494 4704 1792 4771 adhareat,

193 4783 527 4840 Theodorus
549 4802 660 4841 non
681 4786 965 4842 formidat.
997 4790 1338 4860 Poposcerat
1359 4791 1510 4846 enim
1537 4793 1794 4865 precibus

193 4889 234 4929 a
258 4874 378 4928 Deo
406 4879 471 4928 ut
490 4874 808 4953 auferretur
828 4876 898 4932 ab
926 4894 992 4932 eo
1019 4878 1278 4948 formido,
1310 4885 1368 4935 et
1397 4886 1692 4953 propterea
1707 4882 1795 4939 in-

193 4965 508 5033 terrogavit
534 4980 659 5023 eum
691 4952 883 5021 frater.

272 5053 322 5107 7.
347 5052 620 5109 Dicebant
644 5054 713 5110 de
758 5055 961 5111 abbate
980 5058 1296 5127 Theodoro,
1322 5064 1378 5114 et
1397 5058 1598 5115 abbate
1626 5061 1795 5117 Lucio

195 5142 267 5197 de
284 5143 447 5197 Nono
472 5143 820 5199 Alexandriae
846 5143 976 5215 (27),
995 5146 1127 5218 quia
1138 5147 1369 5203 fecerint
1389 5148 1799 5222 quinquaginta

195 5248 395 5298 annos,
432 5232 764 5288 seducentes
798 5234 1018 5290 animos
1034 5252 1183 5301 suos,
1214 5243 1271 5292 et
1297 5238 1544 5293 dicentes
1566 5240 1795 5296 :Trans-

195 5327 323 5378 acta
340 5321 529 5376 hieme
556 5321 684 5389 ista,
701 5322 1072 5394 migrabimus
1090 5325 1240 5381 hinc.
1266 5326 1334 5382 Et
1353 5327 1558 5383 iterum
1572 5330 1794 5400 quando

195 5409 370 5467 ﬁebat
396 5416 584 5477 aestas,
610 5410 870 5467 dicebant
901 5432 912 5466 :
942 5414 1085 5479 Quia
1104 5420 1386 5471 transacto
1407 5418 1797 5486 aestivo,disce-

193 5501 395 5557 demus
419 5500 571 5555 hinc.
600 5501 670 5556 Et
700 5500 778 5556 sic
806 5502 1060 5559 fecerunt
1080 5510 1198 5560 toto
1226 5511 1479 5578 tempore
1508 5522 1797 5565 conversa-

192 5590 363 5648 tionis
393 5605 513 5648 suae
540 5606 763 5666 semper
793 5592 1087 5654 reminisce
1098 5594 1195 5652 udi
1220 5595 1435 5653 Patres.

1874 3190 1934 3244 in
1982 3195 2369 3255 monumento,
2402 3189 2497 3244 ubi
2531 3195 2693 3244 erant
2720 3188 3035 3258 antiquitus
3073 3184 3293 3257 sepulta
3345 3197 3472 3236 cor-

1876 3295 2017 3350 pora
2044 3296 2413 3351 paganorum.
2439 3280 2504 3334 Et
2534 3277 2706 3333 traxit
2730 3294 2908 3333 unum
2937 3292 3138 3347 corpus
3164 3272 3268 3328 sub
3304 3274 3475 3342 caput

1877 3385 2041 3422 suum
2068 3374 2337 3439 tanquam
2371 3368 2709 3439 plumatium
2738 3366 2808 3421 de
2828 3366 3009 3437 scirpo
3034 3363 3159 3433 (‘28).
3179 3363 3472 3418 Demones

1880 3462 2070 3511 autem
2097 3457 2347 3511 videntes
2374 3456 2635 3511 ﬁduciam
2650 3454 2962 3527 ejus,invisi
2979 3457 3195 3520 sunt,et
3221 3449 3470 3505 volentes

1880 3552 2093 3601 terrere
2119 3563 2269 3612 eum,
2300 3546 2577 3601 vocabant
2619 3545 2779 3617 quasi
2810 3543 3113 3615 quamdam
3151 3540 3468 3604 mulierem,

1880 3636 2129 3690 dicentes
2161 3654 2172 3689 :
2207 3637 2409 3690 Nonna
2441 3634 2545 3705 (39)
2576 3635 2694 3701 illa,
2733 3634 2859 3689 veni
2888 3632 3180 3689 nobiscum
3233 3629 3306 3685 ad
3360 3627 3475 3682 bal-

1880 3742 2072 3780 neum.
2099 3726 2167 3779 Et
2182 3725 2327 3778 alter
2347 3725 2564 3779 daemon
2593 3724 2661 3779 de
2676 3722 2780 3779 sub
2799 3723 2921 3795 ipso
2948 3727 3221 3793 tanquam
3241 3735 3307 3773 ex
3326 3733 3473 3771 mor-

1877 3813 1992 3867 tuis
2021 3813 2132 3867 illis
2152 3814 2463 3885 respondit,
2495 3814 2685 3868 dicens
2716 3830 2728 3866 :
2762 3812 3130 3882 Peregrinum
3172 3806 3472 3879 quemdam

1877 3901 2056 3957 habeo
2084 3919 2255 3974 super
2277 3919 2387 3965 me,
2420 3920 2534 3957 non
2565 3918 2794 3974 possum
2840 3900 3047 3955 venire.
3077 3899 3257 3954 Senex
3279 3901 3471 3950 autem

1876 4008 1989 4047 non
2033 3992 2267 4064 expavit,
2316 3993 2414 4047 sed
2445 3992 2730 4047 conﬁdens
2764 3989 3040 4046 tundebat
3084 4003 3284 4059 corpus
3308 3983 3467 4050 illud,

1877 4080 2069 4135 dicens
2102 4100 2113 4134 :
2140 4082 2338 4152 Surge,
2370 4082 2529 4148 vade,
2551 4081 2598 4135 si
2627 4085 2805 4153 potes.
2839 4078 3000 4145 Quod
3026 4094 3154 4133 cum
3183 4075 3473 4131 audissent

1876 4169 2160 4225 daemones
2189 4171 2571 4225 clamaverunt
2590 4186 2722 4225 voce
2750 4185 2976 4242 magna,
2999 4167 3282 4223 dicentes:
3321 4162 3470 4218 Vici-

1875 4257 1949 4314 sti
1980 4276 2099 4314 nos.
2125 4261 2194 4314 Et
2212 4259 2480 4331 fugerunt
2496 4259 2728 4315 confusi.

1944 4347 2036 4404 11.
2067 4348 2297 4404 Dicebat
2342 4348 2514 4405 abbas
2570 4348 2813 4405 Mathois
2846 4367 2859 4404 :
2893 4347 3034 4403 Volo
3081 4343 3309 4417 aliquod
3352 4343 3473 4397 leve

1814 4430 2018 4509 Dopus
2050 4444 2107 4492 et
2135 4438 2483 4505 continuum,
2517 4456 2687 4511 quam
2714 4454 2882 4509 grave
2909 4436 3059 4509 quod
3087 4435 3199 4490 cito
3220 4432 3435 4487 ﬁnitur.

1952 4525 2436 4583 12.Narraverunt
2456 4528 2526 4581 de
2566 4526 2766 4581 abbate
2782 4526 2973 4581 Milido
3009 4521 3138 4593 (30),
3182 4520 3316 4593 quia
3341 4535 3472 4577 eum

1878 4613 2163 4670 habitaret
2183 4616 2487 4687 aliquando
2509 4632 2637 4671 cum
2653 4614 2869 4670 duobus
2890 4611 3177 4684 discipulis
3186 4612 3245 4665 in
3266 4607 3473 4663 ﬁnibus

1876 4704 2197 4772 Persarum,
2229 4705 2491 4760 exierunt
2520 4705 2630 4759 duo
2654 4703 2754 4759 ﬁlii
2775 4701 3132 4775 imperatoris
3161 4697 3471 4755 secundum

1877 4793 2340 4849 consuetudinem
2361 4795 2420 4848 in
2448 4793 2823 4860 venationem,
2861 4798 2919 4848 et
2948 4792 3227 4847 miserunt
3248 4788 3393 4845 retia
3411 4787 3470 4843 in

1876 4882 2106 4954 longum
2131 4900 2231 4955 per
2254 4884 2431 4938 millia
2445 4882 2837 4955 quadraginta,
2850 4887 2915 4938 ut
2932 4881 3305 4955 quodcunque
3324 4878 3475 4935 intra

1876 4972 2021 5026 retia
2036 4972 2402 5041 inveniretur,
2423 4973 2759 5028 occiderent.
2789 4973 3056 5030 Inventus
3076 4976 3163 5027 est
3178 4975 3369 5026 autem
3388 4985 3472 5024 se.

1876 5079 1983 5117 nex
2007 5079 2135 5117 cum
2155 5064 2373 5119 duobus
2401 5063 2689 5136 discipulis
2718 5063 2870 5119 intra
2889 5063 3055 5119 retia.
3079 5064 3149 5119 Et
3167 5078 3294 5118 cum
3307 5059 3473 5115 vidis-

1875 5157 2004 5207 sent
2046 5169 2174 5208 eum
2206 5154 2452 5226 pilosum
2498 5158 2557 5208 et
2581 5153 2894 5209 terribilem
2922 5158 3169 5225 aspectu,
3210 5148 3471 5205 admirati

1877 5248 2028 5309 sunt,
2056 5248 2113 5298 et
2133 5243 2396 5299 dixerunt
2420 5243 2470 5298 ei
2493 5261 2504 5296 :
2532 5243 2715 5298 Homo
2742 5260 2822 5310 es,
2853 5259 2927 5298 an
2946 5242 3175 5314 spiritus
3205 5238 3409 5311 aliquis
3445 5237 3471 5291 7

1877 5330 1967 5386 dic
1986 5332 2166 5387 nobis.
2200 5334 2270 5388 Et
2296 5332 2435 5388 dixit
2480 5333 2561 5387 eis
2605 5350 2617 5387 :
2677 5333 2858 5388 Homo
2904 5347 3029 5387 sum
3081 5333 3358 5403 peccator,
3412 5332 3471 5383 et

1878 5421 2019 5476 exivi
2037 5422 2173 5477 ﬁere
2184 5428 2411 5494 peccata
2422 5438 2549 5478 mea
2588 5441 2601 5490 ;
2637 5426 2694 5476 et
2704 5422 2875 5476 adoro
2895 5419 3098 5475 Filium
3115 5417 3217 5474 Dei
3232 5417 3356 5473 vivi.
3379 5417 3469 5474 Illi

1878 5515 2069 5566 autem
2087 5511 2349 5567 dixerunt
2368 5512 2419 5567 ei
2442 5530 2456 5567 :
2512 5510 2639 5565 Non
2671 5514 2757 5564 est
2775 5509 2919 5564 alius
2946 5509 3115 5577 Deus,
3145 5507 3255 5563 nisi
3269 5507 3385 5576 Sol,
3412 5511 3470 5563 et

1877 5598 2052 5673 Ignis,
2094 5605 2155 5656 et
2181 5602 2343 5674 Aqua
2374 5599 2452 5675 (31
2462 5617 2520 5673 );
2561 5599 2712 5673 ipsos
2739 5597 2933 5667 adora,
2982 5602 3040 5659 et
3066 5596 3320 5658 sacriﬁca
3365 5596 3465 5658 eis.
