3934 6386
472 323 580 397 895
1619 327 1714 383 DE
1751 327 1942 383 VITIS
1980 321 2280 382 PATRUM
2314 325 2530 382 LIBER
2566 327 2632 381 V.
3643 326 3753 386 896

470 453 544 511 Et
571 452 668 515 ille
693 451 984 526 respondit
1005 471 1017 508 :
1043 451 1160 509 Ista
1177 457 1448 509 creaturae
1475 458 1626 521 sunt,
1645 458 1702 509 et
1718 453 1937 508 erratis.
1963 453 2072 508 Sed
2088 454 2138 514 Α
2156 469 2258 525 per
2275 451 2590 508 adhibitum
2618 449 2721 508 tibi
2742 453 2931 526 ignem
2953 452 3177 510 amittes
3197 455 3692 528 aeruginem.Quod
3704 455 3754 512 si

471 541 702 600 obsecro
754 559 882 610 vos,
943 543 1352 610 convertimini,
1411 549 1469 598 et
1527 543 1814 615 agnoscite
1873 560 2067 598 verum
2143 543 2332 613 justus
2359 560 2418 598 es
2443 549 2498 598 et
2532 543 2648 598 haec
2675 543 2902 615 pateris,
2932 543 3002 598 de
3031 561 3234 615 magno
3263 545 3335 600 ad
3363 547 3583 616 majora
3628 562 3756 618 pro-

469 631 672 700 Deum,
705 631 802 704 qui
829 637 888 687 et
914 631 1026 687 ista
1051 632 1280 700 creavit,
1307 639 1364 688 et
1382 639 1585 688 caetera
1607 633 1816 688 omnia.
1850 633 1936 688 Illi
1969 649 2067 688 au-
2150 632 2408 687 moveris.
2439 635 2657 688 Aurum
2698 650 2776 699 es,
2804 633 2902 687 sed
2925 625 3042 705 per‘
3070 633 3258 704 ignem
3312 633 3602 706 probatior
3618 636 3751 690 eris.

468 727 586 777 tem
617 721 958 789 deridentes,
992 720 1254 778 dixerunt
1284 741 1295 776 :
1328 723 1778 777 Condemnatum
1809 727 1866 776 et
1893 721 2068 776 cruci-
2147 722 2324 776 Datus
2353 727 2440 777 est
2465 723 2618 777 enim
2646 722 2750 777 tibi
2779 723 3012 794 angelus
3023 723 3262 791 Satanae,
3285 723 3543 798 stimulus
3569 723 3754 779 carnis

470 811 644 866 ﬁxum
667 809 806 866 dicis
824 827 946 866 esse
965 828 1159 868 verum
1180 811 1395 867 Deum?
1425 811 1630 879 Etiam,
1652 810 1854 882 inquit,
1879 811 2066 883 ipsum
2149 816 2258 866 tute
2286 815 2337 878 (Ι
2362 814 2484 867 σοι’.
2517 816 2636 874 xu).
2661 812 2891 866 Exsulta
2913 812 3126 879 videns,
3157 811 3247 866 cui
3260 811 3650 868 similisfactus
3670 830 3750 881 es,

471 897 568 974 qui
597 900 872 958 crucifixit
895 906 952 956 et
979 901 1182 956 occidit
1209 907 1468 966 mortem,
1493 901 1644 955 hunc
1671 901 1796 955 dico
1825 917 1946 954 esse
1972 916 2068 954 ve-

471 1005 600 1046 rum
628 989 828 1046 Deum.
855 990 944 1045 Illi
975 996 1164 1046 autem
1195 996 1313 1045 tam
1339 990 1447 1063 ipsi
1480 1006 1650 1062 quam
1679 989 1948 1044 fratribus
1970 988 2066 1061 qui

469 1095 600 1136 cum
641 1096 709 1135 eo
753 1084 916 1135 erant
955 1079 1261 1136 inferentes
1303 1085 1605 1147 tormenta,
1651 1079 1922 1150 cogebant
1971 1097 2067 1132 eos

2150 900 2309 955 Pauli
2339 901 2488 956 enim
2511 901 2692 956 simile
2721 902 2930 956 donum
2960 901 3217 956 meruisti
3247 901 3515 973 accipere.
3577 903 3636 958 Si
3678 901 3756 958 fe-

2149 989 2360 1057 bribus,
2394 991 2442 1045 si
2471 991 2656 1062 rigore
2683 991 2907 1062 frigoris
2936 991 3598 1062 castigaris,memoresto
3619 991 3756 1064 quid

2151 1079 2442 1151 Scriptura
2477 1079 2615 1134 dicit
2646 1098 2657 1133 :
2683 1079 3065 1135 Transivimus
3087 1096 3188 1151 per
3208 1079 3397 1150 ignem
3417 1085 3476 1134 et
3501 1096 3708 1152 aquam
3733 1100 3748 1148 ;

470 1167 804 1224 sacriﬁcare.
831 1168 901 1223 Et
913 1168 1054 1224 duos
1073 1168 1302 1240 quidem
1322 1169 1526 1223 fratres
1547 1174 1673 1240 post
1692 1169 1937 1240 plurima
1955 1173 2068 1222 tor-

471 1263 668 1316 menta
693 1257 1171 1331 decapitaverunt,
1205 1275 1398 1314 senem
1428 1263 1619 1313 autem
1649 1257 1846 1312 diebus
1875 1257 2070 1312 multis
2153 1257 2372 1328 gerium
2403 1261 2567 1322 (Psal.
2597 1262 2740 1327 va).
2770 1257 3076 1312 Obtinuisti
3106 1258 3370 1330 primum,
3390 1264 3648 1330 exspecta
3671 1275 3757 1314 se-

467 1345 829 1420 torquebant.
861 1348 1066 1403 Postea
1091 1363 1222 1402 vero
1243 1353 1567 1402 statuerunt
1584 1364 1713 1402 eum
1741 1347 1798 1402 in
1829 1348 2071 1419 quodam
2155 1347 2420 1414 cundum,
2463 1364 2637 1418 agens
2666 1365 2790 1418 qua:
2821 1346 3089 1402 virtutum
3146 1353 3296 1402 sunt.
3353 1347 3548 1402 Clama
3589 1347 3758 1403 verba

471 1436 614 1502 loco,
638 1440 698 1492 et
721 1435 1070 1507 sagittabant
1096 1436 1156 1490 in
1176 1435 1297 1507 ipso
1319 1436 1478 1508 quasi
1499 1437 1569 1491 ad
1589 1437 1811 1508 signum
1837 1454 1848 1490 :
1875 1453 2022 1492 unus
2041 1454 2077 1492 a
2157 1437 2469 1508 Prophetas,
2493 1436 2732 1492 dicentis
2766 1455 2778 1489 :
2808 1438 3030 1508 Pauper
3055 1442 3114 1491 et
3141 1437 3301 1508 inops
3330 1442 3388 1491 et
3433 1436 3626 1492 dolens
3652 1454 3756 1508 ego

469 1521 658 1593 dorso,
690 1529 748 1580 et
775 1525 920 1580 alter
943 1541 978 1580 a
1004 1531 1246 1597 pectore.
1273 1525 1420 1581 Dicit
1448 1527 1529 1580 eis
1558 1543 1728 1580 senex
1753 1545 1764 1581 :
1791 1527 2068 1591 Quoniam
2156 1543 2282 1580 sum
2315 1526 3000 1594 (Psal.vam).Perfectus
3020 1526 3173 1581 enim
3187 1525 3298 1580 eris
3318 1543 3418 1598 per
3433 1526 3756 1598 hujusmodi

471 1608 604 1670 facti
632 1613 769 1671 estis
786 1615 846 1670 in
863 1631 1138 1670 consensu
1155 1615 1215 1670 in
1234 1631 1430 1682 unum,
1463 1621 1528 1670 ut
1553 1615 1853 1670 eii‘undatis
1877 1620 2070 1682 586
2149 1615 2589 1671 tribulationem.
2619 1615 2715 1670 Ait
2748 1615 2898 1670 enim
2937 1634 2948 1669 :
2992 1613 3058 1670 In
3110 1615 3472 1670 tribulatione
3510 1616 3758 1672 dilatasti

2149 1169 2438 1224 residuum
2464 1176 2550 1224 est
2578 1169 2726 1241 quod
2756 1169 3030 1240 sequitur,
3060 1174 3125 1224 ut
3155 1169 3489 1224 inducamur
3506 1169 3567 1224 in
3589 1169 3754 1225 refri-

472 1703 810 1776 sanguinem
851 1703 1228 1772 innocentem,
1277 1705 1523 1760 crastina
1549 1704 1610 1760 in
1641 1711 1925 1760 momento
1965 1705 2070 1760 hac
2151 1722 2241 1760 me
2263 1707 2431 1770 (Psal.
2464 1707 2555 1774 1v).
2587 1706 2654 1760 In
2669 1705 2756 1760 his
2785 1722 2932 1778 ergo,
2947 1704 3188 1760 maxime
3217 1703 3494 1759 exercitiis
3539 1705 3756 1761 animas

471 1793 632 1862 hora,
680 1811 803 1867 quae.
838 1795 1004 1850 modo
1042 1801 1146 1862 est,
1192 1795 1314 1850 sine
1353 1795 1484 1850 ﬁliis
1530 1795 1845 1853 remanebit
1888 1801 2070 1850 mater
2089 1779 2136 1840 Β
2153 1800 2372 1850 nostras
2397 1793 2718 1866 probemus,
2741 1801 2870 1850 ante
2893 1795 3082 1850 oculos
3107 1794 3255 1849 enim
3272 1791 3541 1850 habemus
3566 1794 3757 1850 adver-

472 1886 678 1950 vestra,
710 1887 769 1938 et
793 1882 1106 1955 privabitur
1133 1883 1334 1938 affectu
1364 1889 1568 1950 vestro,
1611 1890 1669 1938 et
1706 1883 1948 1955 propriis
1976 1899 2070 1938 sa-

469 1971 629 2046 gittis
648 1971 885 2028 invicem
900 1973 1235 2044 sanguinem
1255 1979 1506 2028 vestrum
1525 1972 1843 2027 eifundetis.
1867 1972 1955 2027 Illi
1975 1988 2072 2027 au-

469 2066 587 2118 tem
616 2058 1028 2116 subsannantes
1059 2061 1227 2116 verba
1255 2062 1398 2133 ejus,
1431 2061 1690 2116 exierunt
1717 2061 1776 2115 in
1801 2060 2066 2126 crastino,

468 2155 536 2211 ut
547 2154 905 2208 venarentur.
931 2151 1001 2206 Et
1019 2151 1255 2222 contigit
1270 2157 1334 2208 ut
1349 2152 1611 2206 evaderet
1625 2167 1772 2206 unus
1787 2167 1982 2206 cervus
2003 2151 2072 2204 de

469 2245 590 2296 rete
617 2256 832 2308 eorum,
867 2245 926 2298 et
951 2241 1328 2296 ascenderunt
1361 2257 1553 2313 equos,
1589 2245 1648 2295 et
1680 2239 1983 2295 currebant
2009 2245 2074 2294 ut

469 2330 1014 2404 comprehenderent
1041 2346 1269 2385 cervum
1303 2345 1316 2386 :
1369 2329 1465 2402 qui
1495 2347 1622 2385 cum
1648 2331 1960 2400 jactassent
1987 2345 2074 2383 sa-

465 2419 638 2493 gittas
665 2424 794 2494 post
820 2419 1025 2493 ipsum,
1059 2419 1296 2476 invicem
1341 2419 1445 2474 sibi
1475 2418 1535 2474 in
1560 2435 1656 2474 cor
1683 2419 1980 2485 dederunt,
2014 2422 2072 2472 et

465 2509 677 2567 mortui
708 2515 844 2566 sunt
855 2511 1020 2582 juxta
1038 2508 1268 2565 verbum
1295 2509 1445 2582 quod
1474 2509 1810 2581 praedixerat
1836 2525 2023 2564 senex.

535 2595 626 2656 13.
657 2597 810 2654 Dixit
836 2597 1009 2652 abbas
1037 2598 1269 2652 Pastor:
1316 2597 1464 2662 Quia
1493 2597 1670 2652 virtus
1700 2597 1960 2652 monachi
2010 2597 2071 2651 in

464 2686 873 2743 tentationibus
903 2691 1156 2760 apparet.

547 2774 632 2834 14.
655 2775 807 2832 Dixit
829 2775 1036 2831 iterum
1065 2775 1164 2847 qui
1205 2791 1378 2846 supra
1406 2774 1539 2846 quia
1567 2774 1816 2830 Isidorus
1844 2773 2070 2847 presby-

470 2871 562 2922 ter
587 2865 658 2920 de
675 2863 866 2938 Scythi
877 2865 1153 2920 allocutus
1174 2864 1248 2920 sit
1271 2863 1572 2936 aliquando
1593 2863 1815 2938 plebem
1833 2864 2072 2919 fratrum

472 2955 665 3012 dicens
697 2972 710 3010 :
745 2955 992 3021 Fratres,
1024 2953 1281 3026 nunquid
1313 2967 1425 3008 non
1454 2953 1525 3008 ad
1566 2953 1941 3008 laborandum
1986 2971 2074 3008 ve-

2150 1884 2363 1940 sarium
2389 1889 2666 1939 nostrum.

2227 1971 2310 2030 17.
2328 1973 2480 2028 Dixit
2499 1954 2749 2028 iteru'm‘:
2772 1972 2830 2028 Si
2859 1972 3160 2028 inﬁrmitas
3190 1973 3428 2030 molesta
3445 1972 3605 2030 nobis
3633 1973 3757 2028 fue-

2152 2062 2248 2130 rit,
2262 2079 2375 2118 non
2401 2062 2819 2128 contristemur,
2849 2067 3122 2134 tanquam
3151 2061 3247 2135 qui
3287 2079 3387 2135 pro
3416 2061 3748 2118 inﬁrmitate

2155 2157 2213 2206 et
2231 2152 2460 2206 vulnere
2497 2152 2746 2223 corporis
2759 2167 2872 2206 non
2893 2152 3176 2224 possimus
3194 2158 3346 2208 stare
3375 2153 3446 2208 ad
3468 2151 3748 2208 orandum

2155 2248 2254 2296 aut
2284 2241 2639 2312 psallendum
2669 2241 2740 2295 ad
2763 2257 2972 2295 vocem.
3005 2241 3131 2296 llaec
3169 2246 3360 2297 autem
3388 2240 3752 2297 omnianobis

2154 2347 2256 2402 pro
2285 2329 2624 2385 destruendo
2674 2329 2923 2402 corporis
2952 2329 3229 2386 desiderio
3274 2329 3588 2386 necessaria
3615 2335 3754 2386 sunt

2155 2420 2418 2491 quoniam
2433 2419 2650 2491 jejunia
2687 2426 2744 2474 et
2788 2419 3008 2475 labores
3029 2425 3259 2493 propter
3281 2425 3474 2493 turpes
3506 2420 3749 2476 delecta-

2151 2509 2334 2564 tiones
2355 2509 2519 2564 nobis
2539 2509 2844 2564 constituta
2863 2515 3014 2566 sunt.
3052 2509 3110 2565 Si
3141 2509 3318 2581 igitur
3343 2511 3614 2582 aegritudo
3641 2509 3755 2564 ista

2153 2599 2424 2665 retundit,
2451 2600 2738 2672 superﬂua
2757 2598 2826 2654 de
2854 2599 2942 2654 his
2970 2598 3332 2655 observandis
3347 2600 3492 2655 ratio
3519 2605 3621 2655 est.
3672 2598 3755 2655 Si-

2152 2694 2247 2744 cut
2267 2689 2415 2743 enim
2448 2705 2653 2760 magno
2684 2694 2741 2744 et
2768 2687 2899 2744 forti
2931 2689 3300 2745 medicamine
3351 2689 3643 2761 agritudo,
3676 2689 3756 2744 ita

2153 2773 2485 2846 aegritudine
2537 2774 2785 2846 corporis
2829 2773 2968 2830 vitia
3023 2774 3368 2830 reciduntur.
3427 2775 3499 2830 Et
3523 2775 3640 2830 haec
3672 2779 3757 2830 est

2155 2880 2363 2934 magna
2392 2863 2588 2930 virtus,
2635 2863 2860 2936 quando
2888 2864 2949 2919 in
2996 2863 3426 2920 inﬁrmitatibus
3451 2863 3756 2920 tolerantia

2153 2953 2346 3019 fuerit,
2380 2958 2437 3008 et
2478 2953 2793 3023 gratiarum
2839 2953 2986 3008 actio
3025 2953 3271 3008 mittitur
3318 2953 3390 3009 ad
3445 2953 3647 3009 Deum.
3699 2953 3756 3010 Si

471 3043 662 3102 nimus
686 3043 746 3100 in
765 3045 870 3100 hoc
898 3042 1063 3100 loco?
1091 3045 1160 3099 Et
1187 3059 1337 3098 nunc
1381 3043 1560 3108 video,
1597 3043 1729 3116 quia
1759 3043 1946 3098 nullus
1979 3043 2071 3098 hic
2097 3103 2134 3116 Α
2156 3042 2470 3098 amittimus
2499 3043 2706 3109 oculos,
2740 3059 2852 3098 non
2882 3042 3755 3114 feramus'graviter.Extollentiae

469 3135 632 3192 labor
665 3139 768 3192 est.
809 3135 926 3207 Ego
971 3134 1145 3206 igitur
1172 3134 1404 3188 collecta
1455 3103 1771 3206 pelle.mea
1799 3133 1940 3188 vado
1971 3132 2069 3188 ubi
2094 3103 2136 3164 ϐ
2155 3133 2304 3187 enim
2326 3103 2767 3188 instrumentum
2781 3131 3091 3200 amisimus,
3113 3103 3210 3187 sed
3241 3131 3604 3188 interioribus
3626 3149 3756 3188 ocu-

471 3229 558 3282 est
587 3223 765 3294 labor,
799 3230 858 3281 et
874 3224 951 3280 ibi
978 3224 1202 3280 invenio
1223 3224 1498 3296 requiem.

549 3313 632 3374 15.
665 3314 818 3371 Dixit
863 3320 1060 3370 sancta
1101 3313 1416 3387 Syncletica
1453 3331 1465 3367 :
1498 3313 1556 3368 Si
1605 3312 1666 3367 in
1721 3312 2070 3367 monasterio

471 3421 599 3462 cum
628 3403 754 3461 aliis
781 3403 1041 3472 versaris,
1072 3420 1186 3460 non
1206 3407 1391 3458 mater
1409 3403 1593 3457 locum
1615 3420 1628 3469 ;
1652 3401 1872 3456 hederis
1895 3401 2067 3468 enim,

471 3494 521 3552 si
544 3493 714 3552 facias
741 3495 867 3550 hoc.
921 3493 1144 3550 Etenim
1189 3493 1336 3548 sicut
1382 3491 1594 3565 gallina
1623 3491 1671 3546 si
1706 3489 2076 3562 dercliquerit

471 3600 580 3640 ova
600 3599 708 3641 sua
735 3583 874 3652 fota,
917 3582 1038 3638 sine
1064 3581 1232 3656 pullis
1263 3598 1330 3637 ea
1360 3581 1513 3638 exire
1552 3579 1688 3634 facit
1720 3599 1734 3647 ;
1767 3579 1848 3634 ita
1876 3595 2075 3634 mona-

470 3672 609 3728 chus
635 3672 722 3729 vel
750 3672 906 3745 virgo
935 3671 1184 3744 frigescit
1205 3677 1264 3728 et
1290 3670 1664 3728 mortiﬁcatur
1705 3669 1767 3725 in
1817 3669 1946 3738 ﬁde,
2003 3669 2074 3724 de

2154 3222 2224 3276 lis
2250 3221 2489 3294 gloriam
2519 3221 2744 3277 Domini
2770 3221 3144 3294 speculemur.
3177 3221 3346 3278 Surdi
3364 3221 3496 3278 facti
3521 3221 3754 3277 sumus?

2155 3328 2269 3368 non
2295 3311 2710 3378 contristemur,
2745 3311 2879 3383 quia
2897 3311 3156 3366 auditum
3179 3327 3388 3367 vanum
3435 3309 3752 3366 amisimus.

2158 3401 2361 3456 Manus
2389 3406 2586 3457 vestrae
2617 3419 2683 3455 ex
2712 3400 2902 3473 aliqua
2928 3400 3190 3473 passione
3234 3399 3538 3456 debilitatae
3577 3399 3757 3456 sunt?

2156 3492 2254 3546 sed
2302 3491 2597 3546 interiores
2639 3495 2866 3562 paratas
2894 3489 3202 3546 habeamus
3239 3489 3506 3546 adversus
3534 3489 3748 3545 inimici

2157 3580 2516 3636 tentationes.
2539 3580 2847 3636 Infirmitas
2866 3584 3051 3635 totum
3061 3596 3264 3652 corpus
3285 3585 3540 3635 nostrum
3566 3578 3754 3635 tenet?

2157 3671 2257 3726 sed
2282 3675 2473 3726 nostro
2502 3669 2756 3725 interiori
2774 3670 2989 3726 homini
3007 3670 3222 3726 sanitas
3249 3669 3468 3726 crescit.

2233 3759 2316 3818 18.
2347 3759 2497 3816 Dixit
2523 3759 2730 3815 iterum
2773 3777 2896 3832 quae
2916 3758 3161 3833 supra”:
3199 3759 3308 3825 Qui
3328 3759 3387 3814 in
3414 3758 3617 3815 saculo
3638 3758 3749 3815 isto

2157 3850 2351 3923 aliqua
2377 3849 2616 3904 crimina
2643 3850 3062 3916 commiserunt,
3107 3849 3278 3904 etiam
3319 3847 3576 3904 nolentes
3626 3848 3754 3904 mit-

469 3941 822 4017 paupertatis
860 3959 974 3997 non
1011 3940 1268 4009 moverit,
1301 3940 1524 3996 divitias
1553 3939 1785 3995 adhibet
1811 3939 1882 3994 ad
1909 3939 2072 3994 sedu-
2149 3944 2353 3996 tuntur
2376 3939 2435 3995 in
2464 3956 2766 4007 carcerem,
2799 3944 2970 3996 etnos
2995 3956 3098 4012 pro
3133 3944 3360 4012 peccato
3384 3944 3577 3994 nostro
3603 3938 3750 3994 redi-

469 4031 712 4088 cendum
742 4032 998 4102 (Ruf/im,
1041 4034 1087 4090 ι.
1125 4043 1189 4086 m
1219 4047 1278 4087 η.
1301 4030 1406 4085 157
1439 4048 1452 4097 ;
1480 4030 1692 4096 Pasch,
1725 4045 1772 4083 ο.
1805 4027 1878 4084 ‘20
1913 4044 1972 4082 η.
1999 4028 2068 4098 1).
2151 4046 2352 4102 gamus
2395 4029 2766 4102 nosmetipsos
2821 4029 2881 4084 in
2929 4029 3262 4097 custodiam,
3311 4033 3377 4084 ut
3427 4027 3750 4084 voluntaria

470 4119 544 4178 Et
555 4120 693 4177 dum
719 4137 822 4194 per
848 4119 1218 4175 contumelias
1238 4124 1296 4174 et
1321 4117 1622 4192 opprobria
1638 4133 1752 4172 non
1781 4117 2064 4190 praevalet,
2151 4120 2356 4175 mentis
2383 4130 2587 4175 nostra:
2615 4119 2860 4174 vindicta
2875 4118 3096 4174 futuras
3123 4134 3158 4173 a
3193 4116 3355 4173 nobis
3377 4133 3570 4189 poenas
3593 4133 3749 4173 amo-

469 4209 666 4267 laudes
697 4215 756 4265 et
780 4208 1021 4281 gloriam
1041 4208 1288 4264 adhibet.
1307 4208 1405 4264 Sin
1418 4213 1607 4262 autem
1622 4207 1940 4262 satietatem
1952 4223 2071 4265 cor-
2148 4215 2294 4265 veat.
2328 4209 2385 4264 Si
2393 4209 2470 4281 jej
2478 4225 2638 4275 unas,
2656 4225 2770 4264 non
2781 4208 2884 4264 tibi
2895 4208 3147 4264 invenias
3162 4207 3508 4262 occasionem
3525 4205 3748 4262 dicendi

470 4299 626 4373 poris
653 4298 930 4366 immittit,
965 4302 1024 4354 et
1041 4314 1169 4354 cum
1186 4296 1649 4354 delectationibus
1669 4297 1934 4352 seducere
1955 4313 2070 4352 non
2151 4299 2283 4373 quia
2297 4296 2659 4354 exacerbatus
2672 4299 2729 4354 in
2742 4298 3131 4370 aegritudinem
3147 4297 3448 4363 incurristi,
3479 4295 3747 4368 quoniam

469 4394 674 4464 potest,
706 4407 809 4464 per
831 4388 1138 4458 molestias,
1171 4405 1295 4462 quae
1325 4392 1522 4444 contra
1543 4391 1736 4444 votum
1781 4389 2064 4457 eveniunt,
2089 4394 2210 4488 l)et
2237 4389 2334 4462 qui
2363 4405 2477 4444 non
2501 4390 2767 4460 jejunant
2793 4388 3007 4444 similes
3045 4386 3403 4460 aegritudines
3435 4385 3749 4485 incurrunt.

469 4481 959 4542 animamconatur
971 4478 1684 4536 subverterelnﬂrmitates
1695 4483 1884 4534 autem
1903 4495 2074 4551 quas-
2089 4473 2138 4488 ”
2155 4478 2438 4535 Inchoasti
2461 4477 2673 4549 aliquid
2693 4477 2869 4532 boni?
2890 4495 3004 4533 non
3042 4477 3318 4532 revoceris
3363 4492 3466 4549 per
3512 4473 3750 4547 impedi-

468 4571 602 4629 dam
628 4588 829 4644 graves
857 4568 1169 4644 expetendo
1189 4569 1456 4625 adversus
1482 4585 1612 4624 eum
1633 4568 1728 4642 qui
1764 4569 2070 4625 tentandus
2154 4572 2347 4622 menta
2373 4565 2602 4632 inimici,
2653 4565 2919 4639 quoniam
2940 4571 2998 4621 et
3017 4565 3136 4639 ipse
3164 4563 3428 4620 inimicus
3471 4562 3770 4636 patientia.

469 4666 558 4720 est
574 4659 822 4730 adhibet,
854 4665 921 4717 ut
945 4677 1050 4735 per
1074 4676 1169 4716 eas
1197 4659 1584 4734 pusillanimes
1625 4658 1836 4714 faciens
1878 4675 2071 4714 mona-
2155 4663 2255 4712 tua
2265 4657 2606 4713 destruetur.
2628 4655 2852 4712 Etenim
2863 4655 2960 4728 qui
2977 4655 3240 4728 navigare
3257 4652 3542 4727 coeperint,
3563 4651 3747 4724 primo

468 4751 622 4821 chos,
647 4749 948 4810 conturbet
971 4750 1305 4806 charitatem
1333 4766 1530 4805 eorum
1557 4766 1726 4823 quam
1761 4748 1974 4805 habent
1999 4748 2071 4803 ad
2155 4747 2469 4821 pandentes
2483 4747 2605 4801 vela
2617 4762 2948 4818 prosperum
2961 4749 3186 4800 ventum
3200 4743 3494 4800 inveniunt
3514 4761 3531 4808 ;
3553 4745 3751 4814 postea

469 4839 674 4902 Deum.
701 4840 813 4898 Sed
851 4841 1105 4913 quamvis
1141 4840 1469 4897 concidatur
1487 4856 1710 4913 corpus,
1738 4844 1797 4894 et
1823 4837 2075 4894 febribus
2155 4842 2345 4893 autem
2377 4835 2692 4892 contrarius
2708 4839 2907 4890 ventus
2918 4834 2998 4890 eis
3009 4833 3268 4890 occurrit.
3296 4833 3405 4890 Sed
3423 4836 3609 4888 nautae
3631 4846 3742 4886 non

468 3763 591 3820 loco
618 3762 691 3818 ad
720 3763 906 3820 locum
933 3762 1298 3819 transeundo.

537 3849 629 3911 19.
661 3851 816 3908 Dixit
839 3852 1049 3908 iterum
1073 3851 1247 3908 aliud:
1262 3849 1530 3907 Diabolus
1545 3865 1671 3905 cum
1696 3866 1795 3922 per
1813 3849 2074 3905 stimulos

468 4929 668 4988 validis
695 4930 1102 5000 inﬂammetur,
1134 4930 1366 5004 insuper
1390 4929 1562 4986 etiam
1594 4928 1933 4984 intolerabili
1977 4927 2072 4984 siti

469 5019 1056 5094 aﬂligatur,siquidem
1076 5026 1337 5093 peccator
1364 5037 1424 5076 es
1447 5019 1544 5092 qui
1563 5019 1681 5075 haec
1695 5019 1956 5086 sustines,
1988 5035 2073 5074 re-

347 5169 362 5180 .
468 5111 702 5170 oordare
718 5109 893 5168 futuri
916 5111 1105 5166 saeculi
1123 5128 1336 5184 poenas,
1367 5115 1426 5166 et
1461 5116 1737 5166 aeternum
1773 5108 1984 5180 ignem,
2015 5112 2074 5164 et

463 5201 758 5276 judicialia
781 5205 1084 5269 tormenta;
1109 5206 1167 5256 et
1204 5201 1284 5256 ita
1299 5217 1414 5257 non
1433 5198 1658 5255 deﬁcies
1679 5198 1747 5253 ad
1771 5215 1838 5252 ea
1859 5214 1982 5270 quae.
2011 5197 2072 5253 in

467 5291 733 5364 presenti
759 5291 1097 5364 contingunt
1121 5309 1134 5359 ;
1169 5290 1468 5363 insuperet
1491 5287 1692 5360 gaude,
1719 5287 1855 5360 quia
1880 5287 2074 5342 visita-

469 5383 550 5440 vit
575 5387 635 5438 te
662 5382 832 5440 Deus.
852 5382 922 5440 Et
938 5381 1078 5438 illud
1097 5379 1535 5436 famosissimum
1556 5378 1769 5434 dictum
1798 5377 1858 5432 in
1882 5377 2076 5450 lingua

469 5469 694 5540 habeto,
726 5472 783 5528 id
799 5477 905 5540 est,
934 5471 1231 5542 Castigans
1263 5469 1554 5542 castigavit
1582 5485 1674 5524 me
1693 5467 1984 5538 Dominus,
2015 5472 2074 5524 et

471 5562 641 5621 morti
668 5577 782 5620 non
829 5561 1065 5620 tradidit
1089 5576 1180 5618 me
1224 5561 1392 5630 (Psal.
1420 5560 1616 5628 cxvn).
1671 5557 1729 5615 Si
1758 5557 1968 5618 ferrum
1990 5575 2072 5629 es,

545 5649 565 5686 ¹
593 5649 766 5712 Deest
781 5649 889 5710 hoc
915 5649 978 5710 in
1003 5648 1251 5712 editione
1275 5645 1598 5708 Parisiensi.

2152 4945 2283 4984 mox
2305 4931 2538 4999 propter
2559 4925 2846 4980 incursum
2859 4923 3127 4980 contrarii
3145 4923 3421 4990 venti,aut
3444 4923 3748 4977 exonerant

2155 5023 2254 5073 aut
2276 5017 2547 5072 deserunt
2579 5015 2788 5083 navim,
2825 5015 2924 5070 sed
2945 5014 3237 5087 paululum
3275 5012 3615 5068 sustinentes
3654 5014 3749 5065 aut

2155 5111 2471 5180 pugnantes
2481 5105 2749 5161 adversus
2762 5103 3510 5178 procellam,iterumrectum
3525 5115 3746 5157 cursum

2153 5195 2465 5252 inveniunt.
2481 5196 2568 5251 Ita
2597 5211 2730 5266 ergo
2760 5200 2817 5249 et
2857 5211 2959 5248 nos
3011 5193 3072 5248 in
3107 5192 3458 5248 contrarium
3483 5189 3740 5264 spiritum

2154 5287 2522 5353 incurrentes,
2551 5301 2774 5340 crucem
2787 5300 2888 5356 pro
2901 5283 3021 5338 velo
3033 5283 3466 5356 erigamus,5s
3475 5283 3525 5346 1
3563 5283 3622 5334 et
3630 5278 3747 5334 sine

2155 5376 2404 5450 periculo
2419 5374 2606 5430 saeculi
2635 5373 2799 5429 istius
2828 5372 3115 5444 navigium
3143 5369 3557 5444 explicabimus.

2229 5463 2316 5523 19.
2348 5463 2619 5520 Dicebant
2645 5463 2714 5518 de
2739 5461 3022 5518 abbatissa
3046 5461 3221 5518 beatis
3239 5459 3518 5516 memoriae
3539 5457 3744 5530 virgine

2157 5557 2316 5622 Sara,
2350 5554 2499 5626 quod
2521 5569 2694 5631 supra
2739 5553 2960 5608 alveum
2981 5551 3230 5608 ﬂuminis
3253 5550 3543 5624 sexaginta
3574 5562 3744 5605 annos

2227 5643 2252 5680 ³
2279 5645 2449 5702 Deest
2476 5643 2582 5702 hoc
2607 5643 2668 5701 in
2695 5641 2830 5701 edit.
2852 5640 3174 5700 Parisiensi.
