3934 6376
230 345 342 404 897

1529 350 1765 405 VERBA
1805 349 2195 410 SENIORUM.

3410 347 3514 410 898

229 473 589 541 habitaverit,
624 481 681 530 et
710 491 999 546 nunquam
1056 475 1325 530 inclinata
1370 479 1473 541 est,
1516 479 1580 528 ut
1621 475 1828 528 ﬂumen
1853 476 1903 535 A
1919 491 2118 544 rogare
2131 490 2260 528 eum
2275 479 2339 528 ut
2356 473 2706 545 permitteret
2719 471 2892 529 abire.
2909 473 3116 529 Videns
3135 479 3327 532 autem
3343 475 3516 532 abbas

231 561 419 635 ipsum
448 565 746 636 aspiceret.

304 672 393 729 ‘20.
437 674 589 728 Dixit
617 673 789 728 abbas
816 674 1188 746 Hyperionius
1222 694 1232 728 :
1277 675 1484 746 Hymni
1514 675 1834 746 spirituales

230 763 349 818 sint
379 762 439 817 in
469 780 566 818 ore
592 769 710 830 tuo,
738 769 796 818 et
826 765 1117 818 meditatio
1150 765 1375 818 assidua
1400 765 1654 818 sublevet
1702 781 1835 835 pon-

232 851 339 906 dus
363 852 743 906 tentationum
773 853 1288 923 supervenientium
1323 853 1442 906 tibi.
1479 855 1661 922 Hujus
1685 853 1833 906 enim

231 940 316 994 rei
339 942 657 1013 exemplum
689 942 1048 996 manifestum
1079 949 1166 996 est
1197 943 1378 996 viator
1409 943 1627 996 sarcina
1659 943 1832 996 alicu-

224 1031 325 1100 jus
355 1032 542 1085 oneris
569 1038 970 1102 praegravatus,
1004 1032 1194 1086 ﬂando
1225 1037 1280 1085 et
1321 1032 1669 1102 respirando,
1706 1048 1836 1085 one-

231 1119 312 1174 ris
339 1125 398 1174 et
429 1120 528 1178 vim
559 1121 829 1192 paulatim
857 1121 1101 1175 laborem
1135 1121 1442 1175 imminuit.

306 1224 396 1283 ‘21.
430 1227 581 1281 Dixit
611 1227 818 1282 iterum
837 1228 934 1298 qui
964 1245 1159 1298 supra:
1181 1227 1419 1299 Oportet
1447 1245 1548 1282 nos
1571 1229 1836 1282 adversus

231 1317 579 1371 tentationes
594 1317 1096 1387 armari,quoniam
1110 1319 1289 1371 modis
1307 1318 1566 1372 omnibus
1583 1318 1835 1384 veniunt;

233 1405 316 1460 sic
345 1405 494 1460 enim
523 1406 1048 1478 supervenientibus
1078 1407 1158 1460 eis
1180 1407 1397 1478 probati
1420 1407 1834 1478 apparebimus.

307 1513 400 1572 2‘2.
422 1514 575 1568 Dixit
593 1515 818 1585 quidam
850 1531 1051 1568 senex:
1087 1515 1144 1570 Si
1177 1515 1390 1569 venerit
1413 1514 1622 1569 homini
1653 1520 1838 1569 tenta-

233 1603 338 1670 tio,
367 1603 616 1674 undique
643 1603 694 1658 ei
721 1604 1166 1674 multiplicantur
1196 1603 1609 1669 tribulationes,
1643 1609 1705 1658 ut
1734 1623 1838 1676 pu-

231 1691 537 1746 sillanimis
589 1694 687 1747 ﬁat
720 1699 778 1747 et
805 1698 1138 1747 murmuret.
1203 1694 1270 1746 Et
1299 1695 1548 1748 narravit
1563 1710 1730 1748 senex
1743 1695 1839 1748 ita:

1917 565 2038 633 ejus
2065 563 2196 634 quia
2225 568 2416 618 tenere
2437 581 2566 617 eum
2597 580 2709 618 non
2727 569 2966 634 poterat.
2991 563 3132 620 facta
3156 565 3519 634 oratione,di-

1918 653 2071 706 misit
2100 670 2248 706 eum.
2279 653 2644 707 Postmodum
2659 653 2794 707 dicit
2815 653 3001 706 abbati
3015 671 3143 708 suo:
3169 654 3322 725 Rogo
3340 653 3518 721 te,ab-

1917 740 2007 807 ba,
2029 748 2092 795 ut
2121 743 2390 796 concedas
2413 743 2508 813 qui
2532 743 2831 796 ostendant
2850 743 2983 796 mihi
3008 743 3132 810 iter,
3151 760 3262 814 quo
3282 760 3516 816 pergere
3610 783 3613 786 -

1919 829 2175 884 debeam.
2208 831 2280 885 Et
2312 831 2594 885 ordinavit
2622 848 2748 885 cum
2791 848 2856 886 eo
2896 832 3034 886 duos
3065 832 3368 887 monachos
3393 849 3517 888 mo-

1918 920 2168 983 nasterii,
2199 926 2254 974 et
2278 921 2541 974 abierunt
2579 937 2718 974 cum.
2747 937 2832 978 eo.
2862 921 3294 977 Ambulantibus
3326 928 3518 980 autem

1920 1008 2000 1061 eis
2030 1026 2129 1079 per
2171 1026 2421 1064 eremum
2473 1027 2586 1064 una
2615 1010 2706 1064 die
2737 1016 2793 1064 et
2819 1011 3018 1077 altera,
3051 1011 3378 1067 defecerunt
3404 1029 3519 1084 prae

1920 1099 2527 1170 :estu,etproj1cientes
2557 1117 2617 1154 se
2646 1101 2706 1154 in
2736 1111 2945 1154 terram
2969 1100 3250 1170 jacebant,
3265 1106 3324 1157 et
3351 1118 3518 1174 sopo-

1919 1186 2028 1240 rati
2049 1188 2264 1241 modico
2285 1205 2500 1255 somno,
2543 1206 2667 1242 ecce
2693 1190 3059 1261 aquilavenit,
3088 1191 3520 1263 percutiensque

1920 1292 2016 1329 eos
2046 1276 2114 1330 de
2144 1275 2246 1330 alis
2276 1278 2412 1342 suis,
2446 1278 2732 1349 praecessit
2766 1279 2977 1350 procul,
3011 1285 3068 1334 et
3092 1280 3238 1334 sedit
3259 1280 3320 1334 in
3344 1285 3517 1336 terra.

1923 1364 2262 1434 Evigilantes
2309 1367 2572 1422 viderunt
2619 1367 2954 1439 aquilam,et
2997 1368 3353 1424 dixeruntei:
3385 1369 3522 1426 Ecce

1927 1455 2162 1523 angelus
2179 1460 2504 1527 tuus,surge
2527 1462 2583 1511 et
2603 1473 2836 1528 sequere
2862 1458 3084 1512 eam.Et
3095 1474 3349 1529 surgens,
3371 1457 3524 1512 vale-

1921 1543 2222 1615 dicensque
2233 1545 2874 1617 fratribus,sequebatur
2887 1563 3013 1602 eam
3037 1567 3050 1613 ;
3083 1552 3140 1602 et
3165 1547 3319 1603 venit
3346 1563 3526 1619 usque

1928 1631 2022 1686 ubi
2052 1632 2240 1687 stabat
2261 1634 2453 1705 aquila
2473 1635 2569 1688 illa
2595 1654 2606 1688 :
2640 1652 2764 1706 quae
2794 1652 2920 1690 mox
2940 1652 3198 1708 surgens,
3219 1637 3425 1692 volavit
3436 1653 3529 1692 us-

1930 1737 2038 1792 que
2077 1723 2147 1776 ad
2178 1739 2353 1777 unum
2383 1725 2650 1791 stadium,
2712 1730 2768 1778 et
2797 1725 3001 1780 iterum
3049 1726 3230 1794 sedit;
3263 1726 3529 1782 similiter

468 1781 697 1882 quid”?
740 1787 863 1882 erat
914 1783 972 1836 in
1223 1787 1295 1882 Aet
1326 1783 1476 1837 venit
1503 1801 1680 1882 .S‘lpe“
1709 1801 1837 1838 Cum
1856 1807 1900 1866 B
1929 1781 2270 1882 sequebatur
2287 1830 2411 1867 eam
2429 1781 2732 1869 fraterille:
2759 1819 2818 1868 et
2831 1815 3036 1869 iterum
3057 1781 3280 1882 volavit,
3313 1822 3372 1872 et
3385 1781 3530 1872 sedit

233 1871 479 1925 tentatio
506 1891 518 1938 ;
545 1877 602 1926 et
621 1872 668 1925 si
698 1873 822 1943 quis
846 1888 976 1925 eum
1015 1871 1257 1936 videbat,
1287 1889 1389 1926 nec
1438 1873 1684 1926 salutare
1710 1890 1838 1927 eum

235 1961 480 2025 volebat,
515 1978 698 2032 neque
737 1962 794 2015 in
826 1963 1024 2016 cellam
1055 1962 1321 2032 recipere;
1348 1968 1406 2016 et
1423 1963 1467 2015 si
1501 1980 1640 2034 opus
1668 1961 1839 2017 habe-

237 2049 341 2104 bat
390 2067 611 2121 panem,
651 2068 817 2105 nemo
843 2051 1140 2106 mutuabat
1165 2052 1216 2105 ei
1242 2071 1254 2118 ;
1279 2057 1336 2105 et
1365 2052 1410 2105 si
1440 2053 1508 2106 de
1531 2069 1710 2105 messe
1745 2068 1838 2105 ve-

239 2139 452 2206 niebat,
485 2157 650 2194 nemo
675 2157 825 2208 eum,
855 2142 1000 2195 sicut
1025 2145 1147 2195 erat
1179 2141 1543 2208 consuetudo,
1569 2147 1631 2195 ut
1652 2142 1840 2195 reﬁce-

239 2235 351 2296 ret,
397 2230 687 2284 invitabat.
714 2231 884 2285 Venit
912 2235 1102 2284 autem
1137 2232 1308 2285 semel
1338 2231 1406 2284 de
1451 2248 1705 2284 messura
1741 2248 1840 2302 per

239 2334 463 2386 cauma,
483 2335 585 2373 nec
611 2336 782 2390 panes
802 2319 1000 2373 habuit
1029 2321 1086 2374 in
1115 2321 1256 2375 cella
1285 2338 1420 2387 sua;
1456 2326 1511 2374 et
1529 2321 1584 2374 in
1613 2321 1700 2374 his
1731 2337 1846 2374 om-

240 2407 409 2461 nibus
435 2409 645 2478 gratias
671 2409 876 2479 agebat
903 2410 1036 2463 Deo.
1063 2410 1272 2463 Videns
1319 2414 1510 2463 autem
1542 2410 1691 2464 Deus
1745 2427 1844 2480 pa-

240 2497 507 2552 tientiam
527 2499 669 2568 ejus,
701 2498 934 2552 abstulit
961 2499 1169 2554 bellum
1191 2499 1518 2552 tentationis
1548 2498 1617 2552 ab
1645 2515 1736 2555 eo.
1781 2499 1847 2552 Et

239 2601 372 2640 ecce
393 2585 620 2658 quidam
649 2588 840 2641 statim
861 2589 1067 2641 ostium
1093 2588 1370 2659 pulsabat,
1400 2589 1632 2641 trahens
1661 2604 1846 2641 came-

248 2675 370 2730 lum
391 2681 656 2731 onustum
688 2693 831 2748 pane
861 2677 930 2731 ab
960 2679 1234 2749 Egypto;
1270 2679 1416 2748 quod
1439 2695 1566 2731 cum
1616 2677 1847 2731 vidisset

239 2765 422 2819 frater
450 2766 562 2830 ille,
587 2766 755 2837 coepit
783 2768 936 2831 ﬁere,
972 2767 1192 2822 dicens:
1251 2768 1509 2829 Domine,
1572 2783 1684 2820 non
1721 2783 1845 2820 sum

243 2853 454 2925 dignus
478 2856 566 2909 vel
593 2856 812 2909 modice
840 2855 1116 2910 tribulari.
1168 2857 1238 2910 Et
1268 2873 1394 2910 cum
1428 2856 1724 2910 transisset
1750 2857 1848 2909 tri-

245 2941 462 2998 bulatio
508 2946 647 3015 ejus,
676 2944 945 3000 tenebant
974 2962 1100 3000 eum
1128 2945 1330 3000 fratres
1359 2946 1415 3000 in
1443 2947 1598 3000 cellis
1617 2946 1751 3010 suis,
1784 2951 1841 2998 et

237 3033 303 3088 in
329 3034 586 3098 ecclesia,
609 3039 667 3088 et
693 3034 1072 3106 repausabant
1100 3051 1246 3090 eum.

1923 1917 2034 1955 non
2064 1901 2246 1972 longe,
2276 1909 2332 1956 et
2359 1902 2569 1958 factum
2593 1909 2678 1958 est
2693 1904 2797 1958 hoc
2825 1905 3104 1976 perhoras
3119 1910 3255 1960 tres.
3277 1905 3532 1960 Postmo-

1929 1991 2064 2045 dum
2088 1997 2278 2046 autem
2293 1993 2427 2047 dum
2450 1999 2783 2064 sequeretur
2802 2010 2945 2060 eam,
2963 1994 3192 2048 divertit
3205 1994 3329 2065 ipsa
3339 1994 3531 2066 aquila

1922 2080 1980 2134 in
2007 2081 2294 2136 dexteram
2321 2089 2538 2153 partem
2558 2084 2843 2154 sequentis
2863 2100 2944 2150 se,
2969 2088 3026 2138 et
3048 2100 3161 2138 non
3188 2082 3525 2154 comparuit.

1920 2171 2120 2224 Frater
2133 2189 2266 2242 ergo
2283 2172 2374 2226 ille
2385 2173 2751 2228 nihilominus
2765 2173 3188 2244 sequebatur:et
3199 2173 3524 2246 respiciens,

1932 2259 2070 2313 vidit
2093 2266 2205 2314 tres
2233 2261 2460 2316 arbores
2478 2263 2880 2333 palmarum,et
2905 2263 3121 2318 fontem
3139 2279 3317 2335 aqum,
3338 2267 3396 2318 et
3407 2279 3530 2336 spe-

1930 2348 2152 2403 luncam
2184 2351 2736 2422 modicam,dixitque
2760 2371 2770 2405 :
2789 2353 2925 2406 Ecce
2942 2358 3027 2407 est
3037 2353 3190 2407 locus
3206 2368 3374 2424 quem
3388 2351 3529 2410 mihi

1927 2439 2260 2509 praeparavit
2312 2441 2604 2495 Dominus.
2633 2442 2698 2495 Et
2729 2442 3020 2512 ingressus
3052 2442 3220 2513 coepit
3261 2441 3529 2498 sederein

1927 2543 2012 2591 ea,
2043 2544 2273 2582 sumens
2313 2529 2500 2583 cibum
2549 2531 2920 2602 dactylorum,
2956 2537 3014 2585 et
3041 2531 3111 2585 de
3139 2531 3294 2586 fonte
3323 2547 3530 2603 aquam

1927 2615 2207 2682 bibens,et
2236 2618 2364 2672 fecit
2390 2619 2597 2674 ibidem
2613 2637 2789 2674 annos
2806 2638 2901 2674 sex
2915 2621 3223 2686 solitarius,
3243 2620 3531 2676 neminem

1927 2704 2141 2760 videns.
2177 2707 2246 2760 Et
2275 2725 2400 2762 ecce
2424 2725 2539 2762 una
2567 2709 2657 2762 die
2687 2709 2839 2763 venit
2867 2710 2939 2763 ad
2970 2726 3099 2763 eum
3117 2707 3374 2764 diabolus
3388 2709 3448 2764 in
3460 2709 3533 2765 si-

1930 2794 2306 2850 militudinem
2336 2798 2631 2867 cujusdam
2660 2799 2898 2854 senioris
2921 2798 3159 2866 abbatis,
3176 2798 3388 2854 habens
3418 2798 3533 2854 vul-

1927 2888 2049 2937 tum
2084 2885 2411 2940 terribilem.
2462 2887 2663 2942 Videns
2716 2893 2908 2943 autem
2954 2888 3116 2943 illum
3140 2887 3316 2942 frater
3342 2887 3437 2943 ille
3464 2887 3534 2943 ti-

1921 2973 2082 3040 muit,
2109 2980 2164 3028 et
2187 2976 2480 3046 procidens
2507 2977 2565 3031 in
2587 2977 2915 3042 orationem,
2948 2977 3214 3050 surrexit.
3237 2977 3307 3032 Et
3330 2975 3466 3032 dicit
3478 2974 3533 3032 ei

1921 3061 2204 3118 diabolus:
2262 3065 2503 3120 Oremus
2555 3065 2783 3132 iterum,
2844 3066 3034 3122 frater.
3088 3066 3158 3122 Et
3211 3072 3528 3138 surgentes,

318 3139 414 3197 23.
445 3140 678 3196 Direbat
704 3158 877 3197 senex
903 3158 916 3198 :
956 3143 1264 3215 Propterea
1284 3159 1396 3197 non
1429 3132 1907 3214 promovemm‘ﬂl
1931 3151 2071 3206 dixit
2099 3152 2354 3209 diabolus
2397 3172 2409 3207 :
2454 3155 2739 3218 Quantum
2768 3156 3038 3227 temporis
3083 3154 3258 3210 habes
3285 3132 3422 3212 hic?

249 3229 388 3301 quia
415 3230 694 3286 nescimus
715 3248 1008 3286 mensuras
1030 3239 1274 3299 nostras,
1301 3249 1484 3303 neque
1514 3231 1847 3303 patientiam

247 3317 524 3374 habemus
567 3320 626 3374 in
676 3337 842 3392 Opere
881 3321 1026 3394 quod
1057 3323 1346 3393 cmpimus,
1385 3322 1480 3375 sed
1503 3321 1624 3376 sine
1653 3321 1844 3376 labore

249 3407 440 3480 aliquo
471 3409 734 3464 virtutem
752 3411 1009 3465 volumus
1030 3412 1335 3483 possidere.

321 3513 412 3572 24.
431 3516 669 3580 Quidam
682 3516 1233 3590 fraterinterrogavit
1249 3519 1675 3582 senem,dicens:
1704 3519 1850 3584 Quid

1930 3242 2253 3312 respondit:
2277 3242 2468 3298 Habeo
2497 3260 2675 3298 annos
2702 3260 2816 3299 sex.
2849 3244 2999 3300 Dicit
3027 3244 3078 3299 ei
3112 3243 3360 3300 damon:
3392 3244 3531 3300 Ecce

1927 3336 1984 3385 te
2013 3331 2258 3386 vicinum
2284 3331 2540 3398 habui,et
2566 3349 2678 3387 non
2694 3333 2851 3404 potui
2874 3349 3230 3404 cognoscere,
3261 3333 3371 3390 nisi
3397 3337 3531 3389 ante

1931 3419 2050 3474 dies
2067 3427 2311 3492 quatuor
2341 3421 2472 3492 quia
2501 3422 2592 3478 hic
2621 3421 2926 3478 habitares.
2959 3423 3030 3476 Et
3053 3435 3157 3494 ego
3185 3438 3300 3477 non
3313 3422 3534 3494 longea

1934 3515 1992 3563 te
2029 3509 2207 3564 habeo
2236 3511 2670 3568 monasterium:
2695 3517 2749 3566 et
2763 3528 2888 3567 ecce
2919 3511 3054 3567 anni
3081 3516 3216 3567 sunt
3245 3511 3528 3582 undecim,

255 3603 419 3671 facio,
454 3605 587 3676 quia
615 3606 879 3677 cogitatio
910 3624 1036 3661 mea
1064 3625 1176 3662 non
1203 3609 1438 3662 dimittit
1457 3625 1546 3662 me
1573 3609 1715 3662 hora
1740 3625 1846 3662 una

1938 3599 2085 3670 quod
2117 3599 2186 3653 de
2212 3601 2552 3655 monasterio
2582 3617 2696 3655 non
2724 3601 2986 3656 exivinisi
3009 3602 3312 3675 hodie,quo
3324 3617 3534 3674 cogno-

250 3692 450 3748 sedere
474 3693 533 3748 in
553 3695 694 3749 cella
714 3696 866 3750 mea?
881 3697 1098 3751 Etdicit
1113 3698 1163 3751 ei
1185 3714 1370 3751 senex:
1405 3698 1531 3764 Fili,
1551 3704 1850 3764 revertere,

248 3781 386 3838 sede
412 3783 471 3837 in
502 3784 642 3839 cella
663 3789 781 3851 tua,
841 3791 895 3840 et
926 3785 1119 3840 labora
1170 3787 1431 3841 manibus
1482 3787 1616 3854 tuis,
1651 3793 1708 3841 et
1751 3804 1852 3842 ora

246 3869 432 3928 Deum
451 3873 815 3940 incessanter,
851 3879 908 3929 et
926 3876 1078 3947 jacta
1103 3876 1412 3947 cogitatum
1449 3880 1612 3930 tuum
1642 3877 1701 3930 in
1743 3877 1851 3931 Do-

248 3961 428 4027 mino,
451 3967 508 4016 et.
549 3979 619 4017 ne
650 3969 705 4018 te
736 3964 861 4034 quis
904 3965 1136 4019 seducat
1159 3966 1310 4020 exire
1339 3966 1488 4020 inde.
1523 3967 1592 4020 Et
1606 3965 1847 4020 diccbat:

248 4050 399 4115 Quia
426 4057 547 4107 erat
573 4053 802 4123 quidam
830 4054 1151 4109 adolescens
1179 4055 1483 4122 saecularis,
1516 4055 1730 4109 habens
1751 4072 1850 4127 pa-

247 4145 418 4208 trem,
450 4146 506 4194 et
533 4140 888 4197 desiderabat
910 4144 1030 4198 ﬁeri
1061 4145 1368 4198 monachus
1401 4163 1410 4197 :
1449 4149 1505 4198 et
1543 4144 1678 4199 dum
1709 4145 1852 4199 mul-

249 4233 376 4284 tum
427 4229 769 4301 supplicaret
804 4231 950 4302 patri
981 4248 1083 4286 suo
1112 4238 1176 4286 ut
1203 4232 1511 4287 dimitteret
1541 4249 1672 4287 eum
1721 4250 1851 4287 con-

250 4319 485 4386 versari,
505 4335 616 4375 non
641 4320 1029 4392 acquiescebat
1053 4341 1064 4388 ;
1094 4323 1452 4393 postmodum
1473 4329 1662 4378 autem
1684 4339 1849 4393 roga-

249 4414 348 4463 tus
377 4426 410 4463 a
430 4408 686 4464 ﬁdelibus
711 4410 905 4465 amicis
927 4411 1016 4464 vix
1036 4412 1328 4482 acquievit.
1371 4413 1440 4466 Et
1468 4429 1724 4483 egressus
1744 4413 1853 4466 fra-

1937 3689 1990 3742 vi
2022 3689 2170 3760 quod
2200 3689 2291 3743 hic
2318 3689 2457 3743 mihi
2487 3690 2544 3743 in
2571 3695 2769 3756 θεία
2799 3691 2980 3746 vicino
3013 3690 3316 3747 habitares.
3347 3691 3418 3747 Et
3442 3707 3532 3746 co-

1929 3778 2102 3848 gitavi
2125 3795 2345 3834 mecum
2367 3779 2581 3834 dicens:
2609 3780 2822 3834 Vadam
2843 3781 2914 3834 ad
2936 3779 3222 3835 hominem
3241 3779 3532 3836 Deiistum

1934 3872 1990 3922 et
2018 3883 2146 3922 cum
2174 3885 2239 3922 eo
2273 3868 2556 3923 conferam
2591 3869 2739 3940 quod
2769 3874 2956 3940 potest
2983 3886 3104 3924 esse
3132 3869 3302 3924 saluti
3331 3869 3532 3926 animae

1933 3962 2138 4011 nostra:
2157 3956 2185 4010 ?
2225 3957 2296 4011 Et
2324 3957 2428 4011 hoc
2470 3957 2616 4024 dico,
2658 3957 2850 4026 frater,
2881 3958 3012 4030 quia
3041 3958 3181 4013 nihil
3209 3957 3533 4030 proﬁcimus

1932 4046 2192 4101 sedentes
2223 4047 2282 4101 in
2311 4047 2463 4102 cellis
2490 4047 2716 4112 nostris,
2734 4049 2866 4119 quia
2894 4064 3094 4120 corpus
3114 4053 3172 4103 et
3197 4047 3531 4119 sanguinem

1935 4136 2144 4191 Christi
2173 4153 2285 4192 non
2314 4137 2672 4208 percipimus,
2707 4144 2764 4192 et
2786 4137 2958 4193 timeo
2998 4155 3069 4192 ne
3099 4137 3408 4193 efﬁciamur
3435 4153 3532 4194 ex-

1933 4227 2041 4280 teri
2072 4225 2141 4280 ab
2170 4244 2254 4291 eo,
2289 4227 2335 4280 si
2363 4244 2465 4281 nos
2491 4226 2561 4282 ab
2590 4227 2696 4282 hoc
2737 4227 3007 4300 mysterio
3051 4227 3530 4300 elongaverimus;

1933 4315 2031 4370 sed
2061 4316 2183 4370 dico
2213 4315 2532 4384 tibi,frater,
2566 4333 2690 4372 ecce
2723 4317 2852 4373 hinc
2875 4318 2946 4372 ad
2969 4317 3082 4372 tria
3095 4318 3274 4372 millia
3295 4323 3381 4373 est
3409 4333 3535 4374 mo-

1933 4406 2244 4460 nasterium
2265 4405 2478 4460 habens
2508 4406 2933 4478 presbyterum;
2965 4423 3160 4462 eamus
3187 4412 3314 4462 cata
3339 4406 3535 4464 Domi-

250 4503 344 4552 ter
372 4498 465 4551 ille
522 4499 864 4565 adolescens,
918 4499 1167 4553 introivit
1211 4500 1270 4554 in
1299 4501 1705 4556 monasterium
1740 4521 1753 4569 ;
1796 4505 1853 4555 et
1873 4495 2127 4554 Dnicum
2152 4495 2321 4562 diem,
2345 4501 2446 4550 aut
2479 4501 2608 4566 post
2621 4496 2762 4550 duas
2781 4495 3181 4564 hebdomadas,
3216 4500 3276 4551 et
3299 4495 3536 4568 accipiar-

253 4587 437 4642 factus
466 4604 519 4640 m
531 4587 776 4642 machus
807 4589 976 4660 coepit
1003 4605 1169 4643 omne
1200 4606 1341 4660 opus
1368 4591 1696 4645 monasterii
1721 4607 1851 4661 per-

251 4676 397 4731 fecte
426 4677 711 4747 perﬁcere,
743 4683 799 4731 et
837 4678 1098 4749 jejunare
1148 4679 1396 4749 quotidie
1429 4698 1440 4746 ;
1474 4679 1640 4751 ccepit
1682 4680 1852 4734 etiam

253 4772 313 4820 et
337 4764 616 4820 biduanas
642 4765 941 4833 abstinere,
961 4767 1220 4821 similiter
1237 4769 1410 4822 semel
1431 4769 1486 4823 in
1503 4769 1854 4823 hebdomada

252 4855 505 4910 reﬁcere.
538 4854 779 4910 Videbat
819 4863 1009 4910 autem
1039 4874 1171 4911 eum
1206 4857 1377 4911 abbas
1407 4852 1562 4925 suus,
1595 4864 1651 4912 et
1679 4859 1853 4912 mira-

252 4944 442 5009 batur,
486 4950 542 4999 et
565 4943 932 5000 benedicebat
954 4947 1134 5001 Deum
1153 4946 1211 5000 in
1236 4946 1577 5002 abstinentia
1591 4953 1647 5002 et
1666 4947 1854 5002 labore

252 5032 452 5105 ipsius.
503 5033 755 5105 Contigit
807 5051 939 5105 ergo
981 5042 1106 5106 post
1159 5036 1386 5107 aliquod
1417 5042 1658 5108 tempus,
1689 5037 1854 5109 coepit

254 5121 433 5177 frater
450 5123 540 5177 ille
582 5123 895 5195 supplicare
927 5123 1115 5179 abbati
1163 5142 1282 5191 suo,
1346 5126 1564 5181 dicens:
1598 5127 1754 5197 Rogo
1775 5132 1852 5193 te,

255 5211 492 5278 abba,ut
510 5212 763 5266 dimittas
786 5231 896 5278 me,
932 5220 989 5268 et
1027 5214 1226 5268 vadam
1260 5214 1318 5268 in
1371 5233 1578 5271 eremo.
1631 5215 1779 5269 Dicit
1806 5216 1857 5270 ei

255 5301 449 5356 abbas:
468 5301 712 5368 Fili,noli
729 5303 832 5357 hoc
852 5303 1237 5373 cogitare,non
1257 5311 1414 5376 potes
1431 5306 1663 5360 sufferre
1683 5305 1856 5359 talem

256 5390 538 5458 laborem,
560 5396 617 5445 et
647 5397 919 5463 praeterea
942 5394 1287 5449 tcntationes
1320 5394 1528 5449 diaboli
1580 5401 1637 5449 et
1662 5411 1856 5450 versu-

254 5481 367 5536 tias
396 5481 518 5552 ejus
547 5499 560 5548 ;
607 5486 664 5535 et
693 5499 820 5536 cum
851 5483 1149 5554 contigerit
1184 5483 1286 5538 tibi
1335 5484 1592 5552 tentatio,
1626 5501 1738 5539 non
1767 5484 1856 5538 in-

258 5568 449 5626 venies
480 5569 557 5624 ibi
582 5571 676 5642 qui
701 5577 758 5626 te
805 5573 1125 5628 consoletur
1154 5590 1182 5628 a
1207 5572 1725 5644 perturbationibus
1755 5574 1858 5628 ini-

257 5660 652 5732 mici,qua3tibi
673 5661 838 5718 illatae
854 5663 1189 5718 fuerint.1lle
1206 5669 1394 5719 autem
1419 5664 1586 5736 erepit
1615 5663 1857 5735 amplius

1932 4603 2060 4641 mus
2087 4603 2290 4657 corpus
2318 4591 2375 4640 et
2401 4587 2735 4656 sanguinem
2765 4586 3069 4653 Christi,et
3080 4591 3432 4640 revertamur
3459 4585 3534 4640 ad
3585 4575 3597 4594 ’

1933 4675 2101 4730 cellas
2131 4680 2370 4728 nostras.
2408 4674 2626 4728 Placuit
2653 4679 2843 4728 autem
2892 4674 3007 4730 haec
3036 4674 3225 4730 suasio
3254 4672 3535 4732 diabolica

1934 4764 2095 4818 fratri
2126 4763 2227 4817 illi.
2275 4764 2340 4816 Et
2365 4763 2620 4818 veniente
2657 4763 2946 4818 Dominico
2975 4763 3086 4830 die,
3125 4780 3252 4819 ecce
3279 4763 3535 4822 diabolus

1936 4853 2089 4907 venit
2114 4858 2169 4906 et
2197 4852 2333 4907 dicit
2356 4852 2408 4906 ei
2441 4872 2452 4906 :
2491 4853 2651 4915 Veni,
2708 4869 2923 4916 eamus,
2965 4853 3099 4925 quia
3134 4854 3276 4909 hora
3313 4859 3425 4913 est.
3461 4853 3536 4910 Et

1937 4948 2202 4998 exeuntes
2253 4949 2620 5013 perrexerunt
2647 4943 2716 4997 ad
2747 4943 3079 5015 praedictum
3109 4944 3536 5012 monasterium,

1937 5033 2032 5088 ubi
2061 5033 2153 5087 ille
2177 5032 2470 5104 presbyter
2491 5049 2540 5087 ei
2555 5039 2613 5087 at
2637 5052 2649 5098 ;
2675 5038 2731 5088 et
2755 5033 2994 5104 ingressi
3029 5033 3088 5090 in
3111 5033 3535 5101 ecclesiam,mi-

1938 5129 2134 5178 serunt
2148 5139 2208 5177 se
2221 5123 2277 5176 in
2289 5124 2600 5178 orationem
2611 5123 2695 5176 .Et
2706 5140 3010 5194 exsurgens
3019 5122 3088 5177 ab
3099 5123 3351 5178 oratione
3361 5124 3537 5179 frater

1938 5213 2051 5279 ille,
2081 5213 2387 5284 respiciens
2406 5229 2517 5266 non
2547 5213 2759 5267 invenit
2785 5213 2934 5268 hunc
2953 5213 3048 5283 qui
3081 5213 3393 5267 adduxerat
3405 5228 3536 5268 eum

1939 5304 2086 5369 illuc,
2106 5309 2163 5358 et
2177 5303 2342 5356 dixit:
2363 5302 2466 5357 Ubi
2487 5308 2652 5374 putas
2669 5303 2938 5373 perrexit?
2959 5318 3027 5355 ne
3042 5301 3114 5356 ad
3133 5317 3426 5357 commune
3443 5318 3538 5357 ne-

1938 5392 2242 5448 cessarium
2255 5391 2598 5446 ambulavit?
2627 5391 2698 5445 Et
2717 5408 2844 5445 cum
2860 5390 2955 5443 diu
2972 5389 3413 5456 sustineret,non
3442 5407 3538 5446 ve-

1938 5482 2042 5536 nit.
2076 5482 2440 5536 Postmodum
2467 5487 2656 5535 autem
2673 5479 2859 5534 exiens
2873 5478 3369 5550 foras,requirebat
3384 5496 3538 5541 eum.

1940 5572 2008 5627 Et
2027 5588 2155 5626 cum
2172 5588 2284 5626 non
2295 5570 2612 5642 reperisset,
2628 5569 2761 5623 dixit
2775 5568 2846 5622 ad
2866 5567 3064 5623 fratres
3079 5569 3184 5623 loci
3205 5569 3355 5626 illius
3368 5569 3540 5628 inter-

1940 5675 2144 5732 rogans
2174 5679 2268 5716 eos
2295 5680 2304 5713 :
2330 5659 2433 5713 Ubi
2455 5665 2537 5712 est
2563 5657 2734 5712 abbas
2763 5657 2874 5726 ille,
2909 5659 3003 5729 qui
3034 5675 3252 5715 mecum
3281 5659 3340 5715 in
3370 5661 3539 5718 eccle-
