3934 6376
455 353 559 413 899

1586 354 1680 409 DE
1718 352 1908 410 VITIS
1945 347 2244 407 PATRUM
2282 355 2498 414 LIBER
2537 362 2604 417 V.

3622 393 3733 453 900

451 483 598 538 siam
624 481 912 553 ingressus
942 480 1067 535 est?
1096 479 1167 535 Et
1186 478 1382 534 dicunt
1402 478 1487 534 ei:
1512 479 1627 534 Nos
1656 480 1941 534 neminem
1964 475 2048 530 vi-
2068 476 2120 536 A
2138 493 2424 553 nunquam
2450 486 2616 545 debet
2644 494 3062 564 quovis,suasus
3092 504 3161 561 ab
3183 508 3387 582 aliquo,
3406 519 3597 587 egredi
3613 522 3726 577 cel-

449 572 635 626 dimus
665 570 840 625 alium
869 570 980 624 nisi
1007 575 1064 625 te
1098 574 1356 625 tantum.
1406 570 1564 625 Tunc
1597 569 1855 640 cognovit
1878 568 2054 621 frater
2134 568 2246 623 lam
2268 589 2447 630 suam.
3273 568 3293 582 ⁸
3376 568 3387 581 ’

448 660 542 715 ille
571 660 704 732 quia
733 660 951 715 daemon
981 659 1197 726 fuisset,
1221 665 1277 715 et
1297 659 1438 714 dixit
1462 659 1633 713 :Vide
1662 675 1791 713 cum
1817 675 1929 730 qua
1957 675 2049 712 ar-

381 756 388 761 '
444 749 603 821 gutia
616 748 871 804 diabolus
901 766 990 804 me
1007 749 1172 821 ejecit
1199 750 1267 803 de
1280 749 1421 803 cella
1436 765 1561 803 mea
1576 767 1587 815 ;
1603 749 1700 802 sed
1714 754 1828 802 tam
1837 765 1905 802 en
1934 764 2048 802 non

447 838 516 893 ad
548 854 638 893 me
663 838 925 910 pertinet,
962 838 1095 910 quia
1120 839 1190 893 ad
1208 838 1417 893 bonum
1435 855 1575 909 opus
1596 838 1721 891 veni
1747 857 1759 905 ;
1797 837 2045 909 percipio

443 943 645 999 corpus
674 933 732 982 et
757 928 1089 999 sanguinem
1112 928 1339 995 Christi,
1373 933 1429 981 et
1458 927 1538 981 sic
1562 931 1812 981 revertar
1840 927 1909 981 ad
1941 928 2047 980 cel-

442 1017 556 1071 lam
584 1034 789 1072 meam.
812 1018 884 1073 Et
920 1022 1046 1090 post
1066 1012 1256 1072 factas
1278 1018 1479 1071 missas
1500 1017 1559 1070 in
1581 1016 1831 1081 ecclesia,
1855 1017 2044 1070 volens

440 1106 643 1161 reverti
668 1107 846 1162 frater
863 1107 957 1162 ille
979 1107 1050 1161 ad
1070 1107 1268 1161 cellam
1292 1122 1472 1173 suam,
1508 1106 1690 1161 tenuit
1713 1122 1842 1159 eum
1871 1104 2043 1159 abbas

441 1196 768 1251 monasterii
791 1196 967 1268 ipsius
986 1237 1000 1264 ,
1026 1196 1244 1251 dicens:
1284 1196 1408 1250 Nisi
1442 1195 1702 1249 refeceris
1730 1194 2038 1261 nobiscum,

438 1301 554 1340 non
573 1285 923 1341 dimittemus
942 1291 1000 1340 te
1021 1285 1319 1340 reverti.Et
1332 1301 1460 1339 cum
1475 1284 1816 1356 percepisset
1835 1283 2039 1349 cibum,

437 1391 698 1429 reversus
718 1374 877 1430 estin
905 1375 1103 1429 cellam
1116 1391 1296 1430 suam.
1321 1375 1391 1429 Et
1421 1390 1547 1428 ecce
1564 1374 1769 1428 iterum
1786 1372 2041 1427 diabolus

439 1464 592 1518 venit
616 1463 677 1518 in
705 1463 1135 1519 similitudinem
1166 1463 1390 1535 juvenis
1410 1463 1703 1533 cujusdam
1732 1462 2034 1529 saecularis,

449 1557 509 1608 et
535 1553 705 1625 cmpit
731 1570 862 1608 eum
880 1553 1156 1625 respicere
1173 1570 1208 1607 a
1225 1568 1446 1608 summo
1460 1552 1641 1623 capite
1658 1568 1837 1623 usque
1857 1552 1929 1606 ad
1949 1569 2043 1624 pe-

2203 654 2291 716 25.
2352 664 2641 726 Venerunt
2662 675 2892 745 quidam
2922 680 2979 736 in
3013 700 3200 742 eremo
3222 690 3292 745 ad
3322 710 3511 750 senem
3535 715 3727 770 quem-

2131 747 2266 849 dam.
2294 768 2589 849 magnum,
2621 768 2677 817 et
2705 765 2967 825 dixerunt
2993 772 3075 827 ei:
3118 777 3407 840 Quomodo
3430 747 3723 846 contentus

2129 853 2189 891 es
2212 838 2517 946 hicgab‘ba,
2551 854 2870 946 etsustines
2902 838 3717 946 laborem—huncwu/Iglz—‘(ijiI—I,

2130 942 2188 981 η.
2219 927 2268 997 3)
2406 934 2547 991 dixit
2566 940 2651 1036 eis
2680 959 2879 1000 senex:
2931 950 3104 1008 Totus
3124 955 3281 1011 labor

2128 1032 2295 1086 quem
2320 1020 2411 1075 hic
2439 1028 2707 1098 sustineo,
2761 1051 2872 1091 non
2904 1046 2990 1095 est
3038 1042 3272 1101 idoneus
3309 1020 3623 1123 com-parari

2127 1120 2299 1206 unam
2351 1111 2501 1168 diem
2539 1123 2948 1182 tormentorum
2983 1147 3106 1202 quae
3134 1111 3517 1206 peccatoribus
3544 1144 3604 1199 in
3632 1148 3720 1203 fu-

2126 1199 2253 1251 turo
2275 1203 2476 1257 saeculo
2495 1221 2903 1281 praeparantur.

2196 1285 2282 1394 2t}.
2316 1289 2548 1394 Picebat
2576 1315 2773 1394 senex:
2821 1305 2964 1369 Quia
2984 1311 3200 1383 antiqui
3251 1333 3363 1372 non
3388 1319 3497 1375 cito
3517 1322 3720 1394 migra-

2125 1372 2368 1483 bant‘de
2396 1382 2516 1483 loco
2540 1388 2610 1441 ad
2638 1389 2842 1460 locum,
2874 1397 2982 1451 nisi
3026 1372 3171 1457 forte
3199 1421 3301 1475 pro

2122 1464 2176 1572 id
2210 1470 2377 1572 est,si
2400 1474 2524 1544 quis
2555 1483 2694 1546 erat,
2718 1483 2812 1553 qui
2826 1464 3256 1548 contristaretur
3280 1496 3544 1555 adversus
3563 1464 3716 1572 eum:

2124 1558 2181 1608 et
2207 1558 2556 1619 satisfaciens
2587 1567 2638 1621 ei
2664 1586 2768 1639 per
2787 1576 2976 1631 omnia
3006 1595 3117 1634 non
3151 1585 3425 1653 potuisset
3448 1605 3575 1644 eum
3599 1558 3715 1663 pla;

437 1642 554 1707 des,
589 1648 646 1697 et
669 1642 886 1745 dicere:
937 1643 1066 1745 Ipse
1081 1648 1174 1745 est.
1195 1641 1344 1743 iste?
1379 1642 1512 1745 ἔφη
1530 1647 1616 1696 est
1627 1641 1743 1745 hic.
1772 1640 1847 1696 Et
1875 1642 2042 1742 ccepit
2122 1659 2249 1745 care
2279 1656 2413 1714 ;aut
2436 1652 2643 1711 iterum
2671 1660 2717 1713 si
2745 1664 3075 1735 contigisset
3102 1640 3170 1725 ut
3191 1688 3227 1726 a
3243 1640 3714 1745 pluribus—Ialm;-

436 1747 565 1786 eum
596 1732 971 1787 considerare.
1024 1732 1092 1787 Et
1122 1731 1263 1786 dixit
1291 1732 1343 1786 ei
1374 1731 1579 1785 frater:
1623 1732 1809 1795 Quare
1838 1748 1928 1785 me
1958 1731 2038 1785 sic
2119 1739 2294 1803 retur,
2325 1746 2425 1795 aut
2443 1743 2491 1796 si
2521 1744 2579 1799 in
2595 1731 3662 1825 tentatione‘fornication‘isincurrisset,

434 1820 666 1892 respicis
686 1819 716 1874 ?
734 1819 915 1875 Atille
932 1819 1014 1875 ait
1037 1837 1049 1877 :
1082 1820 1226 1875 Puto
1255 1836 1367 1921 non
1392 1819 1813 1921 me‘co‘gnoscis:
1842 1825 2033 1921 tamen
2052 1832 2099 1893 Β
2148 1911 2159 1921 .
2191 1823 2278 1880 ‘27.
2305 1827 2504 1921 lf‘rater
2524 1835 2753 1905 quidam
2784 1841 2926 1898 dixit
2949 1844 3137 1903 abbati
3157 1819 3396 1909 Arsenio

431 1915 561 1980 post
586 1914 809 1965 tantum
828 1914 1050 1981 tempus
1071 1908 1352 1981 quomodo
1371 1925 1460 1962 me
1481 1908 1652 1962 habes
1672 1909 2033 2012 cognoscere:
2114 1911 2217 1979 cio,
2249 1915 2410 1986 abba,
2446 1922 2577 1993 quia
2603 1926 2825 1999 afﬂigor
2846 1948 2881 1986 a
2916 1936 3255 2006 cogitatione
3285 1959 3430 2012 mea,
3462 1908 3702 2004 die};

433 2014 539 2069 ego
568 2014 695 2054 sum
716 1998 935 2100 vicinus
979 1998 1156 2070 patris
1184 1996 1465 2098 tui,.filius
1494 1996 1681 2100 illius.‘
1699 1997 2031 2100 Quomodo?
2113 2000 2257 2100 Quia
2276 2022 2389 2062 non
2408 2018 2568 2080 potes
2591 1996 2871 2087 jejunare,
2893 1996 3086 2091 ago
3111 2044 3293 2100 neque
3330 1996 3707 2100 laborareer

428 2087 556 2142 Non
587 2092 673 2142 est
700 2087 883 2142 dictus
912 2093 1073 2159 pater
1100 2092 1235 2142 tuus
1265 2087 1365 2153 sic,
1392 2092 1451 2141 et
1470 2092 1653 2141 mater
1666 2092 1766 2141 tua
1792 2088 1907 2141 tale
1935 2104 2031 2141 no-
2112 2090 2371 2151 infirmos
2393 2100 2639 2170 visitare,
2674 2108 2806 2177 quia
2826 2116 2884 2165 et
2910 2087 3015 2167 hoc
3033 2087 3258 2174 merces
3282 2087 3708 2182 estV/ideas

427 2192 559 2233 men
580 2193 697 2232 non
730 2177 1011 2247 habuit,et
1044 2193 1205 2233 soror
1226 2182 1327 2232 tua
1349 2177 1429 2231 sic
1453 2193 1566 2231 non
1588 2183 1675 2231 est
1697 2178 1929 2244 dicta,et
1964 2183 2027 2232 tu
2109 2184 2225 2235 tem
2262 2202 2434 2242 senex
2494 2190 2769 2251 diabolica
2807 2202 3023 2257 semina
3069 2222 3210 2273 esse,
3241 2208 3378 2265 dixit
3407 2212 3493 2266 ei:
3530 2177 3701 2283 Vade,

426 2266 505 2321 sic
523 2282 637 2322 non
654 2266 905 2322 vocaris?
925 2272 982 2321 et
993 2266 1272 2339 mancipia
1292 2266 1389 2319 illa
1401 2270 1458 2319 et
1477 2265 1666 2320 illasic
1678 2282 1785 2320 non
1801 2272 1933 2320 sunt
1948 2266 2029 2321 di—
2118 2273 2412 2343 manduca,
2449 2277 2592 2347 bibe,
2627 2290 2684 2338 et
2703 2286 2903 2355 dormi,
2927 2296 3146 2348 tantum
3155 2265 3319 2352 modo
3341 2300 3410 2354 de
3435 2265 3706 2360 cenationi

424 2355 541 2411 cta?
560 2356 741 2411 Mater
768 2372 898 2411 vero
923 2362 1023 2411 tua
1043 2361 1100 2411 et
1117 2372 1277 2411 soror
1304 2359 1435 2409 ante
1454 2360 1570 2409 tres
1597 2371 1773 2409 annos
1800 2361 2033 2411 mortuae
2117 2373 2299 2428 exeas,
2326 2366 2507 2423 sciens
2530 2372 2663 2441 quia
2680 2382 3101 2445 perseverantia
3118 2386 3270 2441 cella;
3297 2355 3701 2459 perducit—mo:

422 2451 557 2501 sunt
580 2464 593 2514 ;
625 2451 786 2518 pater
811 2462 942 2501 vero
964 2451 1099 2500 tuus
1124 2445 1290 2499 modo
1320 2444 1615 2498 defunctus
1643 2449 1747 2510 est,
1780 2450 1837 2499 et
1863 2452 1919 2500 te
1947 2446 2030 2500 fe-
2115 2451 2355 2507 nachum
2373 2455 2431 2509 in
2454 2444 2707 2517 ordinem
2726 2482 2911 2523 suum.
2939 2471 3184 2534 Quicum
3213 2444 3436 2533 fecisset

422 2534 500 2633 cit
526 2533 827 2608 heredem,
863 2534 1084 2636 dicentis:
1110 2534 1213 2589 Cui
1240 2533 1420 2633 habeo
1449 2531 1735 2636 dimittere
1754 2533 2028 2636 .sub‘stan-r
2111 2540 2442 2600 extaadiatus
2464 2554 2632 2615 est,et
2659 2552 2946 2613 inveniens
2964 2531 3183 2631 paucas
3211 2531 3706 2636 palmulas—,sci—dit

419 2621 561 2677 tiam
591 2638 797 2689 meam,
829 2622 939 2677 nisi
968 2623 1082 2678 filio
1112 2639 1238 2677 meo
1280 2622 1400 2676 viro
1429 2626 1643 2688 sancto,
1674 2622 1770 2692 qui
1797 2623 2028 2695 reliquit
2110 2644 2204 2683 eas
2229 2649 2242 2698 ;
2276 2637 2332 2687 et
2361 2635 2567 2693 iterum
2596 2641 2653 2696 in
2674 2646 2918 2703 crastino
2947 2621 3117 2723 coepit
3144 2621 3706 2725 plectamfacere;

419 2711 929 2779 seculnm,etabiit
949 2716 1076 2783 post
1090 2712 1269 2767 Deum
1288 2716 1311 2764 ?
1330 2709 1443 2781 Ipsi
1463 2709 1687 2765 dimitto
1708 2713 1897 2766 omnia
1923 2712 2022 2768 bo-
2107 2718 2207 2774 eis.
2244 2721 2351 2786 Qui
2381 2742 2508 2781 cum
2568 2733 2856 2803 esurisset,
2908 2709 3051 2794 dixit
3084 2709 3254 2798 intra,

419 2814 495 2854 na
544 2815 693 2855 mea.
724 2800 890 2855 Modo
921 2805 1113 2855 autem
1144 2800 1241 2872 qui
1268 2801 1438 2858 habet
1479 2798 1801 2869 Dominum,
1835 2807 1893 2897 et
1919 2802 2025 2857 scit
2105 2824 2294 2878 paucae
2322 2820 2455 2869 sunt
2472 2819 2691 2889 palmae,
2717 2798 2932 2896 explico
2953 2844 3066 2896 eas,
3098 2838 3155 2886 et
3170 2798 3698 2897 manducmvlitcu;

416 2887 514 2997 ubi
540 2894 643 2955 est,
677 2889 843 2955 dicat,
865 2895 931 2997 ut
957 2890 1186 2945 veniens
1213 2890 1491 2997 distrahat
1518 2910 1743 2993 omnem
1769 2890 2023 2997 substan:
2103 2904 2565 2997 perexpendisset
2592 2887 2707 2979 eas,
2740 2887 2881 2970 dixit
2907 2887 3132 2974 iterum:

416 2978 670 3087 tiam,“et
695 2983 890 3050 eroget
930 2995 1054 3034 eam
1088 2980 1431 3087 pauperibus
1459 3000 1560 3054 pro
1585 2982 1777 3038 anima
1811 2997 1937 3083 mea
1967 2987 2023 3037 et
2104 2990 2401 3048 manduco.
2436 2996 2650 3054 Etcum
2670 2978 2914 3073 legisset,
2953 3007 3129 3063 dixit:
3159 2978 3353 3068 Dicam

417 3082 540 3123 sua.
575 3067 645 3122 Et
670 3074 1042 3139 perrexerunt
1058 3069 1222 3124 multi
1241 3071 1592 3142 requirentes
1612 3077 1687 3139 te,
1710 3077 1768 3173 et
1790 3071 2021 3127 minime
2042 3144 2088 3175 ﬂ
2103 3079 2368 3149 psalmos,
2403 3090 2459 3138 et
2471 3087 2592 3157 jam
2619 3067 2850 3147 securus
2891 3067 3187 3156 manduco.
3240 3067 3694 3175 Et

415 3157 753 3212 invenerunt
784 3175 797 3225 ;
859 3174 963 3229 ego
1016 3164 1207 3213 autem
1236 3160 1464 3216 veniens
1494 3178 1560 3216 ex
1588 3161 1876 3217 occasione
1919 3178 2021 3233 pro
2041 3144 2088 3211 α
2104 3170 2433 3238 proﬁciebat
2460 3144 2577 3231 I)eo
2597 3188 2950 3252 c00perante,

415 3247 657 3318 quodam
680 3262 848 3318 opere
876 3247 1004 3315 huc,
1035 3249 1268 3318 cognovi
1288 3255 1372 3304 te:
1391 3250 1540 3305 unde
1568 3267 1682 3306 non
1710 3250 1880 3306 facias
1905 3267 2022 3306 mo-

412 3353 523 3403 ras,
556 3337 655 3392 sed
686 3335 807 3391 veni
833 3342 889 3391 et
915 3337 1091 3391 vende
1119 3337 1325 3404 omnia,
1369 3345 1428 3394 et
1454 3339 1540 3393 fac
1568 3340 1877 3394 secundum
1920 3356 2018 3395 vo-

406 3424 682 3481 luntatem
712 3425 889 3498 patris
916 3426 1022 3480 tui.
1049 3425 1414 3498 Respondens
1437 3428 1612 3483 frater
1625 3429 1717 3484 ille
1727 3429 1941 3484 dixitzN
1943 3446 2017 3485 on

407 3530 635 3570 necesse
690 3513 869 3570 habeo
892 3515 1097 3569 reverti
1125 3515 1197 3570 ad
1226 3517 1510 3572 saeculum.
1548 3517 1695 3572 Dicit
1725 3518 2008 3573 diabolus:

400 3604 471 3660 Si
495 3620 609 3659 non
629 3604 869 3671 veneris,
900 3609 958 3658 et
979 3604 1282 3675 deperierit
1308 3605 1624 3662 substantia
1654 3608 1769 3669 illa,
1800 3607 1860 3662 in
1885 3623 2013 3662 con-

406 3699 602 3766 spectu
632 3693 826 3749 Deitu
884 3693 1083 3749 exinde
1113 3694 1314 3750 reddes
1341 3697 1639 3754 rationem.
1672 3697 1818 3762 Quid
1859 3697 2010 3752 enim

403 3781 539 3836 mali
568 3781 692 3837 dico
721 3781 916 3850 tibi,ut
938 3783 1128 3836 venias
1160 3784 1217 3837 et
1247 3800 1446 3856 eroges
1482 3803 1551 3841 ea
1578 3785 1921 3858 pauperibus
1952 3790 2009 3841 et

403 3870 614 3942 egenis,
642 3871 922 3943 quomodo
949 3871 1130 3927 bonus
1152 3871 1523 3945 dispensator,
1548 3882 1612 3930 ut
1626 3892 1740 3930 non
1759 3892 1793 3930 a
1819 3892 2003 3931 mere-

398 3959 634 4016 tricibus
662 3964 722 4015 et
749 3960 897 4015 male
924 3960 1237 4016 viventibus
1268 3964 1587 4032 extricetur,
1612 3965 1759 4036 quod
1787 3982 2002 4037 paupe-

397 4048 556 4104 ribus
567 4049 862 4104 dimissum
881 4048 1007 4104 est?
1031 4055 1131 4104 aut
1150 4050 1284 4121 quid
1306 4068 1604 4108 onerosum
1623 4058 1709 4108 est
1734 4059 1800 4108 ut
1810 4054 1996 4109 venias

399 4142 458 4193 et
492 4138 661 4193 iacias
690 4138 1081 4209 eleemosynas
1113 4139 1418 4196 Secundum
1449 4143 1794 4198 voluntatem
1818 4143 1993 4215 patris

396 4226 484 4282 tui
514 4243 618 4299 pro
661 4226 851 4281 anima
904 4230 1025 4289 tua,
1053 4232 1111 4282 et
1141 4231 1441 4285 revertaris
1468 4231 1527 4285 in
1556 4232 1753 4287 cellam
1780 4238 1937 4288 tuam
1965 4232 1990 4287 ?

395 4314 543 4380 Quid
571 4314 793 4370 multa?
821 4315 1063 4370 suadens
1081 4315 1311 4371 fratrem
1338 4318 1599 4390 deposuit
1610 4320 1670 4375 in
1699 4322 1982 4394 saeculum;

392 4408 452 4459 et
468 4404 698 4459 veniens
721 4420 849 4459 cum
870 4420 936 4459 eo
961 4422 1137 4477 usque
1166 4406 1237 4460 ad
1267 4407 1807 4482 civitatem,reliquit
1832 4429 1981 4469 eum.

2983 3185 3159 3243 donec
3204 3191 3419 3246 veniret
3446 3194 3516 3248 ad
3541 3194 3694 3250 ordi-

2101 3272 2232 3313 nem
2276 3276 2461 3318 suum.
2524 3266 2594 3321 Et
2619 3284 2747 3325 cum
2776 3274 3079 3345 accepisset
3126 3277 3390 3336 fiduciam
3414 3282 3683 3341 adversus

2100 3347 2468 3418 cogitationes
2498 3357 2695 3425 malas,
2734 3360 2983 3418 vincebat
2995 3381 3113 3425 eas.

2169 3435 2260 3494 28.
2320 3441 2704 3516 Interrogatus
2742 3456 2828 3505 est
2867 3470 3053 3521 senex,
3088 3473 3262 3527 quare
3290 3459 3489 3516 sedens
3517 3462 3693 3520 frater

2094 3524 2323 3617 inﬂcella
2347 3533 2577 3589 taedium
2599 3543 2909 3608 pateretur.
2945 3543 3015 3597 Et
3041 3524 3183 3600 dixit
3211 3548 3261 3602 ei
3290 3565 3456 3604 senex
3489 3569 3501 3605 :
3544 3552 3687 3617 Quia

2093 3616 2276 3671 adhuc
2290 3636 2401 3675 non
2433 3623 2619 3679 vidisti
2642 3644 2823 3700 neque
2855 3638 3137 3703 speratam
3184 3639 3671 3711 resurrectionem,

2092 3721 2274 3799 neque
2301 3726 2535 3767 accensa
2573 3719 2857 3774 tormenta
2891 3739 2903 3775 :
2956 3738 3090 3778 nam
3118 3724 3166 3779 si
3195 3725 3313 3781 haec
3343 3728 3596 3799 vidisses,
3628 3736 3687 3787 et

2094 3793 2175 3890 ita
2200 3803 2349 3852 esset
2368 3801 2509 3855 cella
2533 3808 2633 3859 tua
2657 3807 2825 3877 plena
2856 3812 3160 3882 vermibus,
3192 3821 3258 3870 ut
3279 3833 3457 3890 usque
3475 3819 3547 3874 ad
3574 3793 3686 3876 col-

2086 3882 2204 3939 lum
2227 3891 2389 3944 tuum
2419 3896 2753 3964 mergereris
2772 3897 2831 3953 in
2861 3899 3017 3973 ipsis,
3043 3904 3350 3962 sustineres
3380 3909 3596 3981 utique,
3624 3915 3684 3966 et

2085 3989 2198 4029 non
2212 3979 2610 4038 extaediareris.

2149 4062 2237 4159 29.
2272 4068 2586 4132 Quemdam
2604 4092 2795 4132 senem
2816 4079 3088 4152 rogabant
3115 4084 3407 4153 fratres,ut
3430 4087 3683 4159 quiesce-

2075 4156 2163 4245 ret
2186 4171 2218 4209 a
2246 4159 2404 4227 gravi
2433 4159 2644 4219 labore.
2676 4165 2777 4222 Ille
2821 4170 3010 4225 autem
3032 4174 3321 4245 respondit
3348 4156 3465 4230 eis:
3526 4177 3665 4233 Cre-

2216 4245 2374 4314 mihi,
2405 4265 2436 4303 o
2466 4251 2590 4321 filii,
2625 4256 2759 4325 quia
2799 4258 3081 4316 Abraham
3105 4242 3500 4334 poenitebatur,
3531 4282 3662 4322 cum

2070 4331 2285 4389 videret
2313 4353 2519 4410 magna
2548 4348 2606 4396 et
2629 4346 2897 4414 praeclara
2938 4350 3086 4406 dona
3106 4331 3235 4420 hei,
3268 4371 3367 4409 cur
3393 4371 3506 4411 non
3535 4371 3660 4411 am-

2071 4422 2221 4493 plius
2240 4423 2409 4482 fuerit
2436 4428 2495 4483 in
2524 4429 2809 4491 laboribus
2838 4437 3173 4499 decertatus.

392 4492 584 4605 Yoluit
602 4498 792 4595 autem
808 4493 983 4605 fiater
1010 4494 1106 4605 ille
1124 4495 1343 4567 ingredi
1355 4497 1413 4597 in
1431 4498 1659 4605 domum
1681 4502 1981 4603 patrissui,
2000 4506 2047 4563 D
2080 4492 2087 4493 ⁷
2138 4509 2225 4568 30.
2251 4513 2450 4571 Frater
2475 4518 2845 4595 interrogavit
2856 4492 3309 4596 senemivdicens:
3347 4533 3657 4605 Cogitatio-

390 4585 661 4655 tanquam
681 4584 803 4655 jam
830 4584 1092 4640 defuncto
1114 4602 1338 4651 eo,ecce
1362 4587 1482 4659 ipse
1509 4594 1671 4660 pater
1689 4592 1810 4662 ejus
1828 4592 1984 4648 vivus

390 4673 803 4744 egrediebatur;
828 4679 887 4729 et
911 4674 1103 4730 videns
1128 4691 1257 4730 eum
1286 4692 1400 4731 non
1423 4680 1696 4748 cognovit,
1721 4685 1778 4735 et
1805 4682 1885 4736 ait
1911 4682 1981 4736 ad

388 4776 520 4819 eum
552 4780 564 4818 :
596 4762 682 4818 Tu
711 4763 835 4833 quis
865 4762 960 4817 es?
992 4764 1091 4819 Ille
1120 4780 1251 4820 vero
1301 4765 1561 4822 turbatus
1590 4769 1731 4823 nihil
1761 4777 1983 4842 poterat

385 4849 820 4922 respondere.Et
836 4852 1006 4922 coepit
1034 4868 1163 4907 eum
1188 4853 1391 4909 iterato
1421 4862 1582 4927 pater
1599 4858 1722 4928 ejus
1746 4858 1983 4916 interro-

384 4929 522 5011 gare
550 4938 699 4994 unde
728 4940 1054 4995 esset.Tunc
1077 4941 1360 5011 confusus,
1404 4944 1545 4999 dixit
1564 4946 1615 5000 ei
1646 4965 1657 5000 :
1691 4948 1806 5018 Ego
1854 4966 1979 5004 sum

384 5029 537 5084 ﬁlius
562 5032 715 5084 tuus.
743 5029 814 5082 Et
832 5027 915 5082 ait
944 5028 1027 5082 ei:
1061 5029 1135 5083 Ut
1152 5031 1287 5101 quid
1310 5049 1565 5089 reversus
1590 5036 1980 5095 es?Erubesce-

385 5116 702 5173 bat'autem
732 5116 785 5172 ei
814 5116 1018 5185 dicere,
1067 5119 1216 5188 quod
1243 5126 1471 5176 ventum
1502 5130 1643 5191 erat,
1684 5128 1781 5180 sed
1810 5128 1972 5184 dixit:

383 5206 642 5262 Charitas
669 5211 771 5260 tua
796 5205 929 5260 fecit
947 5221 1038 5260 me
1067 5209 1295 5278 reverti,
1321 5211 1455 5280 quia
1481 5213 1867 5272 desiderabam
1896 5224 1970 5274 te.

378 5296 451 5351 Et
477 5294 933 5351 remansitibi.Et
961 5300 1090 5367 post
1106 5296 1465 5369 aliquantum
1494 5306 1714 5374 tempus
1739 5305 1979 5365 incurrit

379 5385 440 5439 in
467 5382 913 5453 fornicationem,
946 5390 1003 5439 et
1029 5385 1224 5442 multis
1243 5389 1529 5460 suppliciis
1553 5393 1793 5452 afflictus
1822 5414 1857 5452 a
1880 5417 1974 5471 pa-

379 5479 467 5529 tre
483 5471 804 5540 suo,infelix
820 5474 941 5547 ipse
950 5491 1064 5530 non
1093 5475 1209 5547 egit
1224 5479 1735 5551 pcenitentiam,sed
1756 5504 1974 5547 reman-

377 5563 451 5619 sit
480 5563 542 5618 in
567 5562 769 5621 saeculo
801 5582 814 5634 ;
843 5565 1081 5638 ideoque
1108 5565 1251 5636 dico,
1282 5567 1644 5644 fratres,quia
1666 5581 1972 5639 monachus

2065 4617 2165 4657 nes
2197 4621 2333 4660 mea:
2353 4613 2574 4678 nutant,
2608 4618 2666 4667 et
2687 4614 2943 4675 tribulor.
2978 4619 3046 4674 Et
3072 4620 3165 4676 ille
3194 4622 3333 4677 dixit
3363 4642 3375 4678 :
3412 4624 3496 4679 Tu
3523 4625 3658 4680 sede

2071 4707 2131 4745 1n
2153 4694 2293 4749 cella
2320 4701 2437 4766 tua,
2471 4706 2527 4754 et
2575 4703 2941 4774 cogitationes
2970 4708 3175 4765 iterum
3204 4712 3434 4767 veniunt
3467 4732 3478 4781 ;
3511 4713 3662 4769 sicut

2067 4782 2217 4871 enim
2234 4785 2284 4838 si
2313 4788 2474 4843 asina
2502 4789 2676 4860 ligata
2705 4793 2797 4862 sit,
2821 4796 3007 4867 pullus
3036 4800 3159 4870 ejus
3190 4806 3429 4871 vagatur
3455 4808 3511 4857 et
3524 4819 3654 4858 cur-

2063 4870 2139 4924 rit
2167 4871 2275 4928 huc
2297 4881 2466 4948 atque
2487 4878 2636 4948 illuc,
2670 4899 2895 4956 semper
2917 4892 3107 4942 autem
3128 4889 3200 4943 ad
3229 4870 3466 4945 matrem
3490 4907 3655 4947 suam

2062 4962 2380 5050 revertitur,
2415 4965 2733 5041 ubicunque
2762 4972 2909 5041 ierit;
2932 4974 3010 5030 ita
3028 4982 3195 5032 erunt
3210 4983 3266 5033 et
3285 4978 3651 5050 cogitationes

2061 5049 2183 5118 ejus
2216 5053 2310 5122 qui
2348 5062 2579 5126 propter
2618 5060 2796 5116 Deum
2841 5063 3208 5121 tolerabiliter
3255 5067 3316 5123 in
3361 5049 3511 5124 cella
3543 5085 3652 5127 sua

2058 5140 2332 5197 resederit
2364 5162 2376 5211 ;
2432 5147 2566 5217 quia
2603 5150 2708 5204 etsi
2737 5152 2807 5205 ad
2837 5153 3118 5210 modicum
3157 5162 3380 5225 nutant,
3425 5158 3522 5214 sed
3548 5158 3652 5214 ite-

2057 5243 2183 5283 rum
2221 5238 2581 5291 revertuntur
2604 5238 2673 5293 ad
2705 5256 2855 5297 eum.

2126 5317 2217 5409 91Γ
2251 5321 2431 5377 Senex
2464 5326 2693 5395 quidam
2737 5330 2968 5387 sedebat
2992 5333 3053 5387 in
3081 5350 3288 5402 eremo,
3339 5336 3435 5407 qui
3481 5336 3648 5409 longe

2056 5406 2297 5465 habebat
2326 5428 2532 5484 aquam
2554 5432 2587 5470 a
2618 5418 2759 5473 cella
2797 5436 2917 5489 sua,
2967 5438 3069 5493 per
3096 5406 3387 5480 duodecim
3420 5406 3603 5481 millia
3622 5446 3645 5493 ;

2055 5495 2151 5551 ubi
2171 5498 2304 5554 dum
2326 5504 2619 5561 semeliret
2632 5507 2859 5565 haurire
2880 5528 3105 5584 aquam,
3138 5513 3357 5582 defecit,
3375 5520 3433 5570 et
3453 5514 3595 5571 dixit
3624 5534 3639 5571 :

2055 5586 2200 5650 Quid
2231 5605 2457 5648 necesse
2480 5600 2566 5650 est
2590 5602 2655 5652 ut
2676 5599 2824 5654 hunc
2851 5600 3101 5657 laborem
3132 5604 3357 5675 patiar?
3390 5605 3565 5660 Venio
3585 5611 3646 5661 et

2052 5676 2244 5733 habito
2271 5682 2420 5737 circa
2440 5700 2646 5756 aquam
2676 5689 2839 5744 hanc.
2874 5692 2941 5747 Et
2968 5709 3097 5747 cum
3126 5694 3229 5749 hoc
3250 5694 3641 5762 dixisset,con-
