3934 6378
218 360 321 421 901

1530 364 1769 421 VERBA
1808 359 2199 416 SENIORUM.

3394 360 3500 422 902

212 504 412 543 versus
428 486 566 543 vidit
577 487 879 558 quemdam
900 493 1228 560 sequentem
1256 504 1317 542 se
1340 493 1397 543 et
1422 493 1814 544 numerantem
1833 487 1885 547 Α
1901 489 2202 538 occurrunt
2227 483 2491 538 scandala
2509 483 2696 539 omnia
2709 484 3055 557 prmteriens,
3079 484 3258 542 donec
3270 486 3344 543 ad
3371 502 3495 544 cru-

213 577 458 649 vestigia
475 593 596 631 sua:
620 576 989 648 interrogavit
1009 583 1200 633 autem
1221 577 1586 644 eum,dicens:
1607 576 1743 642 Quis
1760 593 1818 630 es

215 667 309 722 tu?
324 667 501 721 Etille
530 665 686 721 dixit:
715 667 960 736 Angelus
985 667 1209 721 Domini
1232 684 1377 734 sum,
1395 673 1451 721 et
1470 667 1672 721 missus
1693 682 1819 720 sum

216 771 525 811 numerare
542 755 777 826 vestigia
803 761 922 823 tua,
947 761 1000 811 et
1016 756 1150 811 dare
1178 756 1281 811 tibi
1301 756 1635 810 mercedem.
1659 754 1818 819 Quod

219 860 354 900 cum
383 844 635 899 audisset
662 861 847 911 senex,
882 844 1011 899 forti
1047 845 1236 900 animo
1277 846 1455 899 factus
1486 844 1812 916 promptior,

216 938 280 988 et
312 934 497 989 adhuc
524 933 746 1005 longius
783 934 972 1005 posuit
999 934 1197 989 cellam
1227 951 1388 990 suam
1426 933 1496 988 ab
1525 950 1673 1005 aqua
1698 932 1813 987 illa.

291 1048 379 1105 3‘2.
412 1049 685 1105 Dicebant
704 1050 916 1105 Patres:
948 1050 1006 1105 Si
1033 1049 1136 1104 tibi
1166 1050 1463 1120 contigerit
1491 1050 1729 1104 tentatio
1758 1047 1817 1103 in

211 1138 341 1193 loco
370 1155 480 1211 quo
497 1138 737 1207 habitas,
760 1155 872 1194 non
893 1139 1117 1194 deseras
1147 1140 1331 1194 locum
1349 1140 1407 1194 in
1421 1144 1674 1211 tempore
1698 1143 1819 1193 ten-

211 1226 483 1296 tationis;
515 1227 648 1300 quia
675 1228 723 1283 si
752 1227 1089 1294 deserueris,
1121 1245 1453 1300 quocunque
1477 1228 1811 1301 perrexeris,

214 1322 353 1370 ante
396 1320 453 1371 te
484 1316 732 1371 invenies
778 1318 928 1389 quod
976 1317 1256 1388 fugiebas;
1304 1318 1402 1372 sed
1446 1318 1667 1389 patiens
1696 1322 1816 1373 esto

214 1403 399 1460 donec
427 1405 665 1459 tentatio
700 1410 969 1469 transeat,
1003 1422 1074 1460 ne
1106 1405 1370 1461 discessio
1390 1411 1491 1461 tua
1517 1406 1642 1462 aliis
1661 1422 1817 1462 scan-

212 1493 413 1549 dalum
440 1493 626 1561 faciat,
650 1500 707 1548 et
727 1510 799 1549 ne
827 1494 971 1549 forte
985 1494 1110 1550 aliis
1133 1495 1227 1566 qui
1242 1495 1389 1550 circa
1416 1496 1602 1551 locum
1630 1496 1816 1568 ipsum

211 1582 478 1638 habitant
495 1582 918 1639 tribulationem
947 1584 1168 1655 ingerat
1194 1584 1459 1639 discessio
1480 1589 1599 1640 tua.

288 1698 379 1755 33.
418 1700 619 1755 Frater
645 1700 874 1771 quidam
899 1705 1022 1754 erat
1051 1699 1111 1755 in
1139 1701 1571 1771 congregatione
1593 1700 1815 1772 inquie-

1903 572 2126 627 ciﬁxum
2158 573 2466 644 perveniat.

1972 667 2166 727 590
2190 662 2279 717 36.
2326 662 2476 716 Dixit
2521 678 2722 717 senex:
2768 664 2923 719 Sicut
2966 663 3135 720 arbor
3159 664 3497 723 fructiﬁcare

1902 766 2014 803 non
2044 756 2246 822 potest,
2288 750 2335 805 si
2366 752 2569 823 saepius
2598 753 2989 819 transferatur,
3022 754 3101 808 sic
3146 771 3251 810 nec
3295 772 3495 812 mona-

1900 839 2037 893 chus
2066 840 2391 911 frequenter
2418 840 2668 911 migrans
2692 846 2878 913 potest
2904 843 3261 902 fructiﬁcare.

1972 927 2058 984 37.
2091 930 2290 983 Frater
2318 929 2547 1000 quidam
2578 931 2713 985 dum
2733 932 3132 987 sollicitaretur
3159 934 3499 1005 acogitatio-

1900 1016 2066 1071 nibus
2096 1018 2357 1089 propriis,
2382 1023 2447 1073 ut
2474 1019 2651 1074 exiret
2671 1036 2706 1074 a
2727 1021 3087 1089 monasterio,
3106 1021 3370 1078 indicavit
3390 1026 3498 1079 hoc

1899 1105 2083 1177 ipsum
2115 1106 2321 1162 abbati.
2340 1109 2440 1162 Ille
2458 1114 2650 1163 autem
2678 1110 2817 1164 dixit
2841 1128 2854 1163 :
2888 1111 3062 1178 Vade,
3089 1115 3147 1166 et
3168 1112 3323 1181 sede,
3343 1117 3403 1167 et
3418 1112 3493 1167 da

1898 1194 2101 1267 parieti
2128 1196 2278 1251 cellae
2306 1200 2418 1251 tuae
2445 1213 2648 1268 corpus
2663 1202 2825 1253 tuum
2837 1198 2894 1253 in
2905 1199 3159 1271 pignore,
3185 1204 3242 1255 et
3259 1216 3374 1256 non
3394 1217 3494 1257 ex-

1899 1298 1995 1340 eas
2018 1283 2182 1339 inde:
2211 1285 2608 1356 cogitationem
2636 1293 2827 1342 autem
2855 1291 3013 1343 tuam
3032 1288 3275 1359 dimitte;
3288 1290 3499 1363 cogitet

1899 1379 2174 1445 quantum
2208 1375 2343 1443 vult,
2387 1380 2608 1432 tantum
2644 1392 2716 1432 ne
2756 1376 2947 1448 ejicias
2985 1377 3055 1433 de
3076 1379 3219 1434 cella
3248 1384 3352 1435 tua
3377 1396 3498 1437 cor-

1899 1477 2005 1533 pus
2034 1466 2218 1516 tuum.

1972 1548 2060 1607 38.
2094 1551 2247 1605 Dixit
2271 1568 2478 1609 senex:
2510 1552 2664 1608 Cella
2701 1555 2963 1610 monachi
3002 1560 3090 1611 est
3126 1556 3379 1613 caminus
3404 1557 3499 1613 ille

1899 1638 2261 1711 Babylonius,
2293 1639 2388 1695 ubi
2419 1648 2533 1696 tres
2557 1643 2719 1713 pueri
2746 1644 2953 1702 Filium
2983 1645 3087 1700 Dei
3114 1644 3452 1704 invenerunt
3481 1665 3495 1716 ;

1897 1727 1996 1783 sed
2025 1736 2082 1784 et
2131 1730 2393 1785 columna
2430 1731 2595 1786 nubis
2625 1738 2711 1787 est
2737 1750 2804 1788 ex
2840 1751 2954 1806 qua
2981 1735 3134 1790 Deus
3158 1735 3377 1792 locutus
3407 1742 3496 1793 est

198 1792 328 1856 .tus,
346 1794 419 1889 ft
428 1788 753 1860 frequenter
771 1788 1102 1844 movebatur
1123 1789 1196 1843 ad
1218 1789 1363 1844 iram
1388 1790 1617 1863 (Rufﬁn.
1634 1830 1647 1856 ,
1672 1794 1710 1844 ι.
1734 1804 1818 1856 Ill,
1838 1782 2095 1889 B'Moyéi.

212 1894 277 1932 η.
310 1874 426 1949 98).
458 1878 605 1958 Dicit
631 1894 764 1949 ergo
792 1878 853 1933 in
878 1878 1209 1949 semetipso:
1241 1878 1418 1947 Vade,
1448 1883 1502 1933 et
1531 1879 1683 1933 solus
1711 1879 1817 1933 ali-

1973 1905 2059 1964 39.
2078 1908 2275 1963 Frater
2305 1908 2534 1980 quidam
2560 1924 2760 1964 novem
2780 1908 2942 1963 annis
2961 1912 3172 1968 mansit
3190 1913 3494 1987 impugna-

210 1966 344 2073 cuPi
370 1966 636 2073 habitabo
664 1986 677 2035 ἶ
705 1973 764 2022 et
962 1984 1074 2073 n0."
1106 1967 1295 2073 hf‘bef"
1322 1984 1449 2023 cum
1470 1984 1581 2039 quo
1609 1968 1812 2068 (ἓίοξιωι
1898 1999 1991 2048 tus
2022 2011 2057 2048 a
2084 1966 2517 2066 cogitationibus
2535 1997 2674 2064 suis,
2692 2004 2756 2052 ut
2777 1998 2954 2052 exiret
2972 1999 3041 2054 de
3061 1966 3497 2073 congregatione

209 2056 573 2164 ξέιεξιξξὶξξωτ
595 2073 693 2164 φης)
717 2056 1811 2164 gaiéégﬁﬁﬁqugiefcite111$?”ijif??-
1900 2056 2241 2151 ίιεειιιιιιιηῖει
2260 2086 2512 2157 quotidie
2524 2056 2758 2141 tollebat
2771 2087 3091 2159 pelliculam
3108 2056 3498 2164 ειιέωῗίωιιὶεὶ

209 2145 523 2249 Egregia?
551 2162 686 2249 θ¹ξ8⁰
716 2145 1065 2249 min-"ba?"
1095 2146 1363 2249 S‘Pelunca
1382 2146 1553 2200 SOlus'
1578 2147 1817 2249 gnf‘au‘
1895 2172 2086 2242 jacere
2110 2145 2307 2229 solitus
2327 2181 2467 2242 erat,
2501 2180 2566 2231 ut
2593 2145 2792 2233 exiret:
2823 2177 2891 2232 Et
2928 2179 3153 2249 quando
3173 2145 3497 2237 ﬁebat

212 2240 334 2334 ξθω
364 2234 454 2289 die
482 2233 855 2335 implef‘sfibi
884 2234 1422 2337 εατίδθυιθᾞθηυίθθ
1446 2234 1634 2306 Ροευίί
1662 2235 1817 2337 in?”
1895 2233 2035 2332 pere
2087 2262 2313 2319 dicebat
2355 2265 2412 2319 in
2448 2233 2660 2337 seipso:
2693 2233 2964 2322 Crastim;
2987 2233 3394 2326 hinc
3412 2233 3498 2327 ’ἐι

215 2323 456 2428 infe?“
473 2341 510 2428 τι
527 2323 764 2428 “ofﬁgit
788 2328 988 2428 διξίθω.
1016 2330 1080 2428 Et
1120 2323 1306 2378 subito
1344 2329 1699 2428 νεξεδνεξωξξ
1723 2324 1816 2428 “ile
1899 2323 2065 2405 inane
2092 2351 2314 2407 dicebat
2351 2353 2409 2408 in
2452 2323 2821 2425 cogitatione:
2852 2323 3494 2428 Extorqueamus'nob—is

208 2417 348 2513 vero
376 2413 630 2515 implevit
651 2413 914 2513 secundo,
940 2418 999 2468 et
1016 2413 1225 2468 iterum
1249 2419 1465 2469 versata
1486 2418 1589 2482 est;
1613 2413 1816 2468 deinde
1896 2438 1986 2494 hic
2015 2446 2165 2494 stare
2193 2448 2250 2495 et
2280 2442 2444 2497 hodie
2472 2413 2704 2515 Ρῖοριθι,
2739 2413 3064 2500 Dominum:
3097 2446 3206 2512 Qui

212 2502 389 2607 ξθτξιίο
417 2502 661 2607 imple.“
701 2507 897 2607 Ροεωί
920 2508 1172 2607 ἦδωνηθί
1199 2519 1395 2607 mrqu
1440 2508 1679 2607 γενεξλίθχ
1708 2508 1810 2607 fat:
1896 2529 2104 2600 plesset
2129 2546 2328 2586 novem
2349 2548 2542 2599 annos,
2576 2533 2645 2588 de
2666 2533 2758 2588 die
2773 2533 2833 2588 in
2851 2534 3003 2590 diem
3031 2534 3347 2607 itafaciens,
3371 2536 3497 2594 abs-

212 2590 328 2656 Qui
355 2596 668 2646 commotus
696 2591 906 2657 furore,
936 2591 1123 2646 tenuit
1145 2592 1429 2646 vasculum
1450 2591 1606 2657 illud,
1632 2597 1690 2646 et
1709 2590 1816 2648 fre-

209 2679 319 2751 git;
353 2680 413 2734 in
441 2696 501 2735 se
523 2684 714 2735 autem
746 2696 1064 2747 conversus,
1091 2681 1350 2752 cognovit
1369 2681 1501 2752 quia
1528 2680 1598 2734 ab
1619 2681 1817 2737 eodem

211 2769 473 2825 daemone
502 2769 805 2825 iracundiae
840 2769 917 2824 sit
937 2769 1156 2835 illusus,
1188 2774 1247 2824 et
1278 2770 1436 2824 dixit:
1462 2770 1599 2824 Ecce
1627 2787 1731 2841 ego
1761 2776 1819 2825 et

209 2858 370 2914 solus
397 2874 543 2925 sum,
566 2865 626 2914 et
649 2858 783 2914 vicit
810 2875 900 2913 me
933 2876 947 2926 ;
977 2864 1229 2913 revertar
1257 2875 1390 2930 ergo
1428 2859 1488 2914 in
1508 2876 1817 2930 congrega-

214 2948 457 3015 tionem,
489 2947 624 3019 quia
648 2947 858 3019 ubique
881 2947 1043 3002 labor
1069 2954 1127 3001 et
1152 2948 1427 3019 patientia
1459 2965 1602 3020 opus
1631 2954 1737 3017 est,
1763 2954 1820 3003 et

213 3037 467 3091 maxime
491 3036 837 3108 adjutorium
855 3036 977 3092 Dei.
1019 3036 1089 3091 Et
1112 3053 1350 3109 surgens
1376 3053 1641 3093 reversus
1662 3037 1817 3093 estin

287 3232 378 3288 34.
410 3233 606 3288 Frater
621 3233 990 3304 interrogavit
1006 3250 1195 3289 senem
1220 3236 1402 3305 (Ra/[2,
1421 3238 1459 3289 ι.
1478 3248 1559 3289 ιιι.
1584 3251 1642 3289 η.
1665 3231 1811 3303 106),

1830 3112 1879 3175 C

1897 2618 2034 2672 tulit
2063 2619 2337 2674 Dominus
2366 2620 2436 2675 ab
2468 2638 2533 2676 eo
2562 2621 2934 2677 tentationem
2954 2625 3098 2694 ejus.

1971 2707 2060 2762 40.
2093 2708 2292 2763 Frater
2332 2709 2563 2782 quidam
2592 2711 2844 2767 incidens
2881 2713 2943 2768 in
2962 2713 3355 2783 tentationem,
3386 2716 3493 2772 tri-

1898 2794 2142 2851 bulando
2172 2799 2415 2868 perdidit
2434 2800 2688 2870 regulam
2721 2802 3093 2857 monachilem
3119 2822 3133 2872 ;
3166 2809 3371 2861 etcum
3396 2805 3498 2861 ite-

1899 2900 2024 2939 rum
2056 2887 2222 2941 vellet
2246 2887 2613 2945 observantiaa
2623 2890 2900 2961 regularis
2919 2890 3025 2947 sibi
3040 2892 3315 2965 principia
3336 2894 3493 2963 dare,

1899 2990 1934 3028 a
1970 2973 2335 3032 tribulatione
2380 2978 2813 3050 impediebatur,
2846 2985 2905 3035 et
2926 2980 3147 3037 dicebat
3172 2982 3234 3037 in
3261 2983 3446 3057 seipso
3477 3000 3492 3037 :

1900 3062 2134 3127 Quando
2148 3064 2326 3121 habeo
2339 3082 2431 3122 me
2450 3067 2813 3131 itainvenire,
2821 3069 2968 3125 sicut
2985 3069 3289 3142 aliquando
3307 3071 3493 3127 eram?

1896 3151 1968 3206 Et
1993 3152 2257 3210 deﬁciens
2285 3156 2473 3210 animo
2495 3172 2608 3211 non
2638 3156 2975 3229 praevalebat
2991 3159 3076 3212 vel
3093 3158 3359 3215 inchoare
3376 3175 3497 3217 mo-

1895 3242 2059 3296 nachi
2084 3258 2246 3314 opus.
2286 3245 2530 3300 Veniens
2566 3252 2759 3302 autem
2805 3247 2876 3302 ad
2922 3247 3225 3318 quemdam
3267 3265 3484 3319 senem,

208 3322 425 3378 dicens:
457 3322 605 3387 Quid
649 3322 812 3391 facio,
843 3324 1029 3389 Pater,
1054 3324 1189 3395 quia
1224 3323 1377 3378 nihil-
1401 3339 1603 3395 operer
1624 3340 1811 3378 mona-
1896 3331 2147 3386 narravit
2161 3331 2213 3387 ei
2235 3349 2358 3404 quae
2378 3332 2691 3404 agebantur
2705 3334 2854 3390 circa
2869 3335 3057 3407 ipsum
3073 3354 3085 3390 :
3104 3352 3275 3392 senex
3297 3344 3492 3394 autem

208 3411 380 3478 chile,
410 3412 510 3467 sed
546 3411 606 3467 in
632 3412 976 3483 negligentia
1009 3413 1253 3484 quadam
1282 3430 1407 3467 sum
1447 3412 1811 3479 manducans,
1899 3420 2134 3475 audiens
2173 3438 2241 3476 ea
2267 3422 2337 3476 de
2368 3422 2572 3494 quibus
2604 3423 2982 3496 atiligebatur,
3015 3424 3275 3481 adhibuit
3298 3427 3352 3482 ei
3375 3428 3492 3483 tale

207 3499 428 3568 bibens,
480 3505 539 3556 et
581 3500 886 3569 dormiens,
942 3508 999 3556 et
1051 3519 1221 3574 super
1272 3502 1332 3556 in
1381 3501 1817 3573 cogitationibus
1900 3511 2235 3583 exemplum,
2269 3512 2494 3567 dicens:
2520 3514 2701 3568 Homo
2720 3513 2952 3585 quidam
2970 3513 3169 3570 habuit
3195 3516 3498 3588 possessio-

212 3589 477 3662 turpibus
506 3595 565 3645 et
588 3590 770 3645 multa
803 3591 1227 3662 perturbatione
1265 3608 1412 3658 sum,
1442 3591 1723 3687 transiens
1744 3592 1813 3647 ab
1896 3615 2047 3666 nem,
2076 3606 2134 3654 et
2157 3600 2227 3655 de
2254 3602 2603 3672 negligentia
2630 3604 2752 3675 ejus
2776 3603 2837 3658 in
2863 3603 3116 3659 sentibus
3134 3605 3364 3687 redacta
3383 3612 3489 3677 est,

210 3694 385 3751 opere
413 3680 485 3734 ad
515 3695 677 3751 opus,
706 3685 763 3735 et
789 3695 824 3734 a
850 3680 1281 3751 cogitationibus
1308 3681 1377 3735 ad
1405 3680 1812 3751 cogitationes?

208 3768 370 3825 Dixit
410 3773 601 3824 autem
632 3769 684 3823 ei
711 3784 911 3824 senex:
945 3770 1030 3824 Tu
1050 3770 1182 3824 sede
1220 3768 1281 3824 in
1301 3769 1442 3824 cella
1468 3776 1588 3836 tua,
1643 3775 1700 3825 et
1725 3770 1811 3824 fac

211 3858 367 3930 quod
396 3863 556 3930 potes
582 3858 704 3913 sine
730 3858 1190 3930 perturbatione;
1213 3859 1294 3914 ita
1317 3863 1404 3914 est
1431 3859 1581 3914 enim
1609 3876 1812 3931 parum

211 3947 367 4020 quod
393 3952 458 4004 tu
486 3948 654 4003 modo
696 3948 849 4015 facis,
882 3948 1028 4003 sicut
1072 3948 1296 4020 quando
1323 3948 1495 4003 abbas
1534 3949 1812 4004 Antonius

210 4052 424 4109 magna
450 4042 510 4092 et
532 4037 777 4109 plurima
796 4037 1037 4093 faciebat
1054 4038 1112 4092 in
1133 4055 1342 4093 eremo.
1375 4038 1555 4092 Credo
1581 4037 1731 4092 enim
1752 4037 1812 4092 in

208 4126 350 4194 Deo,
384 4127 517 4199 quia
545 4127 863 4200 quicunque
892 4127 1051 4183 sedet
1090 4130 1151 4183 in
1179 4128 1320 4182 cella
1346 4132 1579 4200 propter
1605 4144 1813 4182 nomen

212 4216 359 4288 ejus,
389 4221 447 4272 et
481 4216 725 4272 custodit
765 4217 1165 4273 conscientiam
1198 4232 1379 4285 suam,
1412 4216 1729 4272 inveniatur
1757 4223 1816 4272 et

211 4306 338 4378 ipse
366 4305 428 4361 in
440 4306 673 4362 Antonii
697 4307 838 4362 loco.

1895 3692 1953 3742 et
1979 3689 2194 3760 repleta
2220 3695 2301 3745 est
2331 3690 2554 3747 tribulis
2583 3696 2641 3746 et
2658 3693 2857 3764 spinis.
2888 3693 3086 3748 Visum
3111 3698 3199 3749 est
3224 3702 3416 3752 autem
3441 3696 3495 3753 ei

1893 3782 2091 3849 postea
2112 3784 2176 3834 ut
2201 3780 2476 3835 excoleret
2503 3797 2655 3849 eam;
2689 3786 2747 3837 et
2773 3782 2915 3837 dixit
2937 3783 3052 3838 ﬁlio
3077 3799 3212 3839 suo:
3237 3784 3414 3853 Vade,
3437 3791 3497 3842 et

1893 3882 2074 3938 purga
2101 3884 2299 3939 agrum
2328 3870 2699 3940 possessionis
2727 3871 2898 3926 illius.
2924 3871 2994 3926 Et
3018 3873 3171 3927 venit
3198 3873 3348 3929 ﬁlius
3369 3875 3493 3946 ejus

1892 3960 1958 4010 ut
1968 3963 2253 4027 purgaret.
2275 3958 2524 4023 Quicum
2536 3959 2890 4033 respexisset,
2913 3960 3494 4020 viditmultitudinem

1895 4044 2232 4102 tribulorum
2263 4053 2320 4102 et
2365 4048 2656 4120 spinarum
2683 4049 2983 4106 increvisse
3014 4051 3067 4106 ei
3093 4070 3107 4119 ;
3142 4057 3201 4107 et
3230 4052 3496 4109 deﬁciens

1896 4135 2256 4203 animo,dixit
2275 4137 2348 4192 ad
2365 4138 2877 4210 seipsuszuando
2898 4156 3003 4212 ego
3032 4139 3211 4197 habeo
3240 4141 3362 4199 hac
3373 4159 3499 4199 om-

1895 4224 1991 4279 nia
2013 4226 2298 4282 eradicare
2327 4233 2385 4283 et
2412 4230 2693 4300 purgare?
2723 4230 2794 4285 Et
2812 4230 3114 4301 projiciens
3133 4231 3265 4287 sein
3285 4237 3498 4290 terram

1896 4314 2065 4386 coepit
2093 4315 2340 4372 dormire
2359 4335 2372 4385 ;
2390 4317 2497 4373 hoc
2524 4324 2716 4374 autem
2734 4319 2865 4374 fecit
2896 4320 3093 4376 multis
3126 4320 3344 4378 diebus.
3364 4322 3501 4379 Post

287 4412 376 4471 35.
409 4414 796 4486 Interrogatus
821 4419 904 4469 est
926 4430 1112 4482 senex,
1147 4415 1427 4487 quomodo
1457 4418 1714 4486 oporteat
1738 4413 1861 4487 vi-_
1895 4403 2014 4459 Ῑιωο
2043 4404 2194 4460 venit
2224 4411 2386 4478 Pater
2416 4408 2540 4479 eius
2569 4408 2761 4464 Videre
2780 4409 2931 4480 qu°d
2955 4409 3182 4478 fecerat:
3208 4410 3500 4468 etinvenit

208 4503 486 4575 summm
508 4484 847 4559 mon'acbum
876 4521 991 4560 ηοη
1014 4484 1397 4571 εωηᾶειίκωιί,
1425 4484 1649 4575 (ιιι”ο,ῃάο
1664 4503 1816 4559 videt
1829 4484 1878 4544 D
1897 4509 2028 4548 eum
2042 4494 2184 4549 nihil
2204 4501 2521 4566 operatum.
2553 4498 2620 4554 Et
2638 4497 2780 4553 dixit
2805 4498 2889 4553 ei:
2919 4498 3104 4563 Quare
3120 4514 3300 4570 usque
3321 4500 3492 4556 modo

210 4592 436 4663 aliquos
456 4592 527 4647 ad
542 4593 806 4648 saeculum
825 4599 1185 4650 revertentes.
1207 4594 1278 4648 Et
1296 4593 1603 4665 respondit:
1627 4594 1815 4649 Intue-

210 4682 263 4736 ri
294 4680 458 4737 debet
482 4683 789 4738 monachus
817 4699 1003 4750 canes,
1037 4683 1132 4755 qui
1160 4688 1441 4738 venantur
1472 4683 1725 4753 lepores;
1758 4688 1816 4737 et

214 4771 367 4826 sicut
384 4787 532 4826 unus
569 4787 635 4826 ex
657 4771 738 4826 eis
756 4771 951 4826 videns
976 4772 1225 4843 leporem
1258 4771 1592 4842 insequitur,
1626 4771 1812 4825 caeteri

214 4864 411 4915 autem
437 4861 832 4916 tantummodo
857 4876 1054 4916 canem
1072 4860 1323 4915 videntes
1345 4864 1681 4927 currentem,
1715 4859 1815 4914 ali-

215 4949 472 5022 quandiu
518 4965 647 5004 cum
692 4949 815 5021 ipso
859 4953 1112 5017 currunt,
1147 4955 1343 5021 postea
1378 4964 1512 5003 vero
1538 4949 1813 5004 lassantes

208 5043 341 5111 post
357 5054 416 5092 se
441 5043 831 5107 revertuntur;
863 5039 1016 5093 solus
1036 5042 1227 5093 autem
1255 5038 1351 5093 ille
1378 5026 1474 5110 qui
1504 5037 1642 5092 vidit
1667 5038 1813 5109 lepo-

211 5143 338 5183 rem
371 5128 627 5198 sequitur
656 5128 833 5183 donec
861 5127 1318 5199 comprehendat,
1352 5144 1455 5182 nec
1510 5127 1817 5199 impeditur

210 5215 289 5272 ab
315 5215 629 5271 intentione
649 5233 846 5272 cursus
868 5217 955 5272 sui
986 5222 1217 5288 propter
1233 5216 1359 5271 illos
1377 5217 1473 5289 qui
1498 5221 1625 5289 post
1653 5233 1712 5271 se
1733 5233 1818 5272 re-

211 5309 534 5372 vertuntur,
554 5306 653 5361 sed
684 5322 870 5378 neque
916 5304 1260 5378 praecipitiis,
1301 5322 1484 5377 neque
1526 5305 1595 5360 de
1638 5305 1811 5374 silvis,

211 5412 400 5469 neque
428 5396 499 5451 de
527 5395 790 5468 vepribus
817 5396 1088 5467 cogitans,
1110 5396 1208 5450 sed
1239 5395 1298 5449 in
1323 5394 1498 5466 spinis
1520 5394 1818 5467 aliquoties

210 5487 511 5543 incurrens
541 5485 762 5542 raditur
786 5490 844 5542 et
870 5486 1161 5558 pungitur,
1177 5490 1234 5541 et
1254 5501 1367 5540 non
1388 5484 1623 5556 quiescit
1645 5485 1822 5539 donec

210 5575 676 5648 comprehendat.
720 5576 807 5631 Ita
830 5580 890 5630 et
916 5575 1243 5642 monachus,
1278 5575 1363 5628 vel
1393 5575 1489 5645 qui
1519 5574 1821 5629 Dominum

211 5666 505 5723 Christum
545 5665 762 5736 quaerit,
794 5665 946 5720 cruci
974 5664 1359 5720 indesinenter
1402 5663 1664 5733 intendit,
1700 5680 1822 5736 quae

1894 4581 2036 4637 nihil
2053 4581 2277 4638 fecisti?
2310 4585 2378 4639 Et
2403 4585 2780 4657 dixitjuvenis
2808 4586 2904 4641 ille
2920 4587 3071 4659 patri
3098 4602 3204 4643 suo
3235 4605 3248 4641 :
3281 4589 3405 4645 Mox
3426 4595 3495 4646 ut

1895 4671 2186 4726 veniebam
2216 4672 2455 4744 operari,
2488 4680 2668 4745 pater,
2712 4690 2842 4730 cum
2869 4674 3131 4731 vidissem
3170 4675 3495 4734 multitudi-

1896 4776 2028 4815 nem
2059 4761 2204 4816 hanc
2248 4761 2588 4818 tribulorum
2634 4768 2694 4818 et
2721 4763 3034 4837 spinarum,
3081 4765 3386 4822 revocabar
3423 4766 3496 4824 ab

1895 4849 2279 4922 assumptione
2290 4850 2517 4919 laboris,
2537 4857 2595 4907 et
2614 4869 2727 4924 prae
2746 4852 3112 4910 tribulatione
3124 4856 3495 4928 projiciebam

1895 4955 1986 4994 me
2001 4939 2061 4994 in
2089 4945 2260 5008 terra,
2276 4946 2334 4996 et
2352 4941 2723 4996 dormiebam.
2740 4941 3050 4998 Tuncdixit.
3062 4945 3114 4999 ei
3133 4950 3299 5016 pater
3319 4961 3487 5002 suus:

1894 5029 2016 5095 Fili,
2054 5030 2126 5084 ad
2152 5046 2472 5085 mensuram
2504 5031 2838 5099 latitudinis,
2864 5049 3035 5104 quam
3050 5034 3318 5105 jacensin
3344 5040 3501 5091 terra

1899 5135 2157 5191 occupas,
2189 5136 2291 5191 per
2318 5120 2571 5191 singulos
2595 5121 2715 5177 dies
2759 5132 3012 5194 operare,
3038 5127 3096 5177 et
3124 5124 3202 5179 ita
3221 5124 3497 5196 paulatim

1899 5209 2153 5280 proﬁciet
2179 5226 2320 5283 opus
2347 5215 2527 5277 tuum,
2554 5215 2612 5265 et
2630 5216 2693 5266 tu
2741 5211 3114 5284 pusillanimis
3141 5228 3255 5267 non
3294 5212 3497 5268 efficie-

1900 5299 1997 5354 ris.
2031 5299 2191 5363 Quod
2203 5316 2330 5354 cum
2343 5300 2596 5355 audisset
2612 5301 2855 5372 juvenis,
2876 5301 3008 5357 fecit
3020 5301 3101 5355 sic
3122 5319 3136 5369 ;
3160 5306 3217 5356 et
3243 5300 3303 5357 in
3322 5319 3496 5374 parvo

1901 5395 2162 5460 tempore
2190 5394 2431 5461 purgata
2458 5395 2545 5445 est
2603 5396 2661 5445 et
2710 5391 2930 5446 exculta
2978 5390 3276 5461 possessio.
3324 5391 3396 5447 Et
3429 5397 3497 5450 tu

1902 5478 2000 5545 ita,
2030 5478 2222 5544 frater,
2238 5478 2510 5549 paulatim
2524 5496 2756 5550 operare
2784 5484 2842 5534 et
2869 5495 2982 5533 non
3010 5479 3253 5547 deﬁcias,
3275 5485 3333 5536 et
3347 5481 3500 5539 Deus

1904 5587 2006 5643 per
2033 5569 2277 5641 gratiam
2306 5575 2465 5623 suam
2494 5568 2756 5623 restituet
2790 5574 2847 5622 te
2876 5567 3085 5623 iterum
3112 5568 3289 5641 priori
3315 5571 3500 5628 ordini

1904 5666 2022 5716 tuo.
2076 5660 2192 5713 Hoc
2220 5658 2431 5726 audito,
2483 5657 2656 5713 frater
2691 5657 2787 5712 ille
2835 5656 2989 5729 abiit,
3052 5663 3111 5714 et
3163 5675 3292 5717 cum
3347 5663 3503 5720 omni
