3934 6378
452 318 561 385 903

1578 322 1673 377 DE
1711 322 1903 380 VITIS
1942 323 2241 380 PATRUM
2277 324 2493 383 LIBER
2528 325 2596 380 V.

3624 329 3734 389 904

454 448 729 521 patientia
761 448 960 507 sedens
1019 446 1261 503 faciebat
1310 448 1455 503 sicut
1508 449 1739 504 edoctus
1791 450 1977 505 fuerat
2015 450 2325 517 aAfecisti,
2360 452 2446 505 vel
2477 451 2611 522 quid
2655 451 2914 521 cogitasti
2944 455 3107 505 nocte
3138 451 3265 507 hac.
3309 453 3507 509 Frater
3534 460 3730 521 autem

454 554 618 607 sene;
667 542 724 591 et
750 537 831 592 sic
858 536 1146 592 inveniens
1177 538 1448 608 requiem,
1482 539 1914 610 promovebatur
1950 556 2051 611 per

454 626 760 687 Dominum
781 626 1089 682 Christum.

522 713 610 772 41.
661 706 841 771 Senex
868 716 1096 787 quidam
1127 720 1251 771 erat
1278 717 1375 787 qui
1403 716 1727 788 frequenter
1743 716 2051 785 aegrotabat

454 806 707 873 (Rufﬁn.,
740 809 781 860 ι.
811 820 892 872 ιιι,
924 822 980 860 η.
1010 806 1127 874 158;
1152 807 1364 873 Pasch.,
1391 824 1435 861 c.
1468 805 1555 871 20,
1590 823 1649 861 η.
1682 804 1758 874 2).
1792 807 2042 875 Contigit

453 899 645 951 autem
655 910 786 950 eum
797 911 910 950 uno
923 911 1073 950 anno
1098 912 1212 950 non
1237 900 1538 966 aegrotare;
1570 896 1665 966 qui
1687 895 2044 965 afﬂigebatur

451 983 699 1057 graviter
718 990 776 1043 et
801 983 1077 1057 plorabat,
1105 984 1326 1040 dicens:
1359 984 1672 1056 Dereliquit
1698 1002 1789 1041 me
1803 986 1971 1050 Deus,
1993 988 2051 1038 et

454 1089 568 1133 non
591 1073 840 1130 visitavit
868 1089 978 1131 me.

518 1161 611 1223 42.
638 1162 791 1219 Dixit
804 1179 976 1219 senex
1002 1163 1136 1235 quia
1147 1162 1324 1218 frater
1335 1162 1639 1234 aliquando
1653 1162 2051 1219 stimulabatur

449 1269 487 1313 ι
510 1251 946 1327 cogitationibus
968 1252 1085 1307 suis
1117 1269 1218 1324 per
1243 1269 1421 1307 annos
1438 1269 1659 1320 novem,
1692 1253 1774 1307 ita
1801 1258 1866 1306 ut
1890 1258 2047 1311 metu

445 1340 568 1413 ipso
596 1341 923 1413 desperaret
936 1342 1007 1396 de
1026 1342 1208 1398 salute
1230 1344 1601 1411 sua(Rufﬁn.,
1630 1346 1668 1398 ι.
1695 1356 1781 1409 ιιι,
1800 1358 1860 1396 η.
1899 1339 2043 1411 194);

452 1434 511 1484 et
537 1430 881 1501 adjudicavit
907 1431 1274 1502 semetipsum
1293 1430 1517 1485 dicens:
1545 1430 1773 1485 Perdidi
1796 1430 2045 1485 animam

450 1535 671 1588 meam;
699 1524 757 1575 et
786 1520 911 1591 jam
950 1519 1083 1591 quia
1103 1519 1266 1591 perii,
1301 1520 1505 1574 vadam
1531 1520 1603 1574 ad
1623 1520 1909 1574 saeculum.
1941 1518 2048 1583 Qui

450 1624 582 1667 cum
591 1608 790 1677 abiret,
799 1609 950 1664 venit
963 1609 1015 1663 ei
1026 1609 1087 1664 in
1106 1609 1195 1663 via
1207 1626 1307 1663 vox
1323 1609 1900 1663 dicens:Tentationes
1911 1625 2049 1680 quas

2133 542 2273 595 nihil
2292 541 2398 594 sibi
2420 540 2673 595 conscius
2704 540 2838 610 quid
2867 540 3089 611 egisset,
3124 558 3237 596 non
3255 542 3574 600 inveniebat
3594 545 3731 618 quid

2133 631 2375 697 diceret;
2411 629 2632 684 dicebat
2659 636 2849 683 autem
2883 631 3034 684 seni:
3078 631 3308 700 Ignosce
3347 633 3507 698 mihi,
3539 634 3729 692 Pater.

2134 720 2276 774 nihil
2304 720 2427 786 feci,
2452 719 2559 773 nisi
2579 725 2802 773 tantum
2816 720 2920 774 hoc
2932 720 3078 791 quod
3092 722 3413 794 compulsus
3433 739 3558 778 sum
3574 729 3733 780 motu

2133 809 2537 880 cogitationum
2568 826 2843 876 mearum,
2876 816 2941 863 ut
2968 810 3316 865 discederem
3337 816 3395 866 et
3424 811 3732 868 dormirem

2132 900 2358 969 septies,
2384 898 2481 953 sed
2513 898 2648 969 quia
2675 915 2709 951 a
2729 904 2784 952 te
2812 898 3076 953 dimissus
3098 901 3403 955 secundum
3436 908 3733 957 consuetu-

2133 988 2319 1042 dinem
2341 1005 2455 1042 non
2481 988 2718 1051 fueram,
2754 1006 2865 1043 non
2889 989 3109 1042 recessi.
3141 990 3392 1043 Audiens
3417 996 3606 1045 autem
3628 992 3732 1047 hoc

2132 1094 2318 1142 senex,
2351 1078 2543 1130 statim
2572 1077 2845 1131 intellexit
2863 1078 2996 1149 quia
3026 1078 3244 1149 quoties
3275 1080 3485 1133 restitit
3515 1080 3732 1150 cogita-

2131 1166 2270 1220 tioni
2299 1183 2433 1228 suae,
2463 1167 2631 1220 toties
2674 1167 3048 1221 coronabatur
3077 1184 3111 1220 a
3140 1168 3273 1222 Deo.
3312 1168 3381 1223 Et
3409 1168 3570 1224 fratri
3608 1169 3731 1242 qui-

2127 1256 2257 1309 dem
2280 1256 2419 1310 nihil
2432 1256 2633 1310 horum
2655 1257 2812 1321 dixit,
2839 1273 3009 1310 causa
3037 1255 3297 1312 utilitatis
3310 1258 3453 1328 ejus,
3485 1258 3583 1313 sed
3605 1258 3730 1313 aliis

2128 1346 2377 1400 narravit
2389 1346 2505 1399 haec
2518 1345 2905 1417 spiritualibus
2927 1345 3280 1411 Patribus,ut
3297 1346 3575 1401 discamus
3596 1347 3730 1419 quia

2129 1438 2183 1488 et
2210 1451 2311 1506 pro
2340 1434 2524 1506 parvis
2552 1434 2983 1505 cogitationibus
3005 1435 3154 1489 Deus
3171 1434 3328 1489 nobis
3345 1452 3607 1491 coronam
3633 1437 3732 1492 tri-

2130 1524 2269 1578 buit.
2302 1524 2521 1578 Bonum
2550 1541 2682 1595 ergo
2711 1529 2814 1589 est,
2844 1529 2907 1578 ut
2932 1529 3265 1595 extorqueat
3290 1524 3395 1579 sibi
3417 1526 3535 1597 ipse
3562 1527 3731 1582 homo

2131 1612 2189 1667 in
2219 1614 2374 1667 omni
2402 1630 2463 1667 re
2504 1618 2733 1685 propter
2761 1614 2940 1668 Deum
2966 1632 2977 1680 ;
3012 1613 3243 1681 etenim,
3287 1614 3433 1668 sicut
3460 1615 3731 1686 scriptum

449 1698 510 1755 in
533 1714 737 1755 novem
778 1698 942 1757 annis
971 1698 1309 1766 sustinuisti,
1344 1715 1562 1754 coronae
1602 1705 1712 1754 tuae
1741 1704 1933 1765 erunt;
1964 1715 2083 1774 rex
2133 1708 2239 1768 est,
2270 1703 2524 1773 Regnum
2550 1703 2818 1757 ccelorum
2844 1702 2954 1756 vim
2981 1703 3211 1774 patitur,
3255 1710 3312 1757 et
3338 1703 3565 1759 violenti
3591 1705 3733 1759 diri-

448 1792 665 1843 vertere
690 1804 823 1858 ergo
852 1788 911 1842 in
938 1788 1126 1842 locum
1139 1764 1321 1854 tuum,
1347 1794 1405 1842 et
1419 1788 1720 1842 sublevabo
1751 1794 1808 1842 te
1837 1805 1873 1841 a
1900 1764 2111 1858 cogi-B
2131 1764 2294 1864 piunt
2312 1764 2453 1846 illud
2483 1794 2696 1855 (Matth.
2732 1792 2833 1861 x1).

448 1876 757 1935 tationibus
784 1876 968 1933 malis.
999 1877 1162 1932 Unde
1199 1877 1525 1948 agnoscitur
1561 1877 1694 1948 quia
1716 1894 1828 1931 non
1849 1883 1935 1931 est
1954 1876 2047 1931 bo-

448 1982 587 2023 num
611 1966 913 2038 desperare
938 1966 1008 2020 de
1041 1983 1102 2021 se
1130 1966 1376 2037 aliquem
1406 1983 1507 2038 pro
1534 1966 1621 2021 his
1652 1983 1773 2037 qua:
1802 1966 1861 2021 in
1890 1966 2045 2036 cogi-

448 2054 755 2113 tationibus
782 2055 1039 2113 veniunt.
1058 2056 1156 2111 Hae
1173 2056 1324 2110 enim
1349 2056 1718 2126 cogitationes
1747 2056 1927 2125 magis
1947 2072 2042 2110 co-

450 2161 649 2205 ranam
680 2145 842 2203 nobis
874 2145 1191 2217 provident,
1223 2145 1271 2199 si
1297 2144 1441 2200 bene
1472 2162 1567 2199 eas
1597 2145 1969 2215 exegerimus.

517 2234 608 2305 43.
642 2235 822 2293 Senex
837 2235 1070 2306 quidam
1086 2239 1211 2289 erat
1237 2234 1297 2288 in
1320 2234 1604 2288 Thebaida
1619 2235 1820 2289 sedens
1833 2234 1893 2287 in
1914 2250 2041 2304 spe-

444 2324 628 2391 Iunce,
656 2328 716 2380 et
742 2322 943 2379 habuit
984 2323 1286 2395 quemdam
1323 2323 1662 2394 discipulum
1690 2322 1990 2394 probatum
2024 2341 2038 2376 :

445 2413 792 2487 consuetudo
821 2416 1013 2468 autem
1045 2417 1168 2467 erat
1194 2417 1261 2467 ut
1287 2428 1455 2467 senex
1467 2428 1699 2483 vespere
1713 2412 1939 2466 doceret
1954 2412 2040 2465 di-

441 2502 740 2575 scipulum,
782 2507 844 2559 et
886 2507 1273 2557 commoneret
1315 2518 1446 2557 eum
1474 2518 1601 2572 quae
1647 2506 1811 2556 erant
1839 2501 2042 2555 animae

444 2592 759 2663 profutura;
775 2597 832 2645 et
846 2596 974 2663 post
984 2591 1449 2657 admonitionem,
1458 2590 1692 2645 faciebat
1703 2592 2014 2645 orationem
2023 2630 2037 2657 ,

443 2686 503 2739 et
536 2678 860 2737 dimittebat
897 2696 1029 2736 eum
1066 2680 1333 2735 dormire.
1371 2680 1623 2751 Contigit
1651 2685 1841 2734 autem
1866 2680 2039 2733 laicos

442 2769 719 2842 quosdam
746 2768 1038 2840 religiosos
1073 2769 1312 2824 scientes
1356 2768 1596 2823 multam
1639 2768 2040 2823 abstinentiam

444 2858 597 2918 senis
627 2857 820 2917 venire
839 2857 912 2913 ad
942 2874 1102 2925 eum;
1137 2862 1195 2912 et
1211 2874 1341 2913 cum
1367 2857 1685 2912 consolatus
1696 2873 1791 2911 eos
1817 2856 2036 2923 fuisset,

443 2950 841 3008 discesserunt.
874 2949 1010 3004 Post
1039 2964 1280 3020 quorum
1317 2948 1627 3002 discessum
1654 2947 1803 3001 sedit
1832 2946 2038 3001 iterum

445 3056 617 3103 senex
628 3055 859 3111 vespere
872 3044 1001 3110 post
1010 3038 1211 3094 missas
1231 3036 1542 3094 secundum
1554 3036 2013 3092 consuetudinem
2022 3077 2036 3106 ,

2199 1881 2288 1938 d4.
2315 1881 2626 1952 Egrotavit
2652 1881 2953 1953 aliquando
2969 1898 3135 1937 senex
3167 1882 3397 1953 quidam
3422 1882 3518 1954 qui
3541 1882 3734 1937 solita-

2127 1969 2244 2024 rius
2272 1969 2589 2035 habitabat;
2625 1975 2681 2023 et
2718 1970 2974 2040 quianon
3008 1968 3250 2023 habebat
3276 1970 3372 2041 qui
3401 1970 3452 2024 ei
3478 1971 3730 2036 serviret,

2134 2058 2424 2129 surgebat,
2456 2064 2514 2113 et
2559 2059 2929 2130 quodcunque
2960 2059 3265 2114 invenisset
3316 2060 3375 2113 in
3424 2060 3565 2114 cella
3606 2076 3731 2123 sua,

2138 2148 2543 2216 manducabat;
2563 2153 2631 2229 et
2638 2164 2765 2223 cum
2792 2148 3010 2219 aliquot
3032 2147 3229 2202 diebus
3257 2149 3338 2203 ita
3366 2150 3545 2216 ﬁeret,
3566 2164 3733 2203 nemo

2123 2238 2383 2293 veniebat
2410 2239 2481 2293 ad
2503 2237 2878 2292 visitationem
2901 2239 3042 2308 ejus.
3071 2238 3394 2293 Transactis
3416 2244 3607 2293 autem
3631 2238 3734 2293 tri-

2125 2329 2285 2396 ginta
2301 2327 2517 2394 diebus,
2547 2332 2604 2382 et
2622 2328 2776 2381 nullo
2800 2327 3058 2381 veniente
3088 2327 3160 2381 ad
3181 2343 3329 2393 eum,
3360 2328 3517 2382 misit
3535 2327 3730 2382 Domi-

2122 2434 2230 2471 nus
2257 2418 2521 2487 angelum
2549 2434 2733 2483 suum,
2764 2418 2859 2487 qui
2901 2417 3249 2471 ministraret
3274 2417 3354 2484 ei;
3399 2421 3456 2472 et
3482 2432 3612 2472 cum
3643 2417 3724 2471 sic

2124 2510 2285 2563 ﬁeret
2310 2526 2411 2580 per
2438 2514 2652 2580 septem
2667 2508 2805 2573 dies,
2822 2509 3101 2562 recordati
3116 2514 3249 2563 sunt
3278 2513 3467 2580 patres
3490 2513 3548 2563 et
3569 2508 3728 2564 dixe-

2122 2604 2256 2652 runt
2282 2598 2352 2652 ad
2380 2598 2650 2652 invicem:
2685 2599 2889 2652 Eamus
2909 2603 2965 2651 et
2994 2598 3284 2652 videamus
3312 2614 3383 2652 ne
3409 2598 3552 2652 forte
3571 2597 3730 2651 inﬁr-

2125 2692 2310 2741 metur
2328 2688 2422 2741 ille
2453 2704 2641 2742 senex.
2675 2688 2818 2742 Cum
2830 2703 2963 2757 ergo
2994 2687 3294 2753 venissent,
3325 2692 3383 2741 et
3404 2687 3728 2758 pulsassent

2121 2778 2377 2833 discessit
2406 2778 2640 2848 angelus
2665 2776 2735 2830 ab
2764 2792 2849 2830 eo.
2886 2776 3066 2830 Senex
3112 2782 3300 2831 autem
3334 2776 3404 2831 de
3444 2777 3591 2831 intro
3619 2777 3732 2832 cla-

2124 2868 2322 2922 mavit:
2373 2866 2653 2921 Discedite
2685 2865 2835 2931 hinc,
2869 2865 3093 2919 fratres.
3127 2865 3214 2920 llli
3252 2862 3440 2920 autem
3472 2866 3727 2922 levantes

2121 2972 2156 3010 a
2200 2956 2426 3010 cardine
2474 2955 2681 3010 ostium
2722 2955 3096 3021 intraverunt,
3144 2960 3202 3009 et
3230 2955 3729 3025 interrogaverunt

2122 3061 2272 3113 eum,
2306 3061 2481 3116 quare
2501 3044 2845 3099 clamaverit.
2880 3044 2950 3098 Et
2969 3044 3062 3097 ille
3090 3044 3237 3098 dixit
3272 3063 3284 3098 :
3316 3044 3459 3108 Quia
3487 3045 3724 3115 triginta

441 3100 752 3191 Meneni-3
966 3127 1202 3185 fratrem
1226 3132 1284 3182 et
1310 3126 1614 3183 instituens
1630 3143 1783 3182 eum:
1813 3126 1882 3181 Et
1909 3100 2041 3182 cum
2061 3100 2106 3160 δ
2122 3134 2243 3189 dies
2261 3100 2431 3189 habui
2459 3134 2722 3189 laborans
2741 3133 3090 3199 infirmitate,
3115 3138 3172 3187 et
3186 3100 3360 3188 nemo
3369 3149 3460 3188 me
3471 3100 3721 3190 visitavit

441 3218 789 3291 loqueretur,
816 3222 1083 3290 gravatus
1112 3223 1201 3273 est
1224 3233 1443 3285 somno;
1462 3216 1637 3272 frater
1664 3222 1855 3271 autem
1874 3215 2041 3271 susti-

439 3308 628 3377 nebat,
667 3308 846 3367 donec
888 3307 1230 3363 excitaretur
1259 3322 1447 3374 senex,
1477 3311 1538 3361 et
1563 3305 1773 3361 faceret
1800 3306 1852 3361 ei
1876 3307 2039 3377 juxta

435 3398 901 3463 consuetudinem
916 3397 1253 3452 orationem.
1277 3397 1419 3451 Cum
1432 3412 1585 3466 ergo,
1608 3412 1722 3450 non
1738 3395 2038 3466 evigilante

434 3502 589 3555 sane,
608 3487 709 3543 diu
734 3486 959 3543 sederet
991 3485 1316 3557 discipulus,
1345 3485 1669 3556 compulsus
1700 3490 1790 3539 est
1817 3484 2032 3554 cogita-

434 3576 657 3635 tionum
680 3592 917 3633 suarum
942 3575 1206 3632 molestia
1226 3574 1489 3630 recedere
1520 3579 1577 3628 et
1604 3574 1852 3628 dormire
1888 3592 1900 3642 ;
1935 3573 2032 3644 qui

436 3672 775 3739 extorqueas
801 3665 930 3732 sibi,
957 3665 1171 3721 restitit
1203 3663 1550 3735 cogitationi,
1580 3669 1639 3718 et
1665 3663 1896 3719 resedit.
1929 3663 2039 3718 Ite-

435 3773 566 3815 rum
584 3761 777 3813 autem
803 3754 1246 3828 compellebatur
1268 3770 1487 3822 somno,
1520 3759 1580 3809 et
1608 3770 1722 3809 non
1750 3752 1909 3808 abiit.
1943 3752 2034 3807 Si-

434 3846 647 3907 militer
689 3846 901 3902 fecuim
928 3849 1017 3901 est
1042 3861 1221 3916 usque
1249 3844 1478 3915 septies,
1512 3848 1571 3898 et
1600 3842 1814 3898 restitit
1841 3841 2033 3897 animo

434 3952 557 3997 suo.
589 3936 843 3995 Posthac
860 3936 984 4006 jam
1012 3934 1199 3990 media
1227 3939 1391 3989 nocte
1437 3938 1725 3988 transacta
1749 3931 2034 4002 evigilavit

435 4042 627 4093 senex.
652 4024 944 4085 etinvenit
962 4040 1095 4079 eum
1116 4022 1459 4078 assidentem
1489 4021 1615 4088 sibi,
1649 4027 1707 4077 et
1734 4021 1903 4075 dicit:
1932 4021 2032 4075 Us-

435 4131 547 4188 que
573 4114 741 4171 ωοὰο
768 4128 884 4169 non
910 4112 1213 4167 discessisti
1238 4112 1263 4165 ἱ)
1294 4112 1363 4166 Et
1389 4112 1484 4166 ille
1513 4110 1680 4166 dixit:
1717 4111 1863 4179 Non,
1897 4109 2031 4181 quia

433 4220 526 4263 me
550 4219 664 4261 non
705 4201 1025 4268 dimiseras,
1077 4206 1255 4267 59]
1308 4201 1495 4255 Pater.
1538 4201 1609 4254 Et
1633 4216 1807 4254 senex
1848 4198 2025 4253 dixit:

434 4294 625 4360 Quare
648 4312 741 4355 me
766 4309 883 4353 non
912 4293 1202 4351 excitasti?
1224 4294 1293 4348 Et
1318 4293 1414 4348 ille
1446 4292 1737 4363 respondit
1769 4311 1780 4346 :
1816 4292 1945 4347 Non
1973 4296 2030 4346 te

2123 3229 2181 3279 et
2206 3241 2332 3280 ecce
2356 3225 2477 3294 jam
2498 3224 2618 3279 dies
2639 3228 2855 3294 septem
2884 3228 3020 3277 sunt
3040 3239 3107 3277 ex
3133 3239 3244 3294 quo
3261 3223 3531 3279 Dominus
3555 3240 3722 3295 ange-

2121 3314 2241 3368 lum
2270 3314 2425 3368 misit
2445 3319 2510 3369 ut
2549 3313 2898 3367 ministraret
2923 3312 3078 3377 mihi,
3115 3311 3211 3383 qui
3241 3328 3369 3367 cum
3398 3313 3718 3381 venissetis,

2118 3403 2349 3457 recessit
2372 3420 2407 3456 a
2433 3420 2543 3457 me.
2576 3402 2646 3456 Et
2672 3402 2790 3456 haec
2820 3401 3011 3455 dicens
3029 3399 3298 3455 dormivit
3323 3400 3383 3455 in
3411 3417 3564 3472 pace.
3588 3402 3723 3456 Fra-

2116 3497 2232 3546 tres
2261 3498 2454 3546 autem
2501 3490 2690 3545 mirati
2725 3497 2877 3556 sunt,
2930 3496 2987 3544 et
3026 3489 3481 3560 glorificaverunt
3515 3490 3716 3557 Deum,

2116 3581 2387 3636 dicentes:
2423 3580 2568 3645 Quia
2595 3596 2707 3635 non
2750 3578 3093 3650 derelinquit
3124 3579 3398 3634 Dominus
3424 3586 3719 3651 sperantes

2118 3687 2177 3724 ιῐι
2206 3688 2287 3725 86.

2188 3759 2276 3814 45.
2306 3760 2459 3815 Dixit
2481 3759 2711 3833 quidam
2742 3775 2938 3815 senex:
2991 3758 3049 3812 Si
3090 3762 3147 3813 te
3174 3757 3528 3830 occupaverit
3554 3758 3717 3814 infir-

2114 3848 2288 3904 mitas
2325 3850 2593 3921 corporis,
2636 3850 2752 3904 noli
2784 3848 3159 3921 pusillaminis
3195 3848 3357 3914 fieri;
3400 3847 3533 3920 quia
3575 3849 3623 3903 si
3654 3854 3717 3904 te

2112 3939 2387 3994 Dominus
2433 3941 2582 3994 Deus
2608 3940 2730 3994 vult
2772 3954 3007 4010 corpore
3033 3937 3275 3993 debilem
3316 3937 3463 4005 ﬁeri,
3497 3937 3623 4009 quis
3652 3954 3715 3993 es

2112 4029 2208 4099 qui
2220 4030 2455 4084 moleste
2483 4029 2754 4101 suscipias
2780 4029 2804 4082 ?
2832 4030 3031 4083 Nonne
3056 4028 3177 4099 ipse
3204 4043 3305 4099 pro
3330 4033 3385 4081 te
3415 4026 3625 4098 cogitat
3642 4027 3715 4084 de

2111 4117 2414 4173 omnibus?
2440 4117 2697 4189 nunquid
2733 4116 2855 4172 sine
2900 4117 3022 4188 ipso
3042 4116 3224 4171 vivis?
3258 4116 3550 4171 Patienter
3576 4132 3713 4188 ergo

2110 4207 2211 4274 fer,
2245 4213 2302 4262 et
2324 4225 2461 4278 roga
2491 4224 2621 4261 eum
2642 4212 2708 4261 ut
2724 4206 2896 4261 donet
2907 4206 3007 4261 tibi
3028 4223 3151 4277 quae
3167 4206 3598 4278 cxpediunt,hoc
3626 4212 3717 4262 est

2110 4302 2177 4351 ut
2205 4296 2353 4368 quod
2381 4298 2640 4352 voluntas
2670 4296 2846 4368 ipsius
2868 4302 2953 4350 est
2981 4296 3171 4363 facias,
3203 4301 3260 4350 et
3287 4296 3420 4350 sede
3448 4312 3572 4353 cum
3608 4311 3713 4368 pa-

428 4384 762 4457 pmaumpsi
785 4383 1034 4455 pulsare,
1061 4399 1133 4439 ne
1152 4387 1209 4437 te
1232 4381 1690 4438 contribularem.
1709 4383 2016 4453 Surgentes
2039 4434 2088 4457 η
2110 4385 2313 4441 tientia
2335 4386 2681 4442 manducans
2711 4386 2859 4457 quod
2880 4384 3052 4440 habes
3079 4385 3138 4439 in
3166 4384 3458 4441 charitate.

432 4434 622 4535 autem
642 4434 936 4546 «reportant
953 4434 1135 4529 facere
1150 4472 1477 4539 matutinos,
1502 4478 1560 4527 et
1577 4477 1706 4544 post
1723 4434 2089 4527 matutino-1)
2183 4474 2274 4532 46.
2310 4475 2574 4530 Narravit
2602 4434 2828 4547 quidam
2860 4476 3114 4541 Patrum,
3147 4474 3337 4530 dicens
3363 4495 3375 4529 :
3406 4474 3549 4539 Quia
3583 4490 3712 4531 cum
3746 4486 3749 4489 ‘

431 4580 560 4627 mm
574 4562 994 4632 memmmisit
1002 4577 1171 4619 senex
1183 4560 1538 4633 discipulum;
1547 4562 1643 4633 qui
1662 4577 1791 4617 cum
1810 4561 2033 4616 sederet

429 4653 604 4720 solus.
632 4653 815 4715 iactus
848 4657 935 4711 est
960 4652 1022 4708 in
1049 4668 1278 4708 excessu
1307 4651 1528 4707 mentis:
1562 4657 1619 4706 et
1647 4668 1771 4706 ecce
1799 4651 2028 4722 quidam

428 4741 759 4805 ostendebat
776 4742 830 4798 ei
854 4742 1039 4796 locum
1066 4741 1395 4812 gloriosum,
1436 4747 1494 4795 et
1523 4741 1716 4796 sedem
1750 4741 1811 4796 in
1841 4757 1928 4806 eo,
1970 4746 2027 4794 et

429 4847 605 4903 super
644 4830 836 4887 sedem
873 4835 1093 4901 septem
1123 4846 1378 4886 coronas.
1412 4829 1806 4900 Interrogabat
1834 4834 2021 4885 autem

427 4919 591 4976 illum
610 4919 707 4991 qui
720 4919 839 4976 haec
852 4917 1183 4975 ostendebat
1193 4919 1265 4987 ei,
1288 4919 1479 4974 dicens
1496 4936 1509 4973 :
1534 4920 1711 4989 Cujus
1721 4919 1984 4974 sunthaec
1998 4918 2022 4972 ‘?

426 5008 498 5069 Et
522 5008 620 5064 ille
647 5008 820 5064 dixit:
846 5008 1114 5081 Discipuli
1124 5008 1292 5076 tui,et
1305 5009 1490 5064 locum
1511 5008 1739 5080 quidem
1756 5014 1813 5063 et
1831 5009 2023 5063 sedem

424 5114 530 5171 pro
574 5098 998 5157 conversatione
1032 5114 1139 5154 sua
1180 5098 1409 5153 donavit
1449 5098 1503 5152 ei
1532 5099 1716 5165 Deus;
1748 5098 1852 5152 has
1891 5113 2022 5151 vero

425 5193 645 5261 septem
675 5202 913 5244 coronas
930 5192 1096 5243 nocte
1125 5187 1236 5242 ista
1263 5187 1594 5258 promeruit.
1628 5187 1760 5241 Haec
1788 5186 2022 5242 audiens

422 5295 592 5336 senex
616 5277 857 5335 miratus
885 5282 1054 5345 est,et
1074 5276 1438 5332 tremefactus
1456 5275 1672 5330 vocavit
1685 5276 2022 5347 discipulum

423 5374 480 5424 et
492 5367 630 5424 dicit
648 5368 728 5425 ei:
753 5367 855 5425 Dic
885 5368 1026 5423 mihi
1048 5366 1183 5439 quid
1202 5366 1398 5421 feceris
1408 5371 1571 5420 nocte
1592 5365 1792 5420 hac.Et
1810 5364 1905 5419 ille
1927 5382 2020 5420 re-

421 5455 750 5529 spondebat:
766 5458 997 5528 Ignosce
1018 5455 1177 5522 mihi,
1201 5455 1389 5522 Pater,
1407 5455 1540 5526 quia
1550 5454 1691 5508 nihil
1710 5454 2021 5509 feci.Senex

421 5551 615 5603 autem
637 5546 923 5605 aestimans
943 5545 1079 5619 quia
1096 5544 1446 5601 humiliando
1459 5561 1519 5600 se
1531 5560 1643 5600 non
1658 5545 2023 5600 confiteretur

422 5634 564 5703 dixit
587 5635 666 5692 ei:
693 5635 892 5704 Crede,
914 5650 1030 5693 non
1067 5635 1315 5708 quiesco,
1342 5634 1453 5690 nisi
1476 5634 1682 5690 dixeris
1715 5634 1853 5690 mihi
1886 5634 2021 5706 quid

2113 4582 2292 4619 essem
2322 4565 2380 4620 in
2412 4566 2751 4637 Oxyrincho,
2784 4569 3062 4620 venerunt
3089 4563 3168 4618 ibi
3196 4580 3470 4636 pauperes
3497 4564 3556 4618 in
3585 4581 3710 4620 ves-

2112 4671 2244 4726 pere
2274 4654 2501 4710 Sabbati
2522 4659 2587 4710 ut
2600 4655 2916 4727 acciperent
2942 4670 3199 4725 agapem;
3222 4660 3280 4707 et
3306 4651 3710 4710 dormientibus

2111 4744 2209 4810 eis,
2244 4750 2367 4799 erat
2392 4744 2470 4798 ibi
2514 4744 2743 4816 quidam
2772 4744 2984 4798 habens
3022 4742 3417 4798 tantummodo
3444 4747 3704 4810 mattam,

2105 4835 2265 4905 cujus
2294 4833 2654 4889 medietatem
2678 4833 2784 4888 sibi
2808 4832 3287 4898 subtermittebat,
3319 4838 3377 4887 et
3405 4831 3707 4887 medietate

2105 4922 2549 4994 cooperiebatur,
2577 4928 2699 4978 erat
2725 4922 2873 4977 enim
2885 4922 2962 4977 ibi
2992 4922 3238 4977 validum
3256 4921 3451 4992 frigus.
3485 4921 3553 4976 Et
3579 4938 3709 4977 cum

2105 5012 2309 5067 exisset
2357 5013 2429 5067 ad
2468 5013 2709 5079 urinam,
2752 5012 2939 5067 audivi
2987 5028 3118 5068 eum
3164 5014 3612 5065 murmurantem
3650 5015 3710 5064 et

2103 5108 2423 5173 gementem
2453 5102 2522 5157 de
2550 5101 2776 5173 frigore,
2806 5107 2864 5156 et
2897 5100 3292 5156 consolabatur
3319 5099 3703 5171 semetipsum,

2105 5190 2321 5247 dicens:
2350 5191 2574 5247 Gratias
2591 5208 2697 5263 ago
2719 5191 2843 5259 tibi,
2875 5191 3142 5258 Domine;
3176 5189 3373 5262 quanti
3397 5194 3529 5243 sunt
3540 5188 3705 5244 modo

2104 5279 2306 5335 divites
2335 5281 2393 5335 in
2418 5281 2693 5349 custodia,
2727 5280 2823 5352 qui
2873 5281 3043 5334 etiam
3091 5280 3152 5334 in
3188 5280 3336 5334 ferro
3365 5278 3579 5344 sedent,
3604 5284 3707 5333 aut

2102 5370 2271 5440 pedes
2301 5370 2510 5425 habent
2536 5371 2597 5426 in
2624 5371 2777 5441 ligno
2802 5370 3146 5436 constrictos,
3168 5369 3264 5441 qui
3282 5384 3462 5439 neque
3481 5366 3706 5422 urinam

2102 5475 2264 5514 suam
2276 5459 2448 5514 libere
2477 5460 2710 5529 faciant;
2736 5476 2840 5532 ego
2859 5464 3051 5515 autem
3070 5459 3223 5513 velut
3241 5458 3550 5529 imperator
3575 5471 3706 5511 sum

2104 5548 2590 5621 extendenspedes
2620 5567 2796 5619 meos,
2825 5555 2884 5605 et
2912 5548 3010 5605 ubi
3030 5548 3155 5604 volo
3185 5545 3432 5602 ambulo.
3462 5544 3703 5601 Haacillo

2104 5637 2344 5707 dicente,
2372 5657 2474 5710 ego
2496 5640 2713 5695 stabam
2730 5640 2964 5695 audiens
2990 5638 3158 5693 verba
3189 5638 3310 5709 ejus
3334 5655 3347 5706 ;
3380 5634 3705 5706 ingrediens
