3934 6392
144 342 239 400 905

1422 343 1662 401 VERBA
1699 340 2090 402 SENIORUM.

3288 349 3396 410 906

144 470 337 529 autem,
364 462 588 517 narravi
633 479 700 518 ea
729 462 1018 531 fratribus,
1059 472 1116 520 et
1168 467 1462 524 audientes
1491 485 1558 524 ea
1585 467 2012 540 mul-AJoseph
2032 469 2091 524 in
2121 470 2240 525 loco
2273 471 2369 544 qui
2391 471 2597 530 dicitur
2631 474 2918 548 Panepho,
2959 478 3193 533 credens
3211 496 3272 535 se
3289 481 3395 536 ali-

143 560 249 609 tum
279 551 534 608 adiﬁcati
564 560 716 608 sunt.

204 641 284 698 47.
329 642 526 697 Frater
554 643 922 715 interrogavit
949 662 1140 700 senem
1163 649 1463 717 quemdam
1492 649 1712 704 dicens:

143 733 194 788 Si
216 733 364 786 fuero
391 731 450 786 in
470 732 660 802 aliquo
687 734 894 799 loco,ct
912 741 1045 789 nata
1057 735 1226 791 fuerit
1247 738 1388 792 mihi
1409 737 1714 805 tribulatio,

140 829 192 876 et
209 838 313 876 non
332 820 582 876 habuero
609 822 700 876 cui
728 839 818 876 me
847 824 1218 892 committam,
1243 831 1301 881 et
1338 827 1577 882 indicem
1602 845 1722 899 pas-

139 913 339 967 sionem
367 911 695 978 animimei;
721 912 856 983 quid
870 913 1222 969 facio?Dixit
1250 916 1299 970 ei
1330 933 1514 971 senex:
1544 917 1720 972 Crede

137 1001 192 1056 in
212 1001 320 1055 Deo
340 1000 471 1072 quia
495 1000 613 1072 ipse
630 1001 818 1056 mittet
858 1003 1121 1073 angelum
1138 1009 1196 1058 et
1212 1006 1454 1074 gratiam
1475 1011 1721 1074 suam,et

138 1090 249 1160 ipse
283 1089 382 1143 tibi
427 1096 514 1144 est
566 1090 890 1158 consolatio,
945 1092 993 1146 si
1023 1093 1081 1146 in
1116 1093 1390 1149 charitate
1437 1096 1719 1165 rogaveris

138 1195 278 1233 eum.
310 1179 379 1234 Et
405 1178 622 1233 addidit
641 1179 832 1234 dicens
863 1199 874 1234 :
901 1181 1102 1236 Audivi
1131 1183 1280 1237 enim
1311 1184 1511 1255 quiain
1528 1185 1719 1256 Scythi

137 1267 338 1338 aliquid
367 1268 480 1322 tale
501 1269 708 1323 factum
739 1276 842 1324 est.
875 1271 1009 1324 Erat
1049 1271 1198 1326 enim
1228 1273 1306 1327 ibi
1337 1274 1566 1344 quidam
1623 1274 1720 1345 qui

136 1356 443 1412 sustinebat
461 1357 800 1413 tentationes
859 1365 917 1414 et
970 1377 1083 1415 non
1107 1361 1319 1417 habens
1373 1364 1634 1418 fiduciam
1659 1364 1719 1418 in

137 1446 314 1516 aliquo
339 1445 427 1500 cui
447 1449 1070 1520 confiteretur,parabat
1083 1467 1117 1504 a
1130 1468 1255 1506 sero
1279 1452 1542 1506 melotem
1560 1469 1721 1507 suam

118 1540 196 1589 “ut
220 1535 530 1590 discederet
552 1553 565 1604 ;
598 1541 655 1591 et
665 1553 789 1591 ecce
801 1544 961 1592 nocte
982 1541 1244 1610 apparuit
1263 1541 1315 1594 ei
1341 1541 1526 1610 gratia
1544 1542 1646 1596 Dei
1661 1542 1721 1595 in

137 1624 307 1695 specie
325 1624 576 1694 virginis,
611 1630 668 1680 et
711 1627 945 1696 rogabat
985 1645 1134 1695 eum,
1166 1629 1390 1684 dicens:
1428 1632 1720 1702 Nusquam

136 1713 317 1783 vadas,
337 1715 437 1767 sed
467 1715 599 1768 sede
630 1715 721 1770 hic
745 1733 986 1782 mecum,
1011 1718 1151 1771 nihil
1175 1719 1323 1772 enim
1360 1720 1506 1773 male
1532 1721 1628 1774 ﬁet
1653 1735 1720 1775 ex

1803 575 1973 628 quam
1996 558 2284 615 duriorem
2313 563 2980 621 continentiaminvenire
2993 568 3142 638 apud
3167 572 3396 626 eum.Et

1802 647 2111 718 suscipiens
2157 666 2286 703 eum
2334 668 2502 706 senex
2531 669 2657 707 cum
2699 655 2924 723 gaudio,
2970 657 3118 726 quod
3150 657 3395 714 habebat

1800 735 1932 790 fecit
1951 737 2001 790 ei
2031 754 2132 808 pro
2151 739 2424 795 charitate
2449 743 2656 813 parari.
2697 743 2970 799 Dixerunt
3006 752 3198 800 autem
3229 748 3392 803 disci-

1801 825 1917 896 puli
1948 826 2165 896 Eulogii
2198 845 2209 880 :
2243 828 2369 883 Non
2403 829 2645 884 comedit
2665 831 2956 903 presbyter
2979 833 3086 887 nisi
3111 851 3314 906 panem
3339 842 3396 892 et

1802 915 1998 975 salem,
2029 915 2201 970 abbas
2229 923 2418 972 autem
2446 920 2651 990 Joseph
2667 921 2870 975 tacitus
2886 922 3397 990 manducabat.Qui

1803 1020 1930 1058 cum
1960 1003 2222 1060 fecissent
2243 1012 2357 1060 tres
2387 1007 2526 1074 dies,
2560 1025 2673 1063 non
2694 1009 2995 1065 audierunt
3015 1028 3110 1066 eos
3126 1018 3226 1067 aut
3252 1015 3397 1085 psal-

1801 1093 1980 1148 lentes
2008 1099 2109 1148 aut
2119 1101 2363 1161 orantes,
2390 1098 2675 1152 occultum
2689 1099 2838 1153 enim
2861 1105 2984 1154 erat
3005 1117 3145 1171 opus
3167 1102 3393 1158 illorum

1802 1188 1860 1236 et
1885 1182 2144 1237 exierunt
2161 1184 2303 1238 nihil
2347 1185 2622 1240 aedificati.
2673 1187 2789 1242 Deo
2822 1194 3012 1243 autem
3033 1190 3394 1261 dispensante

1801 1271 1949 1326 facta
1966 1279 2054 1327 est
2081 1273 2279 1343 caligo,
2307 1279 2366 1328 et
2393 1281 2648 1330 errantes
2677 1276 2746 1330 de
2790 1277 2879 1330 via
2907 1279 3114 1333 reversi
3162 1286 3296 1334 sunt
3323 1281 3395 1336 ad

1801 1377 1996 1415 senem
2028 1381 2040 1416 :
2075 1368 2132 1416 et
2174 1363 2505 1434 priusquam
2528 1364 2819 1434 pulsarent
2843 1366 3069 1434 ostium,
3094 1368 3398 1425 audierunt

1803 1451 2142 1522 psallentes;
2177 1457 2235 1506 et
2262 1469 2390 1506 cum
2419 1458 2835 1524 exspectassent
2861 1455 2958 1509 diu
3006 1460 3071 1510 ut
3115 1458 3395 1524 audirent,

1804 1545 1998 1610 postea
2019 1540 2463 1610 pulsaverunt,et
2480 1542 2727 1612 suscepit
2741 1559 2835 1596 eos
2850 1543 3057 1598 iterum
3076 1561 3244 1601 senex
3258 1563 3395 1617 gau-

1803 1629 1959 1682 dens.
1983 1629 2273 1698 Hi.autem
2297 1629 2538 1699 quicum
2563 1631 2796 1701 Eulogio
2817 1638 2996 1698 erant,
3016 1639 3248 1706 prOpter
3273 1653 3402 1691 cau-

1804 1734 1897 1771 ma
1908 1718 2586 1782 tuleruntsurisculam,et
2598 1720 2876 1775 dederunt
2890 1722 2940 1775 ei
2955 1721 3262 1778 utbiberet:
3279 1732 3401 1780 erat

136 1802 220 1856 his
250 1819 372 1873 quae
401 1803 627 1858 audisti.
662 1805 768 1868 Qui
804 1807 1037 1861 credens
1084 1807 1266 1862 verbis
1295 1810 1416 1879 ejus
1468 1809 1631 1876 sedit,
1664 1815 1722 1864 et
1741 1789 1786 1848 Β
1807 1812 1995 1861 autem
2019 1823 2164 1878 aqua
2196 1808 2468 1878 permista
2499 1808 2570 1862 de
2598 1809 2742 1862 mari
2763 1816 2820 1863 et
2839 1811 3158 1877 ﬂumine,et
3173 1829 3286 1868 non
3305 1831 3400 1886 po-

136 1893 320 1946 statim
349 1899 612 1948 sanatum
648 1900 734 1948 est
761 1912 856 1949 cor
885 1897 1025 1967 ejus.

569 2018 917 2075 LIBELLUS
945 2021 1293 2078 OCTAVUS.

223 2145 296 2200 De
323 2162 380 2198 eo
408 2146 553 2214 quod
582 2147 727 2200 nihil
751 2163 852 2215 per
876 2151 1236 2202 ostensione»:
1268 2151 1396 2217 ﬁeri
1421 2151 1624 2204 debeat.

204 2251 249 2307 l.
280 2253 511 2307 Audivit
534 2254 835 2323 aliquando
865 2254 1036 2308 abbas
1056 2256 1332 2310 Antonius
1370 2257 1440 2310 de
1480 2257 1723 2327 quodam

129 2341 328 2410 juvene
361 2343 638 2397 monacho
669 2344 801 2413 quia
829 2344 1058 2414 signum
1094 2345 1375 2416 quoddam
1401 2346 1725 2416 hujusmodi

135 2428 323 2485 fecerit
351 2435 548 2497 592
575 2432 635 2485 in
663 2432 771 2497 via,
800 2433 858 2486 id
879 2438 984 2498 est,
1016 2450 1145 2487 cum
1172 2434 1403 2488 vidisset
1453 2435 1725 2505 quosdam

135 2534 292 2573 senes
316 2520 426 2573 iter
453 2526 684 2590 agentes
715 2527 773 2574 et
795 2521 1115 2577 laborantes
1140 2522 1196 2576 in
1225 2523 1733 2590 ambulando,ona-

134 2608 246 2676 gris
268 2609 443 2678 jussit
461 2615 524 2664 ut
544 2610 800 2664 venirent
828 2616 884 2665 et
914 2616 1208 2681 portarent
1237 2629 1352 2677 eos,
1404 2613 1581 2667 donec
1610 2630 1734 2684 per-

135 2697 387 2752 venirent
414 2698 487 2752 ad
519 2715 579 2753 se
613 2718 626 2765 ;
658 2698 739 2752 illi
768 2705 959 2754 autem
983 2717 1153 2756 senes
1182 2701 1493 2756 indicantes
1519 2702 1622 2756 hoc
1640 2702 1733 2756 ab-

139 2783 248 2840 bati
275 2787 544 2854 Antonio,
595 2787 733 2842 dixit
762 2787 934 2843 abbas
962 2791 1239 2844 Antonius
1265 2809 1275 2843 :
1312 2791 1548 2846 Videtur
1595 2791 1731 2845 mihi

135 2877 444 2930 monachus
490 2876 596 2932 iste
641 2877 842 2932 similis
871 2895 993 2932 esse
1019 2878 1147 2933 navi
1182 2885 1427 2934 oneratae
1473 2879 1732 2934 omnibus

137 2963 311 3033 bonis,
342 2965 416 3020 de
450 2982 561 3037 qua
587 2965 864 3021 incertum
901 2973 987 3022 est
1016 2973 1206 3022 utrum
1237 2969 1527 3039 pervenire
1558 2970 1735 3040 possit

132 3052 192 3107 in
218 3060 475 3125 portum.
508 3055 576 3110 Et
607 3061 736 3127 post
761 3057 1112 3128 aliquantum
1124 3056 1609 3128 temporis,subito
1630 3075 1736 3112 cae-

1803 1897 1913 1950 tuit
1939 1895 2148 1952 bibere.
2174 1897 2281 1960 Qui
2297 1898 2552 1952 cumhinc
2569 1898 2629 1952 in
2653 1898 2842 1952 animo
2861 1915 2962 1953 suo
2978 1901 3269 1970 cogitaret,
3295 1919 3401 1958 c03-

1805 1986 1890 2056 pit
1932 2002 2131 2055 rogare
2159 2003 2370 2053 senem,
2404 1993 2468 2042 ut
2499 1988 2736 2042 disceret
2761 1989 2884 2058 ejus
2928 1989 3270 2057 institutum,
3321 1993 3403 2047 di-

1809 2092 1966 2129 cens:
2002 2075 2148 2138 Quid
2168 2077 2390 2143 esthoc,
2412 2076 2712 2148 abba,quia
2726 2078 2906 2148 primo
2921 2094 3032 2132 non
3049 2080 3396 2150 psallebatis,

1809 2163 1905 2217 sed
1928 2179 2076 2217 nunc
2095 2163 2310 2234 coepisti
2327 2169 2691 2234 posteaquam
2712 2180 2814 2218 nos
2849 2181 3044 2220 sumus
3075 2169 3306 2237 egressi,
3345 2178 3402 2225 et

1811 2252 1942 2321 quia
1963 2269 2088 2305 cum
2115 2269 2320 2322 aquam
2338 2252 2524 2306 bibere
2541 2253 2906 2319 volui,inveni
2925 2269 3048 2308 eam
3059 2256 3265 2310 salsam
3281 2257 3402 2313 ?Di-

1807 2341 1882 2395 cit
1913 2341 2178 2396 eisenex:
2223 2342 2422 2396 Frater
2465 2342 2667 2412 aliquis
2696 2348 2883 2397 motus
2905 2351 3007 2410 est,
3049 2351 3107 2400 et
3135 2361 3236 2416 per
3256 2363 3406 2402 erro—

1807 2447 1926 2484 rem
1946 2430 2173 2484 miscuit
2203 2447 2409 2501 aquam
2439 2431 2738 2486 marinam.
2786 2432 3051 2502 Eulogius
3079 2450 3210 2490 vero
3240 2452 3402 2507 roga-

1814 2518 1911 2573 bat
1923 2536 2133 2587 senem,
2151 2521 2340 2574 volens
2352 2536 2611 2590 agnosce!
2622 2535 2652 2574 e
2666 2520 2958 2575 veritatem
2968 2567 2980 2579 .
3015 2523 3083 2576 Et
3099 2522 3242 2580 dixit
3254 2524 3307 2578 ei
3320 2542 3406 2580 se-

1814 2625 1950 2662 nex:
1988 2609 2198 2663 Parvus
2220 2609 2312 2662 ille
2344 2609 2491 2664 calix
2527 2609 2599 2663 ad
2629 2608 2818 2664 vinum
2856 2618 2942 2664 est
2981 2612 3131 2682 quod
3162 2612 3408 2668 Charitas

1814 2697 2086 2768 providet,
2120 2698 2210 2752 hic
2227 2704 2417 2753 autem
2433 2699 2500 2752 ad
2529 2714 2738 2769 aquam
2753 2715 2924 2769 quam
2964 2699 3188 2756 assidue
3206 2702 3410 2758 fratres

1816 2786 2031 2842 bibunt.
2042 2788 2110 2842 Et
2126 2787 2213 2842 his
2234 2787 2417 2843 verbis
2432 2788 2620 2842 docuit
2638 2805 2767 2843 eum
2781 2787 2988 2843 habere
3017 2789 3410 2848 discretionem

1815 2876 2241 2946 cogitationum,
2275 2882 2333 2931 et
2373 2876 2611 2931 abscidit
2637 2877 2708 2931 ab
2741 2894 2806 2932 eo
2855 2878 3046 2933 omnia
3085 2879 3412 2936 humanitus

1816 2966 2101 3020 moventia
2128 2971 2378 3020 mentem
2411 2968 2571 3037 ejus;
2630 2972 2688 3021 ct
2715 2966 2895 3022 factus
2949 2973 3036 3022 est
3075 2969 3410 3036 communis,

1817 3054 2164 3109 manducans
2191 3055 2261 3109 de
2288 3061 2489 3110 caetero
2512 3055 2702 3110 omnia
2730 3073 2855 3126 quae
2879 3057 3138 3128 apposita
3158 3064 3292 3114 sunt
3337 3060 3410 3118 ei.

136 3141 216 3212 pit
242 3142 421 3199 abbas
449 3145 729 3200 Antonius
756 3147 910 3213 ﬂere,
957 3151 1014 3200 et
1031 3147 1257 3200 trahere
1284 3145 1390 3200 sibi
1411 3146 1659 3217 capillos,
1680 3146 1796 3206 etC
1819 3143 1968 3198 Dicit
2019 3144 2191 3197 etiam
2243 3143 2364 3214 ipse
2389 3144 2450 3198 in
2471 3150 2686 3199 secreto
2705 3145 2947 3215 operari,
2979 3151 3038 3200 et
3065 3146 3206 3201 dixit
3235 3147 3356 3203 seni
3394 3165 3408 3204 :

132 3228 342 3301 lugere.
378 3232 543 3297 Quod
575 3249 704 3287 cum
733 3234 1005 3288 vidissent
1033 3234 1288 3305 discipuli
1303 3235 1726 3304 ejus,dicuntei:

134 3318 275 3384 Quid
287 3321 675 3392 ploras,abba?
697 3323 766 3377 Et
785 3323 1074 3394 respondit
1096 3340 1281 3378 senex:
1313 3325 1516 3394 Magna
1526 3325 1736 3379 colum-

135 3424 206 3463 na
239 3411 496 3466 ecclesiaa
526 3411 726 3466 cecidit
754 3412 1183 3467 modo.Dicebat
1209 3413 1515 3468 autemhoc
1531 3413 1600 3467 de
1621 3430 1738 3467 mo-

137 3500 314 3554 nacho
333 3501 437 3554 illo
461 3501 685 3570 juvene,
721 3506 779 3555 et
813 3501 1051 3572 adjecit:
1084 3501 1383 3557 Ambulate
1402 3502 1472 3556 ad
1497 3519 1646 3569 eum,
1681 3507 1739 3556 et

132 3587 312 3644 videte
343 3590 498 3662 quod
528 3591 738 3644 factum
766 3596 869 3648 est.
917 3591 1292 3646 Perrexerunt
1332 3591 1510 3661 igitur
1567 3591 1734 3646 disci-

131 3678 247 3746 puli
285 3680 434 3749 ejus,
478 3684 536 3734 et
579 3679 915 3734 invenerunt
963 3682 1300 3735 monachum
1351 3681 1510 3736 illum
1567 3697 1736 3752 super

131 3772 372 3823 mattam
401 3768 713 3836 sedentem,
747 3775 805 3824 et
833 3771 1060 3824 flentem
1079 3777 1369 3842 peccatum
1399 3771 1548 3840 quod
1590 3770 1734 3824 fece-

131 3862 236 3910 rat.
266 3858 486 3912 Videns
514 3863 706 3912 autem
751 3858 1052 3930 discipulos
1074 3859 1244 3926 senis,
1268 3861 1349 3914 ait
1377 3859 1458 3914 eis
1483 3877 1494 3912 :
1555 3859 1734 3913 Dicite

131 3946 250 4000 seni
279 3952 347 4001 ut
385 3947 644 4002 obsecret
663 3949 842 4002 Deum
871 3948 1064 4003 decem
1093 3953 1317 4004 tantum
1365 3948 1586 4004 dierum
1609 3948 1734 4003 dari

129 4034 268 4090 mihi
297 4036 580 4104 inducias,
616 4042 672 4091 et
699 4054 863 4109 spero
918 4054 1011 4093 me
1039 4037 1462 4094 satisfacturum
1514 4037 1587 4093 ei.
1629 4038 1736 4102 Qui

129 4122 280 4180 intra
293 4126 552 4198 quinque
575 4125 692 4180 dies
723 4131 980 4183 mortuus
1008 4132 1113 4187 est.

198 4213 258 4272 2.
303 4216 599 4270 Laudatus
629 4221 716 4270 est
735 4216 964 4287 quidam
983 4216 1159 4272 frater
1189 4234 1223 4271 a
1263 4216 1552 4272 monachis
1587 4217 1737 4289 apud

129 4302 398 4359 abbatem
428 4305 738 4360 Antonium
757 4323 768 4360 :
788 4305 884 4360 ille
904 4311 1095 4361 autem
1115 4323 1242 4362 cum
1265 4307 1505 4361 venisset
1525 4308 1596 4361 ad
1611 4323 1741 4361 eum

125 4395 372 4449 tentavit
401 4395 454 4448 si
484 4399 736 4465 portaret
761 4395 1028 4465 injuriam
1064 4414 1078 4462 ;
1139 4401 1195 4450 et
1223 4412 1351 4450 cum
1394 4397 1744 4467 cognovisset

1816 3233 1925 3286 Pro
1954 3238 2106 3287 certo
2126 3232 2190 3286 in
2210 3232 2485 3287 charitate
2513 3237 2600 3287 est
2627 3249 2768 3304 opus
2795 3240 3066 3290 vestrum.

1891 3322 1941 3375 5.
1973 3321 2126 3376 Dixit
2149 3320 2323 3376 abbas
2355 3322 2542 3376 Zenon
2572 3321 2880 3393 discipulus
2908 3323 3130 3378 abbatis
3161 3324 3408 3380 Silvani:

1819 3410 2122 3481 Nunquam
2153 3427 2381 3464 maneas
2401 3410 2460 3464 in
2489 3411 2608 3466 loco
2647 3412 2956 3479 nominato,
2990 3429 3171 3484 neque
3216 3415 3412 3470 sedeas

1824 3517 1950 3554 cum
1981 3499 2210 3554 homine
2252 3499 2492 3555 habente
2515 3517 2784 3570 magnum
2799 3516 3026 3572 nomen,
3066 3519 3249 3574 neque
3276 3504 3414 3558 mit-

1814 3594 1901 3644 tas
1930 3589 2378 3656 fundamentum,
2412 3594 2476 3644 ut
2497 3590 2738 3645 aedifices
2756 3590 2859 3645 tibi
2869 3592 3065 3646 cellam
3086 3592 3410 3664 aliquando.

1886 3677 1938 3732 6.
1970 3678 2138 3732 Venit
2184 3678 2486 3750 aliquando
2527 3679 2703 3733 frater
2749 3680 2978 3750 quidam
3040 3681 3112 3735 ad
3151 3681 3413 3738 abbatem

1819 3767 2176 3822 Theodorum
2203 3768 2272 3822 de
2326 3769 2584 3835 Pherme,
2626 3774 2684 3822 et
2747 3769 2880 3823 fecit
2906 3775 3021 3824 tres
3059 3770 3179 3824 dies
3207 3788 3414 3842 rogans

1822 3862 2036 3911 eumut
2072 3857 2294 3911 audiret
2321 3857 2393 3912 ab
2437 3874 2502 3911 eo
2532 3873 2870 3913 sermonem.
2921 3859 3021 3912 Ille
3067 3864 3257 3914 autem
3300 3877 3415 3915 non

1820 3946 2109 4017 respondit
2135 3946 2206 4012 ei,
2242 3952 2299 4000 et
2326 3962 2585 4016 egressus
2638 3951 2725 4001 est
2751 3947 2948 4002 tristis.
2982 3947 3126 4003 Dicit
3188 3962 3322 4018 ergo
3361 3950 3413 4004 ei

1821 4035 2127 4107 discipulus
2151 4052 2310 4090 suus:
2345 4035 2522 4102 Abba,
2557 4053 2730 4107 quare
2753 4037 2805 4090 ei
2847 4053 2959 4092 non
2997 4053 3056 4092 es
3087 4037 3324 4102 locutus,
3358 4046 3417 4094 et

1823 4141 1947 4180 ecce
1977 4141 2234 4196 egressus
2263 4131 2350 4179 est
2379 4125 2598 4179 tristis?
2648 4126 2716 4180 Et
2751 4125 2898 4181 dixit
2950 4143 3117 4181 senex
3161 4146 3172 4181 :
3237 4126 3416 4182 Crede

1823 4215 1982 4282 mihi,
2012 4214 2144 4285 quia
2171 4231 2283 4269 non
2304 4214 2559 4269 dicebam
2587 4214 2638 4270 ei
2655 4231 2990 4288 sermonem,
3024 4217 3292 4288 quoniam
3322 4234 3419 4273 ne-

1821 4304 2066 4375 gotiator
2094 4309 2198 4371 est,
2227 4303 2424 4358 alienis
2453 4302 2635 4358 verbis
2662 4305 2781 4359 vult
2807 4305 3058 4374 gloriari.

1897 4394 1948 4448 7.
1972 4393 2130 4447 Alter
2146 4393 2322 4448 frater
2349 4393 2718 4464 interrogavit
2740 4394 2924 4465 ipsum
2961 4394 3417 4450 abbatemTheo-

127 4484 258 4553 quia
287 4501 410 4539 non
439 4490 630 4555 posset
663 4475 828 4551 ferre,
875 4484 1016 4539 dixit
1045 4485 1131 4539 ei:
1177 4485 1387 4540 Similis
1437 4503 1497 4540 es
1553 4476 2266 4551 domuiDdorum,dicen_s:
2297 4483 2394 4536 Vis
2422 4482 2724 4553 aliquantis
2743 4482 2941 4538 diebus
2987 4499 3102 4538 non
3139 4484 3416 4538 manduco

101 4589 251 4643 quae
284 4591 321 4628 a
345 4573 494 4628 facie
527 4574 754 4644 quidem
796 4580 996 4630 ornata
1021 4580 1123 4643 est,
1156 4575 1226 4630 de
1266 4581 1416 4630 retro
1437 4592 1566 4630 vero
1596 4591 1630 4629 a
1658 4576 1736 4629 la-

129 4662 396 4718 tronibus
412 4662 746 4734 despoliata.

193 4750 250 4805 3.
282 4750 567 4807 Dicebant
604 4751 672 4808 de
709 4752 911 4808 abbate
951 4753 1193 4808 Arsenio
1224 4758 1280 4808 et
1317 4752 1517 4808 abbate
1560 4753 1737 4807 Theo-

106 4839 264 4895 'doro
297 4841 372 4895 de
400 4840 664 4909 Pherme,
695 4843 832 4912 quia
855 4859 1026 4914 super
1054 4843 1244 4897 omnia
1269 4843 1576 4896 humanam
1621 4842 1739 4912 glo-

124 4929 271 4984 riam
304 4930 446 4986 odio
477 4929 775 4986 haberent:
803 4931 976 4987 abbas
1009 4932 1158 4987 enim
1188 4931 1458 4987 Arsenius
1492 4947 1604 4986 non
1628 4929 1738 4985 cito

125 5019 472 5074 occurrebat
489 5019 656 5075 alicui
678 5043 692 5087 -,
715 5020 888 5076 abbas
911 5037 1040 5075 vero
1061 5021 1386 5076 Theodorus
1413 5019 1742 5075 occurrebat

125 5108 391 5179 quidem,
428 5108 524 5162 sed
559 5115 621 5164 ut
645 5109 868 5180 gladius
888 5115 1012 5165 erat
1031 5110 1104 5164 ei.

105 5233 110 5238 -
193 5198 249 5253 4.
269 5196 553 5267 Eulogius
570 5199 800 5269 quidam
817 5198 1378 5271 nomine,discipulus
1390 5199 1498 5254 fuit
1511 5197 1742 5254 Joannis

133 5286 578 5358 archiepiscopi:
599 5287 695 5359 qui
711 5289 978 5358 Eulogius
1000 5288 1294 5360 presbyter
1314 5294 1456 5356 erat,
1489 5293 1547 5343 et
1568 5286 1744 5342 absti-

122 5391 268 5431 nens
279 5383 466 5448 atque
475 5377 554 5446 jej
562 5393 742 5432 unans
763 5376 857 5431 bid
864 5394 1038 5432 uanas
1050 5378 1284 5432 levando
1309 5377 1416 5446 (32)
1425 5418 1438 5444 ,
1447 5377 1744 5447 aliquando

102 5465 299 5522 etiam
351 5471 418 5521 et
462 5481 638 5536 usque
665 5466 1075 5522 hebdomadam
1127 5465 1391 5522 trahebat
1439 5465 1741 5538 jejunium,

103 5571 335 5625 -panem
394 5559 625 5611 tantum
668 5561 726 5610 et
784 5556 961 5612 salem
1001 5557 1301 5612 comedens
1335 5575 1348 5624 ;
1408 5560 1467 5610 et
1510 5572 1612 5627 per
1639 5556 1746 5610 hoc

121 5643 484 5705 laudabatur
511 5643 581 5702 ab
628 5645 970 5704 hominibus.
1021 5646 1132 5716 Qui
1169 5644 1322 5708 venit
1369 5644 1442 5706 ad
1487 5643 1748 5705 abbatem

385 5745 662 5837 ξλτιλοξς.
707 5744 983 5813 LXXIII.

1817 4572 2047 4642 panem?
2082 4572 2150 4625 Et
2177 4571 2317 4625 dixit
2344 4587 2548 4625 senex:
2585 4572 2735 4626 Bene
2757 4571 2910 4636 facis,
2939 4587 3069 4626 nam
3100 4577 3158 4624 et
3189 4588 3292 4643 ego
3313 4572 3416 4626 feci

1821 4661 1919 4714 sic.
1953 4661 2021 4714 Et
2048 4659 2186 4714 dixit
2205 4660 2256 4714 ei
2303 4659 2479 4714 frater
2512 4659 2678 4724 ;Volo
2702 4664 2928 4730 portare
2957 4660 3240 4715 modicum
3271 4660 3419 4717 cicer

1819 4751 1891 4804 ad
1929 4749 2251 4820 pistrinum,
2303 4754 2360 4803 et
2387 4748 2569 4803 facere
2616 4747 2746 4802 inde
2777 4747 3053 4802 farinaml
3099 4750 3168 4804 Et
3203 4749 3345 4805 dixit
3365 4749 3418 4805 ei

1820 4838 1991 4894 abbas
2026 4837 2352 4894 Theodorus
2385 4856 2396 4892 :
2432 4838 2558 4892 Jam
2587 4837 2635 4892 si
2663 4836 2734 4891 ad
2765 4836 3068 4909 pistrinum
3104 4837 3280 4905 vadis,
3329 4838 3419 4895 fac

1821 4929 1924 4983 tibi
1958 4945 2163 5000 panem
2187 4946 2200 4995 ;
2233 4933 2286 4982 et
2314 4927 2449 4999 quid
2469 4943 2609 4998 Opus
2639 4931 2724 4982 est
2745 4927 2855 4981 ista
2883 4927 3124 4997 adjectio
3154 4929 3166 4982 !

1892 5015 1947 5074 8.
1970 5017 2129 5072 Alius
2155 5017 2331 5071 frater
2358 5016 2725 5086 interrogavit
2745 5017 3008 5071 eumdem
3035 5034 3226 5072 senem
3243 5017 3417 5073 abba-

1822 5113 1938 5162 tem
1959 5106 2332 5172 Theodorum,
2375 5110 2434 5160 et
2459 5106 2628 5176 coepit
2648 5106 2800 5178 loqui
2826 5111 2884 5160 et
2909 5107 3200 5177 exquirere
3238 5106 3307 5160 de
3335 5122 3420 5160 re-

1824 5196 1930 5251 bus
1951 5213 2089 5268 quas
2105 5196 2342 5250 necdum
2371 5195 2556 5249 fuerat
2583 5201 2866 5266 operatus.
2910 5193 2980 5248 Et
3006 5194 3146 5249 dixit
3163 5194 3213 5249 ei
3227 5210 3413 5248 senex:

1825 5286 2022 5340 Adhuc
2047 5302 2148 5340 nec
2188 5285 2292 5340 tibi
2336 5301 2535 5339 navem
2578 5284 2857 5351 invenisti,
2889 5299 2991 5337 nec
3041 5300 3175 5337 vasa
3229 5289 3330 5338 tua
3360 5283 3420 5338 in

1829 5391 1954 5429 eam
1995 5374 2250 5447 posuisti,
2282 5391 2384 5429 nec
2412 5356 2672 5445 navigare
2718 5372 2952 5444 cmpisti,
2994 5377 3052 5426 et
3073 5373 3192 5443 jam
3239 5371 3299 5428 in
3323 5371 3421 5432 illa

1829 5463 2175 5530 civitate,ubi
2204 5463 2538 5536 disponebas
2568 5461 2907 5535 pervenisti?
2937 5462 3081 5517 Cum
3119 5476 3253 5531 ergo
3263 5461 3421 5533 prius

1827 5557 2091 5625 operatus
2139 5553 2312 5611 fueris
2349 5570 2470 5612 rem
2499 5553 2570 5610 de
2599 5568 2707 5628 qua
2743 5549 3009 5628 loqueris,
3041 5554 3177 5612 tunc
3201 5565 3269 5609 ex
3297 5550 3422 5627 ipsa

1829 5659 1891 5704 re
1909 5642 2160 5718 loquere.
2245 5713 2251 5717 ε
2680 5695 2686 5699 .
2933 5695 2938 5698 .
3364 5671 3388 5686 '-

3104 5740 3182 5812 39
