  <div class='ocr_page' id='page_1' title='image "/cluster/home/n/w/nwhite01/storage/ocr_20150623/73/umn.31951002477366m/459.png"; bbox 0 0 3934 6394; ppageno 0'>
   <div class='ocr_carea' id='block_1_1' title="bbox 583 329 689 388">
    <p class='ocr_par' dir='ltr' id='par_1_1' title="bbox 583 329 689 388">
     <span class='ocr_line' id='line_1_1' title="bbox 583 329 689 388; baseline 0 -1"><span class='ocrx_word' id='word_1_1' title='bbox 583 329 689 388; x_wconf 79' lang='grc'><strong>907</strong></span> 
     </span>
    </p>
   </div>
   <div class='ocr_carea' id='block_1_2' title="bbox 1736 334 2739 394">
    <p class='ocr_par' dir='ltr' id='par_1_2' title="bbox 1736 334 2739 394">
     <span class='ocr_line' id='line_1_2' title="bbox 1736 334 2739 394; baseline 0 -6"><span class='ocrx_word' id='word_1_2' title='bbox 1736 334 1827 390; x_wconf 86' lang='lat' dir='ltr'><strong>DE</strong></span> <span class='ocrx_word' id='word_1_3' title='bbox 1864 335 2053 393; x_wconf 81' lang='lat' dir='ltr'><strong>VITIS</strong></span> <span class='ocrx_word' id='word_1_4' title='bbox 2090 337 2385 394; x_wconf 86' lang='lat' dir='ltr'><strong>PATRUM</strong></span> <span class='ocrx_word' id='word_1_5' title='bbox 2422 336 2638 393; x_wconf 88' lang='lat' dir='ltr'><strong>LIBER</strong></span> <span class='ocrx_word' id='word_1_6' title='bbox 2674 335 2739 389; x_wconf 72' lang='grc' dir='ltr'><strong>γ.</strong></span> 
     </span>
    </p>
   </div>
   <div class='ocr_carea' id='block_1_3' title="bbox 3762 324 3850 383">
    <p class='ocr_par' dir='ltr' id='par_1_3' title="bbox 3762 324 3850 383">
     <span class='ocr_line' id='line_1_3' title="bbox 3762 324 3850 383; baseline 0 0"><span class='ocrx_word' id='word_1_7' title='bbox 3762 324 3850 383; x_wconf 77' lang='lat'><strong>908</strong></span> 
     </span>
    </p>
   </div>
   <div class='ocr_carea' id='block_1_4' title="bbox 654 452 3850 531">
    <p class='ocr_par' dir='ltr' id='par_1_4' title="bbox 654 452 3850 531">
     <span class='ocr_line' id='line_1_4' title="bbox 654 452 3850 531; baseline -0.002 -19"><span class='ocrx_word' id='word_1_8' title='bbox 654 456 707 512; x_wconf 88' lang='lat'><strong>9.</strong></span> <span class='ocrx_word' id='word_1_9' title='bbox 730 456 887 512; x_wconf 87' lang='lat' dir='ltr'><strong>Tunc</strong></span> <span class='ocrx_word' id='word_1_10' title='bbox 911 453 1055 512; x_wconf 80' lang='lat' dir='ltr'><strong>dixit</strong></span> <span class='ocrx_word' id='word_1_11' title='bbox 1097 453 1271 511; x_wconf 80' lang='lat' dir='ltr'><strong>abbas</strong></span> <span class='ocrx_word' id='word_1_12' title='bbox 1318 455 1619 513; x_wconf 80' lang='lat' dir='ltr'><strong>Cassianus</strong></span> <span class='ocrx_word' id='word_1_13' title='bbox 1661 458 1796 531; x_wconf 90' lang='lat' dir='ltr'><strong>quia</strong></span> <span class='ocrx_word' id='word_1_14' title='bbox 1822 461 1977 515; x_wconf 92' lang='lat' dir='ltr'><strong>venit</strong></span> <span class='ocrx_word' id='word_1_15' title='bbox 1999 460 2175 517; x_wconf 81' lang='lat' dir='ltr'><strong>frater</strong></span> <span class='ocrx_word' id='word_1_16' title='bbox 2187 464 2233 525; x_wconf 78' lang='grc' dir='ltr'>Α</span> <span class='ocrx_word' id='word_1_17' title='bbox 2254 466 2373 517; x_wconf 88' lang='lat' dir='ltr'><strong>tam</strong></span> <span class='ocrx_word' id='word_1_18' title='bbox 2396 477 2546 516; x_wconf 90' lang='lat' dir='ltr'><strong>eum.</strong></span> <span class='ocrx_word' id='word_1_19' title='bbox 2585 458 2661 513; x_wconf 88' lang='lat' dir='ltr'><strong>Et</strong></span> <span class='ocrx_word' id='word_1_20' title='bbox 2682 457 2835 512; x_wconf 83' lang='lat' dir='ltr'><strong>venit</strong></span> <span class='ocrx_word' id='word_1_21' title='bbox 2862 459 3045 511; x_wconf 83' lang='lat' dir='ltr'><strong>mater</strong></span> <span class='ocrx_word' id='word_1_22' title='bbox 3064 454 3222 527; x_wconf 88' lang='lat' dir='ltr'><strong>pueri</strong></span> <span class='ocrx_word' id='word_1_23' title='bbox 3248 453 3319 509; x_wconf 89' lang='lat' dir='ltr'><strong>ad</strong></span> <span class='ocrx_word' id='word_1_24' title='bbox 3331 454 3568 509; x_wconf 77' lang='lat' dir='ltr'><strong>fratrem</strong></span> <span class='ocrx_word' id='word_1_25' title='bbox 3582 452 3850 508; x_wconf 82' lang='lat' dir='ltr'><strong>suumab-</strong></span> 
     </span>
    </p>
   </div>
   <div class='ocr_carea' id='block_1_5' title="bbox 582 543 2175 618">
    <p class='ocr_par' dir='ltr' id='par_1_5' title="bbox 582 543 2175 618">
     <span class='ocr_line' id='line_1_5' title="bbox 582 543 2175 618; baseline 0.004 -17"><span class='ocrx_word' id='word_1_26' title='bbox 582 545 811 618; x_wconf 88' lang='lat' dir='ltr'><strong>quidam</strong></span> <span class='ocrx_word' id='word_1_27' title='bbox 838 544 912 601; x_wconf 88' lang='lat' dir='ltr'><strong>ad</strong></span> <span class='ocrx_word' id='word_1_28' title='bbox 932 543 1197 601; x_wconf 79' lang='lat' dir='ltr'><strong>abbatem</strong></span> <span class='ocrx_word' id='word_1_29' title='bbox 1213 545 1599 618; x_wconf 83' lang='lat' dir='ltr'><strong>Serapionem,</strong></span> <span class='ocrx_word' id='word_1_30' title='bbox 1623 552 1681 603; x_wconf 92' lang='lat' dir='ltr'><strong>et</strong></span> <span class='ocrx_word' id='word_1_31' title='bbox 1699 553 1893 616; x_wconf 69' lang='lat'><strong>593</strong></span> <span class='ocrx_word' id='word_1_32' title='bbox 1915 550 2175 607; x_wconf 87' lang='lat' dir='ltr'><strong>hortaba-</strong></span> 
     </span>
    </p>
   </div>
   <div class='ocr_carea' id='block_1_6' title="bbox 578 636 2174 702">
    <p class='ocr_par' dir='ltr' id='par_1_6' title="bbox 578 636 2174 702">
     <span class='ocr_line' id='line_1_6' title="bbox 578 636 2174 702; baseline 0.004 -12"><span class='ocrx_word' id='word_1_33' title='bbox 578 641 675 691; x_wconf 91' lang='lat' dir='ltr'><strong>tur</strong></span> <span class='ocrx_word' id='word_1_34' title='bbox 709 650 840 691; x_wconf 90' lang='lat' dir='ltr'><strong>eum</strong></span> <span class='ocrx_word' id='word_1_35' title='bbox 868 651 1057 702; x_wconf 83' lang='lat' dir='ltr'><strong>senex,</strong></span> <span class='ocrx_word' id='word_1_36' title='bbox 1117 639 1181 691; x_wconf 89' lang='lat' dir='ltr'><strong>ut</strong></span> <span class='ocrx_word' id='word_1_37' title='bbox 1208 636 1518 693; x_wconf 91' lang='lat' dir='ltr'><strong>secundum</strong></span> <span class='ocrx_word' id='word_1_38' title='bbox 1546 653 1763 693; x_wconf 90' lang='lat' dir='ltr'><strong>morem</strong></span> <span class='ocrx_word' id='word_1_39' title='bbox 1807 638 2018 696; x_wconf 85' lang='lat' dir='ltr'><strong>faceret</strong></span> <span class='ocrx_word' id='word_1_40' title='bbox 2043 658 2174 695; x_wconf 89' lang='lat' dir='ltr'><strong>ora-</strong></span> 
     </span>
    </p>
   </div>
   <div class='ocr_carea' id='block_1_7' title="bbox 577 724 2176 803">
    <p class='ocr_par' dir='ltr' id='par_1_7' title="bbox 577 724 2176 803">
     <span class='ocr_line' id='line_1_7' title="bbox 577 724 2176 803; baseline 0.003 -22"><span class='ocrx_word' id='word_1_41' title='bbox 577 725 823 791; x_wconf 83' lang='lat' dir='ltr'><strong>tionem;</strong></span> <span class='ocrx_word' id='word_1_42' title='bbox 861 724 958 780; x_wconf 92' lang='lat' dir='ltr'><strong>ille</strong></span> <span class='ocrx_word' id='word_1_43' title='bbox 987 729 1180 781; x_wconf 86' lang='lat' dir='ltr'><strong>autem</strong></span> <span class='ocrx_word' id='word_1_44' title='bbox 1207 726 1399 781; x_wconf 88' lang='lat' dir='ltr'><strong>dicens</strong></span> <span class='ocrx_word' id='word_1_45' title='bbox 1426 742 1487 781; x_wconf 92' lang='lat' dir='ltr'><strong>se</strong></span> <span class='ocrx_word' id='word_1_46' title='bbox 1498 743 1621 782; x_wconf 90' lang='lat' dir='ltr'><strong>esse</strong></span> <span class='ocrx_word' id='word_1_47' title='bbox 1640 733 2074 798; x_wconf 89' lang='lat' dir='ltr'><strong>peccatorem,et</strong></span> <span class='ocrx_word' id='word_1_48' title='bbox 2093 731 2176 803; x_wconf 90' lang='lat' dir='ltr'><strong>ip-</strong></span> 
     </span>
    </p>
   </div>
   <div class='ocr_carea' id='block_1_8' title="bbox 576 814 2169 891">
    <p class='ocr_par' dir='ltr' id='par_1_8' title="bbox 576 814 2169 891">
     <span class='ocr_line' id='line_1_8' title="bbox 576 814 2169 891; baseline 0.004 -20"><span class='ocrx_word' id='word_1_49' title='bbox 576 815 694 871; x_wconf 85' lang='lat' dir='ltr'><strong>sius</strong></span> <span class='ocrx_word' id='word_1_50' title='bbox 713 814 978 870; x_wconf 80' lang='lat' dir='ltr'><strong>monachi</strong></span> <span class='ocrx_word' id='word_1_51' title='bbox 1011 814 1209 872; x_wconf 89' lang='lat' dir='ltr'><strong>habitu</strong></span> <span class='ocrx_word' id='word_1_52' title='bbox 1250 815 1564 888; x_wconf 89' lang='lat' dir='ltr'><strong>indignum,</strong></span> <span class='ocrx_word' id='word_1_53' title='bbox 1605 833 1721 873; x_wconf 89' lang='lat' dir='ltr'><strong>non</strong></span> <span class='ocrx_word' id='word_1_54' title='bbox 1758 819 2169 891; x_wconf 89' lang='lat' dir='ltr'><strong>acquiescebat.</strong></span> 
     </span>
    </p>
   </div>
   <div class='ocr_carea' id='block_1_9' title="bbox 575 903 2174 977">
    <p class='ocr_par' dir='ltr' id='par_1_9' title="bbox 575 903 2174 977">
     <span class='ocr_line' id='line_1_9' title="bbox 575 903 2174 977; baseline 0.005 -18"><span class='ocrx_word' id='word_1_55' title='bbox 575 904 770 961; x_wconf 87' lang='lat' dir='ltr'><strong>Voluit</strong></span> <span class='ocrx_word' id='word_1_56' title='bbox 803 903 978 960; x_wconf 87' lang='lat' dir='ltr'><strong>etiam</strong></span> <span class='ocrx_word' id='word_1_57' title='bbox 1008 905 1132 976; x_wconf 87' lang='lat' dir='ltr'><strong>ejus</strong></span> <span class='ocrx_word' id='word_1_58' title='bbox 1157 905 1330 977; x_wconf 88' lang='lat' dir='ltr'><strong>pedes</strong></span> <span class='ocrx_word' id='word_1_59' title='bbox 1376 906 1580 973; x_wconf 86' lang='lat' dir='ltr'><strong>lavare,</strong></span> <span class='ocrx_word' id='word_1_60' title='bbox 1615 912 1675 963; x_wconf 88' lang='lat' dir='ltr'><strong>et</strong></span> <span class='ocrx_word' id='word_1_61' title='bbox 1702 907 1915 964; x_wconf 88' lang='lat' dir='ltr'><strong>eisdem</strong></span> <span class='ocrx_word' id='word_1_62' title='bbox 1964 910 2174 967; x_wconf 85' lang='lat' dir='ltr'><strong>iterum</strong></span> 
     </span>
    </p>
   </div>
   <div class='ocr_carea' id='block_1_10' title="bbox 574 992 2174 1066">
    <p class='ocr_par' dir='ltr' id='par_1_10' title="bbox 574 992 2174 1066">
     <span class='ocr_line' id='line_1_10' title="bbox 574 992 2174 1066; baseline 0.004 -18"><span class='ocrx_word' id='word_1_63' title='bbox 574 992 760 1049; x_wconf 81' lang='lat' dir='ltr'><strong>verbis</strong></span> <span class='ocrx_word' id='word_1_64' title='bbox 785 1010 940 1061; x_wconf 86' lang='lat' dir='ltr'><strong>usus,</strong></span> <span class='ocrx_word' id='word_1_65' title='bbox 963 993 1287 1050; x_wconf 83' lang='lat' dir='ltr'><strong>nullatenus</strong></span> <span class='ocrx_word' id='word_1_66' title='bbox 1307 994 1602 1066; x_wconf 80' lang='lat' dir='ltr'><strong>acquievit.</strong></span> <span class='ocrx_word' id='word_1_67' title='bbox 1617 996 1775 1052; x_wconf 88' lang='lat' dir='ltr'><strong>Fecit</strong></span> <span class='ocrx_word' id='word_1_68' title='bbox 1800 1003 1993 1054; x_wconf 88' lang='lat' dir='ltr'><strong>autem</strong></span> <span class='ocrx_word' id='word_1_69' title='bbox 2013 1000 2174 1056; x_wconf 91' lang='lat' dir='ltr'><strong>illum</strong></span> 
     </span>
    </p>
   </div>
   <div class='ocr_carea' id='block_1_11' title="bbox 575 1083 2169 1158">
    <p class='ocr_par' dir='ltr' id='par_1_11' title="bbox 575 1083 2169 1158">
     <span class='ocr_line' id='line_1_11' title="bbox 575 1083 2169 1158; baseline 0.003 -18"><span class='ocrx_word' id='word_1_70' title='bbox 575 1088 827 1155; x_wconf 77' lang='lat' dir='ltr'><strong>gustare,</strong></span> <span class='ocrx_word' id='word_1_71' title='bbox 859 1088 919 1140; x_wconf 91' lang='lat' dir='ltr'><strong>et</strong></span> <span class='ocrx_word' id='word_1_72' title='bbox 963 1083 1133 1156; x_wconf 75' lang='lat' dir='ltr'><strong>cmpit</strong></span> <span class='ocrx_word' id='word_1_73' title='bbox 1162 1100 1332 1141; x_wconf 82' lang='lat' dir='ltr'><strong>senex</strong></span> <span class='ocrx_word' id='word_1_74' title='bbox 1358 1084 1418 1139; x_wconf 92' lang='lat' dir='ltr'><strong>in</strong></span> <span class='ocrx_word' id='word_1_75' title='bbox 1458 1084 1736 1141; x_wconf 82' lang='lat' dir='ltr'><strong>charitate</strong></span> <span class='ocrx_word' id='word_1_76' title='bbox 1764 1104 1995 1143; x_wconf 88' lang='lat' dir='ltr'><strong>monere</strong></span> <span class='ocrx_word' id='word_1_77' title='bbox 2018 1105 2169 1158; x_wconf 90' lang='lat' dir='ltr'><strong>eum,</strong></span> 
     </span>
    </p>
   </div>
   <div class='ocr_carea' id='block_1_12' title="bbox 575 1174 2177 1247">
    <p class='ocr_par' dir='ltr' id='par_1_12' title="bbox 575 1174 2177 1247">
     <span class='ocr_line' id='line_1_12' title="bbox 575 1174 2177 1247; baseline 0.002 -16"><span class='ocrx_word' id='word_1_78' title='bbox 575 1174 769 1231; x_wconf 90' lang='lat' dir='ltr'><strong>dicens</strong></span> <span class='ocrx_word' id='word_1_79' title='bbox 788 1194 805 1231; x_wconf 91' lang='lat'><strong>:</strong></span> <span class='ocrx_word' id='word_1_80' title='bbox 824 1174 953 1243; x_wconf 87' lang='lat' dir='ltr'><strong>Fili,</strong></span> <span class='ocrx_word' id='word_1_81' title='bbox 974 1174 1023 1230; x_wconf 88' lang='lat' dir='ltr'><strong>si</strong></span> <span class='ocrx_word' id='word_1_82' title='bbox 1037 1174 1118 1230; x_wconf 88' lang='lat' dir='ltr'><strong>vis</strong></span> <span class='ocrx_word' id='word_1_83' title='bbox 1143 1176 1433 1247; x_wconf 89' lang='lat' dir='ltr'><strong>proﬁcere,</strong></span> <span class='ocrx_word' id='word_1_84' title='bbox 1455 1191 1725 1247; x_wconf 89' lang='lat' dir='ltr'><strong>permane</strong></span> <span class='ocrx_word' id='word_1_85' title='bbox 1752 1178 1812 1232; x_wconf 91' lang='lat' dir='ltr'><strong>in</strong></span> <span class='ocrx_word' id='word_1_86' title='bbox 1837 1179 1978 1233; x_wconf 88' lang='lat' dir='ltr'><strong>cella</strong></span> <span class='ocrx_word' id='word_1_87' title='bbox 1995 1182 2177 1247; x_wconf 85' lang='lat' dir='ltr'><strong>tua,et</strong></span> 
     </span>
    </p>
   </div>
   <div class='ocr_carea' id='block_1_13' title="bbox 577 1263 2175 1337">
    <p class='ocr_par' dir='ltr' id='par_1_13' title="bbox 577 1263 2175 1337">
     <span class='ocr_line' id='line_1_13' title="bbox 577 1263 2175 1337; baseline 0.003 -17"><span class='ocrx_word' id='word_1_88' title='bbox 577 1264 809 1320; x_wconf 87' lang='lat' dir='ltr'><strong>attende</strong></span> <span class='ocrx_word' id='word_1_89' title='bbox 834 1264 939 1319; x_wconf 87' lang='lat' dir='ltr'><strong>tibi</strong></span> <span class='ocrx_word' id='word_1_90' title='bbox 961 1263 1072 1336; x_wconf 87' lang='lat' dir='ltr'><strong>ipsi</strong></span> <span class='ocrx_word' id='word_1_91' title='bbox 1099 1268 1158 1319; x_wconf 90' lang='lat' dir='ltr'><strong>et</strong></span> <span class='ocrx_word' id='word_1_92' title='bbox 1182 1264 1445 1337; x_wconf 88' lang='lat' dir='ltr'><strong>operibus</strong></span> <span class='ocrx_word' id='word_1_93' title='bbox 1472 1282 1746 1322; x_wconf 88' lang='lat' dir='ltr'><strong>manuum</strong></span> <span class='ocrx_word' id='word_1_94' title='bbox 1782 1272 2033 1337; x_wconf 87' lang='lat' dir='ltr'><strong>tuarum;</strong></span> <span class='ocrx_word' id='word_1_95' title='bbox 2061 1283 2175 1325; x_wconf 92' lang='lat' dir='ltr'><strong>non</strong></span> 
     </span>
    </p>
   </div>
   <div class='ocr_carea' id='block_1_14' title="bbox 514 1350 2171 1428">
    <p class='ocr_par' dir='ltr' id='par_1_14' title="bbox 514 1350 2171 1428">
     <span class='ocr_line' id='line_1_14' title="bbox 514 1350 2171 1428; baseline 0.002 -18"><span class='ocrx_word' id='word_1_96' title='bbox 514 1350 523 1357; x_wconf 83' lang='grc'><em>’</em></span> <span class='ocrx_word' id='word_1_97' title='bbox 574 1353 730 1410; x_wconf 83' lang='lat' dir='ltr'><strong>enim</strong></span> <span class='ocrx_word' id='word_1_98' title='bbox 739 1352 846 1409; x_wconf 87' lang='lat' dir='ltr'><strong>tibi</strong></span> <span class='ocrx_word' id='word_1_99' title='bbox 853 1357 1078 1409; x_wconf 84' lang='lat' dir='ltr'><strong>tantum</strong></span> <span class='ocrx_word' id='word_1_100' title='bbox 1094 1354 1397 1425; x_wconf 88' lang='lat' dir='ltr'><strong>procedere</strong></span> <span class='ocrx_word' id='word_1_101' title='bbox 1410 1355 1654 1428; x_wconf 89' lang='lat' dir='ltr'><strong>expedit,</strong></span> <span class='ocrx_word' id='word_1_102' title='bbox 1664 1362 1937 1427; x_wconf 91' lang='lat' dir='ltr'><strong>quantum</strong></span> <span class='ocrx_word' id='word_1_103' title='bbox 1955 1358 2171 1414; x_wconf 90' lang='lat' dir='ltr'><strong>sedere.</strong></span> 
     </span>
    </p>
   </div>
   <div class='ocr_carea' id='block_1_15' title="bbox 575 1443 2177 1513">
    <p class='ocr_par' dir='ltr' id='par_1_15' title="bbox 575 1443 2177 1513">
     <span class='ocr_line' id='line_1_15' title="bbox 575 1443 2177 1513; baseline 0.003 -14"><span class='ocrx_word' id='word_1_104' title='bbox 575 1443 677 1499; x_wconf 90' lang='lat' dir='ltr'><strong>Ille</strong></span> <span class='ocrx_word' id='word_1_105' title='bbox 704 1447 898 1498; x_wconf 89' lang='lat' dir='ltr'><strong>autem</strong></span> <span class='ocrx_word' id='word_1_106' title='bbox 916 1443 1039 1498; x_wconf 65' lang='lat' dir='ltr'><strong>haec</strong></span> <span class='ocrx_word' id='word_1_107' title='bbox 1068 1443 1325 1511; x_wconf 90' lang='lat' dir='ltr'><strong>audiens,</strong></span> <span class='ocrx_word' id='word_1_108' title='bbox 1354 1443 1438 1499; x_wconf 87' lang='lat' dir='ltr'><strong>ita</strong></span> <span class='ocrx_word' id='word_1_109' title='bbox 1452 1445 1816 1502; x_wconf 84' lang='lat' dir='ltr'><strong>exacerbatus</strong></span> <span class='ocrx_word' id='word_1_110' title='bbox 1839 1452 1942 1513; x_wconf 90' lang='lat' dir='ltr'><strong>est,</strong></span> <span class='ocrx_word' id='word_1_111' title='bbox 1969 1452 2027 1503; x_wconf 90' lang='lat' dir='ltr'><strong>et</strong></span> <span class='ocrx_word' id='word_1_112' title='bbox 2052 1449 2177 1504; x_wconf 84' lang='lat' dir='ltr'><strong>vul-</strong></span> 
     </span>
    </p>
   </div>
   <div class='ocr_carea' id='block_1_16' title="bbox 575 1532 2178 1606">
    <p class='ocr_par' dir='ltr' id='par_1_16' title="bbox 575 1532 2178 1606">
     <span class='ocr_line' id='line_1_16' title="bbox 575 1532 2178 1606; baseline 0.003 -18"><span class='ocrx_word' id='word_1_113' title='bbox 575 1538 702 1589; x_wconf 85' lang='lat' dir='ltr'><strong>tum</strong></span> <span class='ocrx_word' id='word_1_114' title='bbox 729 1532 987 1600; x_wconf 85' lang='lat' dir='ltr'><strong>mutavit,</strong></span> <span class='ocrx_word' id='word_1_115' title='bbox 1009 1536 1076 1588; x_wconf 91' lang='lat' dir='ltr'><strong>ut</strong></span> <span class='ocrx_word' id='word_1_116' title='bbox 1100 1548 1204 1587; x_wconf 91' lang='lat' dir='ltr'><strong>nec</strong></span> <span class='ocrx_word' id='word_1_117' title='bbox 1231 1532 1410 1588; x_wconf 88' lang='lat' dir='ltr'><strong>latere</strong></span> <span class='ocrx_word' id='word_1_118' title='bbox 1437 1538 1629 1606; x_wconf 88' lang='lat' dir='ltr'><strong>posset</strong></span> <span class='ocrx_word' id='word_1_119' title='bbox 1657 1551 1872 1593; x_wconf 91' lang='lat' dir='ltr'><strong>senem.</strong></span> <span class='ocrx_word' id='word_1_120' title='bbox 1903 1537 2056 1592; x_wconf 82' lang='lat' dir='ltr'><strong>Dixit</strong></span> <span class='ocrx_word' id='word_1_121' title='bbox 2093 1554 2178 1593; x_wconf 92' lang='lat' dir='ltr'><strong>er-</strong></span> 
     </span>
    </p>
   </div>
   <div class='ocr_carea' id='block_1_17' title="bbox 575 1620 2179 1695">
    <p class='ocr_par' dir='ltr' id='par_1_17' title="bbox 575 1620 2179 1695">
     <span class='ocr_line' id='line_1_17' title="bbox 575 1620 2179 1695; baseline 0.004 -19"><span class='ocrx_word' id='word_1_122' title='bbox 575 1639 649 1695; x_wconf 88' lang='lat' dir='ltr'><strong>go</strong></span> <span class='ocrx_word' id='word_1_123' title='bbox 668 1622 720 1677; x_wconf 92' lang='lat' dir='ltr'><strong>ei</strong></span> <span class='ocrx_word' id='word_1_124' title='bbox 747 1620 920 1677; x_wconf 85' lang='lat' dir='ltr'><strong>abbas</strong></span> <span class='ocrx_word' id='word_1_125' title='bbox 951 1621 1253 1694; x_wconf 84' lang='lat' dir='ltr'><strong>Serapion:</strong></span> <span class='ocrx_word' id='word_1_126' title='bbox 1299 1624 1488 1695; x_wconf 87' lang='lat' dir='ltr'><strong>Usque</strong></span> <span class='ocrx_word' id='word_1_127' title='bbox 1516 1624 1683 1679; x_wconf 92' lang='lat' dir='ltr'><strong>modo</strong></span> <span class='ocrx_word' id='word_1_128' title='bbox 1702 1625 1944 1694; x_wconf 89' lang='lat' dir='ltr'><strong>dicebas,</strong></span> <span class='ocrx_word' id='word_1_129' title='bbox 1978 1628 2179 1683; x_wconf 88' lang='lat' dir='ltr'><strong>Pecca-</strong></span> 
     </span>
    </p>
   </div>
   <div class='ocr_carea' id='block_1_18' title="bbox 574 1710 2174 1788">
    <p class='ocr_par' dir='ltr' id='par_1_18' title="bbox 574 1710 2174 1788">
     <span class='ocr_line' id='line_1_18' title="bbox 574 1710 2174 1788; baseline 0.003 -20"><span class='ocrx_word' id='word_1_130' title='bbox 574 1721 668 1768; x_wconf 90' lang='lat' dir='ltr'><strong>tor</strong></span> <span class='ocrx_word' id='word_1_131' title='bbox 693 1727 841 1779; x_wconf 87' lang='lat' dir='ltr'><strong>sum,</strong></span> <span class='ocrx_word' id='word_1_132' title='bbox 872 1715 931 1766; x_wconf 90' lang='lat' dir='ltr'><strong>et</strong></span> <span class='ocrx_word' id='word_1_133' title='bbox 956 1710 1257 1767; x_wconf 87' lang='lat' dir='ltr'><strong>accusabas</strong></span> <span class='ocrx_word' id='word_1_134' title='bbox 1276 1711 1523 1784; x_wconf 90' lang='lat' dir='ltr'><strong>teipsum</strong></span> <span class='ocrx_word' id='word_1_135' title='bbox 1552 1718 1827 1786; x_wconf 85' lang='lat' dir='ltr'><strong>tanquam</strong></span> <span class='ocrx_word' id='word_1_136' title='bbox 1871 1715 2174 1788; x_wconf 88' lang='lat' dir='ltr'><strong>indignum</strong></span> 
     </span>
    </p>
   </div>
   <div class='ocr_carea' id='block_1_19' title="bbox 2257 542 3849 617">
    <p class='ocr_par' dir='ltr' id='par_1_19' title="bbox 2257 542 3849 617">
     <span class='ocr_line' id='line_1_19' title="bbox 2257 542 3849 617; baseline -0.006 -11"><span class='ocrx_word' id='word_1_137' title='bbox 2257 550 2443 606; x_wconf 89' lang='lat' dir='ltr'><strong>batem</strong></span> <span class='ocrx_word' id='word_1_138' title='bbox 2476 549 2795 613; x_wconf 83' lang='lat' dir='ltr'><strong>Pastorem,</strong></span> <span class='ocrx_word' id='word_1_139' title='bbox 2828 551 2885 601; x_wconf 90' lang='lat' dir='ltr'><strong>et</strong></span> <span class='ocrx_word' id='word_1_140' title='bbox 2908 545 3078 617; x_wconf 83' lang='lat' dir='ltr'><strong>coepit</strong></span> <span class='ocrx_word' id='word_1_141' title='bbox 3103 546 3238 599; x_wconf 82' lang='lat' dir='ltr'><strong>ﬂere</strong></span> <span class='ocrx_word' id='word_1_142' title='bbox 3267 543 3341 599; x_wconf 88' lang='lat' dir='ltr'><strong>ad</strong></span> <span class='ocrx_word' id='word_1_143' title='bbox 3370 543 3585 598; x_wconf 87' lang='lat' dir='ltr'><strong>ostium</strong></span> <span class='ocrx_word' id='word_1_144' title='bbox 3605 542 3849 613; x_wconf 83' lang='lat' dir='ltr'><strong>ejus;ille</strong></span> 
     </span>
    </p>
   </div>
   <div class='ocr_carea' id='block_1_20' title="bbox 2240 632 3846 706">
    <p class='ocr_par' dir='ltr' id='par_1_20' title="bbox 2240 632 3846 706">
     <span class='ocr_line' id='line_1_20' title="bbox 2240 632 3846 706; baseline -0.007 -9"><span class='ocrx_word' id='word_1_145' title='bbox 2240 645 2447 696; x_wconf 87' lang='lat' dir='ltr'><strong>autem</strong></span> <span class='ocrx_word' id='word_1_146' title='bbox 2476 639 2705 695; x_wconf 88' lang='lat' dir='ltr'><strong>omnino</strong></span> <span class='ocrx_word' id='word_1_147' title='bbox 2742 652 2858 691; x_wconf 92' lang='lat' dir='ltr'><strong>non</strong></span> <span class='ocrx_word' id='word_1_148' title='bbox 2885 635 3042 690; x_wconf 89' lang='lat' dir='ltr'><strong>dedit</strong></span> <span class='ocrx_word' id='word_1_149' title='bbox 3077 635 3129 689; x_wconf 91' lang='lat' dir='ltr'><strong>ei</strong></span> <span class='ocrx_word' id='word_1_150' title='bbox 3156 649 3529 706; x_wconf 81' lang='lat' dir='ltr'><strong>responsum;</strong></span> <span class='ocrx_word' id='word_1_151' title='bbox 3581 632 3685 686; x_wconf 84' lang='lat' dir='ltr'><strong>illa</strong></span> <span class='ocrx_word' id='word_1_152' title='bbox 3729 649 3846 686; x_wconf 87' lang='lat' dir='ltr'><strong>vero</strong></span> 
     </span>
    </p>
   </div>
   <div class='ocr_carea' id='block_1_21' title="bbox 2255 720 3845 801">
    <p class='ocr_par' dir='ltr' id='par_1_21' title="bbox 2255 720 3845 801">
     <span class='ocr_line' id='line_1_21' title="bbox 2255 720 3845 801; baseline -0.007 -16"><span class='ocrx_word' id='word_1_153' title='bbox 2255 729 2544 801; x_wconf 89' lang='lat' dir='ltr'><strong>compulsa</strong></span> <span class='ocrx_word' id='word_1_154' title='bbox 2570 728 2781 792; x_wconf 88' lang='lat' dir='ltr'><strong>dolore,</strong></span> <span class='ocrx_word' id='word_1_155' title='bbox 2813 723 3139 796; x_wconf 87' lang='lat' dir='ltr'><strong>increpabat</strong></span> <span class='ocrx_word' id='word_1_156' title='bbox 3162 740 3310 790; x_wconf 90' lang='lat' dir='ltr'><strong>eum,</strong></span> <span class='ocrx_word' id='word_1_157' title='bbox 3341 722 3533 778; x_wconf 89' lang='lat' dir='ltr'><strong>dicens</strong></span> <span class='ocrx_word' id='word_1_158' title='bbox 3560 740 3574 775; x_wconf 93' lang='lat'><strong>:</strong></span> <span class='ocrx_word' id='word_1_159' title='bbox 3610 720 3687 775; x_wconf 86' lang='lat' dir='ltr'><strong>Et</strong></span> <span class='ocrx_word' id='word_1_160' title='bbox 3710 720 3845 776; x_wconf 84' lang='lat' dir='ltr'><strong>sivi-</strong></span> 
     </span>
    </p>
   </div>
   <div class='ocr_carea' id='block_1_22' title="bbox 2255 813 3845 886">
    <p class='ocr_par' dir='ltr' id='par_1_22' title="bbox 2255 813 3845 886">
     <span class='ocr_line' id='line_1_22' title="bbox 2255 813 3845 886; baseline -0.006 -11"><span class='ocrx_word' id='word_1_161' title='bbox 2255 836 2415 875; x_wconf 88' lang='lat' dir='ltr'><strong>scera</strong></span> <span class='ocrx_word' id='word_1_162' title='bbox 2442 819 2626 874; x_wconf 86' lang='lat' dir='ltr'><strong>ferrea</strong></span> <span class='ocrx_word' id='word_1_163' title='bbox 2655 816 2846 883; x_wconf 88' lang='lat' dir='ltr'><strong>habes,</strong></span> <span class='ocrx_word' id='word_1_164' title='bbox 2903 822 2962 872; x_wconf 89' lang='lat' dir='ltr'><strong>et</strong></span> <span class='ocrx_word' id='word_1_165' title='bbox 3002 815 3162 871; x_wconf 89' lang='lat' dir='ltr'><strong>nulla</strong></span> <span class='ocrx_word' id='word_1_166' title='bbox 3184 819 3241 870; x_wconf 91' lang='lat' dir='ltr'><strong>te</strong></span> <span class='ocrx_word' id='word_1_167' title='bbox 3292 813 3609 886; x_wconf 86' lang='lat' dir='ltr'><strong>compassio</strong></span> <span class='ocrx_word' id='word_1_168' title='bbox 3648 818 3845 879; x_wconf 83' lang='lat' dir='ltr'><strong>movet,</strong></span> 
     </span>
    </p>
   </div>
   <div class='ocr_carea' id='block_1_23' title="bbox 2255 902 3849 976">
    <p class='ocr_par' dir='ltr' id='par_1_23' title="bbox 2255 902 3849 976">
     <span class='ocr_line' id='line_1_23' title="bbox 2255 902 3849 976; baseline -0.006 -11"><span class='ocrx_word' id='word_1_169' title='bbox 2255 910 2449 965; x_wconf 86' lang='lat' dir='ltr'><strong>ﬂectat</strong></span> <span class='ocrx_word' id='word_1_170' title='bbox 2472 914 2531 964; x_wconf 90' lang='lat' dir='ltr'><strong>te</strong></span> <span class='ocrx_word' id='word_1_171' title='bbox 2558 909 2757 964; x_wconf 87' lang='lat' dir='ltr'><strong>saltem</strong></span> <span class='ocrx_word' id='word_1_172' title='bbox 2767 905 3054 961; x_wconf 87' lang='lat' dir='ltr'><strong>miseratio</strong></span> <span class='ocrx_word' id='word_1_173' title='bbox 3075 903 3368 976; x_wconf 81' lang='lat' dir='ltr'><strong>sanguinis</strong></span> <span class='ocrx_word' id='word_1_174' title='bbox 3397 902 3505 958; x_wconf 93' lang='lat' dir='ltr'><strong>tui.</strong></span> <span class='ocrx_word' id='word_1_175' title='bbox 3538 902 3643 958; x_wconf 91' lang='lat' dir='ltr'><strong>Ille</strong></span> <span class='ocrx_word' id='word_1_176' title='bbox 3661 906 3849 956; x_wconf 86' lang='lat' dir='ltr'><strong>autem</strong></span> 
     </span>
    </p>
   </div>
   <div class='ocr_carea' id='block_1_24' title="bbox 2254 991 3853 1065">
    <p class='ocr_par' dir='ltr' id='par_1_24' title="bbox 2254 991 3853 1065">
     <span class='ocr_line' id='line_1_24' title="bbox 2254 991 3853 1065; baseline -0.006 -10"><span class='ocrx_word' id='word_1_177' title='bbox 2254 998 2542 1055; x_wconf 89' lang='lat' dir='ltr'><strong>mandavit</strong></span> <span class='ocrx_word' id='word_1_178' title='bbox 2557 998 2644 1053; x_wconf 91' lang='lat' dir='ltr'><strong>ei:</strong></span> <span class='ocrx_word' id='word_1_179' title='bbox 2667 998 2868 1052; x_wconf 89' lang='lat' dir='ltr'><strong>Pastor</strong></span> <span class='ocrx_word' id='word_1_180' title='bbox 2885 995 3030 1050; x_wconf 87' lang='lat' dir='ltr'><strong>ﬁlios</strong></span> <span class='ocrx_word' id='word_1_181' title='bbox 3055 1010 3170 1049; x_wconf 91' lang='lat' dir='ltr'><strong>non</strong></span> <span class='ocrx_word' id='word_1_182' title='bbox 3193 992 3504 1065; x_wconf 82' lang='lat' dir='ltr'><strong>generavit.</strong></span> <span class='ocrx_word' id='word_1_183' title='bbox 3535 991 3612 1047; x_wconf 85' lang='lat' dir='ltr'><strong>Et</strong></span> <span class='ocrx_word' id='word_1_184' title='bbox 3640 991 3725 1045; x_wconf 89' lang='lat' dir='ltr'><strong>ita</strong></span> <span class='ocrx_word' id='word_1_185' title='bbox 3751 991 3853 1046; x_wconf 85' lang='lat' dir='ltr'><strong>dis-</strong></span> 
     </span>
    </p>
   </div>
   <div class='ocr_carea' id='block_1_25' title="bbox 2256 1080 3850 1156">
    <p class='ocr_par' dir='ltr' id='par_1_25' title="bbox 2256 1080 3850 1156">
     <span class='ocr_line' id='line_1_25' title="bbox 2256 1080 3850 1156; baseline -0.006 -12"><span class='ocrx_word' id='word_1_186' title='bbox 2256 1089 2445 1153; x_wconf 86' lang='lat' dir='ltr'><strong>cessit.</strong></span> <span class='ocrx_word' id='word_1_187' title='bbox 2469 1086 2720 1143; x_wconf 86' lang='lat' dir='ltr'><strong>Audiens</strong></span> <span class='ocrx_word' id='word_1_188' title='bbox 2750 1090 2939 1142; x_wconf 90' lang='lat' dir='ltr'><strong>autem</strong></span> <span class='ocrx_word' id='word_1_189' title='bbox 2963 1084 3137 1156; x_wconf 88' lang='lat' dir='ltr'><strong>judex</strong></span> <span class='ocrx_word' id='word_1_190' title='bbox 3170 1082 3577 1149; x_wconf 89' lang='lat' dir='ltr'><strong>misit,dicens:</strong></span> <span class='ocrx_word' id='word_1_191' title='bbox 3606 1080 3713 1135; x_wconf 88' lang='lat' dir='ltr'><strong>Vel</strong></span> <span class='ocrx_word' id='word_1_192' title='bbox 3731 1096 3850 1134; x_wconf 86' lang='lat' dir='ltr'><strong>ver-</strong></span> 
     </span>
    </p>
   </div>
   <div class='ocr_carea' id='block_1_26' title="bbox 2255 1171 3851 1249">
    <p class='ocr_par' dir='ltr' id='par_1_26' title="bbox 2255 1171 3851 1249">
     <span class='ocr_line' id='line_1_26' title="bbox 2255 1171 3851 1249; baseline -0.007 -16"><span class='ocrx_word' id='word_1_193' title='bbox 2255 1177 2328 1232; x_wconf 95' lang='lat' dir='ltr'><strong>bo</strong></span> <span class='ocrx_word' id='word_1_194' title='bbox 2350 1176 2566 1249; x_wconf 89' lang='lat' dir='ltr'><strong>jubeat,</strong></span> <span class='ocrx_word' id='word_1_195' title='bbox 2601 1180 2658 1230; x_wconf 90' lang='lat' dir='ltr'><strong>et</strong></span> <span class='ocrx_word' id='word_1_196' title='bbox 2677 1192 2781 1246; x_wconf 87' lang='lat' dir='ltr'><strong>ego</strong></span> <span class='ocrx_word' id='word_1_197' title='bbox 2810 1189 2940 1229; x_wconf 90' lang='lat' dir='ltr'><strong>eum</strong></span> <span class='ocrx_word' id='word_1_198' title='bbox 2970 1172 3273 1227; x_wconf 88' lang='lat' dir='ltr'><strong>dimittam.</strong></span> <span class='ocrx_word' id='word_1_199' title='bbox 3326 1171 3509 1225; x_wconf 83' lang='lat' dir='ltr'><strong>Senex</strong></span> <span class='ocrx_word' id='word_1_200' title='bbox 3554 1174 3751 1224; x_wconf 87' lang='lat' dir='ltr'><strong>autem</strong></span> <span class='ocrx_word' id='word_1_201' title='bbox 3772 1186 3851 1223; x_wconf 84' lang='lat' dir='ltr'><strong>re-</strong></span> 
     </span>
    </p>
   </div>
   <div class='ocr_carea' id='block_1_27' title="bbox 2255 1258 3849 1331">
    <p class='ocr_par' dir='ltr' id='par_1_27' title="bbox 2255 1258 3849 1331">
     <span class='ocr_line' id='line_1_27' title="bbox 2255 1258 3849 1331; baseline -0.006 -9"><span class='ocrx_word' id='word_1_202' title='bbox 2255 1266 2545 1323; x_wconf 87' lang='lat' dir='ltr'><strong>mandavit</strong></span> <span class='ocrx_word' id='word_1_203' title='bbox 2582 1266 2655 1331; x_wconf 89' lang='lat' dir='ltr'><strong>ei,</strong></span> <span class='ocrx_word' id='word_1_204' title='bbox 2687 1264 2912 1319; x_wconf 89' lang='lat' dir='ltr'><strong>dicens:</strong></span> <span class='ocrx_word' id='word_1_205' title='bbox 2942 1261 3217 1317; x_wconf 80' lang='lat' dir='ltr'><strong>Examina</strong></span> <span class='ocrx_word' id='word_1_206' title='bbox 3265 1276 3495 1315; x_wconf 88' lang='lat' dir='ltr'><strong>causam</strong></span> <span class='ocrx_word' id='word_1_207' title='bbox 3541 1258 3849 1314; x_wconf 86' lang='lat' dir='ltr'><strong>secundum</strong></span> 
     </span>
    </p>
   </div>
   <div class='ocr_carea' id='block_1_28' title="bbox 2256 1350 3847 1429">
    <p class='ocr_par' dir='ltr' id='par_1_28' title="bbox 2256 1350 3847 1429">
     <span class='ocr_line' id='line_1_28' title="bbox 2256 1350 3847 1429; baseline -0.006 -17"><span class='ocrx_word' id='word_1_208' title='bbox 2256 1357 2441 1429; x_wconf 87' lang='lat' dir='ltr'><strong>legem</strong></span> <span class='ocrx_word' id='word_1_209' title='bbox 2472 1374 2486 1424; x_wconf 93' lang='lat'><strong>;</strong></span> <span class='ocrx_word' id='word_1_210' title='bbox 2519 1360 2576 1410; x_wconf 88' lang='lat' dir='ltr'><strong>et</strong></span> <span class='ocrx_word' id='word_1_211' title='bbox 2597 1355 2646 1409; x_wconf 93' lang='lat' dir='ltr'><strong>si</strong></span> <span class='ocrx_word' id='word_1_212' title='bbox 2672 1354 2880 1426; x_wconf 88' lang='lat' dir='ltr'><strong>dignus</strong></span> <span class='ocrx_word' id='word_1_213' title='bbox 2892 1357 2980 1408; x_wconf 91' lang='lat' dir='ltr'><strong>est</strong></span> <span class='ocrx_word' id='word_1_214' title='bbox 3005 1356 3205 1418; x_wconf 89' lang='lat' dir='ltr'><strong>morte,</strong></span> <span class='ocrx_word' id='word_1_215' title='bbox 3236 1350 3545 1406; x_wconf 87' lang='lat' dir='ltr'><strong>moriatur:</strong></span> <span class='ocrx_word' id='word_1_216' title='bbox 3576 1350 3627 1403; x_wconf 87' lang='lat' dir='ltr'><strong>si</strong></span> <span class='ocrx_word' id='word_1_217' title='bbox 3657 1354 3847 1405; x_wconf 88' lang='lat' dir='ltr'><strong>autem</strong></span> 
     </span>
    </p>
   </div>
   <div class='ocr_carea' id='block_1_29' title="bbox 2257 1442 3059 1517">
    <p class='ocr_par' dir='ltr' id='par_1_29' title="bbox 2257 1442 3059 1517">
     <span class='ocr_line' id='line_1_29' title="bbox 2257 1442 3059 1517; baseline -0.007 -14"><span class='ocrx_word' id='word_1_218' title='bbox 2257 1463 2371 1503; x_wconf 90' lang='lat' dir='ltr'><strong>non</strong></span> <span class='ocrx_word' id='word_1_219' title='bbox 2401 1451 2506 1514; x_wconf 91' lang='lat' dir='ltr'><strong>est,</strong></span> <span class='ocrx_word' id='word_1_220' title='bbox 2536 1446 2626 1500; x_wconf 85' lang='lat' dir='ltr'><strong>fac</strong></span> <span class='ocrx_word' id='word_1_221' title='bbox 2648 1443 2928 1517; x_wconf 91' lang='lat' dir='ltr'><strong>quomodo</strong></span> <span class='ocrx_word' id='word_1_222' title='bbox 2953 1442 3059 1497; x_wconf 89' lang='lat' dir='ltr'><strong>vis.</strong></span> 
     </span>
    </p>
   </div>
   <div class='ocr_carea' id='block_1_30' title="bbox 2330 1530 3848 1593">
    <p class='ocr_par' dir='ltr' id='par_1_30' title="bbox 2330 1530 3848 1593">
     <span class='ocr_line' id='line_1_30' title="bbox 2330 1530 3848 1593; baseline -0.005 -2"><span class='ocrx_word' id='word_1_223' title='bbox 2330 1534 2419 1593; x_wconf 68' lang='grc'><strong>14.</strong></span> <span class='ocrx_word' id='word_1_224' title='bbox 2450 1534 2603 1591; x_wconf 84' lang='lat' dir='ltr'><strong>Dixit</strong></span> <span class='ocrx_word' id='word_1_225' title='bbox 2641 1534 2850 1589; x_wconf 82' lang='lat' dir='ltr'><strong>iterum</strong></span> <span class='ocrx_word' id='word_1_226' title='bbox 2879 1531 3051 1587; x_wconf 90' lang='lat' dir='ltr'><strong>abbas</strong></span> <span class='ocrx_word' id='word_1_227' title='bbox 3089 1531 3289 1586; x_wconf 85' lang='lat' dir='ltr'><strong>Pastor</strong></span> <span class='ocrx_word' id='word_1_228' title='bbox 3324 1547 3337 1585; x_wconf 90' lang='lat'><strong>:</strong></span> <span class='ocrx_word' id='word_1_229' title='bbox 3369 1530 3518 1586; x_wconf 88' lang='lat' dir='ltr'><strong>Doce</strong></span> <span class='ocrx_word' id='word_1_230' title='bbox 3560 1545 3659 1584; x_wconf 91' lang='lat' dir='ltr'><strong>cor</strong></span> <span class='ocrx_word' id='word_1_231' title='bbox 3687 1533 3848 1585; x_wconf 84' lang='lat' dir='ltr'><strong>tuum</strong></span> 
     </span>
    </p>
   </div>
   <div class='ocr_carea' id='block_1_31' title="bbox 2257 1619 3843 1697">
    <p class='ocr_par' dir='ltr' id='par_1_31' title="bbox 2257 1619 3843 1697">
     <span class='ocr_line' id='line_1_31' title="bbox 2257 1619 3843 1697; baseline -0.006 -15"><span class='ocrx_word' id='word_1_232' title='bbox 2257 1642 2480 1682; x_wconf 88' lang='lat' dir='ltr'><strong>servare</strong></span> <span class='ocrx_word' id='word_1_233' title='bbox 2518 1641 2641 1697; x_wconf 69' lang='lat' dir='ltr'><strong>qum</strong></span> <span class='ocrx_word' id='word_1_234' title='bbox 2660 1624 2822 1679; x_wconf 86' lang='lat' dir='ltr'><strong>docet</strong></span> <span class='ocrx_word' id='word_1_235' title='bbox 2859 1622 3000 1678; x_wconf 89' lang='lat' dir='ltr'><strong>alios</strong></span> <span class='ocrx_word' id='word_1_236' title='bbox 3026 1621 3223 1692; x_wconf 87' lang='lat' dir='ltr'><strong>lingua</strong></span> <span class='ocrx_word' id='word_1_237' title='bbox 3248 1625 3368 1675; x_wconf 89' lang='lat' dir='ltr'><strong>tua.</strong></span> <span class='ocrx_word' id='word_1_238' title='bbox 3394 1619 3545 1676; x_wconf 89' lang='lat' dir='ltr'><strong>Dixit</strong></span> <span class='ocrx_word' id='word_1_239' title='bbox 3590 1619 3800 1674; x_wconf 84' lang='lat' dir='ltr'><strong>iterum</strong></span> <span class='ocrx_word' id='word_1_240' title='bbox 3830 1638 3843 1673; x_wconf 91' lang='lat'><strong>:</strong></span> 
     </span>
    </p>
   </div>
   <div class='ocr_carea' id='block_1_32' title="bbox 2257 1708 3847 1783">
    <p class='ocr_par' dir='ltr' id='par_1_32' title="bbox 2257 1708 3847 1783">
     <span class='ocr_line' id='line_1_32' title="bbox 2257 1708 3847 1783; baseline -0.006 -11"><span class='ocrx_word' id='word_1_241' title='bbox 2257 1717 2403 1782; x_wconf 89' lang='lat' dir='ltr'><strong>Quia</strong></span> <span class='ocrx_word' id='word_1_242' title='bbox 2430 1715 2687 1770; x_wconf 89' lang='lat' dir='ltr'><strong>homines</strong></span> <span class='ocrx_word' id='word_1_243' title='bbox 2706 1713 2777 1768; x_wconf 92' lang='lat' dir='ltr'><strong>ad</strong></span> <span class='ocrx_word' id='word_1_244' title='bbox 2805 1711 3153 1783; x_wconf 86' lang='lat' dir='ltr'><strong>loquendum</strong></span> <span class='ocrx_word' id='word_1_245' title='bbox 3184 1708 3417 1782; x_wconf 80' lang='lat' dir='ltr'><strong>perfecti</strong></span> <span class='ocrx_word' id='word_1_246' title='bbox 3442 1708 3620 1764; x_wconf 87' lang='lat' dir='ltr'><strong>videri</strong></span> <span class='ocrx_word' id='word_1_247' title='bbox 3634 1708 3847 1775; x_wconf 82' lang='lat' dir='ltr'><strong>volunt,</strong></span> 
     </span>
    </p>
   </div>
   <div class='ocr_carea' id='block_1_33' title="bbox 552 1789 3741 1877">
    <p class='ocr_par' dir='ltr' id='par_1_33' title="bbox 552 1789 3741 1877">
     <span class='ocr_line' id='line_1_33' title="bbox 552 1789 3741 1877; baseline -0.002 -20"><span class='ocrx_word' id='word_1_248' title='bbox 552 1804 694 1874; x_wconf 90' lang='lat' dir='ltr'><strong>jam</strong></span> <span class='ocrx_word' id='word_1_249' title='bbox 719 1801 902 1856; x_wconf 89' lang='lat' dir='ltr'><strong>vivere</strong></span> <span class='ocrx_word' id='word_1_250' title='bbox 925 1806 1012 1869; x_wconf 89' lang='lat' dir='ltr'><strong>;et</strong></span> <span class='ocrx_word' id='word_1_251' title='bbox 1040 1801 1174 1874; x_wconf 91' lang='lat' dir='ltr'><strong>quia</strong></span> <span class='ocrx_word' id='word_1_252' title='bbox 1191 1806 1249 1857; x_wconf 89' lang='lat' dir='ltr'><strong>te</strong></span> <span class='ocrx_word' id='word_1_253' title='bbox 1275 1817 1405 1857; x_wconf 89' lang='lat' dir='ltr'><strong>cum</strong></span> <span class='ocrx_word' id='word_1_254' title='bbox 1434 1802 1707 1860; x_wconf 84' lang='lat' dir='ltr'><strong>charitate</strong></span> <span class='ocrx_word' id='word_1_255' title='bbox 1736 1805 2035 1874; x_wconf 87' lang='lat' dir='ltr'><strong>monui,ita</strong></span> <span class='ocrx_word' id='word_1_256' title='bbox 2050 1789 2236 1863; x_wconf 81' lang='lat' dir='ltr'><strong>exa-B</strong></span> <span class='ocrx_word' id='word_1_257' title='bbox 2258 1810 2316 1861; x_wconf 89' lang='lat' dir='ltr'><strong>et</strong></span> <span class='ocrx_word' id='word_1_258' title='bbox 2342 1806 2403 1861; x_wconf 91' lang='lat' dir='ltr'><strong>in</strong></span> <span class='ocrx_word' id='word_1_259' title='bbox 2425 1804 2709 1877; x_wconf 80' lang='lat' dir='ltr'><strong>operando</strong></span> <span class='ocrx_word' id='word_1_260' title='bbox 2727 1803 2786 1857; x_wconf 91' lang='lat' dir='ltr'><strong>id</strong></span> <span class='ocrx_word' id='word_1_261' title='bbox 2806 1801 2956 1873; x_wconf 87' lang='lat' dir='ltr'><strong>quod</strong></span> <span class='ocrx_word' id='word_1_262' title='bbox 2985 1802 3294 1872; x_wconf 90' lang='lat' dir='ltr'><strong>loquuntur</strong></span> <span class='ocrx_word' id='word_1_263' title='bbox 3312 1800 3558 1854; x_wconf 86' lang='lat' dir='ltr'><strong>minores</strong></span> <span class='ocrx_word' id='word_1_264' title='bbox 3584 1804 3741 1853; x_wconf 85' lang='lat' dir='ltr'><strong>sunt.</strong></span> 
     </span>
    </p>
   </div>
   <div class='ocr_carea' id='block_1_34' title="bbox 575 1890 2170 1965">
    <p class='ocr_par' dir='ltr' id='par_1_34' title="bbox 575 1890 2170 1965">
     <span class='ocr_line' id='line_1_34' title="bbox 575 1890 2170 1965; baseline 0.002 -16"><span class='ocrx_word' id='word_1_265' title='bbox 575 1890 794 1950; x_wconf 91' lang='lat' dir='ltr'><strong>cerbari</strong></span> <span class='ocrx_word' id='word_1_266' title='bbox 806 1890 1096 1947; x_wconf 83' lang='lat' dir='ltr'><strong>debuisti?</strong></span> <span class='ocrx_word' id='word_1_267' title='bbox 1136 1892 1197 1948; x_wconf 92' lang='lat' dir='ltr'><strong>Si</strong></span> <span class='ocrx_word' id='word_1_268' title='bbox 1224 1893 1379 1947; x_wconf 91' lang='lat' dir='ltr'><strong>enim</strong></span> <span class='ocrx_word' id='word_1_269' title='bbox 1398 1909 1461 1948; x_wconf 89' lang='lat' dir='ltr'><strong>re</strong></span> <span class='ocrx_word' id='word_1_270' title='bbox 1492 1910 1626 1949; x_wconf 91' lang='lat' dir='ltr'><strong>vera</strong></span> <span class='ocrx_word' id='word_1_271' title='bbox 1647 1894 1877 1950; x_wconf 86' lang='lat' dir='ltr'><strong>humilis</strong></span> <span class='ocrx_word' id='word_1_272' title='bbox 1906 1896 1991 1951; x_wconf 89' lang='lat' dir='ltr'><strong>vis</strong></span> <span class='ocrx_word' id='word_1_273' title='bbox 2024 1912 2170 1965; x_wconf 89' lang='lat' dir='ltr'><strong>esse,</strong></span> 
     </span>
    </p>
   </div>
   <div class='ocr_carea' id='block_1_35' title="bbox 575 1979 2170 2056">
    <p class='ocr_par' dir='ltr' id='par_1_35' title="bbox 575 1979 2170 2056">
     <span class='ocr_line' id='line_1_35' title="bbox 575 1979 2170 2056; baseline 0.002 -18"><span class='ocrx_word' id='word_1_274' title='bbox 575 1998 701 2055; x_wconf 58' lang='lat' dir='ltr'><strong>qua</strong></span> <span class='ocrx_word' id='word_1_275' title='bbox 726 1980 832 2037; x_wconf 90' lang='lat' dir='ltr'><strong>tibi</strong></span> <span class='ocrx_word' id='word_1_276' title='bbox 849 1979 921 2036; x_wconf 90' lang='lat' dir='ltr'><strong>ab</strong></span> <span class='ocrx_word' id='word_1_277' title='bbox 949 1980 1061 2035; x_wconf 89' lang='lat' dir='ltr'><strong>alio</strong></span> <span class='ocrx_word' id='word_1_278' title='bbox 1085 1980 1474 2053; x_wconf 90' lang='lat' dir='ltr'><strong>imponuntur,</strong></span> <span class='ocrx_word' id='word_1_279' title='bbox 1491 1983 1646 2039; x_wconf 91' lang='lat' dir='ltr'><strong>disce</strong></span> <span class='ocrx_word' id='word_1_280' title='bbox 1667 1989 1894 2056; x_wconf 90' lang='lat' dir='ltr'><strong>portare</strong></span> <span class='ocrx_word' id='word_1_281' title='bbox 1912 1985 2170 2054; x_wconf 87' lang='lat' dir='ltr'><strong>viriliter,</strong></span> 
     </span>
    </p>
   </div>
   <div class='ocr_carea' id='block_1_36' title="bbox 575 2069 2174 2145">
    <p class='ocr_par' dir='ltr' id='par_1_36' title="bbox 575 2069 2174 2145">
     <span class='ocr_line' id='line_1_36' title="bbox 575 2069 2174 2145; baseline 0.002 -18"><span class='ocrx_word' id='word_1_282' title='bbox 575 2076 634 2128; x_wconf 89' lang='lat' dir='ltr'><strong>et</strong></span> <span class='ocrx_word' id='word_1_283' title='bbox 651 2086 767 2126; x_wconf 91' lang='lat' dir='ltr'><strong>non</strong></span> <span class='ocrx_word' id='word_1_284' title='bbox 795 2070 990 2125; x_wconf 90' lang='lat' dir='ltr'><strong>odiosa</strong></span> <span class='ocrx_word' id='word_1_285' title='bbox 1015 2069 1186 2125; x_wconf 91' lang='lat' dir='ltr'><strong>verba</strong></span> <span class='ocrx_word' id='word_1_286' title='bbox 1205 2070 1493 2127; x_wconf 65' lang='lat' dir='ltr'><strong>effundere</strong></span> <span class='ocrx_word' id='word_1_287' title='bbox 1526 2071 1631 2127; x_wconf 85' lang='lat' dir='ltr'><strong>tibi</strong></span> <span class='ocrx_word' id='word_1_288' title='bbox 1660 2072 1791 2145; x_wconf 88' lang='lat' dir='ltr'><strong>ipsi.</strong></span> <span class='ocrx_word' id='word_1_289' title='bbox 1826 2074 1944 2129; x_wconf 84' lang='lat' dir='ltr'><strong>Hoc</strong></span> <span class='ocrx_word' id='word_1_290' title='bbox 1984 2080 2174 2130; x_wconf 90' lang='lat' dir='ltr'><strong>autem</strong></span> 
     </span>
    </p>
   </div>
   <div class='ocr_carea' id='block_1_37' title="bbox 575 2158 2176 2232">
    <p class='ocr_par' dir='ltr' id='par_1_37' title="bbox 575 2158 2176 2232">
     <span class='ocr_line' id='line_1_37' title="bbox 575 2158 2176 2232; baseline 0.002 -17"><span class='ocrx_word' id='word_1_291' title='bbox 575 2159 812 2217; x_wconf 87' lang='lat' dir='ltr'><strong>audiens</strong></span> <span class='ocrx_word' id='word_1_292' title='bbox 840 2158 1035 2227; x_wconf 85' lang='lat' dir='ltr'><strong>frater,</strong></span> <span class='ocrx_word' id='word_1_293' title='bbox 1068 2159 1463 2231; x_wconf 62' lang='lat' dir='ltr'><strong>paenitentiam</strong></span> <span class='ocrx_word' id='word_1_294' title='bbox 1489 2160 1669 2231; x_wconf 83' lang='lat' dir='ltr'><strong>gessit</strong></span> <span class='ocrx_word' id='word_1_295' title='bbox 1713 2178 1905 2218; x_wconf 89' lang='lat' dir='ltr'><strong>coram</strong></span> <span class='ocrx_word' id='word_1_296' title='bbox 1930 2179 2086 2232; x_wconf 81' lang='lat' dir='ltr'><strong>sene,</strong></span> <span class='ocrx_word' id='word_1_297' title='bbox 2117 2169 2176 2219; x_wconf 91' lang='lat' dir='ltr'><strong>et</strong></span> 
     </span>
    </p>
   </div>
   <div class='ocr_carea' id='block_1_38' title="bbox 572 2247 1453 2321">
    <p class='ocr_par' dir='ltr' id='par_1_38' title="bbox 572 2247 1453 2321">
     <span class='ocr_line' id='line_1_38' title="bbox 572 2247 1453 2321; baseline -0.003 -14"><span class='ocrx_word' id='word_1_298' title='bbox 572 2250 819 2307; x_wconf 89' lang='lat' dir='ltr'><strong>multum</strong></span> <span class='ocrx_word' id='word_1_299' title='bbox 837 2248 1138 2321; x_wconf 89' lang='lat' dir='ltr'><strong>proﬁciens</strong></span> <span class='ocrx_word' id='word_1_300' title='bbox 1168 2247 1453 2304; x_wconf 86' lang='lat' dir='ltr'><strong>discessit.</strong></span> 
     </span>
    </p>
   </div>
   <div class='ocr_carea' id='block_1_39' title="bbox 641 2337 2171 2411">
    <p class='ocr_par' dir='ltr' id='par_1_39' title="bbox 641 2337 2171 2411">
     <span class='ocr_line' id='line_1_39' title="bbox 641 2337 2171 2411; baseline 0.001 -16"><span class='ocrx_word' id='word_1_301' title='bbox 641 2337 734 2397; x_wconf 77' lang='lat'><strong>‘10.</strong></span> <span class='ocrx_word' id='word_1_302' title='bbox 764 2337 995 2395; x_wconf 84' lang='lat' dir='ltr'><strong>Audivit</strong></span> <span class='ocrx_word' id='word_1_303' title='bbox 1020 2337 1323 2410; x_wconf 87' lang='lat' dir='ltr'><strong>aliquando</strong></span> <span class='ocrx_word' id='word_1_304' title='bbox 1347 2338 1522 2410; x_wconf 91' lang='lat' dir='ltr'><strong>judex</strong></span> <span class='ocrx_word' id='word_1_305' title='bbox 1543 2339 1842 2411; x_wconf 62' lang='lat' dir='ltr'><strong>provinciae</strong></span> <span class='ocrx_word' id='word_1_306' title='bbox 1870 2342 1940 2397; x_wconf 93' lang='lat' dir='ltr'><strong>de</strong></span> <span class='ocrx_word' id='word_1_307' title='bbox 1970 2341 2171 2398; x_wconf 88' lang='lat' dir='ltr'><strong>abbate</strong></span> 
     </span>
    </p>
   </div>
   <div class='ocr_carea' id='block_1_40' title="bbox 546 2426 2172 2505">
    <p class='ocr_par' dir='ltr' id='par_1_40' title="bbox 546 2426 2172 2505">
     <span class='ocr_line' id='line_1_40' title="bbox 546 2426 2172 2505; baseline 0.001 -19"><span class='ocrx_word' id='word_1_308' title='bbox 546 2460 552 2465; x_wconf 84' lang='grc'><strong>·</strong></span> <span class='ocrx_word' id='word_1_309' title='bbox 572 2429 766 2502; x_wconf 86' lang='lat' dir='ltr'><strong>Moyse</strong></span> <span class='ocrx_word' id='word_1_310' title='bbox 786 2429 985 2497; x_wconf 66' lang='lat' dir='ltr'><strong>(Ra/7.,</strong></span> <span class='ocrx_word' id='word_1_311' title='bbox 1023 2431 1062 2483; x_wconf 87' lang='grc' dir='ltr'><strong>ι.</strong></span> <span class='ocrx_word' id='word_1_312' title='bbox 1085 2440 1171 2494; x_wconf 83' lang='lat' dir='ltr'><strong>III,</strong></span> <span class='ocrx_word' id='word_1_313' title='bbox 1206 2444 1265 2481; x_wconf 85' lang='grc' dir='ltr'><strong>η.</strong></span> <span class='ocrx_word' id='word_1_314' title='bbox 1287 2426 1434 2499; x_wconf 82' lang='grc'><strong>119),</strong></span> <span class='ocrx_word' id='word_1_315' title='bbox 1470 2432 1527 2483; x_wconf 90' lang='lat' dir='ltr'><strong>et</strong></span> <span class='ocrx_word' id='word_1_316' title='bbox 1551 2430 1798 2501; x_wconf 89' lang='lat' dir='ltr'><strong>perrexit</strong></span> <span class='ocrx_word' id='word_1_317' title='bbox 1810 2430 1870 2486; x_wconf 90' lang='lat' dir='ltr'><strong>in</strong></span> <span class='ocrx_word' id='word_1_318' title='bbox 1895 2432 2089 2505; x_wconf 84' lang='lat' dir='ltr'><strong>Scythi</strong></span> <span class='ocrx_word' id='word_1_319' title='bbox 2106 2437 2172 2488; x_wconf 89' lang='lat' dir='ltr'><strong>ut</strong></span> 
     </span>
    </p>
   </div>
   <div class='ocr_carea' id='block_1_41' title="bbox 571 2516 2171 2591">
    <p class='ocr_par' dir='ltr' id='par_1_41' title="bbox 571 2516 2171 2591">
     <span class='ocr_line' id='line_1_41' title="bbox 571 2516 2171 2591; baseline 0.003 -19"><span class='ocrx_word' id='word_1_320' title='bbox 571 2518 791 2574; x_wconf 88' lang='lat' dir='ltr'><strong>videret</strong></span> <span class='ocrx_word' id='word_1_321' title='bbox 816 2532 948 2573; x_wconf 90' lang='lat' dir='ltr'><strong>eum</strong></span> <span class='ocrx_word' id='word_1_322' title='bbox 974 2535 987 2585; x_wconf 91' lang='lat'><strong>;</strong></span> <span class='ocrx_word' id='word_1_323' title='bbox 1020 2521 1080 2571; x_wconf 87' lang='lat' dir='ltr'><strong>et</strong></span> <span class='ocrx_word' id='word_1_324' title='bbox 1105 2516 1510 2573; x_wconf 90' lang='lat' dir='ltr'><strong>nuntiaverunt</strong></span> <span class='ocrx_word' id='word_1_325' title='bbox 1550 2519 1780 2591; x_wconf 90' lang='lat' dir='ltr'><strong>quidam</strong></span> <span class='ocrx_word' id='word_1_326' title='bbox 1809 2521 1931 2576; x_wconf 91' lang='lat' dir='ltr'><strong>seni</strong></span> <span class='ocrx_word' id='word_1_327' title='bbox 1974 2521 2045 2576; x_wconf 90' lang='lat' dir='ltr'><strong>de</strong></span> <span class='ocrx_word' id='word_1_328' title='bbox 2075 2522 2171 2577; x_wconf 90' lang='lat' dir='ltr'><strong>ad-</strong></span> 
     </span>
    </p>
   </div>
   <div class='ocr_carea' id='block_1_42' title="bbox 573 2605 2171 2681">
    <p class='ocr_par' dir='ltr' id='par_1_42' title="bbox 573 2605 2171 2681">
     <span class='ocr_line' id='line_1_42' title="bbox 573 2605 2171 2681; baseline 0.003 -19"><span class='ocrx_word' id='word_1_329' title='bbox 573 2613 748 2663; x_wconf 86' lang='lat' dir='ltr'><strong>ventu</strong></span> <span class='ocrx_word' id='word_1_330' title='bbox 775 2607 920 2677; x_wconf 89' lang='lat' dir='ltr'><strong>ejus,</strong></span> <span class='ocrx_word' id='word_1_331' title='bbox 943 2610 1003 2661; x_wconf 91' lang='lat' dir='ltr'><strong>et</strong></span> <span class='ocrx_word' id='word_1_332' title='bbox 1029 2605 1273 2661; x_wconf 85' lang='lat' dir='ltr'><strong>surrexit</strong></span> <span class='ocrx_word' id='word_1_333' title='bbox 1296 2611 1363 2661; x_wconf 91' lang='lat' dir='ltr'><strong>ut</strong></span> <span class='ocrx_word' id='word_1_334' title='bbox 1385 2606 1608 2679; x_wconf 85' lang='lat' dir='ltr'><strong>fugeret</strong></span> <span class='ocrx_word' id='word_1_335' title='bbox 1635 2608 1695 2663; x_wconf 91' lang='lat' dir='ltr'><strong>in</strong></span> <span class='ocrx_word' id='word_1_336' title='bbox 1724 2609 2171 2681; x_wconf 89' lang='lat' dir='ltr'><strong>paludem;etoc-</strong></span> 
     </span>
    </p>
   </div>
   <div class='ocr_carea' id='block_1_43' title="bbox 574 2694 2165 2769">
    <p class='ocr_par' dir='ltr' id='par_1_43' title="bbox 574 2694 2165 2769">
     <span class='ocr_line' id='line_1_43' title="bbox 574 2694 2165 2769; baseline 0.003 -17"><span class='ocrx_word' id='word_1_337' title='bbox 574 2695 755 2752; x_wconf 88' lang='lat' dir='ltr'><strong>currit</strong></span> <span class='ocrx_word' id='word_1_338' title='bbox 807 2695 859 2749; x_wconf 89' lang='lat' dir='ltr'><strong>ei</strong></span> <span class='ocrx_word' id='word_1_339' title='bbox 889 2694 986 2749; x_wconf 90' lang='lat' dir='ltr'><strong>ille</strong></span> <span class='ocrx_word' id='word_1_340' title='bbox 1008 2694 1183 2765; x_wconf 90' lang='lat' dir='ltr'><strong>judex</strong></span> <span class='ocrx_word' id='word_1_341' title='bbox 1200 2710 1329 2749; x_wconf 92' lang='lat' dir='ltr'><strong>cum</strong></span> <span class='ocrx_word' id='word_1_342' title='bbox 1352 2695 1489 2763; x_wconf 89' lang='lat' dir='ltr'><strong>suis,</strong></span> <span class='ocrx_word' id='word_1_343' title='bbox 1522 2701 1579 2751; x_wconf 91' lang='lat' dir='ltr'><strong>et</strong></span> <span class='ocrx_word' id='word_1_344' title='bbox 1606 2697 1973 2769; x_wconf 88' lang='lat' dir='ltr'><strong>interrogavit</strong></span> <span class='ocrx_word' id='word_1_345' title='bbox 2016 2717 2165 2769; x_wconf 90' lang='lat' dir='ltr'><strong>eum,</strong></span> 
     </span>
    </p>
   </div>
   <div class='ocr_carea' id='block_1_44' title="bbox 575 2782 2170 2863">
    <p class='ocr_par' dir='ltr' id='par_1_44' title="bbox 575 2782 2170 2863">
     <span class='ocr_line' id='line_1_44' title="bbox 575 2782 2170 2863; baseline 0.003 -22"><span class='ocrx_word' id='word_1_346' title='bbox 575 2785 765 2841; x_wconf 90' lang='lat' dir='ltr'><strong>dicens</strong></span> <span class='ocrx_word' id='word_1_347' title='bbox 784 2800 798 2839; x_wconf 88' lang='lat'><strong>:</strong></span> <span class='ocrx_word' id='word_1_348' title='bbox 828 2783 929 2839; x_wconf 91' lang='lat' dir='ltr'><strong>Dic</strong></span> <span class='ocrx_word' id='word_1_349' title='bbox 938 2782 1119 2852; x_wconf 91' lang='lat' dir='ltr'><strong>nobis,</strong></span> <span class='ocrx_word' id='word_1_350' title='bbox 1138 2799 1326 2852; x_wconf 82' lang='lat' dir='ltr'><strong>senex,</strong></span> <span class='ocrx_word' id='word_1_351' title='bbox 1348 2783 1445 2839; x_wconf 93' lang='lat' dir='ltr'><strong>ubi</strong></span> <span class='ocrx_word' id='word_1_352' title='bbox 1465 2790 1554 2840; x_wconf 91' lang='lat' dir='ltr'><strong>est</strong></span> <span class='ocrx_word' id='word_1_353' title='bbox 1570 2787 1711 2841; x_wconf 89' lang='lat' dir='ltr'><strong>cella</strong></span> <span class='ocrx_word' id='word_1_354' title='bbox 1728 2787 1947 2843; x_wconf 89' lang='lat' dir='ltr'><strong>abbatis</strong></span> <span class='ocrx_word' id='word_1_355' title='bbox 1964 2789 2170 2863; x_wconf 80' lang='lat' dir='ltr'><strong>Moysi?</strong></span> 
     </span>
    </p>
   </div>
   <div class='ocr_carea' id='block_1_45' title="bbox 574 2870 2172 2946">
    <p class='ocr_par' dir='ltr' id='par_1_45' title="bbox 574 2870 2172 2946">
     <span class='ocr_line' id='line_1_45' title="bbox 574 2870 2172 2946; baseline 0.003 -15"><span class='ocrx_word' id='word_1_356' title='bbox 574 2874 647 2931; x_wconf 88' lang='lat' dir='ltr'><strong>Et</strong></span> <span class='ocrx_word' id='word_1_357' title='bbox 670 2872 808 2928; x_wconf 91' lang='lat' dir='ltr'><strong>dicit</strong></span> <span class='ocrx_word' id='word_1_358' title='bbox 834 2870 947 2927; x_wconf 88' lang='lat' dir='ltr'><strong>eis:</strong></span> <span class='ocrx_word' id='word_1_359' title='bbox 985 2871 1132 2937; x_wconf 87' lang='lat' dir='ltr'><strong>Quid</strong></span> <span class='ocrx_word' id='word_1_360' title='bbox 1152 2872 1321 2928; x_wconf 87' lang='lat' dir='ltr'><strong>vultis</strong></span> <span class='ocrx_word' id='word_1_361' title='bbox 1349 2890 1480 2929; x_wconf 91' lang='lat' dir='ltr'><strong>eum</strong></span> <span class='ocrx_word' id='word_1_362' title='bbox 1500 2874 1825 2946; x_wconf 85' lang='lat' dir='ltr'><strong>inquirere?</strong></span> <span class='ocrx_word' id='word_1_363' title='bbox 1875 2877 2043 2934; x_wconf 89' lang='lat' dir='ltr'><strong>homo</strong></span> <span class='ocrx_word' id='word_1_364' title='bbox 2092 2880 2172 2935; x_wconf 81' lang='lat' dir='ltr'><strong>fa-</strong></span> 
     </span>
    </p>
   </div>
   <div class='ocr_carea' id='block_1_46' title="bbox 572 2961 2169 3036">
    <p class='ocr_par' dir='ltr' id='par_1_46' title="bbox 572 2961 2169 3036">
     <span class='ocr_line' id='line_1_46' title="bbox 572 2961 2169 3036; baseline 0.003 -17"><span class='ocrx_word' id='word_1_365' title='bbox 572 2968 707 3019; x_wconf 87' lang='lat' dir='ltr'><strong>tuus</strong></span> <span class='ocrx_word' id='word_1_366' title='bbox 730 2966 819 3017; x_wconf 90' lang='lat' dir='ltr'><strong>est</strong></span> <span class='ocrx_word' id='word_1_367' title='bbox 844 2966 902 3017; x_wconf 91' lang='lat' dir='ltr'><strong>et</strong></span> <span class='ocrx_word' id='word_1_368' title='bbox 926 2961 1241 3017; x_wconf 59' lang='lat' dir='ltr'><strong>hereticus.</strong></span> <span class='ocrx_word' id='word_1_369' title='bbox 1268 2963 1339 3017; x_wconf 90' lang='lat' dir='ltr'><strong>Et</strong></span> <span class='ocrx_word' id='word_1_370' title='bbox 1354 2963 1585 3019; x_wconf 89' lang='lat' dir='ltr'><strong>veniens</strong></span> <span class='ocrx_word' id='word_1_371' title='bbox 1605 2965 1782 3036; x_wconf 85' lang='lat' dir='ltr'><strong>judex</strong></span> <span class='ocrx_word' id='word_1_372' title='bbox 1795 2966 1866 3021; x_wconf 88' lang='lat' dir='ltr'><strong>ad</strong></span> <span class='ocrx_word' id='word_1_373' title='bbox 1878 2968 2169 3024; x_wconf 88' lang='lat' dir='ltr'><strong>ecclesiam</strong></span> 
     </span>
    </p>
   </div>
   <div class='ocr_carea' id='block_1_47' title="bbox 572 3048 2172 3129">
    <p class='ocr_par' dir='ltr' id='par_1_47' title="bbox 572 3048 2172 3129">
     <span class='ocr_line' id='line_1_47' title="bbox 572 3048 2172 3129; baseline 0.003 -21"><span class='ocrx_word' id='word_1_374' title='bbox 572 3052 714 3109; x_wconf 85' lang='lat' dir='ltr'><strong>dixit</strong></span> <span class='ocrx_word' id='word_1_375' title='bbox 730 3050 983 3107; x_wconf 88' lang='lat' dir='ltr'><strong>clericis:</strong></span> <span class='ocrx_word' id='word_1_376' title='bbox 1013 3048 1134 3121; x_wconf 88' lang='lat' dir='ltr'><strong>Ego</strong></span> <span class='ocrx_word' id='word_1_377' title='bbox 1162 3051 1398 3107; x_wconf 90' lang='lat' dir='ltr'><strong>audiens</strong></span> <span class='ocrx_word' id='word_1_378' title='bbox 1417 3052 1488 3107; x_wconf 92' lang='lat' dir='ltr'><strong>de</strong></span> <span class='ocrx_word' id='word_1_379' title='bbox 1514 3052 1715 3110; x_wconf 88' lang='lat' dir='ltr'><strong>abbate</strong></span> <span class='ocrx_word' id='word_1_380' title='bbox 1743 3056 1953 3129; x_wconf 85' lang='lat' dir='ltr'><strong>Moyse,</strong></span> <span class='ocrx_word' id='word_1_381' title='bbox 1968 3058 2096 3117; x_wconf 88' lang='lat' dir='ltr'><strong>veni</strong></span> <span class='ocrx_word' id='word_1_382' title='bbox 2106 3063 2172 3114; x_wconf 88' lang='lat' dir='ltr'><strong>ut</strong></span> 
     </span>
    </p>
   </div>
   <div class='ocr_carea' id='block_1_48' title="bbox 2330 1886 3847 1963">
    <p class='ocr_par' dir='ltr' id='par_1_48' title="bbox 2330 1886 3847 1963">
     <span class='ocr_line' id='line_1_48' title="bbox 2330 1886 3847 1963; baseline -0.005 -14"><span class='ocrx_word' id='word_1_383' title='bbox 2330 1895 2417 1951; x_wconf 76' lang='grc'><strong>15.</strong></span> <span class='ocrx_word' id='word_1_384' title='bbox 2447 1893 2616 1948; x_wconf 89' lang='lat' dir='ltr'><strong>Venit</strong></span> <span class='ocrx_word' id='word_1_385' title='bbox 2641 1890 2947 1963; x_wconf 89' lang='lat' dir='ltr'><strong>aliquando</strong></span> <span class='ocrx_word' id='word_1_386' title='bbox 2974 1889 3147 1945; x_wconf 89' lang='lat' dir='ltr'><strong>abbas</strong></span> <span class='ocrx_word' id='word_1_387' title='bbox 3162 1887 3594 1961; x_wconf 81' lang='lat' dir='ltr'><strong>Adelphius,qui</strong></span> <span class='ocrx_word' id='word_1_388' title='bbox 3618 1886 3847 1959; x_wconf 76' lang='lat' dir='ltr'><strong>fuitepi-</strong></span> 
     </span>
    </p>
   </div>
   <div class='ocr_carea' id='block_1_49' title="bbox 2256 1977 3850 2055">
    <p class='ocr_par' dir='ltr' id='par_1_49' title="bbox 2256 1977 3850 2055">
     <span class='ocr_line' id='line_1_49' title="bbox 2256 1977 3850 2055; baseline -0.005 -17"><span class='ocrx_word' id='word_1_389' title='bbox 2256 1999 2458 2055; x_wconf 88' lang='lat' dir='ltr'><strong>scopus</strong></span> <span class='ocrx_word' id='word_1_390' title='bbox 2484 1982 2824 2053; x_wconf 89' lang='lat' dir='ltr'><strong>Nilopoleos,</strong></span> <span class='ocrx_word' id='word_1_391' title='bbox 2850 1980 2923 2035; x_wconf 86' lang='lat' dir='ltr'><strong>ad</strong></span> <span class='ocrx_word' id='word_1_392' title='bbox 2948 1978 3211 2033; x_wconf 89' lang='lat' dir='ltr'><strong>abbatem</strong></span> <span class='ocrx_word' id='word_1_393' title='bbox 3242 1977 3386 2033; x_wconf 89' lang='lat' dir='ltr'><strong>Sisoi</strong></span> <span class='ocrx_word' id='word_1_394' title='bbox 3412 1977 3471 2032; x_wconf 92' lang='lat' dir='ltr'><strong>in</strong></span> <span class='ocrx_word' id='word_1_395' title='bbox 3501 1980 3774 2045; x_wconf 87' lang='lat' dir='ltr'><strong>montem;</strong></span> <span class='ocrx_word' id='word_1_396' title='bbox 3792 1981 3850 2030; x_wconf 87' lang='lat' dir='ltr'><strong>et</strong></span> 
     </span>
    </p>
   </div>
   <div class='ocr_carea' id='block_1_50' title="bbox 2257 2068 3849 2144">
    <p class='ocr_par' dir='ltr' id='par_1_50' title="bbox 2257 2068 3849 2144">
     <span class='ocr_line' id='line_1_50' title="bbox 2257 2068 3849 2144; baseline -0.005 -17"><span class='ocrx_word' id='word_1_397' title='bbox 2257 2072 2390 2144; x_wconf 87' lang='lat' dir='ltr'><strong>quia</strong></span> <span class='ocrx_word' id='word_1_398' title='bbox 2408 2072 2757 2126; x_wconf 88' lang='lat' dir='ltr'><strong>discessurus</strong></span> <span class='ocrx_word' id='word_1_399' title='bbox 2783 2074 2925 2137; x_wconf 87' lang='lat' dir='ltr'><strong>erat,</strong></span> <span class='ocrx_word' id='word_1_400' title='bbox 2955 2068 3086 2123; x_wconf 86' lang='lat' dir='ltr'><strong>fecit</strong></span> <span class='ocrx_word' id='word_1_401' title='bbox 3112 2084 3208 2123; x_wconf 90' lang='lat' dir='ltr'><strong>eos</strong></span> <span class='ocrx_word' id='word_1_402' title='bbox 3225 2071 3453 2139; x_wconf 88' lang='lat' dir='ltr'><strong>gustare</strong></span> <span class='ocrx_word' id='word_1_403' title='bbox 3483 2083 3518 2121; x_wconf 91' lang='lat' dir='ltr'><strong>a</strong></span> <span class='ocrx_word' id='word_1_404' title='bbox 3533 2072 3849 2135; x_wconf 86' lang='lat' dir='ltr'><strong>mane,erat</strong></span> 
     </span>
    </p>
   </div>
   <div class='ocr_carea' id='block_1_51' title="bbox 2254 2155 3853 2233">
    <p class='ocr_par' dir='ltr' id='par_1_51' title="bbox 2254 2155 3853 2233">
     <span class='ocr_line' id='line_1_51' title="bbox 2254 2155 3853 2233; baseline -0.004 -18"><span class='ocrx_word' id='word_1_405' title='bbox 2254 2178 2384 2216; x_wconf 89' lang='lat' dir='ltr'><strong>vero</strong></span> <span class='ocrx_word' id='word_1_406' title='bbox 2400 2160 2681 2233; x_wconf 88' lang='lat' dir='ltr'><strong>jejunium</strong></span> <span class='ocrx_word' id='word_1_407' title='bbox 2710 2180 2724 2229; x_wconf 90' lang='lat'><strong>;</strong></span> <span class='ocrx_word' id='word_1_408' title='bbox 2752 2165 2810 2215; x_wconf 92' lang='lat' dir='ltr'><strong>et</strong></span> <span class='ocrx_word' id='word_1_409' title='bbox 2836 2175 2965 2215; x_wconf 89' lang='lat' dir='ltr'><strong>cum</strong></span> <span class='ocrx_word' id='word_1_410' title='bbox 2984 2161 3258 2230; x_wconf 90' lang='lat' dir='ltr'><strong>ponerent</strong></span> <span class='ocrx_word' id='word_1_411' title='bbox 3285 2172 3558 2222; x_wconf 90' lang='lat' dir='ltr'><strong>mensam,</strong></span> <span class='ocrx_word' id='word_1_412' title='bbox 3586 2172 3717 2211; x_wconf 89' lang='lat' dir='ltr'><strong>ecce</strong></span> <span class='ocrx_word' id='word_1_413' title='bbox 3745 2155 3853 2210; x_wconf 84' lang='lat' dir='ltr'><strong>fra-</strong></span> 
     </span>
    </p>
   </div>
   <div class='ocr_carea' id='block_1_52' title="bbox 2252 2244 3843 2322">
    <p class='ocr_par' dir='ltr' id='par_1_52' title="bbox 2252 2244 3843 2322">
     <span class='ocr_line' id='line_1_52' title="bbox 2252 2244 3843 2322; baseline -0.004 -17"><span class='ocrx_word' id='word_1_414' title='bbox 2252 2256 2369 2306; x_wconf 88' lang='lat' dir='ltr'><strong>tres</strong></span> <span class='ocrx_word' id='word_1_415' title='bbox 2387 2251 2769 2322; x_wconf 89' lang='lat' dir='ltr'><strong>pulsaverunt.</strong></span> <span class='ocrx_word' id='word_1_416' title='bbox 2802 2248 2955 2306; x_wconf 85' lang='lat' dir='ltr'><strong>Dixit</strong></span> <span class='ocrx_word' id='word_1_417' title='bbox 2980 2252 3170 2302; x_wconf 89' lang='lat' dir='ltr'><strong>autem</strong></span> <span class='ocrx_word' id='word_1_418' title='bbox 3196 2262 3368 2301; x_wconf 89' lang='lat' dir='ltr'><strong>senex</strong></span> <span class='ocrx_word' id='word_1_419' title='bbox 3389 2244 3665 2316; x_wconf 88' lang='lat' dir='ltr'><strong>discipulo</strong></span> <span class='ocrx_word' id='word_1_420' title='bbox 3695 2260 3800 2299; x_wconf 90' lang='lat' dir='ltr'><strong>suo</strong></span> <span class='ocrx_word' id='word_1_421' title='bbox 3828 2262 3843 2297; x_wconf 90' lang='lat'><strong>:</strong></span> 
     </span>
    </p>
   </div>
   <div class='ocr_carea' id='block_1_53' title="bbox 2252 2334 3849 2411">
    <p class='ocr_par' dir='ltr' id='par_1_53' title="bbox 2252 2334 3849 2411">
     <span class='ocr_line' id='line_1_53' title="bbox 2252 2334 3849 2411; baseline -0.004 -15"><span class='ocrx_word' id='word_1_422' title='bbox 2252 2340 2339 2395; x_wconf 91' lang='lat' dir='ltr'><strong>Da</strong></span> <span class='ocrx_word' id='word_1_423' title='bbox 2356 2340 2437 2395; x_wconf 90' lang='lat' dir='ltr'><strong>eis</strong></span> <span class='ocrx_word' id='word_1_424' title='bbox 2462 2340 2710 2395; x_wconf 89' lang='lat' dir='ltr'><strong>modicas</strong></span> <span class='ocrx_word' id='word_1_425' title='bbox 2723 2338 2990 2411; x_wconf 85' lang='lat' dir='ltr'><strong>zippulas,</strong></span> <span class='ocrx_word' id='word_1_426' title='bbox 3016 2337 3152 2409; x_wconf 90' lang='lat' dir='ltr'><strong>quia</strong></span> <span class='ocrx_word' id='word_1_427' title='bbox 3175 2336 3246 2392; x_wconf 93' lang='lat' dir='ltr'><strong>de</strong></span> <span class='ocrx_word' id='word_1_428' title='bbox 3272 2335 3465 2391; x_wconf 81' lang='lat' dir='ltr'><strong>labore</strong></span> <span class='ocrx_word' id='word_1_429' title='bbox 3484 2340 3639 2391; x_wconf 88' lang='lat' dir='ltr'><strong>sunt.</strong></span> <span class='ocrx_word' id='word_1_430' title='bbox 3671 2334 3746 2389; x_wconf 87' lang='lat' dir='ltr'><strong>Et</strong></span> <span class='ocrx_word' id='word_1_431' title='bbox 3762 2334 3849 2390; x_wconf 86' lang='lat' dir='ltr'><strong>di-</strong></span> 
     </span>
    </p>
   </div>
   <div class='ocr_carea' id='block_1_54' title="bbox 2252 2423 3842 2499">
    <p class='ocr_par' dir='ltr' id='par_1_54' title="bbox 2252 2423 3842 2499">
     <span class='ocr_line' id='line_1_54' title="bbox 2252 2423 3842 2499; baseline -0.004 -16"><span class='ocrx_word' id='word_1_432' title='bbox 2252 2429 2331 2483; x_wconf 91' lang='lat' dir='ltr'><strong>cit</strong></span> <span class='ocrx_word' id='word_1_433' title='bbox 2347 2429 2400 2484; x_wconf 90' lang='lat' dir='ltr'><strong>ei</strong></span> <span class='ocrx_word' id='word_1_434' title='bbox 2426 2428 2599 2485; x_wconf 88' lang='lat' dir='ltr'><strong>abbas</strong></span> <span class='ocrx_word' id='word_1_435' title='bbox 2632 2427 2966 2499; x_wconf 79' lang='lat' dir='ltr'><strong>Adelphius:</strong></span> <span class='ocrx_word' id='word_1_436' title='bbox 2992 2426 3225 2482; x_wconf 84' lang='lat' dir='ltr'><strong>Dimitte</strong></span> <span class='ocrx_word' id='word_1_437' title='bbox 3252 2424 3498 2491; x_wconf 77' lang='lat' dir='ltr'><strong>interim,</strong></span> <span class='ocrx_word' id='word_1_438' title='bbox 3527 2439 3601 2479; x_wconf 92' lang='lat' dir='ltr'><strong>ne</strong></span> <span class='ocrx_word' id='word_1_439' title='bbox 3630 2423 3842 2478; x_wconf 84' lang='lat' dir='ltr'><strong>dicant:</strong></span> 
     </span>
    </p>
   </div>
   <div class='ocr_carea' id='block_1_55' title="bbox 2252 2513 3844 2584">
    <p class='ocr_par' dir='ltr' id='par_1_55' title="bbox 2252 2513 3844 2584">
     <span class='ocr_line' id='line_1_55' title="bbox 2252 2513 3844 2584; baseline -0.004 -10"><span class='ocrx_word' id='word_1_440' title='bbox 2252 2518 2393 2584; x_wconf 89' lang='lat' dir='ltr'><strong>Quia</strong></span> <span class='ocrx_word' id='word_1_441' title='bbox 2423 2517 2594 2573; x_wconf 89' lang='lat' dir='ltr'><strong>abbas</strong></span> <span class='ocrx_word' id='word_1_442' title='bbox 2626 2517 2800 2573; x_wconf 89' lang='lat' dir='ltr'><strong>Sisois</strong></span> <span class='ocrx_word' id='word_1_443' title='bbox 2828 2534 2864 2571; x_wconf 93' lang='lat' dir='ltr'><strong>a</strong></span> <span class='ocrx_word' id='word_1_444' title='bbox 2882 2532 3050 2571; x_wconf 90' lang='lat' dir='ltr'><strong>mane</strong></span> <span class='ocrx_word' id='word_1_445' title='bbox 3072 2515 3331 2571; x_wconf 84' lang='lat' dir='ltr'><strong>comedit.</strong></span> <span class='ocrx_word' id='word_1_446' title='bbox 3360 2515 3431 2569; x_wconf 90' lang='lat' dir='ltr'><strong>Et</strong></span> <span class='ocrx_word' id='word_1_447' title='bbox 3449 2513 3702 2569; x_wconf 75' lang='lat' dir='ltr'><strong>intendit</strong></span> <span class='ocrx_word' id='word_1_448' title='bbox 3715 2528 3844 2568; x_wconf 87' lang='lat' dir='ltr'><strong>eum</strong></span> 
     </span>
    </p>
   </div>
   <div class='ocr_carea' id='block_1_56' title="bbox 2253 2603 3845 2676">
    <p class='ocr_par' dir='ltr' id='par_1_56' title="bbox 2253 2603 3845 2676">
     <span class='ocr_line' id='line_1_56' title="bbox 2253 2603 3845 2676; baseline -0.004 -13"><span class='ocrx_word' id='word_1_449' title='bbox 2253 2624 2443 2676; x_wconf 89' lang='lat' dir='ltr'><strong>senex,</strong></span> <span class='ocrx_word' id='word_1_450' title='bbox 2473 2612 2531 2663; x_wconf 89' lang='lat' dir='ltr'><strong>et</strong></span> <span class='ocrx_word' id='word_1_451' title='bbox 2554 2607 2695 2662; x_wconf 83' lang='lat' dir='ltr'><strong>dixit</strong></span> <span class='ocrx_word' id='word_1_452' title='bbox 2712 2606 2903 2662; x_wconf 83' lang='lat' dir='ltr'><strong>fratri:</strong></span> <span class='ocrx_word' id='word_1_453' title='bbox 2935 2605 3089 2661; x_wconf 88' lang='lat' dir='ltr'><strong>Vade</strong></span> <span class='ocrx_word' id='word_1_454' title='bbox 3117 2611 3201 2673; x_wconf 87' lang='lat' dir='ltr'><strong>tu,</strong></span> <span class='ocrx_word' id='word_1_455' title='bbox 3223 2604 3297 2658; x_wconf 90' lang='lat' dir='ltr'><strong>da</strong></span> <span class='ocrx_word' id='word_1_456' title='bbox 3316 2603 3414 2660; x_wconf 88' lang='lat' dir='ltr'><strong>eis.</strong></span> <span class='ocrx_word' id='word_1_457' title='bbox 3447 2604 3589 2658; x_wconf 90' lang='lat' dir='ltr'><strong>Cum</strong></span> <span class='ocrx_word' id='word_1_458' title='bbox 3617 2603 3845 2674; x_wconf 83' lang='lat' dir='ltr'><strong>ergavi-</strong></span> 
     </span>
    </p>
   </div>
   <div class='ocr_carea' id='block_1_57' title="bbox 2254 2692 3848 2769">
    <p class='ocr_par' dir='ltr' id='par_1_57' title="bbox 2254 2692 3848 2769">
     <span class='ocr_line' id='line_1_57' title="bbox 2254 2692 3848 2769; baseline -0.004 -17"><span class='ocrx_word' id='word_1_459' title='bbox 2254 2698 2472 2752; x_wconf 89' lang='lat' dir='ltr'><strong>dissent</strong></span> <span class='ocrx_word' id='word_1_460' title='bbox 2490 2696 2992 2769; x_wconf 85' lang='lat' dir='ltr'><strong>pultes,dixerunt:</strong></span> <span class='ocrx_word' id='word_1_461' title='bbox 3020 2696 3105 2749; x_wconf 92' lang='lat' dir='ltr'><strong>Ne</strong></span> <span class='ocrx_word' id='word_1_462' title='bbox 3132 2692 3456 2766; x_wconf 86' lang='lat' dir='ltr'><strong>peregrinos</strong></span> <span class='ocrx_word' id='word_1_463' title='bbox 3493 2692 3722 2763; x_wconf 82' lang='lat' dir='ltr'><strong>aliquos</strong></span> <span class='ocrx_word' id='word_1_464' title='bbox 3748 2693 3848 2747; x_wconf 79' lang='lat' dir='ltr'><strong>ha-</strong></span> 
     </span>
    </p>
   </div>
   <div class='ocr_carea' id='block_1_58' title="bbox 2253 2780 3844 2842">
    <p class='ocr_par' dir='ltr' id='par_1_58' title="bbox 2253 2780 3844 2842">
     <span class='ocr_line' id='line_1_58' title="bbox 2253 2780 3844 2842; baseline -0.004 -1"><span class='ocrx_word' id='word_1_465' title='bbox 2253 2786 2424 2842; x_wconf 91' lang='lat' dir='ltr'><strong>betis?</strong></span> <span class='ocrx_word' id='word_1_466' title='bbox 2446 2786 2624 2842; x_wconf 90' lang='lat' dir='ltr'><strong>Putas</strong></span> <span class='ocrx_word' id='word_1_467' title='bbox 2655 2791 2713 2841; x_wconf 90' lang='lat' dir='ltr'><strong>et</strong></span> <span class='ocrx_word' id='word_1_468' title='bbox 2736 2800 2908 2841; x_wconf 85' lang='lat' dir='ltr'><strong>senex</strong></span> <span class='ocrx_word' id='word_1_469' title='bbox 2935 2783 3219 2839; x_wconf 90' lang='lat' dir='ltr'><strong>vobiscum</strong></span> <span class='ocrx_word' id='word_1_470' title='bbox 3236 2781 3503 2838; x_wconf 82' lang='lat' dir='ltr'><strong>comedit?</strong></span> <span class='ocrx_word' id='word_1_471' title='bbox 3516 2780 3592 2835; x_wconf 90' lang='lat' dir='ltr'><strong>Et</strong></span> <span class='ocrx_word' id='word_1_472' title='bbox 3620 2781 3803 2836; x_wconf 88' lang='lat' dir='ltr'><strong>frater</strong></span> <span class='ocrx_word' id='word_1_473' title='bbox 3831 2801 3844 2834; x_wconf 89' lang='lat'><strong>:</strong></span> 
     </span>
    </p>
   </div>
   <div class='ocr_carea' id='block_1_59' title="bbox 2251 2870 3847 2948">
    <p class='ocr_par' dir='ltr' id='par_1_59' title="bbox 2251 2870 3847 2948">
     <span class='ocr_line' id='line_1_59' title="bbox 2251 2870 3847 2948; baseline -0.005 -17"><span class='ocrx_word' id='word_1_474' title='bbox 2251 2875 2455 2931; x_wconf 86' lang='lat' dir='ltr'><strong>Etiam.</strong></span> <span class='ocrx_word' id='word_1_475' title='bbox 2489 2876 2793 2948; x_wconf 74' lang='lat' dir='ltr'><strong>Coeperunt</strong></span> <span class='ocrx_word' id='word_1_476' title='bbox 2823 2890 2957 2945; x_wconf 90' lang='lat' dir='ltr'><strong>ergo</strong></span> <span class='ocrx_word' id='word_1_477' title='bbox 2979 2872 3300 2928; x_wconf 89' lang='lat' dir='ltr'><strong>contristari</strong></span> <span class='ocrx_word' id='word_1_478' title='bbox 3329 2876 3388 2926; x_wconf 92' lang='lat' dir='ltr'><strong>et</strong></span> <span class='ocrx_word' id='word_1_479' title='bbox 3413 2870 3601 2925; x_wconf 88' lang='lat' dir='ltr'><strong>dicere</strong></span> <span class='ocrx_word' id='word_1_480' title='bbox 3631 2890 3647 2925; x_wconf 93' lang='lat'><strong>:</strong></span> <span class='ocrx_word' id='word_1_481' title='bbox 3679 2872 3847 2942; x_wconf 85' lang='lat' dir='ltr'><strong>Igno-</strong></span> 
     </span>
    </p>
   </div>
   <div class='ocr_carea' id='block_1_60' title="bbox 2250 2959 3847 3035">
    <p class='ocr_par' dir='ltr' id='par_1_60' title="bbox 2250 2959 3847 3035">
     <span class='ocr_line' id='line_1_60' title="bbox 2250 2959 3847 3035; baseline -0.004 -15"><span class='ocrx_word' id='word_1_482' title='bbox 2250 2970 2371 3019; x_wconf 87' lang='lat' dir='ltr'><strong>scat</strong></span> <span class='ocrx_word' id='word_1_483' title='bbox 2410 2964 2565 3020; x_wconf 90' lang='lat' dir='ltr'><strong>vobis</strong></span> <span class='ocrx_word' id='word_1_484' title='bbox 2596 2965 2765 3032; x_wconf 90' lang='lat' dir='ltr'><strong>Deus,</strong></span> <span class='ocrx_word' id='word_1_485' title='bbox 2798 2962 2931 3035; x_wconf 88' lang='lat' dir='ltr'><strong>quia</strong></span> <span class='ocrx_word' id='word_1_486' title='bbox 2956 2978 3149 3017; x_wconf 89' lang='lat' dir='ltr'><strong>senem</strong></span> <span class='ocrx_word' id='word_1_487' title='bbox 3186 2959 3520 3033; x_wconf 88' lang='lat' dir='ltr'><strong>permisistis</strong></span> <span class='ocrx_word' id='word_1_488' title='bbox 3549 2959 3666 3015; x_wconf 84' lang='lat' dir='ltr'><strong>ista</strong></span> <span class='ocrx_word' id='word_1_489' title='bbox 3710 2960 3847 3014; x_wconf 81' lang='lat' dir='ltr'><strong>hora</strong></span> 
     </span>
    </p>
   </div>
   <div class='ocr_carea' id='block_1_61' title="bbox 2249 3048 3847 3123">
    <p class='ocr_par' dir='ltr' id='par_1_61' title="bbox 2249 3048 3847 3123">
     <span class='ocr_line' id='line_1_61' title="bbox 2249 3048 3847 3123; baseline -0.004 -13"><span class='ocrx_word' id='word_1_490' title='bbox 2249 3054 2591 3110; x_wconf 86' lang='lat' dir='ltr'><strong>manducare</strong></span> <span class='ocrx_word' id='word_1_491' title='bbox 2616 3072 2629 3109; x_wconf 87' lang='lat'><strong>:</strong></span> <span class='ocrx_word' id='word_1_492' title='bbox 2661 3069 2736 3108; x_wconf 91' lang='lat' dir='ltr'><strong>an</strong></span> <span class='ocrx_word' id='word_1_493' title='bbox 2752 3052 2982 3108; x_wconf 82' lang='lat' dir='ltr'><strong>nescitis</strong></span> <span class='ocrx_word' id='word_1_494' title='bbox 2993 3050 3126 3123; x_wconf 89' lang='lat' dir='ltr'><strong>quia</strong></span> <span class='ocrx_word' id='word_1_495' title='bbox 3141 3050 3413 3123; x_wconf 90' lang='lat' dir='ltr'><strong>plurimos</strong></span> <span class='ocrx_word' id='word_1_496' title='bbox 3431 3048 3552 3104; x_wconf 89' lang='lat' dir='ltr'><strong>dies</strong></span> <span class='ocrx_word' id='word_1_497' title='bbox 3562 3048 3847 3104; x_wconf 83' lang='lat' dir='ltr'><strong>laboratu-</strong></span> 
     </span>
    </p>
   </div>
   <div class='ocr_carea' id='block_1_62' title="bbox 569 3139 3838 3218">
    <p class='ocr_par' dir='ltr' id='par_1_62' title="bbox 569 3139 3838 3218">
     <span class='ocr_line' id='line_1_62' title="bbox 569 3139 3838 3218; baseline -0.002 -20"><span class='ocrx_word' id='word_1_498' title='bbox 569 3142 820 3198; x_wconf 89' lang='lat' dir='ltr'><strong>viderem</strong></span> <span class='ocrx_word' id='word_1_499' title='bbox 844 3145 1060 3209; x_wconf 85' lang='lat' dir='ltr'><strong>eum;et</strong></span> <span class='ocrx_word' id='word_1_500' title='bbox 1069 3156 1194 3195; x_wconf 86' lang='lat' dir='ltr'><strong>ecce</strong></span> <span class='ocrx_word' id='word_1_501' title='bbox 1209 3142 1452 3197; x_wconf 88' lang='lat' dir='ltr'><strong>occurrit</strong></span> <span class='ocrx_word' id='word_1_502' title='bbox 1466 3141 1628 3199; x_wconf 90' lang='lat' dir='ltr'><strong>nobis</strong></span> <span class='ocrx_word' id='word_1_503' title='bbox 1653 3160 1822 3201; x_wconf 88' lang='lat' dir='ltr'><strong>senex</strong></span> <span class='ocrx_word' id='word_1_504' title='bbox 1840 3162 2082 3218; x_wconf 87' lang='lat' dir='ltr'><strong>pergens</strong></span> <span class='ocrx_word' id='word_1_505' title='bbox 2109 3147 2169 3202; x_wconf 90' lang='lat' dir='ltr'><strong>in</strong></span> <span class='ocrx_word' id='word_1_506' title='bbox 2187 3152 2232 3213; x_wconf 81' lang='grc' dir='ltr'><strong>Ο</strong></span> <span class='ocrx_word' id='word_1_507' title='bbox 2249 3160 2347 3199; x_wconf 89' lang='lat' dir='ltr'><strong>rus</strong></span> <span class='ocrx_word' id='word_1_508' title='bbox 2377 3143 2503 3199; x_wconf 90' lang='lat' dir='ltr'><strong>est?</strong></span> <span class='ocrx_word' id='word_1_509' title='bbox 2524 3143 2773 3198; x_wconf 85' lang='lat' dir='ltr'><strong>Audiens</strong></span> <span class='ocrx_word' id='word_1_510' title='bbox 2796 3142 2914 3196; x_wconf 77' lang='lat' dir='ltr'><strong>haec</strong></span> <span class='ocrx_word' id='word_1_511' title='bbox 2942 3141 3254 3213; x_wconf 82' lang='lat' dir='ltr'><strong>episc0pus,</strong></span> <span class='ocrx_word' id='word_1_512' title='bbox 3285 3139 3454 3210; x_wconf 78' lang='lat' dir='ltr'><strong>ccepit</strong></span> <span class='ocrx_word' id='word_1_513' title='bbox 3479 3154 3679 3194; x_wconf 87' lang='lat' dir='ltr'><strong>coram</strong></span> <span class='ocrx_word' id='word_1_514' title='bbox 3705 3155 3838 3194; x_wconf 88' lang='lat' dir='ltr'><strong>sene</strong></span> 
     </span>
    </p>
   </div>
   <div class='ocr_carea' id='block_1_63' title="bbox 570 3230 2170 3305">
    <p class='ocr_par' dir='ltr' id='par_1_63' title="bbox 570 3230 2170 3305">
     <span class='ocr_line' id='line_1_63' title="bbox 570 3230 2170 3305; baseline 0.004 -18"><span class='ocrx_word' id='word_1_515' title='bbox 570 3231 907 3305; x_wconf 69' lang='lat' dir='ltr'><strong>Egyptum’,</strong></span> <span class='ocrx_word' id='word_1_516' title='bbox 941 3236 1000 3286; x_wconf 93' lang='lat' dir='ltr'><strong>et</strong></span> <span class='ocrx_word' id='word_1_517' title='bbox 1049 3230 1521 3304; x_wconf 85' lang='lat' dir='ltr'><strong>interrogavimus</strong></span> <span class='ocrx_word' id='word_1_518' title='bbox 1572 3250 1702 3291; x_wconf 90' lang='lat' dir='ltr'><strong>eum</strong></span> <span class='ocrx_word' id='word_1_519' title='bbox 1726 3235 1823 3291; x_wconf 93' lang='lat' dir='ltr'><strong>ubi</strong></span> <span class='ocrx_word' id='word_1_520' title='bbox 1853 3242 2001 3291; x_wconf 90' lang='lat' dir='ltr'><strong>esset</strong></span> <span class='ocrx_word' id='word_1_521' title='bbox 2029 3238 2170 3294; x_wconf 90' lang='lat' dir='ltr'><strong>cella</strong></span> 
     </span>
    </p>
   </div>
   <div class='ocr_carea' id='block_1_64' title="bbox 569 3320 2167 3398">
    <p class='ocr_par' dir='ltr' id='par_1_64' title="bbox 569 3320 2167 3398">
     <span class='ocr_line' id='line_1_64' title="bbox 569 3320 2167 3398; baseline 0.004 -22"><span class='ocrx_word' id='word_1_522' title='bbox 569 3320 790 3377; x_wconf 89' lang='lat' dir='ltr'><strong>abbatis</strong></span> <span class='ocrx_word' id='word_1_523' title='bbox 820 3320 1022 3394; x_wconf 86' lang='lat' dir='ltr'><strong>Moysi,</strong></span> <span class='ocrx_word' id='word_1_524' title='bbox 1047 3326 1105 3376; x_wconf 91' lang='lat' dir='ltr'><strong>et</strong></span> <span class='ocrx_word' id='word_1_525' title='bbox 1123 3321 1265 3376; x_wconf 88' lang='lat' dir='ltr'><strong>dixit</strong></span> <span class='ocrx_word' id='word_1_526' title='bbox 1283 3320 1444 3378; x_wconf 89' lang='lat' dir='ltr'><strong>nobis</strong></span> <span class='ocrx_word' id='word_1_527' title='bbox 1491 3342 1505 3378; x_wconf 88' lang='lat'><strong>:</strong></span> <span class='ocrx_word' id='word_1_528' title='bbox 1562 3323 1707 3389; x_wconf 91' lang='lat' dir='ltr'><strong>Quid</strong></span> <span class='ocrx_word' id='word_1_529' title='bbox 1731 3341 1862 3381; x_wconf 91' lang='lat' dir='ltr'><strong>eum</strong></span> <span class='ocrx_word' id='word_1_530' title='bbox 1880 3327 2167 3398; x_wconf 80' lang='lat' dir='ltr'><strong>quaeritis?</strong></span> 
     </span>
    </p>
   </div>
   <div class='ocr_carea' id='block_1_65' title="bbox 567 3410 2165 3485">
    <p class='ocr_par' dir='ltr' id='par_1_65' title="bbox 567 3410 2165 3485">
     <span class='ocr_line' id='line_1_65' title="bbox 567 3410 2165 3485; baseline 0.004 -19"><span class='ocrx_word' id='word_1_531' title='bbox 567 3411 759 3467; x_wconf 88' lang='lat' dir='ltr'><strong>fatuus</strong></span> <span class='ocrx_word' id='word_1_532' title='bbox 784 3415 889 3478; x_wconf 91' lang='lat' dir='ltr'><strong>est,</strong></span> <span class='ocrx_word' id='word_1_533' title='bbox 919 3416 978 3465; x_wconf 89' lang='lat' dir='ltr'><strong>et</strong></span> <span class='ocrx_word' id='word_1_534' title='bbox 999 3410 1316 3468; x_wconf 71' lang='lat' dir='ltr'><strong>haereticus.</strong></span> <span class='ocrx_word' id='word_1_535' title='bbox 1366 3411 1674 3469; x_wconf 84' lang='lat' dir='ltr'><strong>Audientes</strong></span> <span class='ocrx_word' id='word_1_536' title='bbox 1713 3419 1905 3470; x_wconf 87' lang='lat' dir='ltr'><strong>autem</strong></span> <span class='ocrx_word' id='word_1_537' title='bbox 1957 3417 2165 3485; x_wconf 87' lang='lat' dir='ltr'><strong>clerici,</strong></span> 
     </span>
    </p>
   </div>
   <div class='ocr_carea' id='block_1_66' title="bbox 536 3499 2167 3579">
    <p class='ocr_par' dir='ltr' id='par_1_66' title="bbox 536 3499 2167 3579">
     <span class='ocr_line' id='line_1_66' title="bbox 536 3499 2167 3579; baseline 0.004 -24"><span class='ocrx_word' id='word_1_538' title='bbox 536 3527 545 3533; x_wconf 88' lang='lat'><strong>-</strong></span> <span class='ocrx_word' id='word_1_539' title='bbox 568 3499 885 3557; x_wconf 85' lang='lat' dir='ltr'><strong>contristati</strong></span> <span class='ocrx_word' id='word_1_540' title='bbox 912 3505 1064 3567; x_wconf 88' lang='lat' dir='ltr'><strong>sunt,</strong></span> <span class='ocrx_word' id='word_1_541' title='bbox 1097 3500 1355 3556; x_wconf 84' lang='lat' dir='ltr'><strong>dicentes</strong></span> <span class='ocrx_word' id='word_1_542' title='bbox 1381 3520 1394 3556; x_wconf 91' lang='lat'><strong>:</strong></span> <span class='ocrx_word' id='word_1_543' title='bbox 1423 3501 1616 3567; x_wconf 89' lang='lat' dir='ltr'><strong>Qualis</strong></span> <span class='ocrx_word' id='word_1_544' title='bbox 1643 3508 1730 3559; x_wconf 90' lang='lat' dir='ltr'><strong>est</strong></span> <span class='ocrx_word' id='word_1_545' title='bbox 1757 3520 1925 3559; x_wconf 88' lang='lat' dir='ltr'><strong>senex</strong></span> <span class='ocrx_word' id='word_1_546' title='bbox 1947 3504 2167 3579; x_wconf 91' lang='lat' dir='ltr'><strong>ille,qui</strong></span> 
     </span>
    </p>
   </div>
   <div class='ocr_carea' id='block_1_67' title="bbox 567 3589 2166 3651">
    <p class='ocr_par' dir='ltr' id='par_1_67' title="bbox 567 3589 2166 3651">
     <span class='ocr_line' id='line_1_67' title="bbox 567 3589 2166 3651; baseline 0.004 -5"><span class='ocrx_word' id='word_1_547' title='bbox 567 3590 687 3646; x_wconf 67' lang='lat' dir='ltr'><strong>haec</strong></span> <span class='ocrx_word' id='word_1_548' title='bbox 712 3589 783 3645; x_wconf 91' lang='lat' dir='ltr'><strong>de</strong></span> <span class='ocrx_word' id='word_1_549' title='bbox 808 3595 1002 3645; x_wconf 88' lang='lat' dir='ltr'><strong>sancto</strong></span> <span class='ocrx_word' id='word_1_550' title='bbox 1023 3589 1251 3645; x_wconf 92' lang='lat' dir='ltr'><strong>homine</strong></span> <span class='ocrx_word' id='word_1_551' title='bbox 1277 3591 1496 3647; x_wconf 87' lang='lat' dir='ltr'><strong>locutus</strong></span> <span class='ocrx_word' id='word_1_552' title='bbox 1516 3597 1603 3647; x_wconf 89' lang='lat' dir='ltr'><strong>est</strong></span> <span class='ocrx_word' id='word_1_553' title='bbox 1630 3592 1701 3647; x_wconf 91' lang='lat' dir='ltr'><strong>ad</strong></span> <span class='ocrx_word' id='word_1_554' title='bbox 1728 3609 1825 3649; x_wconf 90' lang='lat' dir='ltr'><strong>vos</strong></span> <span class='ocrx_word' id='word_1_555' title='bbox 1847 3594 1957 3650; x_wconf 91' lang='lat' dir='ltr'><strong>?Et</strong></span> <span class='ocrx_word' id='word_1_556' title='bbox 1976 3594 2060 3651; x_wconf 91' lang='lat' dir='ltr'><strong>illi</strong></span> <span class='ocrx_word' id='word_1_557' title='bbox 2077 3596 2166 3651; x_wconf 90' lang='lat' dir='ltr'><strong>di-</strong></span> 
     </span>
    </p>
   </div>
   <div class='ocr_carea' id='block_1_68' title="bbox 565 3679 2167 3752">
    <p class='ocr_par' dir='ltr' id='par_1_68' title="bbox 565 3679 2167 3752">
     <span class='ocr_line' id='line_1_68' title="bbox 565 3679 2167 3752; baseline 0.004 -18"><span class='ocrx_word' id='word_1_558' title='bbox 565 3684 801 3736; x_wconf 88' lang='lat' dir='ltr'><strong>xerunt:</strong></span> <span class='ocrx_word' id='word_1_559' title='bbox 848 3680 1029 3735; x_wconf 87' lang='lat' dir='ltr'><strong>Senex</strong></span> <span class='ocrx_word' id='word_1_560' title='bbox 1055 3679 1438 3735; x_wconf 85' lang='lat' dir='ltr'><strong>vetustissimo</strong></span> <span class='ocrx_word' id='word_1_561' title='bbox 1466 3682 1804 3738; x_wconf 90' lang='lat' dir='ltr'><strong>vestimento</strong></span> <span class='ocrx_word' id='word_1_562' title='bbox 1827 3688 2012 3752; x_wconf 89' lang='lat' dir='ltr'><strong>utens,</strong></span> <span class='ocrx_word' id='word_1_563' title='bbox 2048 3685 2167 3740; x_wconf 89' lang='lat' dir='ltr'><strong>lon-</strong></span> 
     </span>
    </p>
   </div>
   <div class='ocr_carea' id='block_1_69' title="bbox 564 3765 2165 3846">
    <p class='ocr_par' dir='ltr' id='par_1_69' title="bbox 564 3765 2165 3846">
     <span class='ocr_line' id='line_1_69' title="bbox 564 3765 2165 3846; baseline 0.002 -22"><span class='ocrx_word' id='word_1_564' title='bbox 564 3784 675 3841; x_wconf 91' lang='lat' dir='ltr'><strong>gus</strong></span> <span class='ocrx_word' id='word_1_565' title='bbox 695 3774 754 3824; x_wconf 90' lang='lat' dir='ltr'><strong>et</strong></span> <span class='ocrx_word' id='word_1_566' title='bbox 779 3766 960 3839; x_wconf 88' lang='lat' dir='ltr'><strong>niger.</strong></span> <span class='ocrx_word' id='word_1_567' title='bbox 991 3765 1068 3822; x_wconf 90' lang='lat' dir='ltr'><strong>Et</strong></span> <span class='ocrx_word' id='word_1_568' title='bbox 1087 3766 1172 3822; x_wconf 92' lang='lat' dir='ltr'><strong>illi</strong></span> <span class='ocrx_word' id='word_1_569' title='bbox 1193 3767 1458 3824; x_wconf 89' lang='lat' dir='ltr'><strong>dixerunt</strong></span> <span class='ocrx_word' id='word_1_570' title='bbox 1494 3786 1508 3824; x_wconf 88' lang='lat'><strong>:</strong></span> <span class='ocrx_word' id='word_1_571' title='bbox 1550 3769 1676 3841; x_wconf 90' lang='lat' dir='ltr'><strong>Ipse</strong></span> <span class='ocrx_word' id='word_1_572' title='bbox 1698 3776 1784 3825; x_wconf 88' lang='lat' dir='ltr'><strong>est</strong></span> <span class='ocrx_word' id='word_1_573' title='bbox 1812 3770 1984 3827; x_wconf 91' lang='lat' dir='ltr'><strong>abbas</strong></span> <span class='ocrx_word' id='word_1_574' title='bbox 2012 3772 2165 3846; x_wconf 77' lang='lat' dir='ltr'><strong>Moy-</strong></span> 
     </span>
    </p>
   </div>
   <div class='ocr_carea' id='block_1_70' title="bbox 563 3856 2164 3933">
    <p class='ocr_par' dir='ltr' id='par_1_70' title="bbox 563 3856 2164 3933">
     <span class='ocr_line' id='line_1_70' title="bbox 563 3856 2164 3933; baseline 0.001 -18"><span class='ocrx_word' id='word_1_575' title='bbox 563 3876 674 3927; x_wconf 88' lang='lat' dir='ltr'><strong>ses;</strong></span> <span class='ocrx_word' id='word_1_576' title='bbox 689 3864 749 3915; x_wconf 88' lang='lat' dir='ltr'><strong>et</strong></span> <span class='ocrx_word' id='word_1_577' title='bbox 760 3857 894 3931; x_wconf 90' lang='lat' dir='ltr'><strong>quia</strong></span> <span class='ocrx_word' id='word_1_578' title='bbox 905 3856 1089 3912; x_wconf 89' lang='lat' dir='ltr'><strong>noluit</strong></span> <span class='ocrx_word' id='word_1_579' title='bbox 1097 3856 1275 3912; x_wconf 85' lang='lat' dir='ltr'><strong>videri</strong></span> <span class='ocrx_word' id='word_1_580' title='bbox 1286 3873 1322 3913; x_wconf 89' lang='lat' dir='ltr'><strong>a</strong></span> <span class='ocrx_word' id='word_1_581' title='bbox 1333 3857 1640 3923; x_wconf 83' lang='lat' dir='ltr'><strong>vobis,ideo</strong></span> <span class='ocrx_word' id='word_1_582' title='bbox 1652 3859 1771 3915; x_wconf 66' lang='lat' dir='ltr'><strong>haec</strong></span> <span class='ocrx_word' id='word_1_583' title='bbox 1784 3859 1937 3915; x_wconf 91' lang='lat' dir='ltr'><strong>vobis</strong></span> <span class='ocrx_word' id='word_1_584' title='bbox 1954 3860 1972 3915; x_wconf 92' lang='lat' dir='ltr'><strong>i</strong></span> <span class='ocrx_word' id='word_1_585' title='bbox 1975 3875 2074 3933; x_wconf 88' lang='lat' dir='ltr'><strong>pse</strong></span> <span class='ocrx_word' id='word_1_586' title='bbox 2094 3861 2164 3916; x_wconf 91' lang='lat' dir='ltr'><strong>de</strong></span> 
     </span>
    </p>
   </div>
   <div class='ocr_carea' id='block_1_71' title="bbox 563 3946 1950 4019">
    <p class='ocr_par' dir='ltr' id='par_1_71' title="bbox 563 3946 1950 4019">
     <span class='ocr_line' id='line_1_71' title="bbox 563 3946 1950 4019; baseline -0.001 -14"><span class='ocrx_word' id='word_1_587' title='bbox 563 3965 627 4005; x_wconf 87' lang='lat' dir='ltr'><strong>se</strong></span> <span class='ocrx_word' id='word_1_588' title='bbox 646 3946 890 4004; x_wconf 88' lang='lat' dir='ltr'><strong>dixit.Et</strong></span> <span class='ocrx_word' id='word_1_589' title='bbox 902 3946 1147 4003; x_wconf 89' lang='lat' dir='ltr'><strong>multum</strong></span> <span class='ocrx_word' id='word_1_590' title='bbox 1158 3946 1466 4003; x_wconf 64' lang='lat' dir='ltr'><strong>mdiﬁcatus</strong></span> <span class='ocrx_word' id='word_1_591' title='bbox 1482 3947 1656 4019; x_wconf 91' lang='lat' dir='ltr'><strong>judex</strong></span> <span class='ocrx_word' id='word_1_592' title='bbox 1674 3948 1950 4005; x_wconf 90' lang='lat' dir='ltr'><strong>discessit.</strong></span> 
     </span>
    </p>
   </div>
   <div class='ocr_carea' id='block_1_72' title="bbox 637 4034 2155 4106">
    <p class='ocr_par' dir='ltr' id='par_1_72' title="bbox 637 4034 2155 4106">
     <span class='ocr_line' id='line_1_72' title="bbox 637 4034 2155 4106; baseline 0.002 -16"><span class='ocrx_word' id='word_1_593' title='bbox 637 4036 724 4091; x_wconf 78' lang='lat' dir='ltr'><strong>li.</strong></span> <span class='ocrx_word' id='word_1_594' title='bbox 753 4035 953 4091; x_wconf 85' lang='lat' dir='ltr'><strong>Frater</strong></span> <span class='ocrx_word' id='word_1_595' title='bbox 972 4034 1339 4106; x_wconf 86' lang='lat' dir='ltr'><strong>interrogavit</strong></span> <span class='ocrx_word' id='word_1_596' title='bbox 1369 4034 1631 4091; x_wconf 82' lang='lat' dir='ltr'><strong>abbatem</strong></span> <span class='ocrx_word' id='word_1_597' title='bbox 1649 4037 1909 4093; x_wconf 84' lang='lat' dir='ltr'><strong>Mathoen</strong></span> <span class='ocrx_word' id='word_1_598' title='bbox 1932 4037 2155 4093; x_wconf 90' lang='lat' dir='ltr'><strong>dicens:</strong></span> 
     </span>
    </p>
   </div>
   <div class='ocr_carea' id='block_1_73' title="bbox 563 4119 2162 4194">
    <p class='ocr_par' dir='ltr' id='par_1_73' title="bbox 563 4119 2162 4194">
     <span class='ocr_line' id='line_1_73' title="bbox 563 4119 2162 4194; baseline 0.002 -16"><span class='ocrx_word' id='word_1_599' title='bbox 563 4121 625 4178; x_wconf 87' lang='lat' dir='ltr'><strong>Si</strong></span> <span class='ocrx_word' id='word_1_600' title='bbox 645 4119 835 4175; x_wconf 90' lang='lat' dir='ltr'><strong>abiero</strong></span> <span class='ocrx_word' id='word_1_601' title='bbox 883 4136 1114 4177; x_wconf 89' lang='lat' dir='ltr'><strong>manere</strong></span> <span class='ocrx_word' id='word_1_602' title='bbox 1138 4121 1200 4177; x_wconf 89' lang='lat' dir='ltr'><strong>in</strong></span> <span class='ocrx_word' id='word_1_603' title='bbox 1235 4123 1356 4178; x_wconf 88' lang='lat' dir='ltr'><strong>loco</strong></span> <span class='ocrx_word' id='word_1_604' title='bbox 1406 4123 1616 4194; x_wconf 89' lang='lat' dir='ltr'><strong>aliquo,</strong></span> <span class='ocrx_word' id='word_1_605' title='bbox 1663 4123 1944 4193; x_wconf 90' lang='lat' dir='ltr'><strong>quomodo</strong></span> <span class='ocrx_word' id='word_1_606' title='bbox 1976 4124 2059 4180; x_wconf 87' lang='lat' dir='ltr'><strong>vis</strong></span> <span class='ocrx_word' id='word_1_607' title='bbox 2095 4130 2162 4181; x_wconf 91' lang='lat' dir='ltr'><strong>ut</strong></span> 
     </span>
    </p>
   </div>
   <div class='ocr_carea' id='block_1_74' title="bbox 560 4208 2162 4282">
    <p class='ocr_par' dir='ltr' id='par_1_74' title="bbox 560 4208 2162 4282">
     <span class='ocr_line' id='line_1_74' title="bbox 560 4208 2162 4282; baseline 0.004 -19"><span class='ocrx_word' id='word_1_608' title='bbox 560 4224 730 4282; x_wconf 85' lang='lat' dir='ltr'><strong>agam</strong></span> <span class='ocrx_word' id='word_1_609' title='bbox 754 4208 870 4264; x_wconf 85' lang='lat' dir='ltr'><strong>ibi!</strong></span> <span class='ocrx_word' id='word_1_610' title='bbox 902 4209 1051 4265; x_wconf 92' lang='lat' dir='ltr'><strong>Dicit</strong></span> <span class='ocrx_word' id='word_1_611' title='bbox 1071 4209 1124 4265; x_wconf 91' lang='lat' dir='ltr'><strong>ei</strong></span> <span class='ocrx_word' id='word_1_612' title='bbox 1144 4225 1315 4266; x_wconf 87' lang='lat' dir='ltr'><strong>senex</strong></span> <span class='ocrx_word' id='word_1_613' title='bbox 1339 4229 1352 4265; x_wconf 92' lang='lat'><strong>:</strong></span> <span class='ocrx_word' id='word_1_614' title='bbox 1381 4212 1441 4266; x_wconf 89' lang='lat' dir='ltr'><strong>Si</strong></span> <span class='ocrx_word' id='word_1_615' title='bbox 1462 4211 1807 4266; x_wconf 88' lang='lat' dir='ltr'><strong>habitaveris</strong></span> <span class='ocrx_word' id='word_1_616' title='bbox 1838 4211 1897 4267; x_wconf 93' lang='lat' dir='ltr'><strong>in</strong></span> <span class='ocrx_word' id='word_1_617' title='bbox 1921 4213 2061 4282; x_wconf 89' lang='lat' dir='ltr'><strong>loco,</strong></span> <span class='ocrx_word' id='word_1_618' title='bbox 2090 4230 2162 4271; x_wconf 92' lang='lat' dir='ltr'><strong>ne</strong></span> 
     </span>
    </p>
   </div>
   <div class='ocr_carea' id='block_1_75' title="bbox 560 4297 2158 4372">
    <p class='ocr_par' dir='ltr' id='par_1_75' title="bbox 560 4297 2158 4372">
     <span class='ocr_line' id='line_1_75' title="bbox 560 4297 2158 4372; baseline 0.004 -18"><span class='ocrx_word' id='word_1_619' title='bbox 560 4298 700 4354; x_wconf 88' lang='lat' dir='ltr'><strong>velis</strong></span> <span class='ocrx_word' id='word_1_620' title='bbox 720 4297 825 4353; x_wconf 92' lang='lat' dir='ltr'><strong>tibi</strong></span> <span class='ocrx_word' id='word_1_621' title='bbox 852 4298 968 4354; x_wconf 89' lang='lat' dir='ltr'><strong>illic</strong></span> <span class='ocrx_word' id='word_1_622' title='bbox 995 4314 1201 4353; x_wconf 89' lang='lat' dir='ltr'><strong>nomen</strong></span> <span class='ocrx_word' id='word_1_623' title='bbox 1231 4298 1417 4355; x_wconf 88' lang='lat' dir='ltr'><strong>facere</strong></span> <span class='ocrx_word' id='word_1_624' title='bbox 1462 4299 1533 4354; x_wconf 88' lang='lat' dir='ltr'><strong>de</strong></span> <span class='ocrx_word' id='word_1_625' title='bbox 1562 4299 1755 4372; x_wconf 90' lang='lat' dir='ltr'><strong>aliqua</strong></span> <span class='ocrx_word' id='word_1_626' title='bbox 1789 4317 1872 4370; x_wconf 91' lang='lat' dir='ltr'><strong>re,</strong></span> <span class='ocrx_word' id='word_1_627' title='bbox 1901 4301 2158 4372; x_wconf 92' lang='lat' dir='ltr'><strong>dicendo,</strong></span> 
     </span>
    </p>
   </div>
   <div class='ocr_carea' id='block_1_76' title="bbox 530 4388 2161 4457">
    <p class='ocr_par' dir='ltr' id='par_1_76' title="bbox 530 4388 2161 4457">
     <span class='ocr_line' id='line_1_76' title="bbox 530 4388 2161 4457; baseline 0.003 -14"><span class='ocrx_word' id='word_1_628' title='bbox 530 4418 535 4422; x_wconf 70' lang='grc' dir='ltr'><em>ι</em></span> <span class='ocrx_word' id='word_1_629' title='bbox 558 4388 677 4443; x_wconf 79' lang='lat' dir='ltr'><strong>Aut</strong></span> <span class='ocrx_word' id='word_1_630' title='bbox 701 4402 815 4443; x_wconf 91' lang='lat' dir='ltr'><strong>non</strong></span> <span class='ocrx_word' id='word_1_631' title='bbox 833 4388 994 4443; x_wconf 88' lang='lat' dir='ltr'><strong>venio</strong></span> <span class='ocrx_word' id='word_1_632' title='bbox 1007 4388 1069 4443; x_wconf 90' lang='lat' dir='ltr'><strong>in</strong></span> <span class='ocrx_word' id='word_1_633' title='bbox 1092 4393 1370 4444; x_wconf 89' lang='lat' dir='ltr'><strong>conventu</strong></span> <span class='ocrx_word' id='word_1_634' title='bbox 1384 4388 1750 4457; x_wconf 87' lang='lat' dir='ltr'><strong>fratrum,aut</strong></span> <span class='ocrx_word' id='word_1_635' title='bbox 1759 4406 1872 4445; x_wconf 90' lang='lat' dir='ltr'><strong>non</strong></span> <span class='ocrx_word' id='word_1_636' title='bbox 1884 4392 2161 4448; x_wconf 90' lang='lat' dir='ltr'><strong>manduco</strong></span> 
     </span>
    </p>
   </div>
   <div class='ocr_carea' id='block_1_77' title="bbox 2249 3226 3838 3304">
    <p class='ocr_par' dir='ltr' id='par_1_77' title="bbox 2249 3226 3838 3304">
     <span class='ocr_line' id='line_1_77' title="bbox 2249 3226 3838 3304; baseline -0.004 -17"><span class='ocrx_word' id='word_1_637' title='bbox 2249 3232 2640 3304; x_wconf 66' lang='lat' dir='ltr'><strong>paenitentiam</strong></span> <span class='ocrx_word' id='word_1_638' title='bbox 2667 3247 2855 3303; x_wconf 89' lang='lat' dir='ltr'><strong>agere,</strong></span> <span class='ocrx_word' id='word_1_639' title='bbox 2878 3230 3095 3285; x_wconf 89' lang='lat' dir='ltr'><strong>dicens:</strong></span> <span class='ocrx_word' id='word_1_640' title='bbox 3119 3230 3347 3300; x_wconf 89' lang='lat' dir='ltr'><strong>Ignosce</strong></span> <span class='ocrx_word' id='word_1_641' title='bbox 3365 3226 3838 3299; x_wconf 86' lang='lat' dir='ltr'><strong>mihi,abba,quia</strong></span> 
     </span>
    </p>
   </div>
   <div class='ocr_carea' id='block_1_78' title="bbox 2251 3317 3843 3394">
    <p class='ocr_par' dir='ltr' id='par_1_78' title="bbox 2251 3317 3843 3394">
     <span class='ocr_line' id='line_1_78' title="bbox 2251 3317 3843 3394; baseline -0.004 -16"><span class='ocrx_word' id='word_1_642' title='bbox 2251 3339 2354 3394; x_wconf 91' lang='lat' dir='ltr'><strong>ego</strong></span> <span class='ocrx_word' id='word_1_643' title='bbox 2383 3322 2611 3394; x_wconf 89' lang='lat' dir='ltr'><strong>quidem</strong></span> <span class='ocrx_word' id='word_1_644' title='bbox 2641 3321 2953 3376; x_wconf 89' lang='lat' dir='ltr'><strong>humanum</strong></span> <span class='ocrx_word' id='word_1_645' title='bbox 3006 3318 3219 3389; x_wconf 90' lang='lat' dir='ltr'><strong>aliquid</strong></span> <span class='ocrx_word' id='word_1_646' title='bbox 3249 3317 3506 3388; x_wconf 86' lang='lat' dir='ltr'><strong>cogitavi,</strong></span> <span class='ocrx_word' id='word_1_647' title='bbox 3557 3322 3626 3372; x_wconf 92' lang='lat' dir='ltr'><strong>tu</strong></span> <span class='ocrx_word' id='word_1_648' title='bbox 3654 3324 3843 3373; x_wconf 72' lang='lat' dir='ltr'><strong>autem</strong></span> 
     </span>
    </p>
   </div>
   <div class='ocr_carea' id='block_1_79' title="bbox 2252 3406 3842 3484">
    <p class='ocr_par' dir='ltr' id='par_1_79' title="bbox 2252 3406 3842 3484">
     <span class='ocr_line' id='line_1_79' title="bbox 2252 3406 3842 3484; baseline -0.005 -16"><span class='ocrx_word' id='word_1_649' title='bbox 2252 3411 2402 3484; x_wconf 92' lang='lat' dir='ltr'><strong>quod</strong></span> <span class='ocrx_word' id='word_1_650' title='bbox 2430 3411 2532 3467; x_wconf 91' lang='lat' dir='ltr'><strong>Dei</strong></span> <span class='ocrx_word' id='word_1_651' title='bbox 2552 3416 2639 3466; x_wconf 93' lang='lat' dir='ltr'><strong>est</strong></span> <span class='ocrx_word' id='word_1_652' title='bbox 2664 3410 2867 3466; x_wconf 83' lang='lat' dir='ltr'><strong>fecisti.</strong></span> <span class='ocrx_word' id='word_1_653' title='bbox 2915 3406 2992 3463; x_wconf 89' lang='lat' dir='ltr'><strong>Et</strong></span> <span class='ocrx_word' id='word_1_654' title='bbox 3015 3407 3153 3463; x_wconf 90' lang='lat' dir='ltr'><strong>dicit</strong></span> <span class='ocrx_word' id='word_1_655' title='bbox 3196 3407 3248 3462; x_wconf 92' lang='lat' dir='ltr'><strong>ei</strong></span> <span class='ocrx_word' id='word_1_656' title='bbox 3274 3406 3444 3462; x_wconf 89' lang='lat' dir='ltr'><strong>abbas</strong></span> <span class='ocrx_word' id='word_1_657' title='bbox 3486 3406 3700 3462; x_wconf 89' lang='lat' dir='ltr'><strong>Sisois:</strong></span> <span class='ocrx_word' id='word_1_658' title='bbox 3725 3406 3842 3461; x_wconf 85' lang='lat' dir='ltr'><strong>Nisi</strong></span> 
     </span>
    </p>
   </div>
   <div class='ocr_carea' id='block_1_80' title="bbox 2249 3496 3843 3572">
    <p class='ocr_par' dir='ltr' id='par_1_80' title="bbox 2249 3496 3843 3572">
     <span class='ocr_line' id='line_1_80' title="bbox 2249 3496 3843 3572; baseline -0.004 -15"><span class='ocrx_word' id='word_1_659' title='bbox 2249 3502 2401 3557; x_wconf 92' lang='lat' dir='ltr'><strong>Deus</strong></span> <span class='ocrx_word' id='word_1_660' title='bbox 2426 3499 2827 3572; x_wconf 88' lang='lat' dir='ltr'><strong>gloriﬁcaverit</strong></span> <span class='ocrx_word' id='word_1_661' title='bbox 2851 3498 3157 3566; x_wconf 89' lang='lat' dir='ltr'><strong>hominem,</strong></span> <span class='ocrx_word' id='word_1_662' title='bbox 3183 3496 3364 3568; x_wconf 90' lang='lat' dir='ltr'><strong>gloria</strong></span> <span class='ocrx_word' id='word_1_663' title='bbox 3381 3496 3684 3553; x_wconf 90' lang='lat' dir='ltr'><strong>hominum</strong></span> <span class='ocrx_word' id='word_1_664' title='bbox 3702 3512 3843 3551; x_wconf 56' lang='lat' dir='ltr'><strong>nun.</strong></span> 
     </span>
    </p>
   </div>
   <div class='ocr_carea' id='block_1_81' title="bbox 2250 3595 2581 3664">
    <p class='ocr_par' dir='ltr' id='par_1_81' title="bbox 2250 3595 2581 3664">
     <span class='ocr_line' id='line_1_81' title="bbox 2250 3595 2581 3664; baseline -0.006 -18"><span class='ocrx_word' id='word_1_665' title='bbox 2250 3607 2421 3664; x_wconf 91' lang='lat' dir='ltr'><strong>quam</strong></span> <span class='ocrx_word' id='word_1_666' title='bbox 2450 3595 2581 3645; x_wconf 85' lang='lat' dir='ltr'><strong>stat.</strong></span> 
     </span>
    </p>
   </div>
   <div class='ocr_carea' id='block_1_82' title="bbox 2318 3675 3844 3749">
    <p class='ocr_par' dir='ltr' id='par_1_82' title="bbox 2318 3675 3844 3749">
     <span class='ocr_line' id='line_1_82' title="bbox 2318 3675 3844 3749; baseline -0.002 -16"><span class='ocrx_word' id='word_1_667' title='bbox 2318 3678 2788 3749; x_wconf 73' lang='lat' dir='ltr'><strong>16.1nterrogavit</strong></span> <span class='ocrx_word' id='word_1_668' title='bbox 2796 3676 2971 3733; x_wconf 91' lang='lat' dir='ltr'><strong>abbas</strong></span> <span class='ocrx_word' id='word_1_669' title='bbox 2990 3678 3297 3733; x_wconf 85' lang='lat' dir='ltr'><strong>Ammonas</strong></span> <span class='ocrx_word' id='word_1_670' title='bbox 3307 3675 3376 3731; x_wconf 92' lang='lat' dir='ltr'><strong>de</strong></span> <span class='ocrx_word' id='word_1_671' title='bbox 3394 3676 3516 3732; x_wconf 91' lang='lat' dir='ltr'><strong>loco</strong></span> <span class='ocrx_word' id='word_1_672' title='bbox 3528 3676 3629 3748; x_wconf 84' lang='lat' dir='ltr'><strong>qui</strong></span> <span class='ocrx_word' id='word_1_673' title='bbox 3639 3676 3844 3733; x_wconf 84' lang='lat' dir='ltr'><strong>dicitur</strong></span> 
     </span>
    </p>
   </div>
   <div class='ocr_carea' id='block_1_83' title="bbox 2247 3765 3841 3842">
    <p class='ocr_par' dir='ltr' id='par_1_83' title="bbox 2247 3765 3841 3842">
     <span class='ocr_line' id='line_1_83' title="bbox 2247 3765 3841 3842; baseline -0.003 -17"><span class='ocrx_word' id='word_1_674' title='bbox 2247 3767 2820 3842; x_wconf 88' lang='lat' dir='ltr'><strong>Raythum,abbatem</strong></span> <span class='ocrx_word' id='word_1_675' title='bbox 2832 3767 2976 3823; x_wconf 90' lang='lat' dir='ltr'><strong>Sisoi</strong></span> <span class='ocrx_word' id='word_1_676' title='bbox 2995 3766 3215 3822; x_wconf 92' lang='lat' dir='ltr'><strong>dicens:</strong></span> <span class='ocrx_word' id='word_1_677' title='bbox 3246 3765 3481 3830; x_wconf 87' lang='lat' dir='ltr'><strong>Quando</strong></span> <span class='ocrx_word' id='word_1_678' title='bbox 3496 3765 3625 3837; x_wconf 86' lang='lat' dir='ltr'><strong>lego</strong></span> <span class='ocrx_word' id='word_1_679' title='bbox 3657 3766 3841 3839; x_wconf 84' lang='lat' dir='ltr'><strong>Scrip-</strong></span> 
     </span>
    </p>
   </div>
   <div class='ocr_carea' id='block_1_84' title="bbox 2246 3856 3838 3928">
    <p class='ocr_par' dir='ltr' id='par_1_84' title="bbox 2246 3856 3838 3928">
     <span class='ocr_line' id='line_1_84' title="bbox 2246 3856 3838 3928; baseline -0.002 -15"><span class='ocrx_word' id='word_1_680' title='bbox 2246 3862 2422 3925; x_wconf 88' lang='lat' dir='ltr'><strong>turas,</strong></span> <span class='ocrx_word' id='word_1_681' title='bbox 2455 3858 2575 3913; x_wconf 88' lang='lat' dir='ltr'><strong>vult</strong></span> <span class='ocrx_word' id='word_1_682' title='bbox 2593 3856 2859 3928; x_wconf 90' lang='lat' dir='ltr'><strong>cogitatio</strong></span> <span class='ocrx_word' id='word_1_683' title='bbox 2893 3871 3022 3911; x_wconf 91' lang='lat' dir='ltr'><strong>mea</strong></span> <span class='ocrx_word' id='word_1_684' title='bbox 3039 3871 3241 3911; x_wconf 89' lang='lat' dir='ltr'><strong>ornare</strong></span> <span class='ocrx_word' id='word_1_685' title='bbox 3268 3870 3605 3922; x_wconf 88' lang='lat' dir='ltr'><strong>sermonem,</strong></span> <span class='ocrx_word' id='word_1_686' title='bbox 3640 3861 3712 3910; x_wconf 89' lang='lat' dir='ltr'><strong>ut</strong></span> <span class='ocrx_word' id='word_1_687' title='bbox 3737 3872 3838 3927; x_wconf 86' lang='lat' dir='ltr'><strong>pa-</strong></span> 
     </span>
    </p>
   </div>
   <div class='ocr_carea' id='block_1_85' title="bbox 2244 3940 3839 4016">
    <p class='ocr_par' dir='ltr' id='par_1_85' title="bbox 2244 3940 3839 4016">
     <span class='ocr_line' id='line_1_85' title="bbox 2244 3940 3839 4016; baseline -0.002 -15"><span class='ocrx_word' id='word_1_688' title='bbox 2244 3951 2403 4001; x_wconf 89' lang='lat' dir='ltr'><strong>ratus</strong></span> <span class='ocrx_word' id='word_1_689' title='bbox 2428 3945 2537 4001; x_wconf 90' lang='lat' dir='ltr'><strong>sim</strong></span> <span class='ocrx_word' id='word_1_690' title='bbox 2551 3945 2624 3999; x_wconf 91' lang='lat' dir='ltr'><strong>ad</strong></span> <span class='ocrx_word' id='word_1_691' title='bbox 2650 3944 2998 4016; x_wconf 86' lang='lat' dir='ltr'><strong>interrogata</strong></span> <span class='ocrx_word' id='word_1_692' title='bbox 3023 3943 3385 4015; x_wconf 89' lang='lat' dir='ltr'><strong>respondere.</strong></span> <span class='ocrx_word' id='word_1_693' title='bbox 3408 3940 3483 3996; x_wconf 90' lang='lat' dir='ltr'><strong>Et</strong></span> <span class='ocrx_word' id='word_1_694' title='bbox 3504 3941 3660 3997; x_wconf 85' lang='lat' dir='ltr'><strong>dixit</strong></span> <span class='ocrx_word' id='word_1_695' title='bbox 3680 3943 3732 3998; x_wconf 89' lang='lat' dir='ltr'><strong>ei</strong></span> <span class='ocrx_word' id='word_1_696' title='bbox 3758 3960 3839 3998; x_wconf 84' lang='lat' dir='ltr'><strong>se-</strong></span> 
     </span>
    </p>
   </div>
   <div class='ocr_carea' id='block_1_86' title="bbox 2243 4031 3834 4106">
    <p class='ocr_par' dir='ltr' id='par_1_86' title="bbox 2243 4031 3834 4106">
     <span class='ocr_line' id='line_1_86' title="bbox 2243 4031 3834 4106; baseline -0.003 -16"><span class='ocrx_word' id='word_1_697' title='bbox 2243 4052 2383 4091; x_wconf 87' lang='lat' dir='ltr'><strong>nex:</strong></span> <span class='ocrx_word' id='word_1_698' title='bbox 2412 4036 2541 4090; x_wconf 87' lang='lat' dir='ltr'><strong>Non</strong></span> <span class='ocrx_word' id='word_1_699' title='bbox 2586 4039 2673 4090; x_wconf 91' lang='lat' dir='ltr'><strong>est</strong></span> <span class='ocrx_word' id='word_1_700' title='bbox 2699 4050 2861 4106; x_wconf 88' lang='lat' dir='ltr'><strong>opus,</strong></span> <span class='ocrx_word' id='word_1_701' title='bbox 2885 4033 2986 4089; x_wconf 92' lang='lat' dir='ltr'><strong>sed</strong></span> <span class='ocrx_word' id='word_1_702' title='bbox 3016 4032 3196 4104; x_wconf 88' lang='lat' dir='ltr'><strong>magis</strong></span> <span class='ocrx_word' id='word_1_703' title='bbox 3227 4033 3297 4087; x_wconf 92' lang='lat' dir='ltr'><strong>de</strong></span> <span class='ocrx_word' id='word_1_704' title='bbox 3326 4031 3575 4104; x_wconf 86' lang='lat' dir='ltr'><strong>puritate</strong></span> <span class='ocrx_word' id='word_1_705' title='bbox 3622 4033 3834 4088; x_wconf 87' lang='lat' dir='ltr'><strong>mentis</strong></span> 
     </span>
    </p>
   </div>
   <div class='ocr_carea' id='block_1_87' title="bbox 2242 4120 3834 4196">
    <p class='ocr_par' dir='ltr' id='par_1_87' title="bbox 2242 4120 3834 4196">
     <span class='ocr_line' id='line_1_87' title="bbox 2242 4120 3834 4196; baseline -0.003 -15"><span class='ocrx_word' id='word_1_706' title='bbox 2242 4129 2435 4192; x_wconf 69' lang='lat'><strong>594</strong></span> <span class='ocrx_word' id='word_1_707' title='bbox 2458 4124 2687 4196; x_wconf 86' lang='lat' dir='ltr'><strong>provide</strong></span> <span class='ocrx_word' id='word_1_708' title='bbox 2715 4123 2816 4178; x_wconf 91' lang='lat' dir='ltr'><strong>tibi</strong></span> <span class='ocrx_word' id='word_1_709' title='bbox 2834 4123 3196 4179; x_wconf 88' lang='lat' dir='ltr'><strong>securitatem</strong></span> <span class='ocrx_word' id='word_1_710' title='bbox 3221 4120 3475 4176; x_wconf 88' lang='lat' dir='ltr'><strong>edicendi</strong></span> <span class='ocrx_word' id='word_1_711' title='bbox 3486 4136 3834 4177; x_wconf 86' lang='lat' dir='ltr'><strong>sermonem.</strong></span> 
     </span>
    </p>
   </div>
   <div class='ocr_carea' id='block_1_88' title="bbox 2310 4209 3841 4285">
    <p class='ocr_par' dir='ltr' id='par_1_88' title="bbox 2310 4209 3841 4285">
     <span class='ocr_line' id='line_1_88' title="bbox 2310 4209 3841 4285; baseline -0.003 -15"><span class='ocrx_word' id='word_1_712' title='bbox 2310 4212 2406 4270; x_wconf 78' lang='lat'><strong>17.</strong></span> <span class='ocrx_word' id='word_1_713' title='bbox 2434 4213 2608 4269; x_wconf 89' lang='lat' dir='ltr'><strong>Venit</strong></span> <span class='ocrx_word' id='word_1_714' title='bbox 2627 4213 2931 4285; x_wconf 89' lang='lat' dir='ltr'><strong>aliquando</strong></span> <span class='ocrx_word' id='word_1_715' title='bbox 2945 4212 3118 4283; x_wconf 86' lang='lat' dir='ltr'><strong>judex</strong></span> <span class='ocrx_word' id='word_1_716' title='bbox 3136 4209 3431 4284; x_wconf 73' lang='lat' dir='ltr'><strong>provinciae</strong></span> <span class='ocrx_word' id='word_1_717' title='bbox 3450 4209 3643 4265; x_wconf 79' lang='lat' dir='ltr'><strong>videre</strong></span> <span class='ocrx_word' id='word_1_718' title='bbox 3673 4209 3841 4266; x_wconf 79' lang='lat' dir='ltr'><strong>abba-</strong></span> 
     </span>
    </p>
   </div>
   <div class='ocr_carea' id='block_1_89' title="bbox 2241 4298 3839 4372">
    <p class='ocr_par' dir='ltr' id='par_1_89' title="bbox 2241 4298 3839 4372">
     <span class='ocr_line' id='line_1_89' title="bbox 2241 4298 3839 4372; baseline -0.003 -14"><span class='ocrx_word' id='word_1_719' title='bbox 2241 4308 2359 4358; x_wconf 89' lang='lat' dir='ltr'><strong>tem</strong></span> <span class='ocrx_word' id='word_1_720' title='bbox 2380 4303 2752 4370; x_wconf 90' lang='lat' dir='ltr'><strong>Simonem,et</strong></span> <span class='ocrx_word' id='word_1_721' title='bbox 2776 4302 2872 4357; x_wconf 91' lang='lat' dir='ltr'><strong>ille</strong></span> <span class='ocrx_word' id='word_1_722' title='bbox 2894 4301 3026 4357; x_wconf 90' lang='lat' dir='ltr'><strong>tulit</strong></span> <span class='ocrx_word' id='word_1_723' title='bbox 3052 4300 3237 4356; x_wconf 91' lang='lat' dir='ltr'><strong>lorum</strong></span> <span class='ocrx_word' id='word_1_724' title='bbox 3265 4316 3375 4372; x_wconf 90' lang='lat' dir='ltr'><strong>quo</strong></span> <span class='ocrx_word' id='word_1_725' title='bbox 3394 4298 3752 4371; x_wconf 85' lang='lat' dir='ltr'><strong>cingebatur,</strong></span> <span class='ocrx_word' id='word_1_726' title='bbox 3780 4308 3839 4354; x_wconf 84' lang='lat' dir='ltr'><strong>et</strong></span> 
     </span>
    </p>
   </div>
   <div class='ocr_carea' id='block_1_90' title="bbox 2243 4388 3835 4462">
    <p class='ocr_par' dir='ltr' id='par_1_90' title="bbox 2243 4388 3835 4462">
     <span class='ocr_line' id='line_1_90' title="bbox 2243 4388 3835 4462; baseline -0.003 -16"><span class='ocrx_word' id='word_1_727' title='bbox 2243 4391 2494 4447; x_wconf 87' lang='lat' dir='ltr'><strong>ascendit</strong></span> <span class='ocrx_word' id='word_1_728' title='bbox 2518 4391 2578 4446; x_wconf 92' lang='lat' dir='ltr'><strong>in</strong></span> <span class='ocrx_word' id='word_1_729' title='bbox 2607 4390 2866 4446; x_wconf 88' lang='lat' dir='ltr'><strong>arborem</strong></span> <span class='ocrx_word' id='word_1_730' title='bbox 2905 4389 3125 4462; x_wconf 57' lang='lat' dir='ltr'><strong>palma,</strong></span> <span class='ocrx_word' id='word_1_731' title='bbox 3149 4394 3217 4444; x_wconf 91' lang='lat' dir='ltr'><strong>ut</strong></span> <span class='ocrx_word' id='word_1_732' title='bbox 3258 4392 3529 4460; x_wconf 84' lang='lat' dir='ltr'><strong>purgaret</strong></span> <span class='ocrx_word' id='word_1_733' title='bbox 3560 4403 3715 4443; x_wconf 85' lang='lat' dir='ltr'><strong>eam.</strong></span> <span class='ocrx_word' id='word_1_734' title='bbox 3745 4388 3835 4443; x_wconf 87' lang='lat' dir='ltr'><strong>Illi</strong></span> 
     </span>
    </p>
   </div>
   <div class='ocr_carea' id='block_1_91' title="bbox 558 4472 3835 4552">
    <p class='ocr_par' dir='ltr' id='par_1_91' title="bbox 558 4472 3835 4552">
     <span class='ocr_line' id='line_1_91' title="bbox 558 4472 3835 4552; baseline -0.001 -19"><span class='ocrx_word' id='word_1_735' title='bbox 558 4477 667 4533; x_wconf 91' lang='lat' dir='ltr'><strong>hoc</strong></span> <span class='ocrx_word' id='word_1_736' title='bbox 686 4478 772 4533; x_wconf 88' lang='lat' dir='ltr'><strong>vel</strong></span> <span class='ocrx_word' id='word_1_737' title='bbox 785 4477 957 4545; x_wconf 80' lang='lat' dir='ltr'><strong>illud;</strong></span> <span class='ocrx_word' id='word_1_738' title='bbox 1001 4477 1120 4533; x_wconf 62' lang='lat' dir='ltr'><strong>haec</strong></span> <span class='ocrx_word' id='word_1_739' title='bbox 1139 4477 1292 4532; x_wconf 90' lang='lat' dir='ltr'><strong>enim</strong></span> <span class='ocrx_word' id='word_1_740' title='bbox 1329 4493 1536 4535; x_wconf 88' lang='lat' dir='ltr'><strong>vanum</strong></span> <span class='ocrx_word' id='word_1_741' title='bbox 1557 4494 1765 4535; x_wconf 88' lang='lat' dir='ltr'><strong>nomen</strong></span> <span class='ocrx_word' id='word_1_742' title='bbox 1788 4478 1893 4535; x_wconf 89' lang='lat' dir='ltr'><strong>tibi</strong></span> <span class='ocrx_word' id='word_1_743' title='bbox 1920 4481 2153 4552; x_wconf 87' lang='lat' dir='ltr'><strong>faciunt,</strong></span> <span class='ocrx_word' id='word_1_744' title='bbox 2176 4472 2226 4533; x_wconf 90' lang='lat' dir='ltr'><strong>D</strong></span> <span class='ocrx_word' id='word_1_745' title='bbox 2244 4486 2434 4537; x_wconf 90' lang='lat' dir='ltr'><strong>autem</strong></span> <span class='ocrx_word' id='word_1_746' title='bbox 2462 4480 2748 4536; x_wconf 88' lang='lat' dir='ltr'><strong>venientes</strong></span> <span class='ocrx_word' id='word_1_747' title='bbox 2769 4480 3033 4535; x_wconf 89' lang='lat' dir='ltr'><strong>dixerunt</strong></span> <span class='ocrx_word' id='word_1_748' title='bbox 3049 4478 3134 4534; x_wconf 91' lang='lat' dir='ltr'><strong>ei:</strong></span> <span class='ocrx_word' id='word_1_749' title='bbox 3156 4477 3263 4533; x_wconf 92' lang='lat' dir='ltr'><strong>Ubi</strong></span> <span class='ocrx_word' id='word_1_750' title='bbox 3281 4482 3367 4532; x_wconf 90' lang='lat' dir='ltr'><strong>est</strong></span> <span class='ocrx_word' id='word_1_751' title='bbox 3387 4492 3577 4543; x_wconf 88' lang='lat' dir='ltr'><strong>senex,</strong></span> <span class='ocrx_word' id='word_1_752' title='bbox 3600 4477 3705 4548; x_wconf 87' lang='lat' dir='ltr'><strong>qui</strong></span> <span class='ocrx_word' id='word_1_753' title='bbox 3730 4477 3835 4531; x_wconf 82' lang='lat' dir='ltr'><strong>hac</strong></span> 
     </span>
    </p>
   </div>
   <div class='ocr_carea' id='block_1_92' title="bbox 558 4566 2157 4641">
    <p class='ocr_par' dir='ltr' id='par_1_92' title="bbox 558 4566 2157 4641">
     <span class='ocr_line' id='line_1_92' title="bbox 558 4566 2157 4641; baseline 0.003 -18"><span class='ocrx_word' id='word_1_754' title='bbox 558 4567 661 4624; x_wconf 84' lang='lat' dir='ltr'><strong>sed</strong></span> <span class='ocrx_word' id='word_1_755' title='bbox 686 4571 884 4640; x_wconf 89' lang='lat' dir='ltr'><strong>postea</strong></span> <span class='ocrx_word' id='word_1_756' title='bbox 903 4566 1392 4640; x_wconf 88' lang='lat' dir='ltr'><strong>importunitatem</strong></span> <span class='ocrx_word' id='word_1_757' title='bbox 1423 4567 1655 4641; x_wconf 87' lang='lat' dir='ltr'><strong>patieris</strong></span> <span class='ocrx_word' id='word_1_758' title='bbox 1681 4568 1947 4641; x_wconf 86' lang='lat' dir='ltr'><strong>quoniam</strong></span> <span class='ocrx_word' id='word_1_759' title='bbox 1971 4571 2157 4628; x_wconf 86' lang='lat' dir='ltr'><strong>homi-</strong></span> 
     </span>
    </p>
   </div>
   <div class='ocr_carea' id='block_1_93' title="bbox 553 4654 1640 4724">
    <p class='ocr_par' dir='ltr' id='par_1_93' title="bbox 553 4654 1640 4724">
     <span class='ocr_line' id='line_1_93' title="bbox 553 4654 1640 4724; baseline -0.002 -11"><span class='ocrx_word' id='word_1_760' title='bbox 553 4672 658 4713; x_wconf 90' lang='lat' dir='ltr'><strong>nes</strong></span> <span class='ocrx_word' id='word_1_761' title='bbox 685 4655 784 4713; x_wconf 91' lang='lat' dir='ltr'><strong>ubi</strong></span> <span class='ocrx_word' id='word_1_762' title='bbox 806 4657 914 4713; x_wconf 90' lang='lat' dir='ltr'><strong>hoc</strong></span> <span class='ocrx_word' id='word_1_763' title='bbox 940 4655 1249 4724; x_wconf 89' lang='lat' dir='ltr'><strong>audierint,</strong></span> <span class='ocrx_word' id='word_1_764' title='bbox 1279 4654 1358 4712; x_wconf 91' lang='lat' dir='ltr'><strong>ibi</strong></span> <span class='ocrx_word' id='word_1_765' title='bbox 1390 4662 1640 4713; x_wconf 90' lang='lat' dir='ltr'><strong>current.</strong></span> 
     </span>
    </p>
   </div>
   <div class='ocr_carea' id='block_1_94' title="bbox 628 4744 2155 4818">
    <p class='ocr_par' dir='ltr' id='par_1_94' title="bbox 628 4744 2155 4818">
     <span class='ocr_line' id='line_1_94' title="bbox 628 4744 2155 4818; baseline 0.003 -17"><span class='ocrx_word' id='word_1_766' title='bbox 628 4744 716 4802; x_wconf 83' lang='lat' dir='ltr'><strong>l2.</strong></span> <span class='ocrx_word' id='word_1_767' title='bbox 756 4745 945 4802; x_wconf 85' lang='lat' dir='ltr'><strong>Abbas</strong></span> <span class='ocrx_word' id='word_1_768' title='bbox 994 4746 1261 4802; x_wconf 89' lang='lat' dir='ltr'><strong>Nisteron</strong></span> <span class='ocrx_word' id='word_1_769' title='bbox 1289 4747 1473 4818; x_wconf 88' lang='lat' dir='ltr'><strong>major</strong></span> <span class='ocrx_word' id='word_1_770' title='bbox 1501 4746 1832 4804; x_wconf 86' lang='lat' dir='ltr'><strong>ambulabat</strong></span> <span class='ocrx_word' id='word_1_771' title='bbox 1874 4748 1935 4805; x_wconf 91' lang='lat' dir='ltr'><strong>in</strong></span> <span class='ocrx_word' id='word_1_772' title='bbox 1963 4764 2155 4806; x_wconf 88' lang='lat' dir='ltr'><strong>eremo</strong></span> 
     </span>
    </p>
   </div>
   <div class='ocr_carea' id='block_1_95' title="bbox 555 4834 2151 4910">
    <p class='ocr_par' dir='ltr' id='par_1_95' title="bbox 555 4834 2151 4910">
     <span class='ocr_line' id='line_1_95' title="bbox 555 4834 2151 4910; baseline 0.003 -19"><span class='ocrx_word' id='word_1_773' title='bbox 555 4850 687 4891; x_wconf 89' lang='lat' dir='ltr'><strong>cum</strong></span> <span class='ocrx_word' id='word_1_774' title='bbox 709 4834 900 4906; x_wconf 87' lang='lat' dir='ltr'><strong>aliquo</strong></span> <span class='ocrx_word' id='word_1_775' title='bbox 920 4834 1114 4902; x_wconf 84' lang='lat' dir='ltr'><strong>fratre,</strong></span> <span class='ocrx_word' id='word_1_776' title='bbox 1147 4840 1205 4890; x_wconf 88' lang='lat' dir='ltr'><strong>et</strong></span> <span class='ocrx_word' id='word_1_777' title='bbox 1232 4834 1485 4892; x_wconf 87' lang='lat' dir='ltr'><strong>videntes</strong></span> <span class='ocrx_word' id='word_1_778' title='bbox 1505 4836 1830 4906; x_wconf 89' lang='lat' dir='ltr'><strong>draconem,</strong></span> <span class='ocrx_word' id='word_1_779' title='bbox 1862 4837 2151 4910; x_wconf 90' lang='lat' dir='ltr'><strong>fugerunt.</strong></span> 
     </span>
    </p>
   </div>
   <div class='ocr_carea' id='block_1_96' title="bbox 552 4922 2157 4999">
    <p class='ocr_par' dir='ltr' id='par_1_96' title="bbox 552 4922 2157 4999">
     <span class='ocr_line' id='line_1_96' title="bbox 552 4922 2157 4999; baseline 0.003 -20"><span class='ocrx_word' id='word_1_780' title='bbox 552 4922 704 4979; x_wconf 91' lang='lat' dir='ltr'><strong>Dicit</strong></span> <span class='ocrx_word' id='word_1_781' title='bbox 730 4922 783 4978; x_wconf 90' lang='lat' dir='ltr'><strong>ei</strong></span> <span class='ocrx_word' id='word_1_782' title='bbox 806 4923 1011 4979; x_wconf 83' lang='lat' dir='ltr'><strong>frater:</strong></span> <span class='ocrx_word' id='word_1_783' title='bbox 1050 4923 1125 4979; x_wconf 89' lang='lat' dir='ltr'><strong>Et</strong></span> <span class='ocrx_word' id='word_1_784' title='bbox 1148 4932 1213 4979; x_wconf 84' lang='lat' dir='ltr'><strong>tu</strong></span> <span class='ocrx_word' id='word_1_785' title='bbox 1239 4924 1424 4992; x_wconf 89' lang='lat' dir='ltr'><strong>times,</strong></span> <span class='ocrx_word' id='word_1_786' title='bbox 1484 4926 1654 4982; x_wconf 86' lang='lat' dir='ltr'><strong>Pater</strong></span> <span class='ocrx_word' id='word_1_787' title='bbox 1669 4926 1699 4981; x_wconf 92' lang='lat'><strong>?</strong></span> <span class='ocrx_word' id='word_1_788' title='bbox 1738 4928 2050 4999; x_wconf 88' lang='lat' dir='ltr'><strong>Respondit</strong></span> <span class='ocrx_word' id='word_1_789' title='bbox 2071 4944 2157 4984; x_wconf 91' lang='lat' dir='ltr'><strong>se-</strong></span> 
     </span>
    </p>
   </div>
   <div class='ocr_carea' id='block_1_97' title="bbox 554 5011 2156 5086">
    <p class='ocr_par' dir='ltr' id='par_1_97' title="bbox 554 5011 2156 5086">
     <span class='ocr_line' id='line_1_97' title="bbox 554 5011 2156 5086; baseline 0.002 -18"><span class='ocrx_word' id='word_1_790' title='bbox 554 5027 699 5068; x_wconf 86' lang='lat' dir='ltr'><strong>nex:</strong></span> <span class='ocrx_word' id='word_1_791' title='bbox 728 5012 855 5067; x_wconf 85' lang='lat' dir='ltr'><strong>Non</strong></span> <span class='ocrx_word' id='word_1_792' title='bbox 893 5011 1206 5079; x_wconf 85' lang='lat' dir='ltr'><strong>timeo,ﬁli;</strong></span> <span class='ocrx_word' id='word_1_793' title='bbox 1237 5012 1338 5068; x_wconf 90' lang='lat' dir='ltr'><strong>sed</strong></span> <span class='ocrx_word' id='word_1_794' title='bbox 1355 5013 1581 5086; x_wconf 89' lang='lat' dir='ltr'><strong>expedit</strong></span> <span class='ocrx_word' id='word_1_795' title='bbox 1604 5014 1739 5086; x_wconf 90' lang='lat' dir='ltr'><strong>quia</strong></span> <span class='ocrx_word' id='word_1_796' title='bbox 1751 5015 2051 5072; x_wconf 89' lang='lat' dir='ltr'><strong>draconem</strong></span> <span class='ocrx_word' id='word_1_797' title='bbox 2077 5016 2156 5071; x_wconf 88' lang='lat' dir='ltr'><strong>vi-</strong></span> 
     </span>
    </p>
   </div>
   <div class='ocr_carea' id='block_1_98' title="bbox 554 5100 2153 5177">
    <p class='ocr_par' dir='ltr' id='par_1_98' title="bbox 554 5100 2153 5177">
     <span class='ocr_line' id='line_1_98' title="bbox 554 5100 2153 5177; baseline 0.003 -20"><span class='ocrx_word' id='word_1_798' title='bbox 554 5101 697 5157; x_wconf 86' lang='lat' dir='ltr'><strong>dens</strong></span> <span class='ocrx_word' id='word_1_799' title='bbox 724 5100 865 5172; x_wconf 88' lang='lat' dir='ltr'><strong>fugi,</strong></span> <span class='ocrx_word' id='word_1_800' title='bbox 898 5100 1166 5174; x_wconf 89' lang='lat' dir='ltr'><strong>quoniam</strong></span> <span class='ocrx_word' id='word_1_801' title='bbox 1220 5117 1335 5158; x_wconf 90' lang='lat' dir='ltr'><strong>non</strong></span> <span class='ocrx_word' id='word_1_802' title='bbox 1380 5100 1555 5159; x_wconf 89' lang='lat' dir='ltr'><strong>habui</strong></span> <span class='ocrx_word' id='word_1_803' title='bbox 1605 5104 1852 5176; x_wconf 77' lang='lat' dir='ltr'><strong>effugere</strong></span> <span class='ocrx_word' id='word_1_804' title='bbox 1892 5105 2153 5177; x_wconf 88' lang='lat' dir='ltr'><strong>spiritum</strong></span> 
     </span>
    </p>
   </div>
   <div class='ocr_carea' id='block_1_99' title="bbox 552 5188 964 5262">
    <p class='ocr_par' dir='ltr' id='par_1_99' title="bbox 552 5188 964 5262">
     <span class='ocr_line' id='line_1_99' title="bbox 552 5188 964 5262; baseline 0 -17"><span class='ocrx_word' id='word_1_805' title='bbox 552 5206 709 5247; x_wconf 65' lang='lat' dir='ltr'><strong>vana</strong></span> <span class='ocrx_word' id='word_1_806' title='bbox 744 5188 964 5262; x_wconf 61' lang='lat' dir='ltr'><strong>gloria.</strong></span> 
     </span>
    </p>
   </div>
   <div class='ocr_carea' id='block_1_100' title="bbox 618 5278 2152 5352">
    <p class='ocr_par' dir='ltr' id='par_1_100' title="bbox 618 5278 2152 5352">
     <span class='ocr_line' id='line_1_100' title="bbox 618 5278 2152 5352; baseline 0.002 -15"><span class='ocrx_word' id='word_1_807' title='bbox 618 5279 909 5337; x_wconf 76' lang='lat' dir='ltr'><strong>‘13.Voluit</strong></span> <span class='ocrx_word' id='word_1_808' title='bbox 925 5278 1228 5352; x_wconf 87' lang='lat' dir='ltr'><strong>aliquando</strong></span> <span class='ocrx_word' id='word_1_809' title='bbox 1236 5279 1411 5351; x_wconf 84' lang='lat' dir='ltr'><strong>judex</strong></span> <span class='ocrx_word' id='word_1_810' title='bbox 1434 5280 1734 5352; x_wconf 84' lang='lat' dir='ltr'><strong>provinciae</strong></span> <span class='ocrx_word' id='word_1_811' title='bbox 1771 5281 1958 5337; x_wconf 87' lang='lat' dir='ltr'><strong>videre</strong></span> <span class='ocrx_word' id='word_1_812' title='bbox 1986 5282 2152 5341; x_wconf 89' lang='lat' dir='ltr'><strong>abba-</strong></span> 
     </span>
    </p>
   </div>
   <div class='ocr_carea' id='block_1_101' title="bbox 549 5369 2145 5446">
    <p class='ocr_par' dir='ltr' id='par_1_101' title="bbox 549 5369 2145 5446">
     <span class='ocr_line' id='line_1_101' title="bbox 549 5369 2145 5446; baseline 0.001 -19"><span class='ocrx_word' id='word_1_813' title='bbox 549 5376 669 5427; x_wconf 86' lang='lat' dir='ltr'><strong>tem</strong></span> <span class='ocrx_word' id='word_1_814' title='bbox 704 5370 1019 5437; x_wconf 84' lang='lat' dir='ltr'><strong>Pastorem,</strong></span> <span class='ocrx_word' id='word_1_815' title='bbox 1051 5374 1113 5425; x_wconf 87' lang='lat' dir='ltr'><strong>et</strong></span> <span class='ocrx_word' id='word_1_816' title='bbox 1137 5385 1252 5425; x_wconf 90' lang='lat' dir='ltr'><strong>non</strong></span> <span class='ocrx_word' id='word_1_817' title='bbox 1306 5369 1699 5441; x_wconf 87' lang='lat' dir='ltr'><strong>acquiescebat</strong></span> <span class='ocrx_word' id='word_1_818' title='bbox 1742 5385 1915 5427; x_wconf 85' lang='lat' dir='ltr'><strong>senex</strong></span> <span class='ocrx_word' id='word_1_819' title='bbox 1940 5373 2145 5446; x_wconf 66' lang='lat' dir='ltr'><strong>(Ruf/2,</strong></span> 
     </span>
    </p>
   </div>
   <div class='ocr_carea' id='block_1_102' title="bbox 2237 4566 3829 4639">
    <p class='ocr_par' dir='ltr' id='par_1_102' title="bbox 2237 4566 3829 4639">
     <span class='ocr_line' id='line_1_102' title="bbox 2237 4566 3829 4639; baseline -0.004 -12"><span class='ocrx_word' id='word_1_820' title='bbox 2237 4571 2298 4627; x_wconf 90' lang='lat' dir='ltr'><strong>in</strong></span> <span class='ocrx_word' id='word_1_821' title='bbox 2327 4570 2630 4626; x_wconf 85' lang='lat' dir='ltr'><strong>solitudine</strong></span> <span class='ocrx_word' id='word_1_822' title='bbox 2656 4568 2902 4625; x_wconf 87' lang='lat' dir='ltr'><strong>habitat?</strong></span> <span class='ocrx_word' id='word_1_823' title='bbox 2921 4567 2998 4624; x_wconf 92' lang='lat' dir='ltr'><strong>Et</strong></span> <span class='ocrx_word' id='word_1_824' title='bbox 3019 4567 3114 4622; x_wconf 92' lang='lat' dir='ltr'><strong>ille</strong></span> <span class='ocrx_word' id='word_1_825' title='bbox 3126 4566 3415 4639; x_wconf 90' lang='lat' dir='ltr'><strong>respondit</strong></span> <span class='ocrx_word' id='word_1_826' title='bbox 3436 4585 3450 4622; x_wconf 93' lang='lat'><strong>:</strong></span> <span class='ocrx_word' id='word_1_827' title='bbox 3477 4566 3604 4622; x_wconf 89' lang='lat' dir='ltr'><strong>Non</strong></span> <span class='ocrx_word' id='word_1_828' title='bbox 3623 4571 3717 4621; x_wconf 88' lang='lat' dir='ltr'><strong>est</strong></span> <span class='ocrx_word' id='word_1_829' title='bbox 3740 4566 3829 4621; x_wconf 89' lang='lat' dir='ltr'><strong>hic</strong></span> 
     </span>
    </p>
   </div>
   <div class='ocr_carea' id='block_1_103' title="bbox 2238 4655 3833 4732">
    <p class='ocr_par' dir='ltr' id='par_1_103' title="bbox 2238 4655 3833 4732">
     <span class='ocr_line' id='line_1_103' title="bbox 2238 4655 3833 4732; baseline -0.004 -15"><span class='ocrx_word' id='word_1_830' title='bbox 2238 4659 2523 4717; x_wconf 84' lang='lat' dir='ltr'><strong>solitarius</strong></span> <span class='ocrx_word' id='word_1_831' title='bbox 2540 4659 2764 4732; x_wconf 89' lang='lat' dir='ltr'><strong>aliquis.</strong></span> <span class='ocrx_word' id='word_1_832' title='bbox 2793 4658 2870 4715; x_wconf 88' lang='lat' dir='ltr'><strong>Et</strong></span> <span class='ocrx_word' id='word_1_833' title='bbox 2895 4675 3025 4715; x_wconf 91' lang='lat' dir='ltr'><strong>cum</strong></span> <span class='ocrx_word' id='word_1_834' title='bbox 3055 4658 3161 4713; x_wconf 90' lang='lat' dir='ltr'><strong>hoc</strong></span> <span class='ocrx_word' id='word_1_835' title='bbox 3182 4656 3432 4724; x_wconf 86' lang='lat' dir='ltr'><strong>dixisset,</strong></span> <span class='ocrx_word' id='word_1_836' title='bbox 3462 4655 3724 4711; x_wconf 84' lang='lat' dir='ltr'><strong>discessit</strong></span> <span class='ocrx_word' id='word_1_837' title='bbox 3741 4657 3833 4727; x_wconf 84' lang='lat' dir='ltr'><strong>ju-</strong></span> 
     </span>
    </p>
   </div>
   <div class='ocr_carea' id='block_1_104' title="bbox 2236 4751 3259 4809">
    <p class='ocr_par' dir='ltr' id='par_1_104' title="bbox 2236 4751 3259 4809">
     <span class='ocr_line' id='line_1_104' title="bbox 2236 4751 3259 4809; baseline 0.002 -3"><span class='ocrx_word' id='word_1_838' title='bbox 2236 4751 2363 4809; x_wconf 91' lang='lat' dir='ltr'><strong>dex.</strong></span> <span class='ocrx_word' id='word_1_839' title='bbox 3254 4762 3259 4767; x_wconf 85' lang='lat'><strong>&#39;</strong></span> 
     </span>
    </p>
   </div>
   <div class='ocr_carea' id='block_1_105' title="bbox 2310 4834 3828 4908">
    <p class='ocr_par' dir='ltr' id='par_1_105' title="bbox 2310 4834 3828 4908">
     <span class='ocr_line' id='line_1_105' title="bbox 2310 4834 3828 4908; baseline -0.003 -12"><span class='ocrx_word' id='word_1_840' title='bbox 2310 4838 2398 4897; x_wconf 85' lang='grc'><strong>18.</strong></span> <span class='ocrx_word' id='word_1_841' title='bbox 2436 4838 2565 4894; x_wconf 86' lang='lat' dir='ltr'><strong>Alia</strong></span> <span class='ocrx_word' id='word_1_842' title='bbox 2592 4836 2801 4893; x_wconf 90' lang='lat' dir='ltr'><strong>iterum</strong></span> <span class='ocrx_word' id='word_1_843' title='bbox 2828 4835 2948 4892; x_wconf 88' lang='lat' dir='ltr'><strong>vice</strong></span> <span class='ocrx_word' id='word_1_844' title='bbox 2975 4834 3466 4908; x_wconf 82' lang='lat' dir='ltr'><strong>alterjudexvenit</strong></span> <span class='ocrx_word' id='word_1_845' title='bbox 3491 4834 3828 4891; x_wconf 87' lang='lat' dir='ltr'><strong>videreeum</strong></span> 
     </span>
    </p>
   </div>
   <div class='ocr_carea' id='block_1_106' title="bbox 2236 4923 3829 5001">
    <p class='ocr_par' dir='ltr' id='par_1_106' title="bbox 2236 4923 3829 5001">
     <span class='ocr_line' id='line_1_106' title="bbox 2236 4923 3829 5001; baseline -0.003 -17"><span class='ocrx_word' id='word_1_846' title='bbox 2236 4932 2295 4984; x_wconf 91' lang='lat' dir='ltr'><strong>et</strong></span> <span class='ocrx_word' id='word_1_847' title='bbox 2320 4927 2698 5001; x_wconf 72' lang='lat' dir='ltr'><strong>praecedentes</strong></span> <span class='ocrx_word' id='word_1_848' title='bbox 2726 4926 2912 4983; x_wconf 89' lang='lat' dir='ltr'><strong>clerici</strong></span> <span class='ocrx_word' id='word_1_849' title='bbox 2956 4926 3220 4982; x_wconf 87' lang='lat' dir='ltr'><strong>dixerunt</strong></span> <span class='ocrx_word' id='word_1_850' title='bbox 3242 4925 3294 4981; x_wconf 90' lang='lat' dir='ltr'><strong>ei</strong></span> <span class='ocrx_word' id='word_1_851' title='bbox 3319 4943 3333 4981; x_wconf 91' lang='lat'><strong>:</strong></span> <span class='ocrx_word' id='word_1_852' title='bbox 3369 4923 3545 4990; x_wconf 84' lang='lat' dir='ltr'><strong>Abba,</strong></span> <span class='ocrx_word' id='word_1_853' title='bbox 3592 4930 3829 4997; x_wconf 86' lang='lat' dir='ltr'><strong>paratus</strong></span> 
     </span>
    </p>
   </div>
   <div class='ocr_carea' id='block_1_107' title="bbox 2236 5013 3828 5090">
    <p class='ocr_par' dir='ltr' id='par_1_107' title="bbox 2236 5013 3828 5090">
     <span class='ocr_line' id='line_1_107' title="bbox 2236 5013 3828 5090; baseline -0.003 -16"><span class='ocrx_word' id='word_1_854' title='bbox 2236 5023 2377 5086; x_wconf 91' lang='lat' dir='ltr'><strong>esto,</strong></span> <span class='ocrx_word' id='word_1_855' title='bbox 2410 5017 2544 5090; x_wconf 92' lang='lat' dir='ltr'><strong>quia</strong></span> <span class='ocrx_word' id='word_1_856' title='bbox 2561 5017 2735 5089; x_wconf 87' lang='lat' dir='ltr'><strong>judex</strong></span> <span class='ocrx_word' id='word_1_857' title='bbox 2753 5016 2990 5072; x_wconf 89' lang='lat' dir='ltr'><strong>audiens</strong></span> <span class='ocrx_word' id='word_1_858' title='bbox 3012 5016 3083 5071; x_wconf 92' lang='lat' dir='ltr'><strong>de</strong></span> <span class='ocrx_word' id='word_1_859' title='bbox 3110 5020 3169 5071; x_wconf 89' lang='lat' dir='ltr'><strong>te</strong></span> <span class='ocrx_word' id='word_1_860' title='bbox 3195 5015 3349 5071; x_wconf 90' lang='lat' dir='ltr'><strong>venit</strong></span> <span class='ocrx_word' id='word_1_861' title='bbox 3369 5019 3434 5070; x_wconf 91' lang='lat' dir='ltr'><strong>ut</strong></span> <span class='ocrx_word' id='word_1_862' title='bbox 3456 5013 3828 5069; x_wconf 88' lang='lat' dir='ltr'><strong>benedicatur</strong></span> 
     </span>
    </p>
   </div>
   <div class='ocr_carea' id='block_1_108' title="bbox 2236 5089 3823 5177">
    <p class='ocr_par' dir='ltr' id='par_1_108' title="bbox 2236 5089 3823 5177">
     <span class='ocr_line' id='line_1_108' title="bbox 2236 5089 3823 5177; baseline -0.003 -14"><span class='ocrx_word' id='word_1_863' title='bbox 2236 5124 2271 5163; x_wconf 88' lang='lat' dir='ltr'><strong>a</strong></span> <span class='ocrx_word' id='word_1_864' title='bbox 2298 5112 2374 5163; x_wconf 90' lang='lat' dir='ltr'><strong>te.</strong></span> <span class='ocrx_word' id='word_1_865' title='bbox 2406 5089 2483 5163; x_wconf 90' lang='lat' dir='ltr'><strong>Et</strong></span> <span class='ocrx_word' id='word_1_866' title='bbox 2527 5107 2620 5162; x_wconf 90' lang='lat' dir='ltr'><strong>ille</strong></span> <span class='ocrx_word' id='word_1_867' title='bbox 2649 5106 2791 5161; x_wconf 84' lang='lat' dir='ltr'><strong>dixit</strong></span> <span class='ocrx_word' id='word_1_868' title='bbox 2820 5123 2834 5159; x_wconf 89' lang='lat'><strong>:</strong></span> <span class='ocrx_word' id='word_1_869' title='bbox 2885 5089 3069 5160; x_wconf 75' lang='lat' dir='ltr'><strong>Etiam</strong></span> <span class='ocrx_word' id='word_1_870' title='bbox 3097 5121 3202 5176; x_wconf 86' lang='lat' dir='ltr'><strong>ego</strong></span> <span class='ocrx_word' id='word_1_871' title='bbox 3229 5102 3552 5177; x_wconf 62' lang='lat' dir='ltr'><strong>praeparabo</strong></span> <span class='ocrx_word' id='word_1_872' title='bbox 3584 5119 3698 5159; x_wconf 89' lang='lat' dir='ltr'><strong>me.</strong></span> <span class='ocrx_word' id='word_1_873' title='bbox 3750 5104 3823 5158; x_wconf 78' lang='lat' dir='ltr'><strong>Et</strong></span> 
     </span>
    </p>
   </div>
   <div class='ocr_carea' id='block_1_109' title="bbox 2233 5194 3819 5270">
    <p class='ocr_par' dir='ltr' id='par_1_109' title="bbox 2233 5194 3819 5270">
     <span class='ocr_line' id='line_1_109' title="bbox 2233 5194 3819 5270; baseline -0.004 -18"><span class='ocrx_word' id='word_1_874' title='bbox 2233 5197 2558 5270; x_wconf 89' lang='lat' dir='ltr'><strong>cooperiens</strong></span> <span class='ocrx_word' id='word_1_875' title='bbox 2585 5213 2649 5252; x_wconf 89' lang='lat' dir='ltr'><strong>se</strong></span> <span class='ocrx_word' id='word_1_876' title='bbox 2661 5212 2820 5251; x_wconf 89' lang='lat' dir='ltr'><strong>sacco</strong></span> <span class='ocrx_word' id='word_1_877' title='bbox 2849 5212 2969 5264; x_wconf 88' lang='lat' dir='ltr'><strong>suo,</strong></span> <span class='ocrx_word' id='word_1_878' title='bbox 2998 5200 3058 5250; x_wconf 93' lang='lat' dir='ltr'><strong>et</strong></span> <span class='ocrx_word' id='word_1_879' title='bbox 3073 5195 3277 5250; x_wconf 89' lang='lat' dir='ltr'><strong>tollens</strong></span> <span class='ocrx_word' id='word_1_880' title='bbox 3305 5194 3366 5249; x_wconf 89' lang='lat' dir='ltr'><strong>in</strong></span> <span class='ocrx_word' id='word_1_881' title='bbox 3392 5209 3566 5248; x_wconf 88' lang='lat' dir='ltr'><strong>manu</strong></span> <span class='ocrx_word' id='word_1_882' title='bbox 3591 5209 3703 5249; x_wconf 89' lang='lat' dir='ltr'><strong>sua</strong></span> <span class='ocrx_word' id='word_1_883' title='bbox 3725 5208 3819 5265; x_wconf 83' lang='lat' dir='ltr'><strong>pa-</strong></span> 
     </span>
    </p>
   </div>
   <div class='ocr_carea' id='block_1_110' title="bbox 2232 5283 3822 5356">
    <p class='ocr_par' dir='ltr' id='par_1_110' title="bbox 2232 5283 3822 5356">
     <span class='ocr_line' id='line_1_110' title="bbox 2232 5283 3822 5356; baseline -0.003 -14"><span class='ocrx_word' id='word_1_884' title='bbox 2232 5303 2362 5342; x_wconf 91' lang='lat' dir='ltr'><strong>nem</strong></span> <span class='ocrx_word' id='word_1_885' title='bbox 2394 5291 2452 5341; x_wconf 92' lang='lat' dir='ltr'><strong>et</strong></span> <span class='ocrx_word' id='word_1_886' title='bbox 2500 5302 2746 5354; x_wconf 90' lang='lat' dir='ltr'><strong>caseum,</strong></span> <span class='ocrx_word' id='word_1_887' title='bbox 2775 5285 2923 5341; x_wconf 89' lang='lat' dir='ltr'><strong>sedit</strong></span> <span class='ocrx_word' id='word_1_888' title='bbox 2960 5284 3020 5340; x_wconf 91' lang='lat' dir='ltr'><strong>in</strong></span> <span class='ocrx_word' id='word_1_889' title='bbox 3048 5284 3307 5356; x_wconf 88' lang='lat' dir='ltr'><strong>ingressu</strong></span> <span class='ocrx_word' id='word_1_890' title='bbox 3333 5283 3545 5338; x_wconf 66' lang='lat' dir='ltr'><strong>cellulae</strong></span> <span class='ocrx_word' id='word_1_891' title='bbox 3584 5298 3725 5346; x_wconf 70' lang='lat' dir='ltr'><strong>suas,</strong></span> <span class='ocrx_word' id='word_1_892' title='bbox 3759 5287 3822 5337; x_wconf 69' lang='lat' dir='ltr'><strong>et</strong></span> 
     </span>
    </p>
   </div>
   <div class='ocr_carea' id='block_1_111' title="bbox 2230 5371 3811 5449">
    <p class='ocr_par' dir='ltr' id='par_1_111' title="bbox 2230 5371 3811 5449">
     <span class='ocr_line' id='line_1_111' title="bbox 2230 5371 3811 5449; baseline -0.004 -16"><span class='ocrx_word' id='word_1_893' title='bbox 2230 5377 2399 5449; x_wconf 79' lang='lat' dir='ltr'><strong>ccepit</strong></span> <span class='ocrx_word' id='word_1_894' title='bbox 2410 5374 2946 5432; x_wconf 87' lang='lat' dir='ltr'><strong>manducare.Venit</strong></span> <span class='ocrx_word' id='word_1_895' title='bbox 2980 5390 3115 5447; x_wconf 91' lang='lat' dir='ltr'><strong>ergo</strong></span> <span class='ocrx_word' id='word_1_896' title='bbox 3128 5374 3303 5445; x_wconf 90' lang='lat' dir='ltr'><strong>judex</strong></span> <span class='ocrx_word' id='word_1_897' title='bbox 3321 5389 3449 5429; x_wconf 90' lang='lat' dir='ltr'><strong>cum</strong></span> <span class='ocrx_word' id='word_1_898' title='bbox 3477 5371 3662 5427; x_wconf 85' lang='lat' dir='ltr'><strong>ofﬁcio</strong></span> <span class='ocrx_word' id='word_1_899' title='bbox 3688 5387 3811 5439; x_wconf 89' lang='lat' dir='ltr'><strong>suo,</strong></span> 
     </span>
    </p>
   </div>
   <div class='ocr_carea' id='block_1_112' title="bbox 550 5456 3817 5537">
    <p class='ocr_par' dir='ltr' id='par_1_112' title="bbox 550 5456 3817 5537">
     <span class='ocr_line' id='line_1_112' title="bbox 550 5456 3817 5537; baseline 0 -23"><span class='ocrx_word' id='word_1_900' title='bbox 550 5462 591 5514; x_wconf 86' lang='grc' dir='ltr'><strong>ι.</strong></span> <span class='ocrx_word' id='word_1_901' title='bbox 620 5473 701 5528; x_wconf 74' lang='grc' dir='ltr'><strong>ιιι,</strong></span> <span class='ocrx_word' id='word_1_902' title='bbox 733 5475 794 5514; x_wconf 82' lang='grc' dir='ltr'><strong>η.</strong></span> <span class='ocrx_word' id='word_1_903' title='bbox 828 5456 943 5529; x_wconf 83' lang='grc'><strong>20).</strong></span> <span class='ocrx_word' id='word_1_904' title='bbox 974 5458 1157 5515; x_wconf 75' lang='lat' dir='ltr'><strong>Iudex</strong></span> <span class='ocrx_word' id='word_1_905' title='bbox 1182 5462 1374 5514; x_wconf 90' lang='lat' dir='ltr'><strong>autem</strong></span> <span class='ocrx_word' id='word_1_906' title='bbox 1402 5458 1588 5514; x_wconf 90' lang='lat' dir='ltr'><strong>tenuit</strong></span> <span class='ocrx_word' id='word_1_907' title='bbox 1601 5459 1782 5516; x_wconf 84' lang='lat' dir='ltr'><strong>ﬁlium</strong></span> <span class='ocrx_word' id='word_1_908' title='bbox 1801 5461 2009 5519; x_wconf 82' lang='lat' dir='ltr'><strong>sororis</strong></span> <span class='ocrx_word' id='word_1_909' title='bbox 2022 5464 2146 5535; x_wconf 90' lang='lat' dir='ltr'><strong>ejus</strong></span> <span class='ocrx_word' id='word_1_910' title='bbox 2227 5470 2288 5520; x_wconf 89' lang='lat' dir='ltr'><strong>et</strong></span> <span class='ocrx_word' id='word_1_911' title='bbox 2311 5464 2566 5521; x_wconf 88' lang='lat' dir='ltr'><strong>videntes</strong></span> <span class='ocrx_word' id='word_1_912' title='bbox 2595 5481 2726 5521; x_wconf 92' lang='lat' dir='ltr'><strong>eum</strong></span> <span class='ocrx_word' id='word_1_913' title='bbox 2744 5469 3093 5537; x_wconf 82' lang='lat' dir='ltr'><strong>spreverunt,</strong></span> <span class='ocrx_word' id='word_1_914' title='bbox 3125 5462 3403 5518; x_wconf 87' lang='lat' dir='ltr'><strong>dicentes:</strong></span> <span class='ocrx_word' id='word_1_915' title='bbox 3435 5460 3539 5517; x_wconf 87' lang='lat' dir='ltr'><strong>Hic</strong></span> <span class='ocrx_word' id='word_1_916' title='bbox 3579 5466 3666 5516; x_wconf 87' lang='lat' dir='ltr'><strong>est</strong></span> <span class='ocrx_word' id='word_1_917' title='bbox 3693 5476 3817 5516; x_wconf 89' lang='lat' dir='ltr'><strong>mo-</strong></span> 
     </span>
    </p>
   </div>
   <div class='ocr_carea' id='block_1_113' title="bbox 548 5546 3812 5627">
    <p class='ocr_par' dir='ltr' id='par_1_113' title="bbox 548 5546 3812 5627">
     <span class='ocr_line' id='line_1_113' title="bbox 548 5546 3812 5627; baseline 0.002 -26"><span class='ocrx_word' id='word_1_918' title='bbox 548 5547 705 5604; x_wconf 78' lang='lat' dir='ltr'><strong>velut</strong></span> <span class='ocrx_word' id='word_1_919' title='bbox 726 5547 1170 5616; x_wconf 74' lang='lat' dir='ltr'><strong>malefactorem,</strong></span> <span class='ocrx_word' id='word_1_920' title='bbox 1192 5552 1251 5603; x_wconf 89' lang='lat' dir='ltr'><strong>et</strong></span> <span class='ocrx_word' id='word_1_921' title='bbox 1263 5547 1485 5619; x_wconf 79' lang='lat' dir='ltr'><strong>redegit</strong></span> <span class='ocrx_word' id='word_1_922' title='bbox 1510 5563 1641 5605; x_wconf 90' lang='lat' dir='ltr'><strong>eum</strong></span> <span class='ocrx_word' id='word_1_923' title='bbox 1656 5546 1718 5606; x_wconf 90' lang='lat' dir='ltr'><strong>in</strong></span> <span class='ocrx_word' id='word_1_924' title='bbox 1736 5564 2038 5621; x_wconf 89' lang='lat' dir='ltr'><strong>carcerem,</strong></span> <span class='ocrx_word' id='word_1_925' title='bbox 2066 5553 2148 5609; x_wconf 90' lang='lat' dir='ltr'><strong>di-</strong></span> <span class='ocrx_word' id='word_1_926' title='bbox 2227 5554 2441 5611; x_wconf 89' lang='lat' dir='ltr'><strong>nachus</strong></span> <span class='ocrx_word' id='word_1_927' title='bbox 2465 5554 2750 5611; x_wconf 82' lang='lat' dir='ltr'><strong>solitarius</strong></span> <span class='ocrx_word' id='word_1_928' title='bbox 2778 5553 2850 5610; x_wconf 87' lang='lat' dir='ltr'><strong>de</strong></span> <span class='ocrx_word' id='word_1_929' title='bbox 2878 5569 2990 5627; x_wconf 92' lang='lat' dir='ltr'><strong>quo</strong></span> <span class='ocrx_word' id='word_1_930' title='bbox 3008 5552 3145 5609; x_wconf 86' lang='lat' dir='ltr'><strong>talia</strong></span> <span class='ocrx_word' id='word_1_931' title='bbox 3164 5550 3529 5608; x_wconf 85' lang='lat' dir='ltr'><strong>audiebamus</strong></span> <span class='ocrx_word' id='word_1_932' title='bbox 3550 5549 3580 5606; x_wconf 77' lang='lat' dir='ltr'><strong>‘I</strong></span> <span class='ocrx_word' id='word_1_933' title='bbox 3603 5550 3675 5607; x_wconf 87' lang='lat' dir='ltr'><strong>Et</strong></span> <span class='ocrx_word' id='word_1_934' title='bbox 3693 5555 3812 5607; x_wconf 79' lang='lat' dir='ltr'><strong>sta-</strong></span> 
     </span>
    </p>
   </div>
   <div class='ocr_carea' id='block_1_114' title="bbox 549 5636 3410 5712">
    <p class='ocr_par' dir='ltr' id='par_1_114' title="bbox 549 5636 3410 5712">
     <span class='ocr_line' id='line_1_114' title="bbox 549 5636 3410 5712; baseline 0.002 -20"><span class='ocrx_word' id='word_1_935' title='bbox 549 5651 711 5695; x_wconf 83' lang='lat' dir='ltr'><strong>cens:</strong></span> <span class='ocrx_word' id='word_1_936' title='bbox 740 5636 802 5696; x_wconf 84' lang='lat' dir='ltr'><strong>Si</strong></span> <span class='ocrx_word' id='word_1_937' title='bbox 828 5637 1046 5697; x_wconf 80' lang='lat' dir='ltr'><strong>venerit</strong></span> <span class='ocrx_word' id='word_1_938' title='bbox 1091 5652 1264 5694; x_wconf 84' lang='lat' dir='ltr'><strong>senex</strong></span> <span class='ocrx_word' id='word_1_939' title='bbox 1291 5641 1350 5695; x_wconf 87' lang='lat' dir='ltr'><strong>et</strong></span> <span class='ocrx_word' id='word_1_940' title='bbox 1375 5638 1658 5709; x_wconf 85' lang='lat' dir='ltr'><strong>rogaverit</strong></span> <span class='ocrx_word' id='word_1_941' title='bbox 1683 5655 1787 5712; x_wconf 90' lang='lat' dir='ltr'><strong>pro</strong></span> <span class='ocrx_word' id='word_1_942' title='bbox 1832 5656 1920 5711; x_wconf 87' lang='lat' dir='ltr'><strong>eo,</strong></span> <span class='ocrx_word' id='word_1_943' title='bbox 1960 5642 2148 5703; x_wconf 68' lang='lat' dir='ltr'><strong>diruit-</strong></span> <span class='ocrx_word' id='word_1_944' title='bbox 2226 5642 2727 5702; x_wconf 84' lang='lat' dir='ltr'><strong>timdiscesserunt</strong></span> <span class='ocrx_word' id='word_1_945' title='bbox 2749 5648 2809 5701; x_wconf 87' lang='lat' dir='ltr'><strong>et</strong></span> <span class='ocrx_word' id='word_1_946' title='bbox 2833 5642 3044 5702; x_wconf 86' lang='lat' dir='ltr'><strong>reversi</strong></span> <span class='ocrx_word' id='word_1_947' title='bbox 3067 5645 3203 5700; x_wconf 88' lang='lat' dir='ltr'><strong>sunt</strong></span> <span class='ocrx_word' id='word_1_948' title='bbox 3230 5640 3305 5699; x_wconf 87' lang='lat' dir='ltr'><strong>ad</strong></span> <span class='ocrx_word' id='word_1_949' title='bbox 3330 5656 3410 5699; x_wconf 83' lang='lat' dir='ltr'><strong>se.</strong></span> 
     </span>
    </p>
   </div>
  </div>
