3934 6378
59 310 168 368 909

1371 319 1610 377 VERBA
1648 319 2041 377 SENIORUM.

3198 354 3201 355 '
3235 342 3343 401 910

135 436 223 492 19.
255 436 408 492 Dixit
435 441 630 494 sancta
649 439 966 512 Syncletica
992 458 1004 496 :
1035 441 1192 498 Sicut
1218 443 1516 500 thesaurus
1546 448 1726 508 ma-A
1743 446 1952 502 tionem
1975 446 2232 515 fratrum,
2265 455 2323 504 et
2345 451 2480 507 vidit
2508 457 2808 526 quemdam
2837 461 2906 518 de
2925 462 3194 525 fratribus
3221 471 3340 526 cul.

61 525 299 581 nifestus
321 527 430 582 cito
455 528 806 600 expenditur,
830 530 910 585 ita
937 535 993 586 et
1021 532 1198 587 virtus
1218 534 1498 605 quaelibet,
1531 553 1661 591 cum

61 616 373 672 innotuerit
390 618 476 671 vel
492 617 774 689 publicata
796 620 984 687 fuerit,
1003 622 1657 694 exterminabitur(Ru/f.,

63 709 99 764 ῑ.
136 720 218 772 m,
243 723 300 760 η.
331 706 473 778 114).
497 709 652 764 Sicut
676 711 827 764 enim
857 728 985 766 cera
1000 713 1235 767 solvitur
1263 731 1297 768 a
1322 714 1463 768 facie
1492 714 1655 785 ignis,

58 793 141 849 ita
167 800 226 850 et
247 797 439 852 anima
466 798 726 855 laudibus
757 799 1028 870 inanitur;
1063 809 1122 857 et
1149 803 1363 859 amittit
1389 804 1661 860 virtutum

61 900 326 955 rigorem.

1744 535 2008 607 pabilem,
2041 543 2100 591 et
2138 538 2476 610 adjudicavit
2505 560 2634 601 eum
2662 546 2854 620 (Rulli,
2887 556 2924 607 ι.
2974 570 3052 623 m,
3089 573 3144 612 η.
3185 559 3333 631 137).

1745 627 1886 680 Cum
1911 632 2101 681 autem
2135 628 2340 684 exisset
2375 632 2446 686 ad
2478 650 2750 705 eremum,
2783 641 2934 696 venit
2961 647 3194 716 angelus
3219 627 3333 704 Do-

1743 715 1901 782 mini,
1926 721 1982 770 et
2003 717 2160 771 stetit
2187 724 2318 774 ante
2348 722 2554 778 ostium
2583 726 2736 781 cellae
2775 731 2916 800 ejus,
2944 715 3131 790 dicens
3165 753 3178 790 :
3208 739 3335 795 Non

1742 806 1798 856 te
1822 802 2044 858 dimitto
2075 805 2305 861 intrare.
2331 809 2432 864 Ille
2455 817 2646 867 autem
2673 817 2930 888 rogabat,
2951 821 3173 880 dicens:
3199 828 3334 892 Quae

1742 897 1827 947 est
1851 909 2021 948 causa
2043 894 2068 948 ?
2098 895 2166 950 Et
2195 900 2539 969 respondens
2558 906 2792 975 angelus
2819 909 3060 980 Domini,
3082 915 3134 969 ei
3161 915 3329 972 dixit:

128 972 220 1031 20.
253 975 407 1031 Dixit
432 977 640 1033 iterum
675 996 686 1032 :
721 979 878 1034 Sicut
905 980 1250 1054 impossibile
1280 988 1382 1050 est,
1421 999 1534 1038 uno
1572 1001 1660 1040 eo-
1742 981 1892 1037 Deus
1910 1000 2001 1037 me
2023 984 2180 1040 misit
2199 992 2262 1041 ut
2288 988 2530 1045 dicerem
2550 972 2681 1049 tibi:
2706 995 2813 1051 Ubi
2825 997 2992 1069 jubes
3023 972 3089 1057 ut
3109 1005 3331 1061 mittam

59 1064 301 1134 demque
321 1070 573 1133 tempore
603 1073 660 1121 et
686 1068 922 1124 herbam
968 1087 1091 1126 esse
1119 1078 1177 1126 et
1204 1089 1415 1140 semen,
1449 1073 1530 1127 ita
1559 1073 1659 1128 im-
1741 1069 1902 1126 illum
1923 1071 2154 1128 fratrem
2168 1076 2522 1147 culpabilem,
2544 1098 2711 1153 quem
2730 1064 3031 1144 addixisti?
3051 1092 3120 1148 Et
3138 1095 3330 1150 statim

59 1153 324 1224 possibile
348 1161 434 1209 est
453 1160 517 1210 ut
543 1157 870 1213 saecularem
897 1159 1136 1230 gloriam
1166 1161 1455 1226 habentes,
1500 1163 1659 1217 ccele-
1740 1159 1912 1215 abbas
1931 1162 2087 1216 Isaac
2101 1165 2490 1234 paenitentiam
2512 1172 2644 1240 egit,
2664 1172 2881 1230 dicens:
2912 1179 3162 1251 Peccavi,
3178 1183 3334 1254 igno-

58 1248 203 1297 stem
227 1242 438 1299 faciant
462 1244 706 1301 fructum
731 1248 912 1318 (Ra/7.,
934 1253 972 1306 ι.
992 1264 1070 1318 In,
1095 1267 1252 1305 num.
1287 1249 1416 1317 113;
1443 1254 1651 1320 Prisc/1.,
1738 1266 1828 1304 sce
1848 1251 2082 1306 mihi.Et
2097 1253 2237 1308 dixit
2255 1257 2487 1326 angelus
2516 1277 2528 1314 :
2554 1260 2750 1332 Surge,
2773 1265 3012 1335 ignoscit
3026 1269 3128 1325 tibi
3149 1242 3330 1343 qus;

59 1349 103 1386 c.
137 1331 223 1400 13,
260 1349 318 1387 η.
360 1333 440 1404 2).
1738 1339 1835 1393 sed
1881 1341 2097 1396 custodi
2140 1343 2209 1398 de
2263 1350 2464 1401 caetero
2509 1365 2580 1403 ne
2637 1331 2924 1423 adjudices
2971 1331 3331 1433 quemquam,

125 1421 217 1475 21.
249 1423 567 1494 Aliquando
587 1424 646 1480 in
676 1425 844 1506 Cellis
872 1426 1173 1484 festivitate
1205 1429 1502 1497 celebrata,
1531 1431 1658 1486 ede-
1738 1429 2067 1501 priusquam
2096 1432 2244 1487 Deus
2273 1434 2560 1506 adjudicet
2586 1421 2736 1495 eum.

16 1539 17 1542 η
58 1509 195 1566 bant
223 1511 428 1567 fratres
456 1512 517 1568 in
561 1495 1003 1584 θοριθεὶῖἶωιιῃὶ,
1037 1521 1074 1572 ι.
1107 1532 1190 1585 m,
1219 1535 1276 1572 η.
1311 1518 1398 1586 54,
1433 1495 1658 1576 nomine
1739 1495 1757 1499 _
1811 1517 1863 1574 4.
1897 1495 2096 1575 frater
2116 1495 2420 1594 aliquando
2446 1525 2506 1580 in
2538 1527 2732 1600 Scythi
2753 1532 3013 1591 inventus
3034 1542 3121 1594 est
3148 1540 3336 1613 culpa-

16 1629 17 1638 ι
66 1600 366 1671 Theodori).
385 1602 521 1657 Erat
535 1609 726 1658 autem
743 1603 816 1658 ibi
830 1603 1005 1660 frater
1022 1606 1373 1679 quidam,qui
1397 1609 1538 1663 dixit
1559 1609 1660 1664 mi-
1739 1605 1887 1670 bilis,
1918 1613 1976 1663 et
2004 1609 2256 1666 fecerunt
2294 1614 2542 1671 seniores
2588 1627 2943 1692 conventum,
2975 1630 3035 1680 et
3060 1600 3339 1688 miserunt

61 1689 351 1745 nistranti:
372 1691 488 1763 Ego
509 1709 620 1748 non
640 1693 918 1749 manduco
938 1701 1154 1750 coctum
1172 1697 1403 1768 aliquid,
1432 1699 1529 1753 sed
1550 1699 1653 1753 sal.
1740 1697 1810 1751 ad
1840 1697 2102 1754 abbatem
2131 1701 2401 1773 Moysem,
2426 1704 2674 1763 dicentes
2693 1715 2758 1765 ut
2769 1689 2985 1768 veniret
3000 1731 3014 1782 ;
3032 1715 3127 1772 ille
3144 1723 3337 1776 autem

16 1811 19 1844 ;
61 1779 355 1834 Etvocavit
369 1781 628 1836 minister
638 1783 812 1837 alium
823 1783 1054 1838 fratrem
1073 1802 1260 1840 coram
1275 1787 1653 1854 multitudine,
1673 1811 1720 1872 Β
1738 1787 1926 1841 venire
1942 1788 2140 1844 noluit.
2166 1791 2320 1845 Misit
2340 1798 2529 1849 autem
2545 1796 2615 1850 ad
2633 1814 2762 1853 eum
2784 1779 3093 1875 presbyter,
3112 1807 3333 1866 dicens:

16 1901 20 1934 ι
61 1868 246 1924 dicens
272 1887 284 1922 :
311 1870 412 1925 Ille
432 1869 608 1926 frater
631 1888 744 1927 non
773 1874 1016 1929 comedit
1040 1881 1279 1943 coctum,
1310 1876 1449 1930 affer
1468 1877 1518 1931 ei
1550 1878 1652 1932 sal.
1676 1868 1713 1872 —
1737 1875 1899 1942 Veni,
1917 1877 2049 1946 quia
2069 1878 2224 1949 plebs
2240 1880 2478 1938 fratrum
2501 1889 2557 1939 te
2569 1868 2871 1958 exspectat.
2985 1868 3336 1967 illesurgens

16 1991 19 2023 ε
61 1959 315 2014 Surrexit
333 1965 522 2016 autem
545 1961 774 2033 quidam
794 1979 1013 2030 senum,
1029 1970 1088 2018 et
1115 1965 1255 2019 dixit
1276 1965 1327 2020 ei
1353 1985 1364 2019 :
1392 1967 1657 2038 Expedie-

16 2082 18 2115 ;
60 2051 146 2102 rat
172 2047 278 2103 tibi
309 2048 475 2104 hodie
517 2049 577 2105 in
622 2051 763 2128 cella
787 2057 887 2108 tua
915 2053 1208 2109 comedere
1237 2071 1454 2124 carnes,
1487 2073 1655 2128 quam

16 2197 20 2205 _
59 2135 236 2191 audiri
263 2137 412 2193 hanc
441 2155 630 2194 vocem
656 2125 844 2195 cor'am
875 2143 1048 2199 tantis
1076 2143 1361 2203 fratribus.

16 2267 18 2270 μ
123 2223 211 2282 22.
236 2227 373 2281 Erat
398 2227 628 2299 quidam
648 2228 936 2286 abstinens
956 2248 989 2286 a
1017 2231 1173 2299 cibis,
1200 2237 1258 2287 et
1275 2249 1388 2288 non
1413 2235 1655 2289 mandu-

59 2330 184 2369 cans
205 2331 444 2387 panem;
475 2318 626 2373 venit
655 2319 727 2374 ad
757 2321 1058 2391 quemdam
1080 2339 1293 2377 senem.
1327 2324 1654 2395 Opportune

16 2441 24 2477 ι
59 2408 240 2459 autem
259 2405 379 2460 illic
403 2406 574 2461 etiam
596 2407 691 2464 alii
711 2416 1153 2480 supervenerant
1171 2413 1474 2483 peregrini,
1502 2418 1559 2467 et
1578 2412 1653 2468 fe-

16 2518 23 2567 ε
57 2493 128 2547 cit
143 2510 313 2549 senex
337 2496 621 2552 modicum
649 2499 1004 2569 pulmentum
1030 2507 1260 2572 propter
1288 2518 1402 2556 eos.
1436 2503 1502 2557 Et
1523 2519 1650 2558 cum

16 2582 328 2656 ,sedissent
373 2586 732 2649 manducare,
764 2587 938 2643 frater
983 2589 1076 2644 ille
1127 2590 1414 2646 abstinens
1463 2593 1652 2663 posuit

55 2671 154 2726 sibi
171 2673 274 2728 soli
303 2674 451 2730 cicer
475 2675 742 2742 infusum,
777 2683 836 2733 et
862 2679 1255 2735 manducabat.
1283 2682 1354 2736 Et
1379 2697 1508 2735 cum
1529 2698 1651 2736 sur-

16 2789 24 2837 ε
54 2761 324 2817 rexissent
352 2779 386 2818 a
415 2780 627 2832 mensa,
650 2766 783 2821 tulit
805 2783 935 2822 eum
968 2783 1137 2822 senex
1159 2774 1392 2835 secreto,
1426 2775 1484 2823 et
1510 2770 1651 2825 dixit

1737 1965 1908 2020 venit.
1923 1967 2148 2023 Tollens
2175 1976 2365 2026 autem
2387 1989 2575 2028 secum
2596 1982 2846 2048 spartam
2874 1965 3333 2056 vetustissimam,

1739 2053 1993 2126 implevit
2043 2075 2169 2113 eam
2199 2077 2389 2128 arena,
2423 2067 2480 2117 et
2508 2069 2635 2135 post
2681 2083 2740 2121 se
2787 2071 3049 2140 portavit.
3087 2073 3176 2128 Illi
3203 2053 3336 2132 vero

1739 2144 1996 2200 exierunt
2013 2146 2065 2200 ei
2095 2147 2333 2216 obviam,
2363 2150 2613 2208 dicentes
2637 2173 2652 2210 :
2678 2155 2823 2220 Quid
2854 2157 2957 2215 hoc
2983 2166 3090 2230 est,
3121 2163 3336 2222 Pater?

1737 2233 1890 2290 Dixit
1935 2240 2126 2292 autem
2155 2238 2236 2292 eis
2265 2256 2437 2295 senex
2464 2257 2479 2295 :
2519 2243 2755 2300 Peccata
2783 2241 2908 2303 mea
2929 2255 3064 2306 sunt
3089 2259 3218 2324 post
3243 2271 3334 2311 me

1737 2325 2038 2392 currentia,
2060 2332 2118 2381 et
2135 2343 2247 2382 non
2261 2329 2420 2386 video
2445 2348 2530 2400 ea,
2545 2338 2604 2388 et
2617 2335 2742 2390 veni
2763 2352 2867 2408 ego
2895 2337 3061 2395 hodie
3078 2342 3336 2412 judicare

1736 2412 1922 2469 aliena
1947 2416 2220 2485 peccata?
2250 2418 2338 2473 Illi
2389 2426 2580 2476 autem
2631 2424 2946 2496 audientes,
2980 2429 3123 2486 nihil
3159 2432 3333 2492 locuti

1731 2507 1866 2557 sunt
1892 2502 2071 2571 fratri,
2113 2506 2212 2560 sed
2239 2507 2575 2577 ignoverunt
2609 2512 2679 2568 ei.

1801 2596 1994 2659 59:5
2005 2592 2056 2648 5.
2071 2595 2444 2667 Interrogavit
2458 2598 2631 2657 abbas
2642 2603 2850 2676 Joseph
2867 2606 3125 2666 abbatem
3140 2611 3332 2669 Pasto-

1731 2695 1870 2745 rem,
1901 2677 2091 2738 dicens
2119 2702 2130 2736 :
2157 2684 2256 2739 Dic
2281 2687 2560 2757 quomodo
2581 2695 2890 2751 monachus
2910 2698 3066 2757 llam.
3096 2699 3167 2756 Et
3193 2701 3334 2761 dixit

1731 2769 1783 2824 ei
1810 2786 1983 2825 senex
2007 2791 2020 2826 :
2043 2772 2102 2827 Si
2132 2773 2213 2828 vis
2241 2777 2492 2846 requiem
2509 2779 2761 2838 invenire
2784 2789 2842 2840 et
2870 2785 2929 2841 in
2951 2788 3054 2843 hoc
3083 2795 3146 2845 et'
3168 2789 3226 2846 in
3241 2791 3332 2848 fu-

56 2851 102 2906 ei
133 2869 145 2905 :
181 2852 404 2918 Frater,
444 2853 492 2908 si
529 2855 684 2909 venis
711 2855 782 2910 ad
811 2856 1078 2928 aliquem,
1122 2873 1236 2912 non
1263 2859 1526 2913 ostendas
1566 2858 1648 2914 illi
1729 2863 1859 2914 turo
1888 2861 2112 2929 saeculo,
2144 2862 2203 2918 in
2231 2865 2386 2920 omni
2415 2883 2584 2924 causa
2612 2870 2740 2926 dic:
2775 2873 2912 2940 Quis
2939 2894 3066 2934 sum
3100 2881 3242 2952 ego?
3275 2887 3334 2938 et

16 2942 528 3018 ,oonversationem
580 2949 772 3013 tuam;
824 2946 873 3000 si
927 2951 1119 3002 autem
1165 2949 1647 3011 conversationem

54 3036 202 3087 tuam
251 3037 450 3088 tenere
492 3033 595 3102 vis,
642 3034 776 3089 sede
817 3035 878 3089 in
929 3036 1070 3091 cella
1110 3042 1228 3106 tua,
1271 3042 1330 3091 et
1368 3053 1647 3109 nusquam

1730 2964 1803 3003 ne
1824 2949 2044 3018 judices
2075 2967 2417 3024 quemquam
2433 3001 2445 3015 .

1801 3036 1849 3092 6.
1884 3039 2082 3094 Frater
2109 3041 2338 3112 quidam
2367 3044 2736 3119 interrogavit
2780 3068 2912 3108 eum
2964 3055 3190 3125 iterum,
3239 3060 3329 3115 di-

16 3098 25 3106 .
584 3098 590 3102 ν
1217 3098 1226 3106 ,
1493 3098 1512 3109 ι
2124 3098 2144 3112 ι
2553 3098 2735 3119 τη---
2783 3098 2912 3108 η..-
2964 3098 3190 3125 ..........,
3240 3098 3329 3115 ...-

16 3165 24 3199 ε
57 3135 227 3178 exeas.
258 3122 367 3178 Ille
394 3129 583 3179 autem
629 3124 987 3196 acquiescens
1026 3126 1210 3181 verbis
1257 3127 1424 3196 senis,
1467 3128 1647 3184 factus
1667 3098 1710 3159 Ο
1727 3141 1862 3180 cens
1887 3144 1900 3178 ε
1937 3128 1995 3183 Si
2016 3128 2206 3185 videro
2225 3133 2448 3204 culpam
2475 3135 2666 3193 fratris
2689 3141 2820 3205 mei.
2846 3141 3056 3199 bonum
3081 3152 3166 3202 est
3187 3149 3330 3204 οθιᾶ·

16 3255 24 3287 ι
57 3215 135 3264 est
154 3213 470 3269 communis
506 3214 631 3270 vitae
674 3215 732 3268 in
763 3214 820 3269 id
850 3215 1001 3287 quod
1039 3233 1168 3272 cum
1196 3217 1463 3273 fratribus
1490 3218 1646 3274 inve-

21 3351 24 3354 .
55 3301 240 3360 uisset.

1729 3231 1790 3269 re
1819 3217 1984 3271 eam?
2016 3218 2168 3273 Dixit
2194 3220 2246 3274 ei
2274 3238 2442 3278 senex
2479 3245 2490 3277 :
2525 3226 2871 3301 Quacunque
2897 3231 3055 3288 hora
3082 3235 3330 3307 tegimus

1728 3311 2019 3376 peccatum
2048 3308 2240 3363 fratris
2268 3312 2466 3378 nostri,
2490 3317 2644 3385 teget
2670 3318 2840 3373 etiam
2861 3321 3010 3377 Deus
3038 3331 3322 3397 nostrum;

16 3435 23 3468 ί
119 3390 202 3450 23.
237 3391 394 3449 Dixit
434 3409 603 3449 senex
657 3412 670 3449 :
720 3394 983 3449 Humana
1028 3395 1379 3466 providentia
1421 3411 1644 3450 omnem
1729 3399 1788 3484 et
1817 3401 2149 3468 quacunque
2172 3398 2312 3454 hora
2338 3401 2754 3472 prodiderimus
2775 3409 2968 3481 culpas
2987 3410 3247 3484 fratrum,
3271 3390 3328 3473 et

16 3525 23 3561 ε
56 3481 451 3553 pinguedinem
468 3483 715 3539 hominis
730 3489 1006 3556 amputat,
1031 3490 1088 3539 et
1108 3485 1376 3557 relinquit
1395 3487 1523 3541 eum
1545 3485 1647 3540 sic-
1727 3482 1883 3538 Deus
1911 3495 2132 3540 nostras
2161 3487 2424 3544 similiter
2448 3493 2667 3564 prodet.

56 3585 170 3626 cum
181 3611 192 3625 .

19 3705 25 3734 ,ι
117 3660 204 3715 24.
233 3659 392 3716 Dixit
426 3675 596 3716 senex
628 3677 640 3713 :
682 3662 799 3717 Aut
833 3661 1054 3733 fugiens
1083 3661 1213 3734 fuge
1240 3662 1513 3729 homines,
1549 3669 1649 3719 aut

1803 3571 1854 3626 7.
1873 3572 2119 3630 Offendit
2137 3577 2440 3648 aliquando
2455 3581 2630 3638 frater
2644 3583 2703 3639 in
2721 3590 3172 3661 congregatione.
3195 3593 3330 3652 Erat

1729 3667 1920 3717 autem
1947 3663 2006 3718 in
2036 3663 2213 3736 ipsius
2237 3667 2372 3723 locis
2392 3670 2620 3741 quidam
2633 3675 2937 3746 solitarius,
2953 3679 3050 3751 qui
3067 3682 3190 3752 jam
3210 3680 3330 3740 lon-

23 3731 25 3736 .
901 3731 919 3733 -
1148 3731 1173 3734 _
2058 3731 2077 3736 -
2406 3731 2427 3741 -
2963 3731 3304 3752 ,ηρ-..-ω

19 3797 24 3808 .
55 3749 282 3806 irridens
319 3750 599 3806 mundum
642 3757 700 3806 et
736 3751 992 3807 homines
1021 3753 1118 3824 qui
1165 3753 1224 3808 in
1254 3753 1466 3808 mundo
1493 3758 1641 3820 sunt,
1727 3767 1800 3820 go
1837 3757 2093 3824 tempore
2119 3754 2256 3810 foris
2281 3773 2393 3812 non
2421 3759 2624 3816 exibat.
2659 3762 2902 3821 Veniens
2935 3771 3330 3830 autem‘abbas

18 3885 24 3918 τ
56 3839 280 3896 stultum
308 3841 674 3914 temetipsum
701 3841 761 3896 in
783 3841 1040 3914 pluribus
1066 3842 1251 3899 facito.

1730 3839 1800 3895 de
1825 3843 2261 3914 congregatione
2281 3846 2377 3901 illa
2396 3848 2467 3903 ad
2488 3865 2636 3918 eum,
2656 3851 2919 3910 indicavit
2943 3857 3012 3912 de
3035 3859 3208 3916 fratre
3229 3862 3326 3919 illo

1727 3930 1825 4000 qui
1849 3932 2178 3988 offenderat.
2210 3935 2280 3989 Et
2306 3936 2400 3991 ille
2425 3937 2599 3994 dixit:
2634 3941 2904 4014 Expellite
2934 3955 3084 4002 eum.
3114 3948 3322 4022 Expul-

16 3974 20 4008 ί
1728 3966 1825 4000 tiu]
1849 3966 2086 3987 υιιῡιιιιῠι
2099 3966 2178 3988 αι..
2210 3966 2280 3989 nu
2306 3966 2400 3991 ulc
2425 3966 2599 3994 υυιιιξ
2634 3966 2904 4014 nxpeulte
2934 3966 3084 4002 eum.
3114 3966 3322 4022 Empul-

16 4067 23 4098 ε
131 4091 157 4101 ᾳ
441 4093 458 4101 _
785 4098 793 4101 Α
873 4098 881 4101 Α
937 4097 947 4101 Α
1011 4095 1027 4101 _
1727 4035 1822 4075 sus
1852 4026 2041 4076 autem
2073 4023 2246 4078 frater
2263 4024 2333 4079 de
2352 4030 2799 4101 congregatione,
2821 4034 2976 4090 misit
2993 4053 3053 4092 se
3074 4037 3131 4093 in
3154 4039 3326 4096 fossa-

120 4091 190 4148 De
216 4108 276 4148 eo
312 4093 458 4163 quod
493 4107 607 4148 non
642 4098 882 4163 oporteat
915 4095 1176 4163 judwarc
1212 4107 1570 4164 quamquam.
1725 4109 1993 4180 tum(33),
2020 4116 2078 4166 et
2105 4112 2274 4168 flebat
2301 4114 2380 4169 ibi
2408 4134 2420 4171 :
2452 4091 2688 4190 contigit
2703 4091 2892 4178 autem
2922 4130 2987 4180 ut
3006 4091 3321 4186 alii

16 4179 20 4262 ί
125 4198 172 4256 1.
201 4199 454 4272 Contigit
479 4199 780 4272 aliquando
808 4200 969 4255 fratri
999 4200 1057 4256 in
1085 4201 1518 4273 congregatione
1549 4201 1646 4256 ab-
1725 4179 2006 4255 euntesad
2030 4201 2290 4258 abbatem
2303 4179 2870 4267 Pastoremaudirent
2885 4179 3322 4278 eumiu—

16 4331 23 4364 ε
59 4285 193 4343 batis
219 4289 355 4345 Elia;
382 4289 640 4357 tentatio,
670 4295 728 4346 et
752 4291 1014 4362 expulsus
1043 4291 1191 4357 inde,
1224 4291 1365 4346 abiit
1391 4292 1450 4345 in
1481 4307 1643 4347 mon-
1725 4287 2041 4360 plorantem
2059 4308 2070 4344 :
2088 4291 2183 4363 qui
2194 4293 2595 4352 descendentes
2608 4299 2677 4353 ad
2691 4316 2819 4356 eum
2841 4301 3178 4362 invenerunt
3193 4323 3324 4364 eum

59 4381 164 4432 tem
186 4378 255 4435 ad
285 4377 550 4433 abbatem
583 4359 913 4436 Antonium.
959 4380 1030 4434 Et
1055 4397 1182 4435 cum
1209 4380 1510 4435 mansisset
1541 4380 1647 4435 ali-
1817 4396 2022 4451 magno
2049 4359 2242 4438 dolore
2265 4386 2652 4457 constitutum,
2677 4395 2734 4444 et
2752 4359 3327 4462 rogaverunt‘eum—ut

61 4473 256 4538 quanto
279 4473 536 4539 tempore
562 4469 712 4540 apud
734 4485 882 4537 eum,
907 4469 1128 4524 remisit
1163 4485 1292 4523 eum
1315 4469 1387 4523 ad
1415 4461 1704 4540 congre-D
1727 4467 1837 4523 iret
1863 4469 1935 4524 ad
1964 4486 2155 4525 senem
2199 4471 2359 4527 illum
2387 4475 2732 4547 solitarium;
2785 4486 2843 4535 et
2887 4498 3000 4537 non
3028 4485 3323 4557 acquievit,

16 4539 22 4622 ξ
59 4555 329 4622 gationem
349 4557 501 4613 unde
522 4539 754 4614 exierat.
776 4559 865 4614 Illi
892 4563 1083 4613 autem
1102 4559 1353 4613 videntes
1380 4539 1650 4627 eum,ite-

58 4657 172 4699 rum
199 4647 572 4718 expulerunt;
606 4647 701 4719 qui
723 4648 983 4704 similiter
1008 4649 1256 4720 perrexit
1283 4649 1354 4702 ad
1383 4647 1646 4703 abbatem

16 4723 19 4726 ’
59 4733 374 4804 Antonium,
399 4736 587 4791 dicens
617 4755 628 4790 :
663 4737 981 4793 Noluerunt
1008 4754 1100 4792 me
1124 4737 1426 4809 suscipere,
1455 4738 1642 4792 Pater.

16 4877 18 4884 ,
62 4819 196 4877 ὶΙὶείι
224 4840 361 4895 ergo
385 4841 555 4880 senex
583 4825 654 4880 ad
681 4843 795 4892 eos,
829 4826 1020 4882 dicens
1045 4844 1056 4880 :
1091 4827 1259 4882 Navis
1292 4825 1647 4898 naufragium

16 4963 19 4968 λ
61 4911 180 4966 tulit
203 4912 260 4967 in
287 4914 511 4986 pelago,
547 4918 604 4969 et
632 4915 877 4987 perdidit
911 4933 1054 4971 onus
1085 4916 1233 4988 quod
1272 4916 1555 4987 portabat,
1591 4921 1650 4971 et

16 4987 17 4996 1
62 5014 175 5055 cum
195 5002 389 5057 labore
403 5020 574 5058 vacua
591 5005 751 5060 navis
776 5005 1050 5077 perducta
1075 4987 1160 5059 est
1188 5005 1259 5060 ad
1277 5012 1510 5060 terram.
1533 5005 1647 5060 Vos

16 5079 17 5082 1
64 5103 183 5159 ergo
205 5091 503 5148 liberatam
533 5094 722 5148 navim
741 5094 801 5150 in
823 5099 1034 5149 terram
1056 5095 1223 5150 vultis
1243 5092 1646 5165 submergere?

63 5176 140 5230 Illi
164 5185 353 5235 autem
381 5189 796 5253 cognoscentes,
839 5183 972 5255 quia
1001 5200 1131 5238 eum
1169 5183 1340 5238 abbas
1369 5183 1648 5240 Antonius

64 5267 376 5337 remisisset,
409 5271 604 5326 statim
632 5277 1000 5346 susceperunt
1020 5289 1169 5328 eum.

121 5355 174 5410 2.
201 5358 444 5422 Quidam
483 5360 658 5415 frater
701 5367 1044 5433 peccaverat,
1079 5368 1136 5417 et
1158 5363 1330 5433 jussit
1358 5379 1487 5419 eum
1518 5379 1648 5434 pre-

64 5440 239 5515 sbyter
270 5447 425 5502 exire
468 5447 539 5503 de
570 5449 821 5505 ecclesia.
852 5451 1106 5506 Surrexit
1136 5457 1325 5506 autem
1358 5452 1646 5518 Besarion,

67 5537 118 5586 et
141 5534 305 5590 exivit
331 5553 462 5593 cum
492 5554 578 5606 eo,
603 5538 792 5595 dicens
826 5559 838 5595 :
871 5541 942 5597 Et
971 5557 1074 5612 ego
1103 5548 1364 5612 peccator
1392 5558 1537 5597 sum.

131 5621 178 5685 3.
218 5623 390 5683 Venit
425 5626 598 5684 abbas
625 5629 782 5686 Isaac
809 5629 880 5687 de
923 5629 1212 5688 Thebaida
1253 5631 1313 5688 in
1341 5647 1651 5704 congrega-

1731 4556 1921 4611 dicens
1956 4573 1969 4610 :
2022 4559 2086 4612 In
2115 4559 2221 4614 hoc
2248 4561 2368 4616 loco
2405 4564 2617 4618 moriar
2643 4583 2766 4637 ego.
2803 4556 3324 4629 Venientesautem

1730 4645 1932 4700 fratres
1952 4646 2023 4700 ad
2049 4646 2310 4704 abbatem
2331 4649 2642 4720 Pastorem,
2663 4664 3036 4714 narraverunt
3059 4660 3110 4716 ei
3136 4661 3206 4716 de
3235 4678 3324 4719 eo.

1730 4734 1801 4788 Et
1825 4735 2043 4806 rogavit
2081 4753 2177 4791 eos
2213 4743 2280 4792 ut
2327 4739 2476 4794 irent
2521 4741 2593 4796 ad
2623 4759 2771 4810 eum,
2805 4745 3055 4802 dicentes
3088 4765 3100 4804 :
3140 4750 3328 4810 Abba:

1729 4824 1930 4879 Pastor
1948 4831 2107 4879 vocat
2133 4830 2190 4880 te
2219 4827 2291 4881 ad
2324 4843 2404 4882 se.
2439 4829 2598 4893 Quod
2633 4848 2761 4888 cum
2789 4834 2841 4889 ei
2871 4835 3161 4908 dixissent,
3194 4858 3326 4913 per-

1729 4913 1874 4967 rexit
1901 4913 1971 4968 ad
1997 4930 2144 4970 eum.
2197 4916 2265 4970 Et
2291 4917 2483 4972 videns
2520 4935 2650 4974 eum
2677 4939 2846 4979 senex
2872 4925 3166 4997 afﬂictum,
3199 4947 3328 4988 sur-

1727 5002 1872 5057 rexit
1895 5008 1951 5058 et
1978 5004 2262 5060 osculatus
2289 5011 2375 5061 est
2402 5024 2555 5076 eum,
2588 5015 2645 5064 et
2664 5011 2989 5084 adgaudens
3018 5019 3070 5073 ei
3094 5021 3330 5091 rogabat

1729 5097 1793 5147 ut
1819 5098 2069 5148 sumeret
2096 5093 2300 5150 cibum.
2331 5096 2486 5151 Misit
2513 5105 2703 5155 autem
2732 5101 2905 5159 abbas
2925 5107 3126 5162 Pastor
3145 5125 3320 5166 unum

1729 5183 1799 5237 de
1827 5183 2094 5237 fratribus
2119 5184 2235 5238 suis
2261 5185 2332 5239 ad
2363 5185 2520 5241 illum
2561 5189 2896 5258 solitarium,
2922 5194 3112 5249 dicens
3145 5215 3158 5250 :
3208 5198 3328 5252 Au-

1729 5272 1890 5328 diens
1918 5273 1987 5328 de
2007 5278 2081 5340 te,
2117 5274 2280 5328 multi
2309 5275 2442 5330 anni
2471 5283 2605 5334 sunt
2622 5281 2769 5351 quod
2787 5287 2841 5336 te
2864 5283 3050 5338 videre
3070 5284 3236 5352 volui,
3270 5293 3329 5342 et

1731 5379 1834 5435 pro
1854 5362 2082 5433 pigritia
2097 5368 2290 5418 nostra
2309 5365 2601 5422 amborum
2624 5385 2736 5423 non
2759 5370 3047 5440 potuimus
3065 5388 3164 5427 nos
3188 5374 3329 5431 invi.

1731 5468 1854 5506 cem
1882 5452 2105 5507 videre:
2131 5454 2297 5508 modo
2327 5460 2536 5521 autem,
2566 5456 2682 5511 Deo
2707 5458 2926 5512 volente
2950 5464 3008 5515 et
3034 5461 3326 5520 occasione

1732 5541 1896 5607 facta,
1930 5541 2102 5612 fatiga
2131 5546 2186 5597 te
2215 5559 2394 5614 usque
2415 5543 2541 5610 huc,
2570 5549 2634 5600 ut
2660 5560 2762 5600 nos
2791 5546 2980 5602 videre
3008 5541 3324 5622 possimus;

1732 5636 1856 5687 erat
1873 5628 2022 5686 enim
2042 5646 2155 5688 non
2175 5631 2473 5703 egrediens
2499 5632 2568 5690 de
2591 5631 2732 5691 cella
2755 5650 2876 5692 sua.
2903 5635 3064 5706 Quod
3085 5645 3213 5698 cum
3231 5657 3334 5706 au.
