3934 6376
591 295 698 358 911

1707 297 1799 356 DE
1837 299 2025 358 VITIS
2063 299 2362 358 PATRUM
2401 298 2615 356 LIBER
2651 297 2720 352 V.

3777 293 3878 352 912

587 427 781 494 disset,
801 424 1050 482 dicebat:
1069 423 1194 482 Nisi
1210 423 1362 482 Deus
1380 424 1708 498 inspirasset
1722 427 1843 482 seni
1873 428 1952 483 illi
1975 429 2044 484 de
2065 445 2174 494 me,
2195 428 2248 490 Λ
2263 427 2625 499 egrederetur
2653 426 2712 480 in
2743 429 2901 480 sexta
2929 421 3070 478 feria
3090 425 3250 476 extra
3271 420 3800 492 congregationem,
3825 433 3877 474 et

588 531 704 572 non
730 514 979 571 misisset
1005 514 1077 570 ad
1106 531 1218 569 me.
1246 515 1317 570 Et
1357 531 1597 587 surgens
1632 517 1788 572 venit
1834 518 1907 572 ad
1936 535 2084 572 eum.
2119 520 2190 574 Et

588 603 900 665 salutantes
920 619 983 659 se
1000 603 1237 659 invicem
1251 619 1379 659 cum
1394 605 1600 676 gaudio
1621 605 1905 661 sederunt.
1929 607 2080 661 Dixit
2090 623 2188 662 au-

586 698 705 766 tem
750 693 803 748 ei
831 691 1004 750 abbas
1045 693 1291 748 Pastor:
1322 694 1446 749 Duo
1486 693 1745 750 homines
1790 701 1954 750 erant
1980 696 2040 750 in
2065 697 2186 752 loco

587 787 786 850 uno,et
803 781 970 839 ambo
983 781 1268 838 habebant
1285 787 1538 838 mortuos
1553 799 1702 839 suos.
1728 784 1978 856 Reliquit
1995 790 2188 840 autem

586 888 734 928 unus
754 877 1041 930 mortuum
1053 887 1237 940 suum,
1263 877 1322 927 et
1338 871 1478 928 abiit
1500 872 1722 944 plorare
1749 873 1902 929 illius
1930 873 2185 930 alterius.

584 961 838 1032 Audiens
867 965 1058 1017 autem
1087 961 1207 1017 haec
1246 976 1434 1028 senex,
1467 967 1836 1034 compunctus
1865 967 1952 1018 est
1985 963 2045 1018 in
2068 978 2189 1018 ser-

586 1066 755 1122 mone
783 1052 928 1123 ejus.
960 1055 1020 1106 et
1043 1049 1370 1107 recordatus
1389 1055 1476 1105 est
1493 1051 1642 1122 quod
1665 1050 1897 1119 fecerat,
1925 1057 1984 1106 et
2009 1052 2184 1108 dixit:

584 1139 786 1201 Pastor
841 1156 1066 1197 sursum
1118 1139 1179 1196 in
1231 1139 1391 1206 coelo,
1439 1155 1543 1212 ego
1592 1146 1784 1198 autem
1819 1141 2084 1198 deorsum
2126 1141 2187 1198 in

585 1233 764 1286 terra.

601 1385 610 1394 '
652 1314 708 1375 8.
727 1317 931 1373 Frater
949 1316 1180 1389 quidam
1200 1317 1570 1389 interrogavit
1589 1317 1848 1374 abbatem
1871 1320 2185 1386 Pastorem,

583 1407 775 1464 dicens
799 1426 812 1462 :
835 1406 984 1472 Quid
994 1405 1154 1472 facio,
1182 1407 1317 1478 quia
1335 1407 1710 1479 pusillanimis
1734 1409 1807 1463 fio
1827 1409 1965 1464 dum
1983 1411 2150 1464 sedeo
2163 1410 2192 1464 ?

582 1496 742 1556 Dixit
765 1495 819 1552 ei
845 1512 1016 1550 senex
1047 1512 1059 1548 :
1091 1495 1325 1550 Nullum
1355 1512 1588 1568 spernas
1615 1513 1797 1570 neque
1825 1499 2182 1564 condemnes,

581 1592 640 1642 et
669 1586 811 1642 nulli
839 1583 1178 1657 obloquaris,
1206 1589 1264 1640 et
1291 1585 1442 1640 Deus
1464 1585 1757 1657 praestabit
1783 1587 1886 1643 tibi
1910 1588 2184 1660 requiem,

581 1683 642 1749 et
671 1675 781 1731 erit
819 1675 995 1733 sessio
1041 1679 1142 1730 tua
1179 1673 1302 1729 sine
1341 1675 1763 1746 perturbatione
1797 1679 1986 1745 (Ra/I2,
2029 1681 2072 1732 ι.
2102 1691 2162 1732 ιιι

2269 517 2485 572 videret
2499 515 2800 588 quemdam
2815 527 2983 568 mane
2995 511 3398 566 comedentem.
3414 509 3568 564 Dixit
3581 515 3780 564 autem
3793 510 3844 564 ei
3863 527 3878 567 :

2270 608 2390 662 Hac
2415 607 2557 662 hora
2595 605 2902 659 manducas
2931 603 2991 657 in
3033 607 3192 656 sexta
3219 599 3404 654 feria?
3432 599 3536 654 Die
3571 605 3769 654 autem
3800 617 3880 656 se-

2269 696 2464 768 quenti
2487 695 2632 750 facta
2661 698 2748 749 est
2769 691 3069 748 celebratio
3088 689 3391 744 missarum
3409 688 3726 744 secundum
3749 705 3879 743 cono

2269 784 2645 841 suetudinem.
2671 784 2904 838 Intuens
2932 797 3062 835 vero
3093 779 3267 834 frater
3295 779 3434 850 ejus,
3459 777 3599 832 vidit
3623 777 3872 848 gratiam

2271 890 2392 944 quae
2412 876 2606 938 506
2632 871 2684 926 ei
2711 871 2845 926 data
2872 869 3057 925 fuerat
3086 867 3404 923 discessisse
3429 867 3499 922 ab
3527 884 3615 934 eo,
3647 873 3712 923 et
3739 884 3866 922 con-

2266 961 2524 1016 tristatus
2549 949 2653 1015 est.
2686 960 2795 1025 Qui
2831 977 2960 1014 cum
2991 958 3234 1013 venisset
3257 957 3317 1012 in
3344 957 3562 1022 cellam,
3596 953 3738 1012 dicit
3763 957 3820 1012 ei
3861 976 3874 1010 :

2269 1050 2414 1115 Quid
2435 1049 2635 1114 fecisti,
2657 1049 2851 1115 frater,
2875 1049 3008 1120 quia
3033 1064 3147 1102 non
3166 1046 3296 1111 vidi,
3323 1047 3470 1101 sicut
3485 1045 3730 1117 pridem,
3753 1063 3880 1116 gra-

2267 1139 2408 1194 tiam
2437 1139 2538 1194 Dei
2585 1139 2645 1193 in
2673 1138 2769 1194 te?
2798 1138 2899 1194 Ille
2927 1142 3119 1192 autem
3148 1135 3490 1208 respondens
3521 1135 3661 1190 dixit
3696 1151 3710 1187 :
3753 1136 3876 1204 Ego

2269 1244 2453 1300 neque
2472 1229 2532 1283 in
2554 1233 2701 1294 actu,
2719 1243 2902 1298 neque
2926 1226 2986 1280 in
3005 1223 3435 1296 cogitationibus
3453 1223 3714 1279 conscius
3735 1223 3877 1278 mihi

2272 1335 2399 1373 sum
2424 1317 2662 1388 alicujus
2691 1317 2847 1370 mali.
2881 1315 3027 1372 Dicit
3047 1314 3098 1369 ei
3126 1315 3301 1368 frater
3324 1314 3447 1384 ejus
3473 1331 3484 1366 ε
3519 1313 3637 1368 Nec
3663 1329 3877 1378 sermo-

2273 1424 2405 1462 nem
2447 1407 2703 1462 odiosum
2746 1405 2992 1476 aliquem
3037 1404 3256 1459 locutus
3298 1403 3402 1457 es?
3441 1403 3512 1458 Et
3548 1401 3876 1458 recordatus

2274 1497 2444 1554 dixit:
2469 1496 2673 1551 Etiam.
2705 1496 2986 1550 Hesterna
3008 1493 3097 1548 die
3129 1479 3240 1546 fidi
3260 1492 3561 1564 quemdam
3579 1491 3881 1546 comeden-

2269 1590 2385 1642 tem
2413 1601 2599 1652 mane,
2624 1592 2682 1640 et
2709 1584 2822 1640 dixi
2850 1584 2901 1638 ei
2935 1603 2946 1637 :
2982 1583 3027 1637 Η
3035 1599 3098 1638 ac
3134 1583 3275 1637 hora
3300 1581 3608 1636 manducas
3635 1581 3696 1637 in
3722 1587 3878 1636 sexta

2271 1675 2449 1730 feria?
2475 1676 2594 1731 Hoc
2623 1679 2712 1730 est
2731 1679 3022 1746 peccatum
3050 1688 3239 1726 meum
3265 1690 3278 1739 ;
3313 1670 3410 1726 sed
3437 1669 3634 1725 labora
3653 1687 3876 1726 mecum

580 1735 639 1822 ii.
673 1761 813 1832 10ος
837 1765 1051 1831 Pasch,
1083 1781 1132 1818 ο.
1165 1761 1254 1830 39,
1287 1735 1360 1819 η..
1381 1762 1444 1832 2;
1473 1766 1720 1834 Append.
1750 1735 1943 1832 M‘artt,
1975 1735 2038 1820 ii.
2071 1735 2184 1835 39):

2276 1765 2412 1820 duas
2443 1735 2923 1852 hebdomadas,‘et
2953 1777 3213 1832 rogemus
3239 1735 3417 1852 Deum
3439 1765 3504 1815 ut
3532 1760 3672 1814 mihi
3693 1760 3876 1815 indul-

588 1913 596 1918 ,
647 1854 704 1912 9.
733 1854 938 1910 Factus
962 1856 1050 1908 est
1096 1853 1400 1925 aliquando
1442 1859 1748 1910 conventus
1789 1855 1850 1910 in
1881 1855 2096 1926 Scythi,
2130 1859 2188 1910 et

577 1942 956 2024 loquebantur
969 1942 1166 1998 Patres
1181 1942 1252 1998 de
1273 1942 1520 2014 quodam
1531 1943 1706 1999 fratre
1724 1945 2157 2016 culpabili(Ru/r.
2168 1985 2182 2013 ,

579 2037 620 2091 ι.
645 2047 804 2101 tum.
837 2030 977 2101 136).
1003 2030 1191 2086 Abbas
1215 2036 1406 2087 autem
1434 2031 1568 2088 Pior
1593 2032 1852 2088 tacebat:
1882 2040 2078 2106 postea
2093 2051 2189 2090 au-

574 2128 692 2179 tem
708 2137 947 2194 surgens
957 2137 1217 2192 egressus
1229 2127 1334 2188 est,
1360 2127 1418 2177 et
1432 2121 1636 2178 tollens
1659 2138 1884 2178 saccum
1894 2166 1907 2188 ,
1933 2123 2189 2196 implevit

575 2228 708 2270 eum
722 2227 916 2279 arena,
937 2215 996 2266 et
1021 2209 1284 2282 portabat
1301 2227 1434 2266 eum
1447 2211 1508 2267 in
1527 2211 1782 2268 humeris
1811 2213 1948 2280 suis;
1977 2218 2036 2268 et
2057 2213 2187 2268 mit-

573 2307 700 2359 tens
727 2301 787 2356 in
814 2299 1082 2373 sportella
1109 2299 1332 2357 modica
1369 2300 1438 2356 de
1459 2301 1659 2356 eadem
1687 2317 1880 2370 arena,
1919 2302 2185 2374 portabat

578 2391 752 2448 etiam
773 2389 958 2463 ipsam
980 2389 1042 2444 in
1065 2394 1216 2445 ante.
1248 2389 1636 2462 Interrogatus
1652 2397 1843 2448 autem
1859 2408 1894 2447 a
1918 2391 2184 2448 Patribus

579 2479 716 2554 quid
732 2480 838 2536 hoc
859 2478 1054 2535 esset?
1081 2479 1182 2535 Ille
1211 2479 1507 2552 respondit
1531 2499 1542 2535 :
1565 2481 1768 2536 Saccus
1784 2481 1893 2536 iste
1922 2481 2020 2553 qui
2044 2481 2186 2537 mul-

579 2575 707 2625 tum
745 2566 920 2624 habet
945 2583 1150 2636 arena,
1190 2585 1320 2624 mea
1360 2575 1589 2640 peccata
1615 2575 1790 2638 sunt;
1823 2575 1880 2626 et
1914 2571 2182 2642 quoniam

577 2657 761 2714 multa
784 2661 936 2725 sunt,
970 2656 1133 2729 posui
1159 2673 1228 2712 ea
1253 2674 1426 2730 supra
1448 2658 1698 2726 dorsum,
1728 2675 1801 2714 ne
1826 2659 2048 2714 doleam
2076 2675 2179 2731 pro

580 2746 719 2818 ipsis
753 2751 812 2801 et
832 2745 1078 2818 plorem;
1109 2745 1220 2802 ista
1242 2752 1434 2802 autem
1469 2763 1644 2803 arena
1689 2748 1912 2805 modica
1951 2754 2182 2820 peccata

578 2841 714 2908 sunt
738 2833 904 2890 istius
927 2833 1142 2900 fratris,
1175 2838 1233 2888 et
1259 2840 1394 2890 sunt
1423 2840 1556 2891 ante
1579 2835 1779 2892 faciem
1808 2853 2012 2904 meam,
2035 2843 2093 2892 et
2125 2837 2183 2892 in

577 2923 715 2997 ipsis
729 2939 991 2980 exerceor
1002 2922 1265 2994 judicans
1283 2922 1516 2979 fratrem
1531 2943 1546 2992 ;
1561 2925 1712 2996 quod
1735 2941 1846 2981 non
1865 2931 2086 2998 oportet
2103 2925 2185 2980 ita

579 3013 726 3080 fieri,
756 3011 857 3068 sed
883 3027 1014 3068 mea
1030 3011 1212 3084 magis
1225 3017 1455 3084 peccata
1472 3019 1604 3069 ante
1624 3031 1714 3069 me
1736 3031 1878 3081 esse,
1891 3020 1948 3070 et
1965 3015 2036 3070 de
2049 3015 2184 3086 ipsis

2266 1859 2420 1925 geat.
2467 1855 2744 1910 Fecerunt
2766 1841 2882 1920 ita;
2916 1858 2974 1907 et
3000 1857 3128 1924 post
3155 1837 3308 1906 duas'
3325 1849 3711 1904 hebdomadas
3740 1849 3878 1904 vidit

2269 1943 2445 2000 frater
2463 1943 2707 2014 gratiam
2732 1943 2834 1997 Dei
2865 1942 3072 1996 iterum
3100 1939 3416 1995 venientem
3443 1955 3616 2011 super
3637 1937 3873 1993 fratrem

2270 2050 2454 2098 suum,
2489 2039 2544 2088 et
2569 2031 2842 2088 consolati
2881 2036 3032 2098 sunt,
3067 2031 3206 2096 Deo,
3245 2029 3342 2100 qui
3370 2028 3523 2084 solus
3551 2027 3738 2084 bonus
3766 2034 3870 2090 est,

2266 2123 2482 2194 gratias
2510 2123 2837 2178 referentes.
3161 2117 3180 2133 '

2717 2245 3062 2302 LIBELLUS
3090 2243 3425 2300 DECIMUS.

2851 2373 2923 2427 Dc
2951 2373 3294 2426 discretione.

2343 2478 2391 2535 1.
2415 2478 2566 2534 Dixit
2593 2478 2764 2534 abbas
2777 2478 3056 2534 Antonius
3080 2498 3092 2533 :
3118 2480 3263 2544 Quia
3279 2483 3414 2536 sunt
3432 2477 3666 2550 quidam
3685 2481 3874 2532 conte-

2267 2573 2455 2624 rentes
2483 2585 2718 2641 corpora
2737 2586 2841 2624 sua
2868 2569 2928 2624 in
2947 2568 3314 2638 abstinentia;
3347 2568 3445 2624 sed
3465 2568 3602 2640 quia
3625 2583 3742 2622 non
3776 2567 3866 2620 ha-

2266 2657 2512 2713 buerunt
2529 2658 2941 2724 discretionem,
2964 2658 3128 2729 longe
3161 2658 3290 2713 facti
3318 2661 3451 2712 sunt
3478 2673 3515 2712 a
3541 2657 3681 2712 Deo.

2334 2747 2621 2804 2.Fratres
2639 2747 2871 2820 quidam
2891 2752 3165 2802 venerunt
3174 2747 3246 2801 ad
3261 2746 3520 2801 abbatem
3531 2746 3862 2808 Antonium,

2263 2842 2330 2892 ut
2356 2837 2686 2893 nuntiarent
2700 2837 2752 2892 ei
2770 2837 3094 2909 phantasias
3105 2853 3245 2907 quas
3260 2835 3540 2902 videbant,
3565 2839 3625 2890 et
3644 2851 3872 2906 cognos-

2266 2932 2460 2981 cerent
2485 2925 2557 2981 ab
2586 2943 2652 2982 eo
2689 2932 2881 2981 utrum
2921 2942 3065 2982 verae
3102 2931 3308 2992 essent,
3338 2941 3412 2980 an
3438 2941 3474 2980 a
3519 2923 3864 2979 daemonibus

2267 3015 2657 3070 illuderentur.
2701 3014 2998 3071 Habebant
3041 3020 3230 3070 autem
3278 3015 3499 3069 asinum
3537 3029 3760 3081 secum,
3812 3019 3864 3068 et

577 3101 845 3174 cogitare,
877 3107 936 3157 et
961 3117 1162 3173 rogare
1186 3101 1368 3157 Deum
1395 3107 1460 3158 ut
1473 3101 1727 3174 ignoscat
1752 3103 1908 3160 mihi.
1936 3103 2183 3160 Audien-
2200 3110 2244 3172 (1
2267 3109 2526 3160 mortuus
2545 3110 2630 3159 est
2644 3103 2726 3158 eis
2744 3104 2804 3159 in
2822 3104 2929 3158 via.
2949 3105 3091 3159 Cum
3111 3120 3245 3174 ergo
3259 3103 3544 3158 venissent
3555 3103 3629 3158 ad
3647 3119 3858 3166 senem,

577 3197 665 3250 tes
709 3196 902 3249 autem
946 3191 1163 3260 Patres,
1213 3191 1478 3248 dixerunt
1526 3211 1539 3248 :
1603 3193 1746 3248 Vere
1791 3193 1908 3249 haec
1956 3199 2044 3250 est
2091 3194 2184 3250 via

581 3280 803 3338 salutis.
1041 3348 1050 3355 _

591 3433 600 3442 ,
649 3369 741 3428 10.
770 3370 924 3426 Dixit
975 3386 1148 3426 senex
1183 3388 1198 3424 :
1246 3370 1374 3426 Non
1406 3371 1627 3443 judices
1680 3371 2100 3440 fornicatorem,
2135 3373 2184 3428 si

580 3463 768 3516 castus
795 3476 894 3532 es;
941 3459 1210 3532 quoniam
1250 3459 1517 3516 similiter
1561 3461 1743 3532 legem
1776 3461 2178 3534 praevaricaris.

581 3548 807 3606 Etenim
835 3547 932 3622 qui
950 3547 1116 3604 dixit:
1140 3549 1268 3605 Non
1296 3548 1606 3615 forniceris,
1628 3550 1776 3606 dixit
1799 3569 1810 3606 :
1835 3552 1920 3607 Ne
1942 3551 2182 3622 judices.

587 3693 595 3700 ,
649 3637 742 3694 11.
781 3637 868 3694 Ad
907 3637 1210 3710 quemdam
1238 3637 1556 3694 solitarium
1583 3638 1737 3696 venit
1761 3639 2057 3713 presbyter
2083 3657 2184 3696 cu-

577 3727 808 3801 jusdam
832 3724 1092 3795 basilicae,
1123 3731 1190 3782 ut
1219 3739 1574 3784 consecraret
1615 3727 1667 3784 ei
1725 3728 2069 3784 oblationem
2110 3729 2183 3785 ad

583 3815 1131 3874 communicandum.
1159 3815 1406 3872 Veniens
1437 3822 1630 3873 autem
1658 3817 1891 3890 quidam
1921 3818 1994 3874 ad
2022 3817 2184 3874 illum

581 3906 918 3974 solitarium,
942 3905 1226 3962 accusavit
1249 3905 1401 3978 apud
1437 3906 1624 3978 ipsum
1651 3906 1915 3962 eumdem
1943 3906 2182 3979 presby-

588 4001 798 4052 terum.
817 3994 926 4061 Qui
953 4011 1085 4050 cum
1105 4011 1172 4050 ex
1189 3994 1595 4050 consuetudine
1614 3995 1822 4052 iterum
1851 3995 2094 4052 venisset
2111 3995 2185 4052 ad

593 4100 746 4152 eum,
779 4089 847 4139 ut
875 4087 1228 4139 consecraret
1253 4081 1614 4152 oblationem,
1652 4084 2062 4140 scandalizatus
2089 4083 2185 4140 ille

589 4172 874 4230 solitarius
899 4188 1014 4227 non
1039 4171 1263 4244 aperuit
1287 4171 1360 4227 ei.
1391 4171 1696 4245 Presbyter
1719 4179 1914 4228 autem
1933 4174 2041 4229 hoc
2069 4174 2186 4228 viso

589 4260 863 4322 discessit.
876 4260 946 4316 Et
959 4277 1086 4316 ecce
1095 4276 1202 4324 .vox
1223 4259 1371 4316 facta
1391 4265 1476 4317 est
1501 4261 1575 4316 ad
1601 4261 1938 4330 solitarium,
1963 4262 2181 4318 dicens:

503 4399 507 4406 .
587 4351 866 4426 Tulerunt
883 4348 989 4405 sibi
999 4348 1257 4405 homines
1269 4349 1550 4420 judicium
1571 4367 1782 4406 meum.
1801 4351 1871 4406 Et
1897 4351 2078 4406 factus
2102 4357 2188 4407 cst

2265 3194 2535 3266 praevenit
2568 3210 2682 3261 eos,
2719 3193 2952 3248 dicens:
3006 3193 3297 3258 Quomodo
3339 3198 3596 3248 mortuus
3643 3198 3731 3247 est
3776 3191 3865 3246 ille

2266 3283 2458 3338 asinus
2496 3282 2555 3338 in
2583 3283 2674 3338 via
2699 3283 2726 3336 ?
2756 3283 2962 3338 Dicunt
2989 3282 3070 3338 ei:
3103 3281 3263 3338 Unde
3295 3282 3422 3349 scis,
3459 3280 3666 3336 Pater?
3683 3281 3758 3337 Et
3777 3281 3867 3336 ille

2267 3371 2414 3426 dixit
2447 3389 2459 3424 :
2491 3371 2788 3426 Daemones
2835 3371 2974 3426 mihi
3002 3371 3390 3426 ostenderunt.
3435 3369 3643 3425 Dicunt
3668 3370 3764 3424 ei:
3797 3370 3862 3423 Et

2267 3477 2370 3516 nos
2397 3466 2696 3533 propterea
2721 3461 2974 3516 venimus
3003 3460 3355 3530 interrogare
3375 3464 3449 3524 te,
3477 3459 3611 3531 quia
3631 3458 3868 3513 vidimus

2268 3550 2612 3622 phantasias,
2645 3555 2703 3604 et
2723 3550 3054 3621 plerumque
3083 3550 3229 3604 ﬁunt
3255 3548 3314 3602 in
3344 3548 3593 3612 veritate,
3629 3562 3699 3601 ne
3725 3546 3865 3602 forte

2270 3655 2541 3694 erremus.
2570 3639 2639 3694 Et
2665 3638 2937 3695 satisfecit
2963 3638 3045 3693 eis
3075 3654 3245 3694 senex
3274 3643 3498 3710 sumpto
3524 3636 3776 3708 exemplo
3795 3636 3863 3691 de

2264 3728 2442 3795 asino,
2476 3729 2776 3784 ostendens
2805 3729 2941 3800 quia
2965 3745 3001 3783 a
3035 3727 3384 3783 daemonibus
3423 3728 3567 3782 fiunt
3593 3727 3721 3780 ista.
3757 3727 3862 3780 Su-

2264 3818 2520 3891 pervenit
2537 3824 2728 3872 autem
2741 3817 2971 3889 quidam
2987 3817 3342 3872 venationem
3362 3816 3569 3871 faciens
3589 3815 3650 3870 in
3666 3815 3862 3869 silvam

2265 3906 2577 3978 agrestium
2604 3906 2954 3974 animalium,
2974 3912 3031 3960 et
3049 3906 3266 3961 viderat
3285 3905 3546 3961 abbatem
3557 3905 3862 3960 Antonium

2263 3995 2607 4067 gaudentem
2634 4012 2762 4050 cum
2787 3995 3075 4062 fratribus,
3097 4000 3154 4050 et
3175 3994 3536 4066 displicuerat
3557 3993 3626 4048 ei.
3657 3993 3859 4048 Volens

2267 4091 2457 4141 autem
2496 4099 2668 4140 senex
2701 4084 2753 4139 ei
2802 4084 3098 4139 ostendere
3128 4083 3262 4156 quia
3307 4087 3531 4156 Oportet
3566 4082 3864 4154 aliquando

2268 4174 2712 4229 condescendere
2737 4173 3021 4240 fratribus,
3053 4173 3194 4228 dicit
3223 4173 3273 4228 ei
3301 4192 3312 4228 :
3337 4173 3489 4228 Pone
3516 4171 3781 4243 sagittam
3809 4171 3866 4225 in

2267 4279 2405 4319 arcu
2432 4269 2550 4331 tuo,
2583 4269 2641 4318 et
2666 4264 2827 4318 trahe
2851 4281 2864 4331 ;
2897 4269 2956 4318 et
2981 4263 3116 4318 fecit
3144 4263 3242 4318 sic.
3279 4263 3348 4318 Et
3375 4261 3514 4317 dixit
3542 4261 3592 4316 ei
3621 4279 3634 4315 :
3659 4261 3867 4316 Iterum

2267 4353 2461 4419 trahe;
2512 4360 2569 4407 et
2598 4353 2786 4408 traxit.
2822 4354 2891 4407 Et
2917 4369 3113 4408 rursus
3143 4352 3283 4408 dixit
3307 4352 3359 4406 ei
3389 4370 3401 4405 :
3433 4351 3614 4406 Trahe
3652 4350 3864 4417 adhuc;

589 4441 743 4498 velut
767 4439 828 4496 in
856 4455 1085 4495 excessu
1131 4439 1356 4508 mentis,
1387 4444 1446 4494 et
1490 4439 1716 4495 videbat
1765 4441 1927 4512 quasi
1957 4446 2192 4513 puteum
2213 4433 2330 4498 Det
2357 4442 2547 4500 traxit.
2566 4443 2723 4497 Dixit
2739 4441 2792 4496 ei
2808 4448 3064 4497 venator:
3083 4443 3141 4497 Si
3162 4458 3334 4514 supra
3351 4456 3674 4496 mensuram
3692 4445 3870 4495 traxe-

588 4545 848 4606 aureum,
882 4533 941 4584 et
967 4527 1196 4584 situlam
1231 4544 1484 4596 auream,
1517 4534 1575 4584 et
1619 4529 1812 4585 funem
1840 4546 2100 4596 aureum,
2132 4535 2190 4586 et

585 4635 800 4697 aquam
823 4617 1033 4674 bonam
1049 4616 1227 4672 valde.
1250 4616 1490 4672 Videbat
1509 4623 1700 4673 autem
1721 4623 1779 4674 et
1798 4619 2100 4691 quemdam
2115 4619 2191 4674 le-

584 4725 825 4782 .prosum
849 4707 1206 4764 haurientem
1233 4711 1293 4762 et
1320 4706 1712 4762 refundentem
1745 4711 1805 4763 in
1827 4725 1979 4777 vase,
2011 4713 2071 4764 et
2092 4724 2192 4764 cu-

583 4796 789 4871 ,piebat
807 4795 1018 4865 bibere,
1047 4801 1107 4852 et
1125 4812 1240 4852 non
1261 4801 1485 4868 poterat
1503 4802 1734 4869 propter
1761 4797 1912 4870 quod
1936 4799 2192 4870 leprosus

583 4891 746 4949 .esset
764 4886 856 4942 ille
874 4885 972 4958 qui
998 4884 1316 4940 hauriebat.
1345 4885 1414 4940 Et
1439 4902 1564 4941 ecce
1583 4887 1792 4942 iterum
1819 4903 1926 4943 vox
1947 4887 2021 4943 ad
2038 4903 2188 4956 eum,

597 4975 793 5034 dicens
823 4992 836 5028 :
872 4974 988 5031 Cur
1004 4989 1120 5029 non
1137 4973 1282 5028 bibis
1309 4991 1378 5028 ex
1405 4990 1556 5046 aqua
1582 4975 1725 5030 hac?
1763 4992 1934 5046 quam
1963 4991 2193 5031 causam

595 5063 771 5124 habet
783 5063 882 5137 qui
899 5061 1130 5136 implet?
1139 5062 1337 5134 implet
1354 5063 1507 5118 enim
1521 5064 1877 5120 solummodo
1889 5069 1947 5119 et
1958 5065 2194 5120 effundit

578 5156 660 5217 .in
684 5169 836 5210 vase.
859 5153 926 5210 In
955 5169 1016 5208 se
1034 5157 1226 5208 autem
1252 5169 1510 5209 reversus
1535 5153 1840 5222 solitarius,
1857 5159 1916 5208 et
1941 5153 2194 5210 conside-

576 5261 736 5318 .rans
751 5243 1017 5299 virtutem
1038 5241 1286 5311 visionis,
1304 5242 1520 5298 vocavit
1548 5242 1963 5316 presbyterum,
1977 5249 2036 5299 et
2062 5243 2194 5299 fecit

577 5351 734 5396 .eum
759 5333 906 5390 sicut
923 5338 982 5388 et
1008 5331 1169 5405 prius
1197 5332 1546 5388 sanctificare
1568 5332 1675 5387 sibi
1707 5332 2050 5388 oblationem
2065 5377 2079 5392 .

580 5483 587 5490 ,
675 5425 766 5484 12.
793 5423 1049 5480 Fuerunt
1064 5422 1178 5478 duo
1205 5421 1408 5478 fratres
1427 5437 1648 5493 magnae
1665 5421 1789 5477 vitm
1807 5422 1866 5478 in
1895 5440 2197 5496 congrega-

579 5514 776 5590 ‘tione,
791 5519 851 5570 et
877 5516 1211 5569 meruerunt
1227 5511 1416 5567 videre
1433 5510 1640 5582 singuli
1655 5512 1899 5583 gratiam
1925 5513 2029 5569 Dei
2046 5513 2105 5569 in
2121 5513 2204 5568 al-

578 5602 1141 5686 .terutrum.Fsctum
1165 5605 1253 5670 est
1267 5604 1462 5683 autem
1471 5599 1774 5680 aliquando
1783 5607 1850 5662 ut
1867 5619 2015 5664 unus
2030 5619 2098 5664 ex
2113 5603 2196 5664 eis

2271 4547 2354 4598 ro,
2378 4529 2670 4602 frangetur
2691 4531 3030 4586 arcus.Dicit
3056 4531 3110 4586 ei
3136 4529 3309 4586 abbas
3335 4529 3642 4585 Antonius:
3669 4528 3756 4583 Ita
3784 4533 3867 4581 est

2264 4627 2331 4676 et
2357 4620 2416 4676 in
2447 4637 2616 4692 opere
2634 4619 2735 4674 Dei
2756 4639 2769 4675 :
2795 4620 2842 4674 si
2860 4620 2984 4691 plus
3009 4636 3045 4674 a
3063 4635 3329 4675 mensura
3346 4619 3647 4682 tendimus,
3673 4616 3868 4671 fratres

2273 4709 2383 4765 cito
2398 4707 2666 4764 deficiunt
2677 4728 2693 4779 ;
2712 4708 2936 4780 expedit
2950 4725 3084 4780 ergo
3106 4724 3228 4763 una
3247 4713 3304 4763 et
3319 4723 3434 4762 una
3455 4707 3703 4762 relaxare
3722 4705 3872 4776 rigo-

2273 4815 2394 4854 rem
2413 4814 2628 4854 eorum.
2649 4797 2779 4853 Haec
2809 4797 3043 4854 audiens
3060 4801 3292 4853 venator
3305 4799 3682 4868 compunctus
3701 4799 3803 4859 est,
3815 4800 3873 4850 et

2272 4889 2518 4944 multum
2547 4888 2842 4960 proficiens
2895 4888 2956 4942 in
3001 4903 3260 4943 sermone
3290 4887 3460 4952 senis,
3492 4885 3744 4941 discessit
3770 4903 3784 4952 ;
3817 4889 3871 4938 et

2272 4979 2474 5034 fratres
2501 4977 2837 5044 confirmati,
2870 4977 3081 5032 reversi
3109 4982 3244 5032 sunt
3272 4977 3332 5032 in
3363 4977 3548 5031 locum
3579 4990 3764 5030 suum.

2344 5067 2396 5123 3.
2429 5067 2626 5122 Frater
2655 5067 2795 5121 dixit
2819 5066 3010 5122 abbati
3038 5066 3283 5122 Antonio
3309 5085 3322 5120 :
3368 5066 3482 5121 Ora
3530 5080 3630 5137 pro
3660 5080 3770 5118 me.
3803 5063 3869 5118 Et

2273 5157 2562 5229 respondit
2587 5157 2638 5211 ei
2667 5173 2864 5211 senex:
2885 5157 2998 5211 Nec
3026 5172 3130 5227 ego
3159 5155 3244 5212 tui
3264 5155 3549 5220 misereor,
3581 5169 3682 5208 nec
3693 5153 3856 5218 Deus,

2277 5245 2387 5302 nisi
2410 5263 2512 5319 pro
2539 5246 2721 5317 teipso
2749 5245 3022 5300 sollicitus
3050 5245 3224 5302 fueris
3253 5250 3310 5300 et
3336 5242 3654 5316 poposceris
3675 5259 3709 5297 a
3735 5242 3863 5297 Deo.

2349 5334 2402 5392 4.
2437 5335 2590 5391 Dixit
2617 5335 2823 5390 iterum
2847 5334 3020 5390 abbas
3074 5334 3351 5390 Antonius
3379 5352 3394 5388 :
3426 5332 3568 5398 Quia
3597 5347 3710 5386 non
3741 5347 3863 5403 per-

2280 5423 2461 5479 mittit
2485 5425 2636 5480 Deus
2667 5423 2816 5479 bella
2837 5424 3067 5480 excitari
3089 5423 3149 5480 in
3183 5422 3548 5494 generatione
3582 5420 3700 5486 hac,
3727 5436 3862 5490 quo-

2281 5513 2434 5568 niam
2461 5513 2567 5569 scit
2592 5513 2724 5585 quia
2749 5513 2960 5568 infirmi
2989 5519 3120 5569 sunt
3145 5523 3202 5568 et
3219 5518 3443 5585 portare
3471 5526 3584 5566 non
3615 5514 3861 5583 possunt.

2351 5605 2403 5665 5.
2421 5603 2572 5664 Dixit
2591 5604 2894 5684 aliquando
2921 5603 3094 5664 abbas
3102 5601 3371 5679 Evagrius
3389 5599 3579 5662 abbati
3593 5597 3855 5664 Aﬁeuio:
