3934 6390
68 403 176 461 9l3

1392 398 1633 454 VERBA
1672 396 2062 455 SENIORUM.

3264 408 3369 471 914

63 530 365 597 Quomodo
395 546 499 586 nos
528 520 753 583 excitati
784 526 1098 582 eruditione
1126 529 1181 579 et
1227 521 1463 578 scientia
1497 520 1749 582 nullasA
1767 521 1899 576 ralis
1927 522 2101 593 igitur
2130 524 2286 580 labor
2315 527 2467 583 velut
2491 529 2624 585 folia
2640 528 2875 599 arboris,
2893 532 3151 589 custodia
3173 499 3367 591 autem

62 620 307 675 virtutes
337 618 632 683 habemus,
682 615 740 671 hi
766 622 958 671 autem
1005 614 1201 669 rustici
1227 614 1285 667 in
1318 613 1560 683 IEgypto
1589 610 1687 665 ha-

64 709 320 764 bitantes
351 713 543 764 tantas
572 707 807 761 virtutes
837 701 1489 777 possident?Respondit
1514 699 1685 754 abbas

62 799 378 855 Arsenius:
411 799 527 854 Nos
551 797 684 869 quia
712 796 1010 851 mundanae
1022 792 1354 849 eruditionis
1380 789 1685 861 disciplinis

64 889 277 944 intenti
294 904 512 955 sumus,
531 887 675 942 nihil
694 885 965 940 habemus
982 904 993 953 ;
1008 885 1068 938 hi
1094 887 1283 937 autem
1304 880 1499 936 rustici
1514 880 1684 950 Egy-

63 978 169 1050 ptii
203 995 274 1033 ex
304 976 551 1049 propriis
580 975 865 1031 laboribus
896 972 1209 1045 acquisieru
1222 978 1283 1026 nt
1306 970 1562 1026 virtutes.

136 1065 449 1122 6.Dicebat
474 1065 652 1121 beatae
672 1064 957 1119 memoriae
978 1062 1152 1118 abbas
1180 1060 1451 1117 Arsenius
1476 1077 1488 1113 :
1520 1060 1685 1113 Pere-

68 1158 277 1229 grinus
309 1155 623 1212 monachus
654 1154 713 1210 in
742 1154 852 1209 alia
878 1153 1163 1226 provincia
1205 1150 1482 1216 habitans,
1515 1147 1685 1202 nullis

67 1247 243 1302 rebus
275 1263 337 1301 se
368 1245 618 1300 medium
647 1244 833 1311 faciat,
865 1248 923 1298 et
950 1243 1172 1314 quietus
1201 1241 1329 1296 erit.

146 1336 201 1390 7.
228 1335 607 1405 Interrogavit
634 1334 806 1389 abbas
836 1337 1051 1391 Marcus
1076 1331 1337 1386 abbatem
1364 1327 1683 1393 Arsenium,

71 1427 270 1481 dicens
298 1444 311 1479 :
347 1427 565 1481 Bonum
589 1429 674 1479 est
693 1439 804 1478 non
822 1423 1028 1477 habere
1047 1421 1298 1492 aliquam
1315 1419 1375 1473 in
1403 1419 1543 1472 cella
1554 1433 1683 1471 con-

71 1516 434 1572 solationem.
467 1513 594 1568 Vidi
620 1513 769 1568 enim
799 1512 1100 1583 quemdam
1118 1511 1352 1565 fratrem
1381 1507 1680 1562 habentem

69 1621 318 1678 parvum
349 1605 472 1658 olus
504 1602 563 1657 in
590 1602 750 1669 cella,
779 1607 837 1656 et
857 1599 1177 1656 eradicabat
1206 1615 1291 1653 ea.
1325 1598 1395 1653 Et
1422 1596 1566 1651 dixit
1585 1594 1679 1649 ab-

69 1694 177 1750 bas
210 1693 520 1750 Arsenius:
555 1692 776 1747 Bonum
816 1691 1043 1762 quidem
1073 1694 1174 1755 est,
1225 1688 1324 1743 sed
1375 1686 1683 1741 secundum

1767 612 2053 669 interioris
2074 616 2318 673 hominis
2334 616 2546 675 fructus
2568 626 2671 676 est.
2690 621 2968 687 Quoniam
2987 639 3140 695 ergo,
3164 641 3369 682 secun-

1767 703 1903 758 dum
1934 706 2083 775 quod
2124 706 2394 779 scriptum
2421 715 2524 777 est,
2569 710 2766 766 Omnis
2805 710 2973 768 arbor
3000 722 3113 769 non
3156 713 3368 775 faciens

1767 793 2011 848 fructum
2059 793 2265 851 bonum
2313 798 2615 867 excidetur,
2664 807 2724 856 et
2767 801 2827 856 in
2873 801 3063 874 ignem
3109 803 3368 861 mittetur

1767 881 1985 951 (Matth.
2033 884 2138 956 III),
2173 892 2396 957 oportet
2423 894 2656 960 propter
2684 888 2933 946 fructum
2960 896 3219 949 nostrum
3250 909 3368 949 om-

1766 985 1897 1025 nem
1940 972 1998 1025 in
2027 972 2187 1028 nobis
2221 976 2655 1034 sollicitudinem
2703 996 2844 1047 esse,
2893 981 2999 1036 hoc
3040 989 3129 1039 est
3157 982 3365 1039 mentis

1766 1060 2097 1117 custodiam.
2120 1064 2274 1135 Opus
2303 1070 2495 1122 tamen
2521 1068 2799 1124 habemus
2827 1069 3001 1126 etiam
3030 1076 3364 1145 tegumento

1770 1153 1829 1203 et
1857 1156 2059 1206 ornatu
2092 1152 2370 1221 foliorum,
2403 1172 2525 1228 quae
2553 1163 2691 1213 sunt
2732 1158 2891 1214 labor
2917 1162 3185 1233 corporis.
3231 1162 3368 1218 Erat

1770 1244 1962 1294 autem
1992 1240 2163 1296 abbas
2197 1245 2416 1314 Agatho
2443 1246 2668 1318 sapiens
2717 1249 2789 1302 ad
2826 1248 3275 1321 intelligendum,
3307 1255 3367 1306 et

1769 1328 2011 1401 impiger
2037 1331 2109 1386 ad
2136 1331 2526 1402 laborandum,
2573 1340 2631 1391 et
2657 1336 2939 1392 sufﬁciens
2993 1337 3053 1393 in
3080 1339 3361 1409 omnibus,

1764 1417 2014 1475 intentus
2046 1421 2217 1476 etiam
2232 1423 2455 1478 assidue
2478 1423 2550 1479 ad
2578 1424 2829 1481 laborem
2850 1442 3142 1497 manuum,
3163 1445 3364 1501 parcus

1764 1506 1823 1561 in
1851 1506 1975 1562 cibo
2005 1513 2175 1581 atque
2215 1510 2566 1568 vestimento.

1837 1597 2089 1652 l2.Idem
2117 1598 2289 1655 abbas
2317 1601 2539 1672 Agatho
2562 1618 2693 1659 cum
2714 1603 2913 1661 fuisset
2930 1611 3238 1664 conventus
3258 1625 3360 1681 pro

1766 1686 2007 1756 quadam
2039 1704 2208 1743 causa
2234 1688 2293 1744 in
2325 1690 2537 1762 Scythi,
2565 1697 2624 1746 et
2654 1692 2854 1749 fuisset
2881 1711 3052 1752 causa
3065 1696 3188 1769 ipsa
3206 1682 3363 1753 ordi?

71 1783 542 1839 exercitationem
598 1780 842 1835 hominis
899 1780 1344 1849 uniuscujusque
1401 1775 1683 1846 agendum
1765 1780 1916 1844 nata,
1948 1782 2144 1849 postea
2180 1778 2349 1847 venit,
2374 1784 2431 1834 et
2448 1778 2585 1836 dicit
2602 1781 2857 1838 eiszNon
2886 1782 3027 1839 bene
3055 1785 3363 1842 ordinastis

69 1878 199 1928 est:
237 1873 412 1927 etiam
440 1871 488 1926 si
507 1887 621 1925 non
640 1869 901 1924 habuerit
917 1868 1180 1923 virtutem
1202 1864 1525 1937 hujusmodi
1548 1865 1684 1919 tole—
1700 1876 1750 1939 Β
1768 1882 2014 1921 causam.
2036 1868 2124 1923 Illi
2143 1873 2333 1943 autem
2359 1868 2628 1926 dixerunt
2646 1871 2699 1927 ei
2723 1888 2735 1925 :
2767 1873 2852 1928 Tu
2876 1874 3001 1945 quis
3031 1891 3109 1942 es,
3144 1874 3241 1946 qui
3269 1877 3359 1931 vel

68 1979 225 2029 rare,
259 1962 468 2016 iterum
501 1961 856 2032 plantaturus
889 1965 975 2013 est
1005 1975 1089 2013 ea.

142 2051 201 2108 8.
246 2050 514 2107 Narravit
561 2048 731 2104 abbas
779 2049 980 2102 Petrus
1024 2049 1209 2114 (nu/7.,
1246 2049 1283 2101 ι.
1319 2061 1402 2111 IlI,
1440 2062 1496 2100 η.
1534 2044 1634 2102 128
1654 2063 1671 2110 ;

61 2142 289 2206 Pasch.,
323 2158 370 2195 ο.
402 2140 492 2206 42,
524 2156 581 2193 n.
618 2139 691 2209 1),
717 2138 814 2209 qui
843 2138 948 2192 fuit
982 2136 1286 2207 discipulus
1310 2135 1528 2190 abbatis
1548 2135 1671 2202 Lot,

59 2231 267 2285 dicens
291 2247 302 2283 :
339 2230 508 2284 Eram
529 2227 898 2300 aliquandoin
929 2227 1070 2315 celki
1098 2224 1317 2279 abbatis
1342 2223 1670 2315 Agathonis,

58 2327 122 2374 et
151 2319 315 2374 venit
337 2318 512 2373 frater
543 2317 773 2389 quidam
801 2317 868 2371 ad
904 2312 1053 2381 eum,
1074 2314 1265 2369 dicens
1293 2332 1304 2366 :
1341 2314 1481 2368 Volo
1517 2312 1678 2367 habi-

61 2415 197 2464 tare
228 2425 359 2463 cum
386 2407 673 2474 fratribus,
716 2406 813 2461 sed
842 2405 930 2460 dic
959 2404 1098 2459 mihi
1128 2403 1406 2476 quomodo
1429 2401 1677 2457 habitem

1758 1956 2008 2026 loquaris
2029 1956 2057 2010 ?
2110 1958 2181 2012 Et
2231 1958 2327 2013 ille
2355 1959 2675 2031 respondit:
2702 1961 2874 2017 Filius
2902 1963 3147 2018 hominis
3171 1982 3184 2033 ;
3216 1964 3357 2020 scri-

1756 2051 1916 2117 ptum
1948 2051 2034 2101 est
2057 2046 2238 2103 enim:
2269 2048 2326 2103 Si
2351 2065 2480 2103 vere
2508 2050 2704 2122 utique
2727 2050 3010 2121 justitiam
3037 2053 3357 2125 loquimini,

1751 2136 1907 2206 justa
1932 2135 2200 2206 judicate,
2229 2136 2331 2191 ﬁlii
2350 2137 2645 2194 hominum
2666 2141 2830 2208 (Psal.
2854 2144 3009 2209 LvII).

1836 2224 1921 2283 13.
1960 2225 2111 2280 Dixit
2164 2226 2337 2281 abbas
2395 2229 2642 2299 Agatho:
2688 2230 2999 2286 Iracundus
3027 2231 3075 2287 si
3103 2236 3357 2288 mortuos

1761 2315 2014 2379 suscitet,
2044 2331 2158 2370 non
2187 2317 2370 2388 placet
2398 2317 2513 2372 Deo
2534 2323 2766 2391 prapter
2794 2319 3144 2376 iracundiam
3170 2302 3365 2377 suam},

1836 2402 1921 2461 14.
1953 2405 2245 2460 Venerunt
2291 2406 2595 2478 aliquando
2618 2412 2738 2462 tres
2766 2424 2929 2464 senes
2977 2409 3050 2465 ad
3092 2408 3352 2466 abbatem

63 2515 203 2553 cum
237 2498 339 2552 eis.
372 2497 518 2552 Dicit
545 2496 596 2551 ei
621 2513 789 2551 senex
814 2510 825 2545 :
862 2496 1018 2550 Sicut
1046 2493 1103 2548 in
1131 2493 1315 2565 prima
1335 2493 1424 2547 die
1454 2492 1679 2564 quando
1760 2494 2118 2549 Achillem:et
2143 2511 2289 2550 unus
2320 2512 2387 2549 ex
2411 2496 2492 2551 eis
2515 2495 2755 2552 habebat
2782 2497 3107 2570 opinionem
3123 2496 3355 2555 malam:

62 2587 394 2658 ingrederis
413 2587 485 2641 ad
514 2603 627 2654 eos,
660 2586 741 2641 ita
762 2582 1501 2655 custodipercgrinationem
1520 2587 1679 2636 tuam
1761 2583 1909 2638 Dicit
1949 2590 2141 2639 autem
2185 2584 2239 2639 ei
2280 2601 2427 2640 unus
2467 2586 2537 2640 de
2581 2587 2835 2642 senibus:
2881 2587 3058 2655 Abba,
3090 2588 3180 2644 fac
3210 2589 3357 2645 mihi

56 2676 338 2732 omnibus
378 2676 576 2731 diebus
614 2675 738 2730 vitae
784 2681 913 2741 tuae,
968 2690 1071 2728 nec
1107 2689 1363 2727 assumas
1393 2671 1674 2726 ﬁduciam.
1762 2690 1933 2728 unam
1961 2691 2228 2745 sagenam
2257 2675 2329 2730 ad
2357 2674 2792 2747 piscandum.Et
2810 2677 2903 2732 ille
2921 2677 3097 2733 dixit:
3127 2679 3255 2735 Non
3269 2678 3354 2734 faé

58 2766 221 2822 Dicit
248 2766 303 2820 ei
334 2764 505 2820 abbas
534 2764 846 2820 Macarius:
895 2763 1040 2827 Quid
1070 2762 1219 2816 enim
1255 2761 1390 2816 facit
1420 2760 1673 2815 ﬁducia?
1755 2763 1938 2818 cio.Et
1982 2765 2125 2819 alius
2147 2765 2286 2820 dixit
2319 2764 2397 2821 ei:
2438 2766 2547 2821 Fac
2573 2765 2755 2834 nobis,
2790 2772 2856 2822 ut
2894 2766 3202 2824 habeamus
3231 2785 3356 2824 me-

53 2855 217 2910 Dicit
244 2855 300 2909 ei
330 2871 524 2910 senex:
543 2854 635 2909 Sic
663 2859 748 2908 est
775 2854 920 2907 sicut
938 2857 1108 2906 aestus
1130 2850 1673 2922 grandis,quiquau-
1753 2853 1991 2908 moriam
2021 2855 2105 2909 tui
2133 2855 2192 2909 in
2222 2856 2561 2911 monasterio
2586 2861 2801 2912 nostro.
2832 2856 2903 2912 Et
2928 2857 3025 2912 ille
3042 2858 3351 2931 respondit:

54 2947 132 3001 do
167 2944 463 3009 exarserit,
493 2959 686 2998 omnes
715 2942 988 3012 fugiunta
1014 2941 1155 2995 facie
1172 2941 1315 3011 ejus,
1343 2939 1477 3011 quia
1499 2945 1669 2995 aestus
1753 2943 1879 2998 Non
1907 2942 2046 2998 mihi
2082 2951 2260 3000 vacat.
2293 2945 2446 3000 Dixit
2495 2945 2547 3000 ei
2575 2945 2778 3001 tertius
2804 2946 2918 3013 ille,
2960 2947 3057 3019 qui
3109 2946 3365 3004 habebat

53 3035 241 3090 etiam
269 3033 535 3089 arborum
549 3033 763 3087 fructus
786 3031 1113 3102 corrumpit.
1138 3029 1474 3085 Dixitabbas
1491 3031 1669 3084 Maca-
1751 3034 1958 3088 malam
1990 3033 2337 3105 opinionem:
2374 3034 2513 3091 Mihi
2540 3034 2626 3090 fac
2666 3051 2954 3107 sagenam,
3000 3040 3065 3091 ut
3110 3035 3348 3092 habeam

52 3125 183 3179 rius
208 3143 222 3180 :
251 3124 346 3179 Sic
378 3124 528 3178 mala
555 3122 760 3177 ﬁducia
789 3126 875 3176 est
894 3120 921 3174 ἶ)
966 3119 1281 3190 Respondit
1308 3119 1479 3173 abbas
1515 3121 1673 3188 Aga-
1752 3124 1822 3177 de
1862 3122 2123 3178 manibus
2151 3123 2266 3179 tuis
2307 3123 2775 3193 benedictionem,
2807 3123 2968 3179 abba.
3004 3125 3075 3180 Et
3101 3125 3215 3180 ille'
3238 3131 3351 3181 sta-

48 3216 204 3270 thon
230 3233 243 3267 :
272 3213 398 3267 Non
428 3219 515 3267 est
541 3213 699 3283 pejor
715 3211 893 3302 altera
914 3210 1098 3302 passio
1119 3225 1286 3302 quam
1316 3208 1519 3302 ﬁducia
1547 3224 1669 3278 ;ge-
1686 3238 1733 3302 ο
1752 3213 1854 3268 tim
1882 3212 2172 3284 respondit
2199 3212 2286 3267 ei:
2319 3212 2435 3283 Ego
2462 3211 2567 3267 tibi
2595 3212 2816 3267 faciam.
2857 3212 3130 3269 Dixerunt
3155 3218 3349 3270 autem

48 3303 245 3359 nitrix
272 3307 360 3357 est
387 3302 537 3357 enim
575 3301 826 3356 omnium
854 3300 1196 3372 passionum.
1232 3298 1502 3353 Convenit
1531 3314 1664 3367 ergo
1699 3298 1731 3302 ἡ
1750 3302 1802 3358 ei
1823 3307 2035 3357 secreto
2051 3302 2163 3357 duo
2190 3301 2423 3373 priores,
2442 3301 2644 3373 quibus
2658 3318 2768 3357 non
2796 3301 3177 3374 acquieverat:
3199 3303 3349 3368 Quo.

47 3392 321 3466 operatio
352 3391 647 3458 monacho,
673 3406 785 3445 non
811 3406 1035 3445 sumere
1065 3389 1347 3454 ﬁduciam,
1380 3388 1467 3442 vel
1493 3386 1542 3442 si
1570 3404 1664 3440 so-
1749 3392 1915 3447 modo
1945 3392 2043 3457 sic,
2076 3390 2211 3462 quia
2246 3389 2409 3446 nobis
2439 3389 2767 3462 rogantibus
2795 3390 3025 3446 noluisti
3054 3391 3257 3459 facere,
3289 3373 3365 3448 et"

41 3461 142 3539 lus
175 3484 257 3538 sit
285 3483 343 3536 in
367 3481 523 3536 cella.
582 3553 589 3559 _
1747 3482 1877 3535 huic
1906 3461 2120 3535 dixisti:
2155 3480 2272 3551 Ego
2295 3479 2399 3534 tibi
2427 3461 2665 3535 faciam?
2684 3480 2995 3551 Respondit
3022 3480 3103 3536 eis
3137 3498 3307 3537 senex
3328 3461 3357 3536 εἶ

119 3573 182 3629 9.
217 3569 453 3626 Dicebat
482 3569 653 3624 abbas
680 3569 877 3624 Daniel
905 3585 920 3625 :
970 3568 1116 3632 Quia
1170 3584 1299 3623 cum
1354 3567 1662 3622 moriturus
1745 3569 1916 3625 Vobis
1944 3569 2067 3624 ideo
2081 3569 2214 3623 dixi.
2246 3570 2374 3624 Non
2412 3568 2573 3636 facio,
2609 3568 2741 3641 quia
2762 3584 2876 3624 non
2905 3569 3041 3624 mihi
3071 3576 3250 3638 vacat,
3284 3577 3344 3627 et

42 3667 210 3719 esset
237 3660 414 3715 abbas
442 3660 731 3725 Arsenius,
764 3659 1041 3729 delegavit
1070 3658 1249 3723 nobis,
1274 3657 1464 3712 dicens
1490 3675 1502 3710 :
1563 3657 1663 3710 Vi-
1746 3676 1859 3715 non
1888 3658 2424 3727 constristabimini;
2451 3658 2585 3714 huic
2612 3664 2803 3714 autem
2835 3659 2883 3714 si
2912 3675 3026 3714 non
3052 3659 3344 3731 fecero,di-

42 3754 190 3808 dcte
238 3766 318 3804 ne
346 3748 526 3804 velitis
549 3765 650 3820 pro
682 3764 772 3802 me
801 3763 1038 3818 agapen)
1067 3747 1287 3814 facere;
1323 3746 1590 3818 quoniam
1615 3745 1663 3799 si
1745 3755 1938 3804 cturus
1980 3756 2083 3816 est,
2132 3748 2264 3821 quia
2309 3748 2379 3803 de
2434 3748 2696 3820 opinione
2725 3765 2870 3815 mea,
2902 3764 3025 3820 quae
3055 3749 3206 3804 mala
3232 3757 3338 3814 est,

38 3842 157 3898 feci
188 3855 298 3909 ego
326 3854 428 3909 pro
457 3838 690 3909 meipso,
714 3837 771 3891 id
802 3837 1023 3892 invenio
1056 3836 1233 3909 (Itum,
1262 3840 1300 3891 ι.
1334 3850 1414 3901 In,
1440 3834 1659 3903 11.163).
1748 3840 1964 3895 audivit
2009 3855 2197 3906 senex,
2248 3844 2306 3894 et
2348 3838 2474 3893 ideo
2504 3838 2689 3893 noluit
2711 3837 2895 3892 facere
2944 3853 3213 3908 sagenaiu
3238 3856 3253 3906 ;
3284 3846 3343 3894 et

122 3926 217 3989 10.
238 3927 515 3983 Dicebant
551 3928 620 3981 de
648 3927 849 3982 abbate
876 3927 1168 3997 Agathone
1201 3928 1381 3995 (Μήνη
1417 3930 1452 3981 l.
1487 3940 1571 3992 ιιι,
1604 3943 1661 3980 n.
1747 3931 1940 3985 statim
1994 3928 2382 3984 ineidebamus
2417 3928 2609 3984 funem
2644 3927 2715 3982 ad
2739 3926 3047 3982 sedandum
3085 3916 3356 3984 animum

36 4022 149 4093 ει)
176 4018 320 4091 quia
341 4017 602 4072 abierunt
630 4016 859 4088 quidam
907 4016 977 4070 ad
1029 4033 1178 4081 eum,
1210 4015 1504 4070 audientes
1534 4016 1667 4087 quia
1747 4023 1889 4092 ejus,
1926 4037 1995 4075 ne
2017 4019 2247 4075 tristitia
2275 4017 2669 4073 absorberetur
2696 4017 3043 4088 hujusmodi.

40 4126 284 4181 magnae
303 4106 654 4162 discretionis
687 4106 769 4160 vir
798 4111 948 4160 esset
971 4125 982 4171 ;
1014 4111 1071 4159 et
1098 4106 1348 4159 volentes
1380 4122 1509 4159 eum
1532 4123 1658 4177 pro-
1808 4112 1897 4167 15.
1931 4109 2203 4167 Dicebant
2229 4109 2299 4163 de
2327 4108 2574 4180 quodam
2596 4123 2746 4173 sene,
2787 4106 2921 4178 quia
2948 4105 3144 4162 fecerit
3172 4106 3338 4179 quin-

36 4203 188 4256 bare
227 4198 278 4253 Si
308 4195 861 4262 irasceretur,dicunt
875 4195 926 4249 ei
951 4213 961 4247 ε
1008 4196 1090 4249 Tu
1121 4210 1179 4249 es
1200 4194 1456 4264 Agatho?
1480 4195 1655 4249 Audi-
1740 4202 2013 4276 quaginta
2043 4216 2221 4255 annos
2248 4215 2431 4270 neque
2469 4214 2674 4270 panem
2705 4196 3022 4262 comedens,
3050 4213 3234 4268 neque
3259 4195 3339 4251 fa.

34 4293 241 4346 vimus
283 4288 353 4341 de
374 4290 449 4353 te,
475 4287 606 4357 quia
638 4286 940 4340 fornicator
978 4302 1055 4349 es,
1081 4290 1137 4338 et
1166 4284 1537 4355 superbus.Et
1563 4285 1655 4339 ille
1738 4294 1843 4347 cile
1872 4307 2078 4363 aquam
2098 4289 2297 4345 bibens
2315 4291 2549 4358 (Ruff.,l.
2577 4301 2662 4355 III,
2692 4302 2750 4341 η.
2774 4286 2904 4356 117)
2929 4304 2942 4354 ;
2979 4290 3038 4341 et
3067 4285 3291 4341 dicebat
3321 4304 3333 4340 :

40 4377 351 4450 respondit
377 4395 388 4430 ε
423 4376 607 4430 Etiam
635 4376 911 4440 $1059?
943 4380 1045 4428 εει·
1073 4375 1141 4428 Et
1161 4373 1422 4429 dixerunt
1445 4374 1496 4428 ei
1525 4390 1538 4430 ε
1572 4375 1654 4429 Tu
1740 4381 1884 4445 Quia
1933 4378 2169 4433 exstinxi
2214 4376 2659 4443 fornicationem,
2691 4380 2749 4430 et
2778 4374 3092 4439 avaritiam,
3133 4377 3193 4429 et
3236 4378 3361 4428 γῆς·

36 4489 102 4525 es
135 4466 371 4538 Agatho
392 4464 656 4520 verbosus
679 4469 736 4519 et
759 4464 1043 4518 detractor
1067 4464 1091 4516 ?
1113 4463 1506 4534 Etrespondit:
1537 4462 1655 4534 Ego
1739 4487 1869 4525 nam
1918 4468 2176 4539 gloriam.
2218 4465 2295 4520 Et
2333 4466 2464 4537 quia
2510 4464 2683 4520 abbas
2731 4463 3019 4519 Abraham
3071 4463 3329 4519 audierat

35 4576 202 4615 sum.
220 4556 430 4612 Dicunt
449 4555 501 4609 ei
523 4554 728 4609 iterum
756 4572 766 4608 :
790 4556 875 4609 Tu
897 4571 956 4607 cs
978 4554 1197 4624 Agatho
1220 4553 1514 4607 haereticus
1536 4553 1559 4605 ?
1588 4554 1658 4607 Et
1673 4557 1726 4621 D
1741 4559 1889 4631 quod
1916 4558 2035 4611 hsce
2064 4556 2311 4621 dixisset,
2346 4554 2499 4609 venit
2527 4553 2597 4608 ad
2627 4570 2776 4618 eum,
2803 4557 2861 4606 et
2883 4551 3023 4607 dixit
3046 4551 3096 4607 ei
3115 4568 3129 4605 ε
3149 4551 3233 4606 Tu
3251 4551 3334 4605 di-

34 4645 378 4719 respondit:
399 4646 523 4699 Non
542 4661 666 4699 sum
687 4643 998 4698 haereticus.
1032 4644 1101 4697 Et
1130 4647 1475 4713 rogaverunt“
1499 4658 1652 4708 eum,
1740 4647 1870 4702 xisti
1902 4648 2051 4702 hunc
2078 4643 2439 4700 sermonem?
2483 4644 2554 4696 Et
2598 4643 2691 4697 ille
2741 4640 3056 4713 respondit:
3116 4640 3324 4695 Etiam.
3371 4640 3376 4645 ’

33 4740 345 4794 dicentes:
392 4734 491 4789 Dic
520 4733 680 4788 nobis
719 4749 821 4787 cur
854 4738 1016 4787 tanta
1065 4731 1377 4786 dicentibus
1407 4730 1567 4785 nobis
1596 4730 1655 4784 in
1739 4738 1812 4792 Et
1839 4735 1979 4790 dixit
2005 4735 2056 4789 ei
2083 4732 2254 4788 abbas
2304 4732 2588 4787 Abraham
2614 4750 2629 4785 :
2657 4730 2797 4785 Ecce
2823 4729 3003 4785 intras
3029 4729 3088 4785 in
3129 4729 3327 4786 cellam

32 4827 270 4899 injuria
311 4813 412 4878 tua
439 4825 719 4895 patienter
757 4823 982 4891 tuleris;
1018 4823 1169 4877 hunc
1206 4826 1397 4876 autem
1444 4837 1654 4875 sermo-
1736 4832 1913 4891 tuam,
1946 4830 2002 4879 et
2030 4824 2244 4878 invenis
2272 4838 2445 4893 supra
2464 4826 2713 4876 mattam‘
2730 4824 2884 4875 tuam
2912 4819 3332 4892 mulierem,po-

33 4934 183 4974 nem
226 4913 362 4986 quia
388 4913 645 4979 diximus,
682 4913 988 4967 Hzereticus
1024 4929 1102 4976 es,
1154 4927 1267 4965 non
1293 4910 1652 4965 sustinuisti?

33 5010 109 5064 Et
142 5006 247 5060 ille
272 5003 581 5074 respondit,
599 5002 808 5056 etdixit
828 5002 939 5056 eis:
967 5002 1069 5057 Illa
1100 5001 1285 5072 piima
1310 5000 1449 5054 mihi
1478 5000 1651 5055 ascri-
1688 5052 1699 5058 -

29 5098 135 5160 bo,
166 5092 389 5149 utilitas
418 5092 567 5147 enim
593 5092 796 5146 animae
824 5107 963 5145 meae
1005 5097 1118 5145 est:
1165 5091 1311 5162 quod
1342 5095 1531 5144 autem
1565 5090 1650 5144 di-

28 5184 210 5241 xistis
242 5181 571 5236 haereticum
601 5198 690 5235 me
720 5197 860 5247 esse,
909 5180 1034 5235 ideo
1059 5197 1169 5235 non
1200 5180 1471 5252 acquievi,
1522 5179 1652 5251 quia

27 5273 336 5347 separatio
378 5276 464 5326 est
499 5288 534 5325 a
572 5271 709 5337 Deo,
764 5277 822 5324 et
868 5286 980 5324 non
1011 5276 1142 5342 opto
1172 5270 1424 5342 separari
1450 5287 1484 5324 a
1510 5271 1645 5324 Deo.

27 5366 125 5422 Illi
180 5361 477 5417 audientes
516 5359 779 5415 admirati
816 5364 948 5414 sunt
979 5359 1371 5414 discretionem
1418 5361 1559 5431 ejus,
1593 5365 1650 5414 et

25 5452 311 5512 :ediﬁcati
341 5451 735 5506 discesserunt.

114 5545 135 5602 ι
160 5543 206 5600 l.
238 5544 628 5612 Interrogatus
665 5544 750 5595 est
771 5541 920 5595 idem
936 5539 1107 5595 abbas
1126 5540 1375 5611 Agatho:
1392 5540 1538 5604 Quid
1561 5546 1651 5595 est

29 5636 259 5706 majus,
280 5631 438 5686 labor
451 5630 719 5703 corporis,
751 5635 852 5685 aut
877 5630 1131 5685 custodia
1151 5629 1436 5685 interioris
1465 5630 1648 5685 homi-

22 5728 119 5783 nis
141 5725 168 5779 ?
195 5721 350 5780 Dicit
390 5720 597 5778 abbas:
647 5721 828 5779 Homo
857 5719 1057 5784 similis
1093 5726 1180 5775 est
1207 5718 1424 5776 arbori:
1460 5735 1651 5791 corpo-

1733 4922 1820 4970 tcs
1849 4931 1961 4969 non
1990 4913 2235 4985 cogitare
2285 4912 2419 4983 quia
2463 4911 2668 4966 mulier
2695 4915 2782 4965 est
2807 4911 2833 4960 7
2861 4910 2931 4966 Et
2957 4910 3129 4965 dixit:
3158 4912 3284 4967 Non
3312 4930 3325 4980 ;

1734 5005 1831 5060 sed
1872 5004 2140 5075 impugno
2180 5002 2579 5071 cogitationem
2626 5016 2832 5064 meam,
2864 5005 2929 5055 ut
2954 5016 3069 5056 non
3096 5005 3329 5073 tangam
3358 4999 3365 5011 ’

1736 5094 2030 5149 mulierem
2059 5092 2234 5146 illam.
2258 5090 2408 5145 Dixit
2434 5088 2604 5144 abbas
2633 5088 2952 5143 Abraham:
2987 5088 3124 5144 Ecce
3154 5088 3329 5160 igitur

1735 5201 1847 5239 non
1900 5181 2326 5237 fornicationem
2376 5177 2721 5244 interfecisti,
2773 5177 2906 5250 quia
2954 5178 3088 5232 vivit
3141 5177 3327 5249 passio

1734 5274 1874 5346 ipsa,
1909 5273 2007 5327 sed
2037 5271 2268 5342 alligata
2295 5274 2398 5324 est.
2437 5268 2649 5325 Iterum
2679 5266 2727 5321 si
2755 5266 3012 5322 ambulas
3037 5266 3097 5321 in
3127 5266 3239 5332 via,
3269 5271 3329 5321 et

1733 5363 1890 5417 vides
1918 5362 2134 5433 lapides
2162 5366 2220 5416 et
2245 5364 2420 5415 testas
2447 5373 2729 5423 vasorum,
2771 5360 2829 5411 et
2872 5355 2933 5410 in
2960 5353 3098 5428 ipsis
3131 5353 3327 5425 jacens

1732 5468 1953 5518 aurum,
1985 5451 2134 5523 quod
2160 5450 2384 5516 videris,
2413 5453 2572 5520 potes
2594 5446 2745 5503 velut
2774 5444 2987 5517 lapides
3030 5441 3327 5516 reputare?

1731 5542 1801 5597 Et
1834 5540 2152 5613 respondit:
2177 5541 2341 5607 Non;
2375 5529 2477 5594 sed
2495 5537 2694 5594 resisto
2723 5534 3051 5608 cogitationi
3080 5549 3220 5590 mea)
3251 5548 3323 5590 ne

1731 5630 1989 5701 colligam
2015 5630 2130 5685 illa.
2156 5630 2226 5685 Et
2247 5628 2383 5684 dicit
2407 5628 2459 5684 ei
2481 5627 2654 5683 abbas
2669 5625 2985 5682 Abraham:
3016 5623 3156 5680 Ecce
3189 5638 3323 5695 ergo

1730 5720 1865 5777 vivit
1891 5719 2103 5793 passio;
2138 5719 2237 5775 sed
2265 5718 2495 5791 alligata
2524 5723 2629 5773 est.
2665 5716 2733 5773 Et
2758 5713 2903 5773 dixit
2920 5713 3127 5772 iterum
3151 5712 3345 5771 abbas”
