3934 6390
562 358 672 422 9ιό

1680 360 1775 418 DE
1810 360 2001 420 VITIS
2036 364 2335 425 PATRUM
2369 365 2585 424 LIBER
2620 364 2690 423 V.

3736 365 3843 424 9l6

563 488 885 546 Abraham:
922 488 982 545 Si
1031 487 1278 545 audieris
1318 487 1389 545 de
1428 487 1646 545 duobus
1692 487 1982 558 fratribus,
2034 490 2234 563 quiaA
2252 490 2547 560 adhibita;
2579 490 2627 545 si
2655 493 2849 545 autem
2896 487 3271 561 inopportune
3293 487 3382 543 vel
3411 487 3536 545 sine
3580 504 3852 548 mensura

566 594 713 633 unus
742 577 930 650 diligit
956 583 1014 634 te
1035 584 1091 635 et
1117 577 1265 634 bona
1291 579 1361 634 de
1409 583 1466 634 te
1497 578 1763 651 loquitur,
1795 579 1940 635 alius
1979 585 2170 636 autem
2252 582 2415 649 fiunt,
2455 581 2528 636 ad
2572 595 2808 652 parvum
2834 582 3063 649 tempus
3100 577 3434 649 proﬁciunt;
3480 595 3604 651 quae
3659 584 3853 637 autem

568 666 692 722 odit
728 672 787 725 et
825 667 1075 724 detrahit
1116 668 1239 736 tibi,
1282 674 1342 724 et
1384 668 1642 723 venerint
1681 668 1753 722 ad
1798 673 1873 736 te,
1901 673 2171 742 utrosque
2251 671 2410 744 parvi
2437 669 2710 742 temporis
2731 672 2884 735 sunt,
2907 667 3074 722 noxia
3088 668 3269 739 magis
3292 684 3463 740 quam
3483 668 3851 726 utiliaerunt.

568 755 862 828 aequaliter
887 757 1163 830 suscipis?
1188 759 1259 814 Et
1303 758 1479 814 dixit:
1511 759 1668 826 Non;
1721 758 1822 812 sed
1867 764 2171 830 extorqueo

2323 759 2415 818 2t.
2464 760 2817 814 Transeunte
2866 756 3171 829 aliquando
3199 755 3403 814 abbate
3429 757 3713 830 Ephrem,
3743 776 3856 817 una

569 845 766 906 animo.
793 847 931 919 (sic),
954 854 1019 903 ut
1044 847 1304 904 similiter
1329 846 1471 903 bene
1500 846 1702 901 faciam
1727 846 1781 902 ei
1802 847 1899 919 qui
1919 864 2010 902 me
2032 847 2168 916 odit,
2253 850 2558 923 prostituta
2585 865 2653 902 ex
2674 846 3022 902 immissione
3051 846 3345 917 cujusdam
3360 848 3528 920 cmpit
3544 847 3598 903 ei
3613 847 3859 906 blandiri

569 933 716 991 sicut
740 933 824 991 illi
854 936 950 1009 qui
979 937 1167 1008 diligit
1193 954 1303 992 me.
1328 938 1398 992 Et
1417 936 1557 992 dixit
1580 936 1631 990 ei
1653 934 1826 991 abbas
1843 935 2130 992 Abraham
2156 955 2169 992 :

572 1023 781 1080 Vivunt
821 1042 956 1097 ergo
984 1025 1294 1098 passiones,
1348 1025 1449 1081 sed
1487 1029 1711 1081 tantum
1741 1041 1779 1083 a
1803 1025 2014 1081 sanctis
2042 1025 2177 1082 viris

574 1112 990 1187 quodammodo
1002 1116 1312 1187 religantur
1323 1162 1337 1175 .

647 1200 735 1259 16.
767 1204 1034 1260 Narravit
1060 1205 1289 1276 quidam
1317 1205 1551 1260 Patrum
1581 1205 1717 1276 quia
1759 1221 1929 1261 senex
1974 1204 2180 1277 aliquis

576 1298 700 1348 erat
734 1292 794 1347 in
821 1292 962 1348 cella
991 1293 1240 1349 studiose
1268 1293 1549 1362 laborans,
1581 1300 1639 1350 et
1663 1294 2006 1350 vestiebatur
2033 1299 2179 1350 mat-

576 1386 666 1436 ta:
694 1380 791 1454 qui
819 1398 947 1437 cum
975 1383 1312 1454 perrexisset
1334 1383 1407 1438 ad
1436 1382 1697 1439 abbatem
1724 1384 2182 1451 Ammonam,vi-

578 1470 666 1525 dit
688 1487 818 1526 eum
844 1470 1017 1527 abbas
1034 1473 1340 1527 Ammonas
1365 1478 1617 1528 utentem
1638 1478 1836 1541 matta,
1853 1477 1909 1527 et
1936 1472 2076 1527 dixit
2096 1472 2182 1526 ei:

582 1560 704 1616 Hoc
727 1559 829 1615 tibi
859 1560 1000 1615 nihil
1031 1561 1277 1633 prodest.
1317 1561 1385 1617 Et
1414 1562 1555 1617 dixit
1581 1562 1633 1617 ei
1674 1563 1771 1617 ille
1799 1579 1967 1617 senex
1998 1580 2009 1617 :
2048 1562 2187 1617 Tres

583 1647 951 1720 cogitationes
978 1649 1119 1706 mihi
1139 1650 1388 1707 molesta:
1416 1655 1585 1707 sunt:
1617 1668 1750 1719 una,
1774 1668 1898 1723 quae
1925 1668 2016 1706 me
2031 1666 2187 1707 com-

582 1738 743 1811 pellit
768 1743 834 1794 ut
862 1738 1070 1795 alicubi
1110 1739 1172 1794 in
1209 1756 1398 1796 eremo
1448 1741 1744 1810 recedam;
1775 1741 1910 1809 alia,
1940 1747 2004 1796 ut
2030 1756 2188 1813 pere-

2259 941 2471 1008 (Idem.,
2495 941 2535 993 ι.
2568 952 2607 1006 ι,
2636 940 2699 992 in
2739 938 2855 992 Vita
2880 936 3154 1006 Ephrem,
3185 952 3303 1006 cap.
3334 937 3405 1006 7),
3440 937 3676 1010 cupiens
3705 955 3857 1006 eum,

2257 1027 2306 1084 si
2331 1032 2541 1100 posset,
2571 1026 2643 1082 ad
2685 1031 2913 1098 turpem
2942 1024 3391 1081 commistionem
3417 1024 3669 1082 illicere:
3699 1028 3790 1083 vel
3815 1028 3862 1083 si

2257 1117 2366 1173 hoc
2388 1132 2504 1173 non
2530 1120 2738 1189 posset,
2772 1115 2973 1171 saltem
3010 1114 3082 1170 ad
3128 1114 3477 1171 iracundiam
3505 1122 3859 1189 provocarat,

2262 1206 2530 1279 quoniam
2558 1220 2849 1277 nunquam
2877 1220 3010 1260 eum
3036 1203 3178 1258 vidit
3203 1204 3501 1277 quisquam
3523 1205 3861 1262 irascentem

2262 1297 2349 1351 vel
2377 1294 2717 1367 litigantem.
2749 1295 2876 1366 Ipse
2903 1303 3096 1349 autem
3127 1293 3268 1349 dixit
3294 1294 3366 1349 ad
3393 1310 3521 1350 eam
3549 1312 3562 1349 :
3616 1296 3862 1368 Sequere

2264 1402 2375 1441 me.
2409 1386 2551 1441 Cum
2594 1384 2880 1439 venissent
2919 1388 3110 1439 autem
3150 1383 3210 1438 in
3237 1382 3358 1439 loco
3406 1384 3702 1457 populoso,
3732 1385 3863 1441 dicit

2267 1475 2320 1530 ei
2344 1493 2356 1529 :
2408 1474 2546 1532 Veni
2576 1474 2704 1541 huc,
2738 1478 2797 1529 et
2818 1472 2965 1528 sicut
2993 1472 3237 1541 voluisti,
3266 1473 3630 1530 commisceor
3655 1479 3860 1535 tecum.

2267 1564 2374 1621 Illa
2415 1569 2606 1619 autem
2635 1563 2830 1618 videns
2858 1562 3302 1630 multitudinem,
3335 1562 3471 1618 dicit
3500 1563 3589 1618 ei:
3623 1564 3865 1629 Quomo-

2267 1654 2340 1709 do
2393 1669 2695 1726 possumus
2748 1651 2840 1707 hic
2884 1652 2991 1707 hoc
3036 1651 3238 1719 facere,
3284 1656 3446 1707 tanta
3496 1652 3862 1710 multitudine

2266 1743 2361 1799 hic
2387 1742 2653 1798 astante?
2682 1741 3091 1797 confundemur
3133 1740 3305 1796 enim.
3355 1742 3483 1814 Ipse
3522 1747 3718 1798 autem
3748 1743 3859 1799 ait:

581 1827 747 1899 grina
789 1832 1000 1901 petam,
1044 1828 1141 1884 ubi
1170 1845 1263 1885 me
1313 1846 1480 1885 nemo
1537 1836 1867 1902 cognoscat;
1899 1830 2089 1898 tertia,
2130 1820 2254 1885 utB
2276 1832 2336 1888 Si
2388 1832 2645 1887 homines
2705 1830 3006 1898 erubescis,
3061 1835 3272 1902 quanto
3323 1830 3506 1903 magis
3540 1830 3866 1888 erubescere

585 1917 877 1972 includam
904 1934 995 1973 me
1024 1917 1084 1973 in
1111 1918 1271 1987 cella,
1329 1924 1394 1975 ut
1420 1919 1639 1975 nullum
1670 1919 1908 1987 videam,
1962 1925 2021 1975 et
2056 1924 2186 1992 post

586 2005 823 2062 biduum
847 2006 1160 2063 comedam.
1194 2007 1344 2063 Dicit
1372 2008 1424 2063 ei
1452 2007 1626 2064 abbas
1660 2010 1996 2065 Ammonas:
2029 2009 2185 2064 Nihil

583 2095 687 2152 tibi
715 2111 781 2151 ex
807 2096 896 2153 his
924 2095 1105 2153 tribus
1130 2098 1358 2171 expedit
1388 2098 1591 2166 facere,
1623 2100 1723 2154 sed
1755 2098 1936 2171 magis
1963 2098 2096 2154 sede
2125 2098 2186 2154 in

584 2185 729 2259 cella
752 2189 872 2254 tua,
902 2178 963 2241 et
986 2187 1216 2243 comede
1264 2204 1465 2260 parum
1498 2188 1766 2260 quotidie,
1800 2187 2013 2243 habens
2037 2204 2187 2243 sem-

583 2272 688 2348 per
714 2274 776 2331 in
803 2274 968 2332 corde
993 2282 1093 2332 tuo
1122 2276 1404 2350 publicani
1425 2278 1576 2333 illius
1600 2278 1770 2350 quiin
1794 2278 2095 2350 Evangelia
2113 2278 2190 2333 1e-

585 2362 744 2437 gitur
761 2381 1079 2421 sermonem
1113 2368 1287 2436 (Luca
1330 2369 1511 2436 xvm),
1545 2371 1603 2422 et
1637 2367 1721 2422 ita
1745 2367 1956 2440 poteris
2000 2367 2187 2422 salvus

588 2469 733 2510 8886.

657 2540 751 2599 17.
780 2542 1017 2601 Dicebat
1042 2543 1214 2601 abbas
1236 2546 1468 2603 Daniel:
1512 2546 1656 2613 Quia
1682 2551 1958 2619 quantum
1985 2551 2187 2620 corpus

590 2628 842 2701 viruerit,
859 2639 1083 2690 tantum
1111 2635 1300 2691 anima
1328 2636 1677 2705 exsiccatur;
1706 2642 1765 2691 et
1794 2642 2067 2708 quantum
2089 2637 2191 2692 sic-

591 2726 779 2777 catum
806 2722 977 2779 fuerit
993 2740 1216 2796 corpus,
1248 2730 1437 2791 598
1467 2727 1657 2781 anima
1680 2732 1902 2781 tantum
1946 2726 2188 2782 virescit.

598 2809 754 2865 Dixit
783 2809 989 2867 iterum
1014 2810 1185 2868 abbas
1223 2813 1453 2870 Daniel:
1492 2814 1638 2880 Quia
1663 2821 1936 2888 quantum
1991 2832 2192 2888 corpus

591 2899 833 2973 fovetur,
847 2906 1069 2958 tantum
1091 2903 1284 2958 anima
1301 2903 1641 2972 subtiliatur,
1660 2910 1719 2959 et
1738 2910 2011 2978 quantum
2024 2904 2195 2961 fuerit

592 3006 794 3063 corpus
818 2990 1188 3059 subtiliatum,
1221 2998 1443 3048 tantum
1473 2995 1665 3049 anima
1691 2995 1926 3051 fovetur.

670 3079 758 3140 18.
793 3080 1057 3137 Narravit
1085 3081 1289 3138 iterum
1334 3083 1505 3139 abbas
1550 3085 1768 3153 Daniel,
1802 3085 1931 3157 quia
1967 3084 2191 3156 quando

2264 1921 2535 1977 debemus
2590 1921 2790 1989 Deum,
2851 1919 2948 1993 qui
2997 1919 3211 1999 revelat
3246 1919 3463 1975 occulta
3505 1919 3863 1977 tenebrarum

2267 2012 2319 2081 (Ι
2347 2012 2469 2066 Cor.
2502 2011 2615 2082 Iv)?
2637 2010 2742 2066 Illa
2769 2014 2962 2065 autem
2988 2010 3223 2065 confusa
3248 2015 3307 2065 et
3327 2008 3614 2066 confutata
3641 2011 3865 2068 recessit

2267 2100 2477 2172 absque
2506 2116 2676 2172 opere
2697 2099 3001 2172 voluptatis
3020 2115 3155 2155 suae.

2338 2189 2430 2248 2'2.
2480 2190 2775 2246 Venerunt
2822 2189 3127 2261 aliquando
3168 2188 3241 2244 ad
3286 2187 3546 2245 abbatem
3592 2190 3869 2247 Zenonem

2271 2279 2502 2351 quidam
2528 2278 2751 2346 fratres,
2800 2283 2860 2333 et
2887 2266 3376 2350 interrogaverunt
3396 2294 3547 2346 eum,
3576 2279 3829 2336 dicentes
3854 2299 3866 2334 :

2272 2369 2420 2435 Quid
2448 2373 2535 2424 est
2559 2368 2709 2441 quod
2728 2367 3000 2441 scriptum
3021 2373 3108 2424 est
3129 2368 3190 2423 in
3207 2367 3388 2424 libroJ
3393 2367 3462 2423 ob
3483 2384 3496 2421 :
3524 2368 3642 2424 Nec
3665 2369 3868 2425 caelum

2269 2459 2545 2516 mundum
2573 2474 2695 2513 esse
2724 2458 2783 2513 in
2810 2463 3114 2530 conspectu
3133 2456 3235 2513 Dei
3271 2458 3383 2529 (Job
3411 2457 3533 2528 xv)?
3560 2457 3869 2531 Respondit

2272 2553 2465 2604 autem
2489 2564 2659 2604 senex
2687 2548 2878 2603 dicens
2913 2564 2926 2600 :
2970 2547 3340 2620 Reliquerunt
3365 2546 3621 2603 homines
3646 2555 3867 2620 peccata

2272 2655 2393 2706 sua,
2435 2642 2493 2693 et
2520 2638 2769 2692 coelestia
2816 2642 3157 2693 scrutantur.
3200 2637 3330 2692 Haec
3356 2642 3546 2693 autem
3572 2642 3661 2693 est
3695 2638 3868 2694 inter-

2272 2728 2516 2799 pretatio
2578 2727 2876 2793 sermonis,
2927 2744 3095 2799 quem
3142 2726 3474 2799 requisistis,
3504 2731 3570 2782 ut
3605 2729 3866 2799 quoniam

2274 2817 2424 2873 Deus
2444 2817 2597 2873 solus
2626 2823 2714 2872 est
2735 2816 2999 2884 mundus,
3025 2816 3238 2871 dictum
3258 2816 3334 2871 sit
3359 2831 3460 2871 nec
3477 2816 3681 2872 caelum
3703 2832 3865 2874 mun-

2274 2906 2410 2962 dum
2434 2924 2556 2962 esse
2584 2907 2643 2962 in
2680 2911 2980 2979 conspectu
2999 2907 3143 2978 ejus.

2345 2994 2435 3053 23.
2464 2996 2617 3051 Dixit
2638 2994 2811 3050 abbas
2853 2995 3179 3051 Theodorus
3204 2995 3274 3049 de
3301 2994 3577 3050 Pherme:
3610 2995 3668 3051 Si
3697 2994 3865 3053 habes

2274 3084 2553 3140 amicitias
2577 3102 2704 3140 cum
2728 3084 2937 3157 aliquo,
2968 3090 3026 3140 et
3053 3083 3356 3155 contigerit
3372 3100 3502 3138 eum
3522 3083 3581 3139 in
3601 3086 3868 3141 tentatio-

592 3173 716 3225 erat
742 3169 801 3226 in
845 3170 1040 3243 Scythi
1069 3171 1241 3227 abbas
1269 3173 1558 3241 Arsenius,
1602 3179 1726 3229 erat
1764 3174 1841 3229 ibi
1864 3174 2249 3246 ,monachusc
2274 3190 2405 3229 nem
2431 3173 2815 3230 fornicationis
2837 3174 3123 3230 incurrere
3147 3192 3160 3242 ;
3183 3173 3231 3228 si
3259 3178 3435 3245 potes,
3454 3172 3527 3227 da
3545 3173 3597 3228 ei
3617 3190 3863 3243 manum,

594 3258 825 3332 quidam
860 3260 1087 3332 rapiens
1117 3278 1183 3316 ea
1215 3278 1338 3334 quae
1367 3262 1651 3319 habebant
1678 3281 1840 3319 senes
1868 3282 1880 3317 :
1905 3263 2079 3320 abbas
2099 3280 2196 3319 au-

592 3353 710 3405 tem
740 3349 1010 3404 Arsenius
1034 3350 1225 3406 volens
1253 3368 1383 3407 eum
1428 3352 1652 3420 lucrari,
1685 3358 1744 3407 et
1777 3352 2006 3408 senibus
2035 3353 2195 3425 quies

593 3441 709 3492 tem
729 3443 1014 3510 praestare,
1042 3438 1175 3494 tulit
1201 3456 1332 3495 eum
1360 3439 1418 3495 in
1447 3441 1649 3496 cellam
1677 3458 1859 3509 suam,
1891 3447 1949 3496 et
1968 3442 2102 3497 dicit
2120 3442 2194 3500 ei:

596 3526 880 3600 Quidquid
910 3528 991 3582 vis
1015 3544 1117 3600 ego
1149 3528 1253 3583 tibi
1282 3529 1448 3597 dabo,
1481 3535 1704 3586 tantum
1733 3547 1846 3585 non
1876 3530 2066 3604 rapias
2091 3550 2105 3600 ;
2140 3537 2199 3588 et

597 3615 755 3671 dedit
805 3615 857 3671 ei
908 3633 1129 3686 aurum,
1162 3623 1220 3674 et
1249 3635 1531 3687 nummos,
1564 3626 1623 3675 et
1665 3620 1926 3676 rescellas
1956 3621 2084 3690 (34),
2118 3627 2193 3690 et,

599 3721 767 3761 omne
792 3705 940 3779 quod
966 3707 1026 3762 in
1056 3723 1325 3780 responso
1354 3707 1469 3779 (35)
1518 3726 1620 3764 suo
1643 3708 1906 3777 habebat,
1939 3710 2095 3766 dedit
2123 3712 2195 3766 ei.

600 3793 704 3851 Ille
731 3801 920 3852 autem
945 3795 1151 3853 iterum
1171 3796 1442 3870 rapiebat.
1459 3799 1632 3854 Senes
1651 3816 1781 3855 vero
1802 3799 2053 3855 videntes
2069 3800 2202 3872 quia

600 3902 714 3942 non
745 3885 973 3958 quievit,
1009 3888 1346 3959 expulerunt
1369 3905 1521 3952 eum,
1558 3889 1807 3944 dicentes
1834 3909 1847 3944 :
1874 3891 2016 3956 Quia
2035 3891 2083 3945 si
2112 3891 2200 3947 in-

602 3975 825 4031 venitur
873 3975 1050 4031 frater
1094 3975 1307 4032 habens
1335 3977 1404 4032 de
1439 3978 1771 4034 infirmitate
1818 3980 2067 4051 corporis
2094 3980 2199 4035 ali-

602 4063 758 4136 quid,
784 4069 1006 4136 oportet
1033 4065 1311 4122 sustinere
1339 4083 1468 4122 eum
1497 4086 1510 4134 ;
1568 4067 1615 4122 si
1666 4072 1855 4126 autem
1893 4068 2115 4124 furatus
2143 4075 2202 4125 et

604 4150 925 4208 admonitus
973 4171 1086 4209 non
1146 4154 1401 4226 quiescit,
1434 4156 1693 4227 expellite
1715 4174 1844 4211 eum
1882 4175 1893 4212 :
1931 4160 2198 4230 quoniam

602 4242 808 4297 animae
831 4259 946 4298 suae
973 4242 1374 4300 detrimentum
1401 4245 1555 4313 facit,
1588 4251 1646 4301 et
1673 4262 1869 4301 omnes
1898 4247 1955 4303 in
1990 4265 2055 4303 eo
2078 4249 2198 4305 loco

602 4328 924 4387 habitantes
952 4332 1270 4390 conturbat.

678 4416 938 4477 i9.Venit
963 4422 1022 4476 in
1051 4422 1212 4478 initio
1244 4424 1679 4480 conversationis
1722 4443 1837 4483 suae
1867 4427 2038 4483 abbas
2070 4429 2208 4484 Eva-

2264 3268 2335 3319 'et
2355 3265 2579 3319 retrahe
2607 3263 2767 3318 illum
2797 3280 3025 3319 sursum
3049 3281 3061 3317 :
3092 3263 3140 3318 si
3170 3266 3360 3318 autem
3383 3262 3443 3317 in
3470 3278 3661 3317 errore
3681 3264 3866 3335 aliquo

2278 3353 2409 3408 fidei
2441 3353 2763 3420 incurrerit,
2793 3369 2897 3408 nec
2932 3352 3037 3408 tibi
3078 3350 3402 3424 acquiescit,
3433 3356 3713 3407 revertere
3733 3353 3860 3418 cito,

2280 3442 2463 3498 incide
2492 3441 2770 3499 amicitias
2793 3443 2916 3514 ejus
2944 3441 3045 3497 abs
3072 3446 3149 3509 te,
3176 3458 3249 3497 ne
3273 3441 3417 3496 forte
3443 3455 3740 3497 remorans
3756 3448 3870 3498 tra-

2280 3532 2433 3587 haris
2461 3549 2585 3587 cum
2601 3548 2667 3587 eo
2694 3531 2754 3586 in
2782 3531 3141 3604 profundum.

2350 3620 2441 3677 2i.
2467 3621 2637 3676 Venit
2658 3621 2960 3693 aliquando
2988 3625 3333 3677 memoratus
3352 3621 3523 3679 abbas
3549 3622 3870 3678 Theodorus

2283 3711 2355 3765 ad
2383 3710 2643 3769 abbatem
2672 3711 2964 3778 Joannem,
2997 3709 3093 3781 qui
3123 3716 3247 3767 erat
3273 3712 3562 3769 eunuchus
3585 3728 3653 3767 ex
3677 3712 3875 3768 nativi-

2282 3806 2419 3856 tate.
2453 3802 2673 3858 Etcum
2712 3800 3095 3872 loquerentur,
3129 3799 3269 3855 dixit
3297 3800 3468 3856 abbas
3492 3801 3817 3856 Theodorus
3857 3822 3870 3858 :

2285 3891 2521 3957 Quando
2550 3906 2705 3945 eram
2733 3890 2791 3946 in
2824 3890 3035 3963 Scythi,
3070 3907 3210 3963 opus
3238 3890 3439 3946 animae
3467 3896 3589 3946 erat
3614 3907 3757 3962 opus
3779 3906 3873 3945 no-

2284 3985 2488 4047 strum,
2521 3997 2661 4052 opus
2691 3984 2883 4035 autem
2929 3994 3201 4035 manuum
3247 3984 3515 4053 tanquam
3545 3979 3604 4035 in
3632 3980 3871 4035 transitu

2281 4068 2630 4125 habebamus
2674 4088 2687 4137 ;
2720 4085 2869 4124 nunc
2896 4074 3086 4124 autem
3115 4069 3324 4125 factum
3360 4073 3447 4124 est
3473 4084 3613 4142 opus
3651 4068 3869 4135 animae,

2280 4160 2435 4214 velut
2465 4176 2593 4214 cum
2617 4158 2678 4213 in
2695 4159 2936 4213 transitu
2956 4158 3165 4214 factum
3185 4165 3270 4214 est
3292 4175 3452 4231 opus.

2350 4249 2440 4304 25.
2483 4247 2652 4303 Venit
2674 4248 2978 4319 aliquando
3003 4247 3230 4320 quidam
3261 4248 3493 4303 Patrum
3520 4248 3592 4303 ad
3618 4248 3872 4304 eumdem

2281 4337 2544 4393 abbatem
2571 4337 2947 4405 Theodorum,
2978 4342 3036 4392 et
3052 4337 3193 4392 dixit
3210 4337 3298 4391 ei:
3330 4336 3467 4393 Ecce
3507 4337 3737 4408 quidam
3769 4337 3873 4392 fra-

2290 4432 2378 4482 ter
2405 4444 2662 4482 reversus
2690 4426 2867 4481 estad
2888 4426 3250 4483 saeculum.Et
3264 4425 3406 4481 dixit
3422 4426 3475 4481 ei
3494 4424 3665 4481 abbas
3693 4426 3871 4482 Theo-

600 4510 759 4583 grius
787 4510 858 4566 ad
876 4512 1174 4585 quemdam
1200 4530 1411 4581 senem,
1431 4520 1489 4570 et
1519 4515 1689 4570 dixit:
1717 4516 1819 4572 Dic
1838 4517 1998 4586 mihi,
2030 4517 2192 4584 abba,
2218 4511 2266 4571 D
2288 4517 2459 4573 dorus
2491 4540 2503 4575 :
2532 4517 2598 4572 In
2626 4516 2732 4571 hoc
2769 4532 2883 4571 non
2918 4515 3214 4571 admireris
3252 4534 3266 4584 ;
3297 4515 3346 4570 si
3375 4514 3597 4587 quando
3632 4516 3871 4571 audieris

603 4616 920 4656 sermonem
952 4618 1064 4674 quo
1097 4602 1285 4657 salvus
1307 4605 1459 4658 liam.
1489 4604 1589 4659 Ille
1627 4614 1818 4660 autem
1844 4606 1985 4662 dixit
2019 4607 2107 4664 ei:
2142 4608 2200 4663 Si

602 4688 686 4745 vis
713 4691 935 4759 salvari,
959 4691 1184 4764 quando
1210 4693 1283 4748 ad
1313 4693 1557 4765 aliquem
1587 4695 1762 4763 vadis,
1796 4713 1909 4751 non
1930 4696 2086 4768 prius
2116 4697 2200 4752 lo-

604 4780 795 4851 quaris
827 4786 1129 4853 antequam
1158 4788 1215 4838 te
1251 4783 1348 4839 ille
1377 4784 1646 4857 inquirat.
1693 4786 1964 4856 Evagrius
2009 4791 2200 4842 autem

604 4876 973 4941 compunctus
1018 4871 1076 4926 in
1104 4872 1209 4927 hoc
1248 4891 1526 4943 sermone,
1569 4875 1959 4946 paenitentiam
1988 4875 2105 4947 egit
2143 4876 2202 4931 in

602 4963 902 5031 conspectu
929 4960 1101 5030 senis,
1122 4967 1181 5018 et
1206 4964 1477 5019 satisfecit
1503 4966 1573 5033 ei,
1592 4965 1812 5019 dicens:
1837 4964 2014 5020 Crede
2038 4965 2197 5034 mihi,

518 5102 529 5117 Ι
606 5039 817 5104 multos
867 5050 1099 5106 Codices
1150 5053 1281 5125 legi,
1314 5059 1372 5108 et
1411 5054 1585 5109 talem
1643 5053 2014 5109 eruditionem
2055 5072 2202 5111 nun-

609 5154 778 5210 quam
805 5138 1013 5195 inveni.
1049 5141 1117 5197 Et
1144 5143 1382 5198 multum
1405 5143 1702 5214 proficiens
1740 5143 1890 5200 exiit.

678 5225 927 5286 20.Dixit
952 5230 1125 5286 abbas
1156 5231 1456 5301 Evagrius:
1490 5232 1735 5287 Mentem
1780 5237 2075 5288 nutantem
2115 5235 2203 5289 vel

606 5322 892 5375 errantem
920 5320 1127 5376 solidat
1154 5320 1338 5381 lectio.
1371 5325 1429 5376 et
1452 5322 1748 5392 vigiliae,ct
1767 5323 1976 5382 oratio:
2007 5340 2204 5378 concu-

606 5406 938 5480 piscentiam
966 5425 1099 5464 vero
1126 5409 1431 5465 ferventem
1464 5411 1761 5466 madcfacit
1788 5413 2001 5468 esuries
2031 5418 2089 5468 et
2119 5414 2203 5468 la-

606 5496 711 5552 bor
737 5502 797 5553 et
822 5497 1138 5555 sollicitudo
1167 5513 1181 5549 :
1220 5499 1568 5555 iracundiam
1598 5507 1785 5557 autem
1816 5503 2203 5575 perturbatam

609 5586 866 5658 reprimit
884 5588 1214 5659 psalmodia,
1264 5595 1322 5645 et
1350 5590 1766 5662 longanimitas,
1802 5597 1860 5648 et
1890 5593 2204 5648 misericor-

610 5674 723 5743 dia,
756 5671 853 5735 sed
884 5677 1001 5736 haec
1027 5680 1355 5763 opportunis
1400 5681 1765 5753 temporibus,
1825 5688 1882 5742 et
1938 5699 2207 5740 mensura

2285 4606 2418 4678 quia
2442 4604 2734 4678 praevaluit
2758 4604 2886 4676 quis
2913 4606 3162 4676 effugere
3191 4604 3261 4659 de
3282 4620 3378 4660 ore
3397 4603 3629 4672 inimici,
3662 4604 3765 4660 hoc
3783 4604 3871 4659 ad-

2283 4696 2510 4751 mirare.
3432 4700 3437 4705 ’

2353 4782 2443 4842 26.
2475 4784 2627 4840 Dixit
2651 4788 2996 4839 memoratus
3023 4782 3194 4839 abbas
3222 4783 3577 4841 Theodorus:
3607 4782 3765 4841 Multi
3782 4782 3872 4838 eli-

2281 4880 2425 4946 gunt
2452 4875 2508 4930 in
2539 4875 2645 4929 hoc
2667 4873 2868 4929 saeculo
2888 4873 3254 4945 temporalem
3280 4872 3543 4944 quietem,
3574 4877 3872 4944 antequam

2285 4968 2510 5037 praestet
2528 4963 2608 5019 eis
2637 4962 2909 5019 Dominus
2932 4963 3204 5034 requiem.

2354 5052 2443 5111 27.
2466 5052 2742 5108 Dicebant
2764 5053 2832 5107 de
2853 5051 3055 5107 abbate
3069 5054 3284 5108 Joanne
3311 5056 3531 5107 statura
3544 5050 3715 5118 brevi,
3744 5051 3874 5124 quia

2284 5144 2487 5199 dixerit
2505 5143 2807 5214 aliquando
2836 5142 2997 5197 fratri
3027 5158 3129 5197 suo
3161 5141 3362 5213 majori
3386 5156 3398 5190 :
3447 5141 3716 5198 Volebam
3757 5158 3871 5197 esse

2285 5250 2516 5288 securus
2552 5233 2699 5288 sicut
2730 5231 2916 5303 angeli
2961 5236 3094 5287 sunt
3141 5231 3341 5295 securi,
3390 5230 3530 5285 nihil
3557 5236 3868 5303 operantes,

2284 5323 2383 5379 sed
2405 5323 2525 5379 sine
2547 5322 2967 5378 intermissione
2995 5321 3302 5378 servientes
3321 5321 3437 5376 Deo
3453 5339 3465 5388 ;
3481 5325 3538 5377 et
3551 5320 3793 5392 spolians
3814 5337 3869 5375 se

2286 5431 2396 5485 quo
2424 5412 2658 5468 vestitus
2685 5417 2826 5479 erat,
2859 5411 2997 5467 abiit
3012 5411 3070 5466 in
3100 5427 3288 5467 eremo
3311 5410 3492 5481 (Ra/[2,
3520 5414 3559 5465 ι.
3594 5424 3675 5478 ιη,
3699 5407 3867 5475 η.56).

2286 5504 2353 5558 Et
2368 5502 2514 5557 facta
2532 5501 2611 5557 ibi
2630 5499 2986 5557 hebdomada
3004 5517 3399 5567 una,reversus
3437 5504 3524 5555 est
3550 5499 3623 5555 ad
3644 5499 3867 5555 fratrem

2286 5609 2447 5647 suum
2471 5610 2485 5658 ;
2515 5596 2573 5646 et
2604 5592 2740 5646 dum
2768 5591 3021 5664 pulsaret
3042 5590 3269 5657 ostium,
3304 5588 3593 5661 respondit
3636 5589 3689 5644 ei
3715 5594 3868 5645 ante-

2287 5699 2457 5759 quam
2497 5681 2760 5755 aperiret,
2812 5680 3005 5738 dicens
3039 5695 3051 5732 :
3085 5679 3223 5749 Quis
3250 5696 3311 5738 es
3336 5676 3439 5739 tu?
3467 5679 3540 5739 Et
3562 5677 3658 5735 ille
3694 5678 3861 5738 dixit:
