3934 6390
176 357 285 415 917

1487 331 1726 387 VERBA
1763 327 2157 386 SENIORUM.

3358 334 3471 395 918'

176 483 301 555 Ego
321 496 451 536 sum
474 478 740 534 Joannes.
775 470 845 528 Et
869 466 1163 540 respondit
1187 463 1368 555 frater
1388 460 1531 555 ejus,
1563 460 1622 555 et
1644 451 1843 555 dixitA
1858 457 2226 555 agnoscentes
2257 459 2523 528 quoniam
2562 459 2621 527 in
2649 459 2910 516 omnibus
2940 460 3265 517 obedientes
3306 464 3459 517 sunt.

177 544 283 629 ei“:
314 571 563 627 Joannes
603 564 837 635 angelus
882 560 1060 615 factus
1088 561 1192 620 est,
1220 558 1278 608 et
1317 552 1468 606 ultra
1505 546 1655 601 inter
1680 544 1784 598 ho-

177 662 368 718 mines
413 674 529 714 non
574 660 677 710 est.
708 653 808 709 Ille
855 653 1048 706 autem
1101 642 1364 718 pulsabat
1398 638 1589 695 dicens
1622 653 1633 689 :
1668 635 1785 704 Ego

182 768 336 808 sum.
372 751 443 805 Et
478 762 594 803 non
637 741 859 816 aperuit
896 740 968 806 ei,
1010 736 1108 792 sed
1151 731 1367 789 dimisit
1410 745 1541 784 eum
1586 723 1781 795 afﬂigi.

174 843 392 900 Postea
426 852 558 893 vero
604 832 862 906 aperiens
894 828 1036 883 dixit
1074 825 1127 881 ei
1158 842 1171 878 :
1222 822 1282 877 Si
1326 821 1497 875 homo
1539 833 1616 883 es,
1648 830 1788 887 opus

177 930 362 988 habes
389 929 597 985 iterum
616 920 935 997 operari,ut
950 918 1128 984 vivas;
1156 913 1205 969 si
1224 922 1414 968 autem
1438 906 1672 978 angelus
1704 921 1784 973 es,

182 1020 326 1093 quid
346 1016 550 1091 quaris
580 994 795 1070 intrare
830 1011 891 1065 in
932 1008 1150 1063 cellam.
1180 1004 1250 1059 Et
1278 1001 1371 1055 ille
1400 994 1788 1093 pmnitentiam

181 1084 384 1183 agens,
415 1106 588 1163 dixit:
613 1105 847 1176 Ignosce
872 1097 1030 1163 mihi,
1062 1094 1257 1158 frater,
1280 1090 1415 1162 quia
1436 1084 1676 1160 peccavi.

260 1172 460 1265 ἥδε)
485 1192 576 1254 28.
613 1172 906 1248 Venerunt
947 1183 1251 1257 aliquando
1280 1195 1443 1234 senes
1474 1172 1784 1265 in-Scythi,

185 1289 249 1340 et
271 1261 567 1339 eratcum
598 1278 680 1334 eis
709 1275 881 1331 abbas
909 1274 1153 1328 Joannes
1184 1268 1379 1323 Nanus
1403 1282 1416 1331 ;
1448 1267 1507 1318 et
1528 1261 1665 1316 dum
1702 1274 1793 1312 co-

182 1373 504 1439 mederent,
526 1367 768 1426 surrexit
792 1362 1023 1438 quidam
1036 1357 1328 1432 presbyter
1356 1354 1437 1408 vir
1466 1353 1794 1422 magnus,ut

180 1465 352 1520 daret
380 1478 482 1534 per
499 1458 752 1531 singulos
772 1453 1057 1509 vasculum
1084 1464 1245 1520 aqute
1259 1440 1493 1534 parvum
1513 1439 1794 1534 adhiben-

182 1554 361 1621 dum;
398 1556 457 1606 et
488 1529 654 1605 nemo
687 1542 968 1617 acquievit
1001 1539 1254 1610 accipere
1284 1533 1354 1590 ab
1384 1549 1471 1599 eo,
1502 1530 1610 1586 nisi
1641 1529 1794 1584 solus

183 1619 438 1700 Joannes
450 1638 665 1696 Brevis.
680 1632 958 1692 Admirati
978 1633 1111 1686 sunt
1129 1632 1319 1684 autem
1340 1621 1546 1688 caeteri,
1570 1624 1627 1675 et
1637 1619 1793 1674 dixe-

183 1737 328 1789 runt
346 1732 400 1787 ei
431 1748 442 1785 :
468 1725 759 1795 Quomodo
787 1729 852 1780 tu
878 1738 1007 1778 cum
1034 1720 1111 1775 sis
1141 1715 1391 1773 omnium
1421 1714 1628 1777 minor,
1654 1725 1796 1781 prae-

1936 541 2025 599 31.
2051 544 2248 600 Frater
2272 545 2638 618 interrogavit
2678 548 2940 605 abbatem
2966 550 3192 622 Joseph,
3225 549 3420 606 dicens
3444 566 3457 603 :

1840 633 2013 698 -Quid
2039 632 2259 703 faciam,
2281 635 2416 707 quia
2442 652 2545 693 nec
2572 637 2893 693 molestiam
2920 638 3065 694 ferre
3088 655 3338 712 possum,
3361 655 3465 695 nec

1866 721 2140 790 laborare,
2169 728 2227 778 et
2258 724 2392 780 dare
2417 726 2870 799 eleemosynam?
2896 728 2966 784 Et
2994 728 3130 784 dicit
3165 729 3217 785 ei
3245 744 3415 785 senex
3447 747 3466 784 :

1868 812 1928 868 Si
1950 829 2063 868 non
2089 818 2248 885 potes
2275 815 2476 871 horum
2497 815 2861 884 nihilfacere,
2884 817 2969 874 vel
2993 834 3154 874 serva
3180 818 3466 875 conscien-

1868 901 2005 957 tiam
2030 907 2191 959 tuam
2218 903 2290 958 ab
2318 904 2473 960 omni
2504 906 2653 961 malo
2681 906 2922 978 proximi
2952 908 3058 975 tui,
3087 912 3145 964 et
3167 907 3252 964 ita
3277 908 3464 965 salvus

1868 991 2016 1057 eris;
2047 992 2197 1048 Deus
2219 998 2412 1049 autem
2441 995 2689 1051 animam
2710 996 2830 1052 sine
2855 1002 3082 1069 peccato
3100 998 3319 1070 quaerit.

1941 1079 2028 1139 32.
2070 1080 2224 1137 Dixit
2266 1082 2438 1138 abbas
2484 1083 2639 1139 Isaac
2676 1085 2947 1142 Thebaeus
2996 1086 3265 1143 fratribus
3299 1087 3420 1143 suis
3451 1105 3464 1141 :

1870 1170 2083 1226 Pueros
2108 1171 2201 1226 hic
2245 1188 2359 1228 non
2387 1172 2700 1242 adducatis,
2732 1175 2868 1247 quia
2902 1181 3133 1248 propter
3176 1192 3382 1249 pueros
3408 1176 3470 1232 in

1873 1260 2067 1332 Scythi
2096 1265 2337 1332 quatuor
2364 1262 2609 1318 ecclesiae
2638 1279 2861 1319 eremus
2884 1264 3044 1321 facta:
3070 1270 3223 1321 sunt.

1944 1348 2032 1407 33.
2051 1349 2421 1421 Interrogavit
2438 1349 2610 1407 abbas
2628 1351 2912 1423 Longinus
2931 1352 3194 1410 abbatem
3210 1356 3467 1425 Lucium,

1873 1437 2066 1493 dicens
2090 1456 2104 1493 :
2133 1438 2324 1495 Habeo
2352 1444 2470 1495 tres
2495 1440 2862 1513 cogitationes
2886 1461 2897 1496 :
2930 1459 3106 1499 unam
3133 1448 3196 1500 ut
3215 1446 3288 1501 ad
3316 1462 3473 1518 pere-

1871 1528 2249 1599 grinationem
2281 1529 2504 1586 vadam.
2534 1530 2606 1586 Et
2625 1531 2917 1605 respondit
2943 1532 2995 1588 ei
3020 1549 3190 1589 senex
3222 1552 3234 1588 :
3276 1535 3335 1591 Si
3361 1551 3477 1592 non

1874 1619 2124 1674 tenueris
2160 1619 2412 1691 linguam
2447 1624 2606 1675 tuam
2643 1617 2963 1695 ubicunque
2996 1624 3329 1695 perrexeris,
3362 1641 3476 1681 non

1876 1708 1987 1763 eris
2013 1709 2360 1781 peregrinus.
2393 1709 2503 1765 Sed
2549 1709 2772 1765 refrena
2807 1711 2901 1767 hic
2928 1711 3181 1784 linguam
3207 1718 3387 1780 tuam,
3419 1719 3479 1771 et

185 1820 486 1894 sumpsisti
513 1814 827 1873 ministerio
841 1812 925 1869 uti
942 1809 1047 1867 viri
1061 1807 1212 1865 senis
1240 1811 1296 1861 et
1321 1802 1514 1894 magni
1529 1800 1641 1894 ?-Et
1659 1796 1795 1854 dicit
1814 1813 1862 1875 Β
1881 1799 1993 1856 eris
2023 1799 2194 1894 etiam
2220 1798 2314 1854 hic
2340 1798 2691 1870 peregrinus.
2723 1800 2793 1855 Et
2810 1800 2953 1856 dixit
2988 1801 3041 1856 ei
3068 1800 3246 1858 abbas
3273 1803 3479 1876 Longi-

187 1912 276 1969 eis
292 1930 307 1966 :
322 1889 449 1981 Ego
473 1906 698 1981 quando
713 1919 884 1974 surgo
900 1902 1036 1957 dare
1050 1913 1275 1970 aquam,
1289 1893 1507 1966 gaudeo
1529 1889 1577 1945 si
1599 1904 1797 1944 omnes

188 1980 460 2065 biberint,
491 2002 559 2053 ut
583 1993 898 2051 mercedem
939 1988 1257 2061 acquiram;
1289 1998 1439 2039 nunc
1465 1980 1641 2052 igitur
1664 1994 1797 2050 pro-

189 2096 397 2165 pterea
414 2104 518 2160 ego
535 2084 774 2156 suscepi,
790 2088 856 2138 ut
873 2080 1076 2136 faciam
1093 2076 1147 2132 ei
1173 2074 1269 2148 qui
1294 2070 1537 2129 surrexit
1546 2067 1797 2128 invenire

188 2160 619 2244 mercedemme
630 2175 773 2229 forte
793 2171 965 2227 etiam
984 2165 1348 2223 contristetur
1364 2161 1518 2217 nullo
1543 2160 1797 2215 sumente

189 2269 265 2325 ab
297 2285 384 2325 eo.
417 2267 555 2322 Haec
582 2279 712 2320 cum
737 2259 985 2326 dixisset,
1018 2252 1280 2311 admirati
1310 2254 1444 2307 sunt
1487 2263 1682 2304 omnes
1727 2245 1798 2301 de

190 2358 537 2416 discretione
566 2356 707 2426 ejus.

255 2448 349 2507 29.
372 2424 747 2517 Interrogavit
773 2436 1078 2511 aliquando
1107 2432 1280 2489 abbas
1304 2431 1505 2486 Pastor
1530 2424 1796 2517 abbatem

189 2538 425 2610 Joseph,
456 2515 645 2591 dicens
677 2551 690 2587 :
721 2530 867 2596 Quid
894 2527 1116 2592 faciam,
1152 2520 1376 2595 quando
1404 2515 1809 2610 approximant

191 2603 350 2683 mihi-
377 2603 581 2697 aliqua:
613 2619 960 2677 tentationes
994 2634 1008 2683 ;
1040 2613 1241 2670 resisto
1265 2610 1399 2676 illis,
1430 2624 1506 2662 an
1532 2603 1798 2678 permitto

184 2715 448 2773 intrare?
475 2712 624 2769 Dicit
651 2711 703 2766 ei
733 2725 901 2765 senex
926 2725 938 2761 :
969 2704 1204 2761 Dimitte
1238 2702 1472 2765 intrare,
1521 2700 1580 2751 et
1609 2708 1801 2767 pugna

183 2823 325 2863 cum
345 2804 446 2861 eis.
475 2804 781 2859 Revertens
810 2814 943 2869 ergo
964 2797 1024 2851 in
1047 2791 1240 2865 Scythi
1263 2787 1494 2846 sedebat
1513 2805 1526 2854 ;
1542 2790 1599 2840 et
1619 2783 1800 2839 conti-

182 2896 276 2968 git
303 2899 371 2950 nt
394 2892 624 2948 veniens
638 2889 867 2962 quidam
883 2903 919 2941 a
941 2882 1223 2940 Thebaida
1246 2880 1304 2935 in
1327 2876 1523 2950 Scythi
1542 2876 1800 2929 narraret

185 2961 481 3049 fratribus,
512 2998 572 3036 se
600 2961 978 3049 interrogasse
1001 2972 1260 3029 abbatem
1289 2968 1527 3039 Joseph:
1562 2961 1799 3030 Quando

1878 1906 2020 1946 nus:
2053 1887 2182 1944 Alia
2211 1888 2477 1960 cogitatio
2513 1904 2640 1944 mea
2668 1895 2772 1956 est,
2806 1894 2871 1945 ut
2912 1890 3170 1961 jejunem
3201 1890 3478 1949 biduanas

1877 1978 2130 2035 levando.
2155 1979 2226 2034 Et
2252 1978 2545 2050 respondit
2572 1978 2625 2034 ei
2651 1977 2824 2036 abbas
2850 1979 3054 2036 Lucius
3085 1998 3097 2034 :
3130 1980 3306 2037 Isaias
3342 1998 3477 2053 pro-

1877 2070 2052 2142 pheta
2077 2067 2217 2124 dixit
2248 2085 2261 2121 :
2295 2067 2353 2123 Si
2377 2068 2691 2123 curvaveris
2716 2069 2870 2125 velut
2906 2068 3176 2125 circulum
3203 2070 3477 2126 cervicem

1877 2164 2057 2225 tuam,
2087 2174 2192 2214 nec
2217 2156 2298 2213 sic
2325 2156 2435 2213 erit
2474 2161 2765 2231 acceptum
2791 2158 3074 2229 jejunium
3101 2163 3266 2216 tuum
3296 2161 3476 2227 (Isaia

1879 2247 2056 2320 Lxm);
2090 2248 2191 2303 sed
2210 2246 2391 2318 magis
2409 2247 2635 2303 contine
2663 2252 2910 2303 mentem
2939 2253 3098 2304 tuam
3126 2265 3160 2303 a
3186 2247 3479 2321 cogitatio-

1879 2337 2043 2393 nibus
2069 2336 2252 2393 malis.
2276 2337 2347 2392 Et
2375 2336 2518 2392 dixit
2539 2335 2714 2393 abbas
2742 2336 3032 2408 Longinus
3064 2354 3077 2392 :
3109 2337 3363 2393 Tertium
3390 2344 3478 2395 est

1878 2426 2215 2499 dispositum
2242 2442 2452 2492 meum,
2478 2430 2548 2482 ut
2566 2425 2842 2482 declinem
2869 2426 3164 2482 hominum
3192 2431 3472 2500 aspectus.

1878 2518 1949 2572 Et
1984 2515 2275 2588 respondit
2303 2515 2354 2570 ei
2374 2513 2549 2571 abbas
2572 2515 2811 2572 Lucius:
2840 2515 2963 2572 Nisi
2991 2515 3147 2588 prius
3170 2516 3478 2573 correxeris

1879 2606 2053 2661 vitam
2085 2610 2246 2661 tuam
2284 2605 2435 2662 inter
2478 2604 2618 2660 alios
2663 2604 3062 2673 conversando,
3101 2621 3287 2677 neque
3323 2606 3478 2663 solus

1879 2695 2142 2750 habitans
2168 2693 2449 2766 corrigere
2469 2699 2527 2750 te
2548 2693 2895 2766 prmvalebis.

1951 2784 2042 2840 34.
2081 2784 2236 2840 Dixit
2278 2784 2451 2840 abbas
2480 2783 2759 2840 Macarius
2791 2801 2804 2838 :
2837 2784 2896 2840 Si
2925 2784 3292 2842 recordamur
3329 2787 3481 2843 mala

1880 2891 2006 2946 quae
2056 2874 2377 2933 inferuntur
2419 2872 2581 2930 nobis
2614 2874 2686 2929 ab
2732 2873 3073 2942 hominibus,
3118 2880 3482 2948 amputemus

1879 2964 2056 3019 menti
2085 2969 2291 3020 nostrae
2319 2963 2584 3019 virtutem
2613 2963 2946 3019 recordandi
2971 2963 3189 3033 Deum;
3213 2963 3261 3020 si
3288 2970 3479 3022 autem

188 3072 550 3148 approximat
577 3069 718 3124 mihi
742 3065 1000 3131 tentatio,
1031 3063 1232 3119 resisto
1262 3060 1333 3124 ei,
1361 3075 1434 3127 an
1464 3054 1686 3111 dimitto
1717 3052 1857 3148 in-ﬂ
1882 3055 2245 3109 recordamur
2262 3053 2543 3109 malorum
2560 3069 2684 3126 quae
2698 3053 2980 3110 daemones
3000 3054 3480 3123 excitant,erimus

190 3131 388 3219 trare?
417 3166 474 3216 et
491 3159 696 3216 dixerit
719 3158 771 3214 ei
798 3175 813 3213 :
845 3154 1088 3211 Omnino
1122 3168 1236 3207 non
1260 3147 1510 3205 dimittas
1529 3143 1793 3200 tentatio-
1813 3131 1859 3194 Ο
1880 3143 2327 3215 imperforabiles
2357 3144 2586 3214 (Pasch,
2618 3159 2663 3198 c.
2697 3141 2784 3212 37,
2809 3160 2868 3199 η.
2899 3141 2962 3213 4;
3009 3145 3254 3213 Append.
3284 3145 3477 3212 Mart,

193 3270 335 3310 nem
368 3251 428 3307 in
456 3256 533 3317 te,
569 3248 667 3305 sed
704 3247 816 3302 cito
859 3241 1124 3301 abscinde
1154 3256 1299 3295 eam.
1330 3236 1580 3293 Audiens
1608 3237 1797 3289 autem

192 3342 374 3398 abbas
401 3342 618 3404 Pastor,
652 3336 785 3409 quia
831 3335 910 3390 sic
954 3331 1158 3389 dixerit
1193 3329 1342 3395 huic,
1370 3326 1467 3399 qui
1509 3327 1739 3379 venerat
1766 3338 1801 3376 a

1882 3249 1941 3292 η.
1971 3232 2083 3292 15).

1971 3237 2041 3288 15
2070 3273 2083 3287 .

1954 3237 2221 3381 35.,Dixit
2235 3322 2409 3379 abbas
2432 3322 2675 3378 Mathois
2708 3338 2720 3375 :
2742 3322 2937 3379 Nescit
2956 3323 3196 3380 Satanas
3215 3340 3328 3396 qua

194 3430 509 3497 Thebaida,
547 3427 720 3483 abbas
773 3423 982 3495 Joseph
1022 3436 1259 3492 surgens
1305 3418 1514 3473 iterum
1556 3414 1697 3470 abiit
1739 3414 1797 3467 in
1886 3414 2043 3470 sione
2067 3413 2368 3469 seducatur
2409 3411 2620 3480 anima,
2647 3418 2705 3467 et
2730 3412 2858 3467 ideo
2887 3412 3130 3468 seminat
3156 3413 3385 3486 quidem
3418 3414 3480 3470 in

194 3520 469 3593 Panepho
491 3519 564 3574 ad
590 3516 853 3572 abbatem
880 3512 1105 3584 Joseph,
1141 3514 1197 3564 et
1225 3507 1362 3563 dicit
1380 3506 1431 3561 ei
1455 3525 1467 3560 :
1496 3504 1674 3571 Abba,
1700 3520 1804 3593 ego
1887 3520 1955 3558 ea
1981 3503 2238 3558 ziziniam
2265 3518 2447 3567 suam,
2480 3502 2580 3557 sed
2614 3506 2828 3558 metere
2854 3502 3034 3557 nescit
3066 3518 3080 3558 :
3122 3503 3341 3575 spargit
3374 3503 3484 3559 ali-

192 3610 308 3666 tibi
327 3591 582 3665 commisi
607 3604 977 3677 cogitationes
1006 3616 1179 3666 meas,
1216 3603 1274 3652 et
1307 3603 1372 3652 tu
1412 3595 1577 3651 aliter
1614 3592 1805 3649 dixisti
1888 3593 2111 3665 quando
2135 3591 2347 3648 semina
2378 3591 2829 3660 fornicationum,
2853 3592 3155 3664 aliquando
3185 3593 3484 3650 detractio-

194 3699 363 3768 mibi,
394 3699 558 3753 aliter
577 3700 767 3751 autem
785 3693 947 3747 fratri
968 3692 1039 3745 de
1057 3687 1360 3745 Thebaida.
1385 3687 1454 3741 Et
1481 3684 1617 3739 dicit
1639 3683 1690 3739 ei
1720 3699 1805 3738 se-
1884 3699 2041 3750 num,
2065 3688 2123 3738 et
2146 3689 2477 3738 caeterarum
2513 3681 2772 3737 similiter
2809 3681 3164 3754 passionum;
3198 3687 3257 3738 et
3281 3682 3342 3738 in
3370 3698 3484 3755 qua

196 3808 312 3847 nex
344 3808 355 3843 :
389 3788 506 3844 Scis
553 3784 686 3858 quia
730 3783 901 3853 diligo
942 3779 1046 3835 te?
1087 3780 1156 3833 Et
1202 3775 1488 3848 respondit
1523 3789 1539 3831 :
1592 3773 1798 3828 Etiam.
1885 3772 2143 3844 passione
2162 3772 2364 3827 viderit
2381 3772 2631 3826 animam
2657 3770 3053 3838 declinantem,
3078 3771 3225 3826 hanc
3244 3769 3297 3827 ei
3315 3771 3479 3826 mini-

196 3882 402 3937 Nonne
428 3882 492 3933 tu
511 3875 650 3931 mihi
673 3871 884 3935 dixisti,
914 3876 979 3925 ut
1004 3869 1151 3923 sicut
1163 3866 1301 3921 mihi
1322 3865 1448 3936 ipsi,
1481 3864 1563 3919 ita
1589 3862 1692 3918 tibi
1721 3861 1803 3917 di-
1885 3866 2064 3918 strat:
2095 3878 2227 3917 nam
2265 3861 2314 3917 si
2358 3861 2528 3917 sciret
2565 3861 2638 3916 ad
2686 3860 2822 3933 quid
2867 3860 3126 3932 proclivis
3152 3864 3239 3915 est
3264 3861 3475 3927 anima,

197 3985 389 4026 cerem
426 3966 574 4038 quod
591 3960 898 4020 sentirem?
929 3958 1150 4015 Etenim
1185 3957 1233 4011 si
1258 3953 1593 4010 intraverint
1614 3956 1801 4007 tenta-
1883 3967 1997 4006 non
2032 3950 2084 4005 ei
2121 3950 2342 4006 diversa
2367 3950 2455 4005 vel
2484 3949 2641 4005 varia
2666 3949 2990 4005 seminaret.

196 4060 405 4125 tiones,
433 4062 492 4112 et
507 4053 728 4110 dederis
756 4056 926 4122 atque
952 4047 1233 4119 acceperis
1253 4062 1379 4101 cum
1402 4044 1501 4111 eis,
1524 4040 1803 4114 probatio-
1955 4039 2043 4098 3G.
2070 4041 2455 4095 Narraverunt
2474 4040 2544 4095 de
2564 4038 2767 4095 abbate
2785 4040 3057 4112 Nathyra,
3076 4039 3173 4112 qui
3194 4038 3303 4096 fuit
3320 4039 3482 4096 disci-

198 4165 325 4205 rem
346 4152 404 4201 te
444 4144 677 4210 faciunt;
710 4157 813 4212 ego
844 4145 1033 4194 autem
1064 4138 1214 4191 velut
1243 4133 1381 4190 mihi
1428 4132 1533 4205 ipsi
1585 4131 1665 4187 sic
1699 4129 1803 4186 tibi
1885 4132 2051 4203 pulus
2065 4130 2282 4185 abbatis
2314 4130 2546 4197 Silvani,
2575 4129 2709 4201 quia
2734 4145 2862 4185 cum
2884 4128 3107 4184 sederet
3126 4128 3185 4184 in
3208 4129 3351 4185 cella
3379 4145 3484 4185 sua

198 4240 424 4293 locutus
442 4252 565 4291 sum
591 4251 603 4287 :
634 4237 767 4287 sunt
787 4236 979 4284 autem
1007 4226 1181 4298 aliqui
1210 4224 1411 4297 quibus
1425 4239 1530 4279 nec
1548 4220 1805 4294 approxi-
1884 4221 1945 4276 in
1977 4226 2169 4276 monte
2198 4219 2350 4285 Sina,
2382 4218 2743 4274 mediocriter
2766 4217 3099 4290 gubernavit
3120 4218 3293 4273 vitam
3320 4234 3482 4273 suam

201 4343 364 4384 mare
393 4323 617 4397 expedit
644 4320 950 4394 passiones,
982 4316 1081 4372 sed
1110 4315 1300 4371 statim
1331 4312 1538 4368 debent
1583 4310 1801 4380 abscin-
1887 4311 1958 4366 de
1980 4311 2070 4366 his
2089 4327 2210 4382 quae
2227 4307 2717 4365 erantnecessaria
2734 4308 2955 4380 corpori
2969 4309 3483 4380 (Append.:Pallad.,

200 4419 342 4474 dere
360 4432 475 4470 eas.
1818 4453 1868 4474 ἢ
1890 4420 1938 4460 c.
1969 4401 2058 4467 ‘20,
2085 4418 2144 4456 η.
2183 4399 2290 4469 18).
2319 4398 2554 4465 Quando
2579 4403 2769 4454 autem
2796 4397 2978 4452 factus
3000 4401 3087 4451 est
3110 4397 3403 4469 episcopus
3424 4397 3484 4452 in

280 4504 369 4563 30.
403 4506 545 4560 Item
577 4503 719 4557 dixit
763 4499 934 4556 abbas
963 4497 1162 4552 Pastor
1186 4512 1198 4548 :
1232 4493 1374 4549 Veni
1422 4491 1724 4564 aliquando
1749 4453 1869 4545 inD
1892 4453 2709 4557 coartabat
2730 4486 2978 4543 animam
3006 4453 3169 4541 suam
3187 4486 3246 4540 in
3274 4453 3487 4541 duritia

205 4594 484 4652 Heracleo
498 4592 764 4648 inferiore
783 4590 855 4645 ad
885 4587 1146 4643 abbatem
1165 4584 1390 4656 Joseph,
1414 4588 1471 4639 et
1488 4581 1808 4637 habebatin
1891 4579 2266 4637 continentiae.
2326 4578 2397 4632 Et
2442 4577 2579 4632 dicit
2630 4575 2683 4630 ei
2734 4575 3042 4647 discipulus
3083 4589 3219 4629 suus
3257 4592 3270 4628 :
3303 4573 3479 4639 Abba,

203 4682 552 4741 monasterio
562 4698 665 4737 suo
674 4679 932 4735 arborem
945 4690 1299 4749 sycomorum
1313 4672 1604 4745 pulchram
1616 4670 1805 4736 nimis;
1892 4669 2117 4742 quando
2141 4684 2232 4723 era
2240 4683 2365 4722 mus
2382 4666 2441 4720 in
2456 4682 2646 4721 eremo
2661 4680 2773 4720 non
2788 4668 2845 4719 te
2867 4663 2949 4718 ita
2960 4667 3158 4730 ωε)
3174 4662 3481 4718 cruciabas.

206 4782 267 4831 et
310 4772 532 4829 dicebat
576 4770 717 4825 mihi
744 4786 781 4824 a
806 4784 972 4826 mane
1015 4783 1026 4818 :
1075 4764 1246 4830 Vade,
1282 4768 1339 4818 et
1374 4761 1570 4832 collige
1598 4760 1721 4826 tibi,
1754 4765 1811 4814 et
1892 4760 1962 4815 Et
1988 4758 2122 4813 dicit
2151 4757 2203 4813 ei
2229 4773 2397 4812 senex
2426 4774 2437 4809 :
2470 4754 2597 4823 Fili,
2630 4753 2744 4809 illic
2772 4750 3015 4807 solitudo
3044 4756 3185 4819 erat,
3217 4757 3275 4808 et
3303 4751 3487 4824 quies,

206 4864 507 4921 manduca.
551 4862 687 4916 Erat
721 4864 910 4915 autem
941 4860 1097 4912 sexta
1133 4854 1288 4909 feria.
1334 4854 1449 4924 Ego
1478 4856 1667 4906 autem
1698 4865 1811 4905 non
1893 4853 1952 4904 et
1976 4852 2298 4920 paupertas,
2329 4849 2629 4918 propterea
2658 4841 2904 4898 volebam
2933 4841 3250 4913 gubernare
3286 4857 3490 4915 corpus

207 4953 427 5011 comedi
446 4956 676 5024 prepter
684 4948 965 5021 jejunium
983 4966 997 5015 ;
1027 4951 1086 5001 et
1103 4939 1307 5016 rogavi'
1318 4960 1447 4998 eum
1468 4941 1659 4996 dicens
1682 4959 1694 4994 :
1714 4938 1813 4994 Dic

208 5043 354 5100 mihi
368 5046 598 5115 propter
609 5038 913 5095 Dominum
928 5036 1203 5092 rationem
1216 5035 1383 5105 hujus
1400 5032 1501 5099 rei,
1516 5031 1652 5101 quia
1668 5028 1815 5084 dice-

207 5134 313 5189 bas
332 5130 503 5187 mihi:
530 5130 702 5195 Vade,
728 5126 1023 5182 manduca.
1042 5127 1157 5195 Ego
1176 5124 1402 5196 quidem
1431 5126 1661 5194 propter
1670 5119 1815 5191 jeju-

209 5223 372 5279 nium
402 5236 516 5276 non
550 5218 685 5285 abii,
729 5217 827 5272 sed
864 5215 1280 5277 erubescebam.
1315 5212 1448 5285 quia
1479 5210 1811 5265 mandatum

209 5319 377 5369 tuum
402 5326 517 5365 non
549 5310 809 5373 feceram,
841 5306 1094 5377 cogitans
1125 5304 1259 5376 quia
1278 5303 1400 5358 sine
1432 5301 1649 5357 ratione
1675 5298 1814 5353 mihi

212 5404 334 5459 haec
362 5416 475 5455 non
507 5413 870 5472 praeceperas.
902 5396 1003 5452 Ille
1032 5399 1223 5451 autem
1252 5390 1540 5465 respondit
1572 5409 1584 5443 :
1618 5389 1815 5444 Patres

212 5490 466 5548 seniores
484 5504 597 5543 non
616 5488 927 5559 loquuntur
945 5484 1014 5539 ab
1037 5484 1202 5540 initio
1230 5481 1499 5538 fratribus
1520 5483 1692 5546 recta,
1718 5477 1817 5533 sed

211 5579 397 5652 magis
425 5578 692 5645 distorta;
714 5580 770 5631 et
798 5575 846 5631 si
875 5574 1116 5629 viderint
1134 5574 1268 5645 quia
1285 5587 1352 5629 ea
1373 5587 1494 5643 quae
1508 5574 1657 5624 torta
1686 5572 1819 5623 sunt

212 5670 448 5738 faciunt,
474 5669 594 5740 jam
623 5665 705 5723 eis
728 5681 842 5723 non
869 5664 1178 5739 loquuntur
1204 5661 1314 5719 nisi
1343 5677 1466 5734 qua:
1494 5657 1813 5733 expediunt,

1894 4955 2104 5005 meum,
2129 4953 2201 4992 ne
2228 4936 2564 5001 inﬁrmarer,
2587 4939 2646 4989 et
2672 4948 2982 5005 quaererem
3010 4932 3158 5005 quod
3184 4948 3297 4988 non
3322 4931 3494 4987 habe-
3540 4950 3543 4953 ·

1896 5028 2062 5083 bam:
2096 5043 2246 5082 nunc
2292 5029 2481 5080 autem
2527 5023 2619 5078 hic
2646 5023 2911 5078 saeculum
2950 5029 3055 5091 est,
3090 5029 3146 5079 et
3173 5022 3490 5078 occasiones

1897 5123 2029 5174 sunt
2058 5115 2359 5173 excedendi
2386 5113 2674 5187 plurimze;
2727 5118 2785 5167 et
2811 5112 2858 5167 si
2886 5113 2945 5168 in
2974 5112 3361 5168 infirmitatem
3401 5111 3489 5165 in-

1898 5225 2145 5275 currero,
2168 5210 2302 5262 sunt
2314 5204 2406 5260 hic
2430 5202 2525 5275 qui
2547 5208 2896 5274 succurrant,
2915 5218 2987 5257 ne
3002 5201 3351 5274 propositum
3374 5215 3493 5255 mo-

1894 5298 2059 5354 nachi
2080 5297 2332 5370 perdam.

1969 5387 2056 5442 37.
2072 5388 2270 5442 Frater
2284 5384 2653 5456 interregavit
2673 5381 2930 5438 abbatem
2940 5379 3254 5447 Pastorem,
3268 5378 3458 5434 dicens
3477 5395 3490 5430 :

1899 5475 2255 5532 Perturbatio
2297 5474 2439 5529 mihi
2485 5474 2570 5541 fit,
2603 5478 2659 5527 et
2697 5471 2821 5526 volo
2872 5468 3261 5539 derelinquere
3307 5467 3494 5522 locum

1898 5566 2092 5620 istum.
2120 5566 2191 5619 Et
2221 5564 2355 5619 dicit
2382 5564 2434 5619 ei
2487 5578 2653 5618 senex
2684 5578 2696 5613 :
2728 5560 2839 5616 Pro
2868 5574 2981 5630 qua
3028 5572 3197 5612 causa
3221 5554 3250 5610 ?
3297 5556 3365 5611 Et
3398 5555 3495 5611 ille

1900 5654 2043 5711 dixit
2076 5672 2086 5708 :
2119 5653 2259 5720 Quia
2291 5653 2460 5709 audio
2489 5651 2657 5708 verba
2683 5651 2753 5706 de
2775 5648 3019 5723 quodam
3039 5648 3232 5715 fratre,
3255 5661 3380 5719 quae
3404 5660 3495 5702 me
3538 5662 3547 5667 ’
