  <div class='ocr_page' id='page_1' title='image "/cluster/home/n/w/nwhite01/storage/ocr_20150623/73/umn.31951002477366m/465.png"; bbox 0 0 3934 6380; ppageno 0'>
   <div class='ocr_carea' id='block_1_1' title="bbox 490 314 3759 385">
    <p class='ocr_par' dir='ltr' id='par_1_1' title="bbox 490 314 3759 385">
     <span class='ocr_line' id='line_1_1' title="bbox 490 314 3759 385; baseline -0.002 -3"><span class='ocrx_word' id='word_1_1' title='bbox 490 318 598 383; x_wconf 76' lang='grc'><strong>919</strong></span> <span class='ocrx_word' id='word_1_2' title='bbox 1631 318 1726 376; x_wconf 89' lang='lat' dir='ltr'><strong>DE</strong></span> <span class='ocrx_word' id='word_1_3' title='bbox 1759 316 1950 376; x_wconf 90' lang='lat' dir='ltr'><strong>VITIS</strong></span> <span class='ocrx_word' id='word_1_4' title='bbox 1987 314 2286 375; x_wconf 83' lang='lat' dir='ltr'><strong>PATRUM</strong></span> <span class='ocrx_word' id='word_1_5' title='bbox 2320 315 2536 374; x_wconf 81' lang='lat' dir='ltr'><strong>LIBER</strong></span> <span class='ocrx_word' id='word_1_6' title='bbox 2572 316 2640 385; x_wconf 79' lang='lat' dir='ltr'><strong>V,</strong></span> <span class='ocrx_word' id='word_1_7' title='bbox 3653 314 3759 377; x_wconf 76' lang='lat'><strong>920</strong></span> 
     </span>
    </p>
   </div>
   <div class='ocr_carea' id='block_1_2' title="bbox 486 442 3752 527">
    <p class='ocr_par' dir='ltr' id='par_1_2' title="bbox 486 442 3752 527">
     <span class='ocr_line' id='line_1_2' title="bbox 486 442 3752 527; baseline -0.003 -18"><span class='ocrx_word' id='word_1_8' title='bbox 486 467 600 508; x_wconf 90' lang='lat' dir='ltr'><strong>non</strong></span> <span class='ocrx_word' id='word_1_9' title='bbox 627 449 922 507; x_wconf 70' lang='lat' dir='ltr'><strong>aediﬁcant.</strong></span> <span class='ocrx_word' id='word_1_10' title='bbox 953 446 1023 503; x_wconf 89' lang='lat' dir='ltr'><strong>Et</strong></span> <span class='ocrx_word' id='word_1_11' title='bbox 1048 444 1186 527; x_wconf 92' lang='lat' dir='ltr'><strong>dicit</strong></span> <span class='ocrx_word' id='word_1_12' title='bbox 1198 444 1251 501; x_wconf 92' lang='lat' dir='ltr'><strong>ei</strong></span> <span class='ocrx_word' id='word_1_13' title='bbox 1280 459 1481 501; x_wconf 88' lang='lat' dir='ltr'><strong>senex:</strong></span> <span class='ocrx_word' id='word_1_14' title='bbox 1505 444 1631 500; x_wconf 85' lang='lat' dir='ltr'><strong>Non</strong></span> <span class='ocrx_word' id='word_1_15' title='bbox 1650 448 1783 500; x_wconf 88' lang='lat' dir='ltr'><strong>sunt</strong></span> <span class='ocrx_word' id='word_1_16' title='bbox 1794 460 1925 499; x_wconf 86' lang='lat' dir='ltr'><strong>vera</strong></span> <span class='ocrx_word' id='word_1_17' title='bbox 1953 459 2079 516; x_wconf 77' lang='lat' dir='ltr'><strong>quae</strong></span> <span class='ocrx_word' id='word_1_18' title='bbox 2096 446 2147 505; x_wconf 84' lang='lat' dir='ltr'><strong>A</strong></span> <span class='ocrx_word' id='word_1_19' title='bbox 2163 443 2473 517; x_wconf 86' lang='lat' dir='ltr'><strong>Respondit</strong></span> <span class='ocrx_word' id='word_1_20' title='bbox 2498 444 2550 499; x_wconf 92' lang='lat' dir='ltr'><strong>ei</strong></span> <span class='ocrx_word' id='word_1_21' title='bbox 2569 458 2737 499; x_wconf 84' lang='lat' dir='ltr'><strong>senex</strong></span> <span class='ocrx_word' id='word_1_22' title='bbox 2765 459 2776 497; x_wconf 93' lang='lat'><strong>:</strong></span> <span class='ocrx_word' id='word_1_23' title='bbox 2802 442 2915 499; x_wconf 90' lang='lat' dir='ltr'><strong>Iste</strong></span> <span class='ocrx_word' id='word_1_24' title='bbox 2935 442 3005 498; x_wconf 92' lang='lat' dir='ltr'><strong>de</strong></span> <span class='ocrx_word' id='word_1_25' title='bbox 3032 457 3260 499; x_wconf 79' lang='lat' dir='ltr'><strong>sursum</strong></span> <span class='ocrx_word' id='word_1_26' title='bbox 3279 446 3386 511; x_wconf 86' lang='lat' dir='ltr'><strong>est,</strong></span> <span class='ocrx_word' id='word_1_27' title='bbox 3417 448 3477 500; x_wconf 91' lang='lat' dir='ltr'><strong>et</strong></span> <span class='ocrx_word' id='word_1_28' title='bbox 3501 443 3573 499; x_wconf 90' lang='lat' dir='ltr'><strong>de</strong></span> <span class='ocrx_word' id='word_1_29' title='bbox 3593 445 3752 500; x_wconf 64' lang='lat' dir='ltr'><strong>coele-</strong></span> 
     </span>
    </p>
   </div>
   <div class='ocr_carea' id='block_1_3' title="bbox 486 533 3753 607">
    <p class='ocr_par' dir='ltr' id='par_1_3' title="bbox 486 533 3753 607">
     <span class='ocr_line' id='line_1_3' title="bbox 486 533 3753 607; baseline -0.002 -10"><span class='ocrx_word' id='word_1_30' title='bbox 486 540 735 597; x_wconf 79' lang='lat' dir='ltr'><strong>audisti?</strong></span> <span class='ocrx_word' id='word_1_31' title='bbox 765 539 835 594; x_wconf 87' lang='lat' dir='ltr'><strong>Et</strong></span> <span class='ocrx_word' id='word_1_32' title='bbox 850 536 991 593; x_wconf 84' lang='lat' dir='ltr'><strong>dixit</strong></span> <span class='ocrx_word' id='word_1_33' title='bbox 1017 536 1070 591; x_wconf 90' lang='lat' dir='ltr'><strong>ei</strong></span> <span class='ocrx_word' id='word_1_34' title='bbox 1101 554 1114 590; x_wconf 91' lang='lat'><strong>:</strong></span> <span class='ocrx_word' id='word_1_35' title='bbox 1141 535 1341 600; x_wconf 82' lang='lat' dir='ltr'><strong>Etiam,</strong></span> <span class='ocrx_word' id='word_1_36' title='bbox 1372 535 1560 602; x_wconf 91' lang='lat' dir='ltr'><strong>Pater,</strong></span> <span class='ocrx_word' id='word_1_37' title='bbox 1585 550 1718 589; x_wconf 87' lang='lat' dir='ltr'><strong>vera</strong></span> <span class='ocrx_word' id='word_1_38' title='bbox 1743 538 1877 589; x_wconf 90' lang='lat' dir='ltr'><strong>sunt</strong></span> <span class='ocrx_word' id='word_1_39' title='bbox 1901 552 1913 588; x_wconf 93' lang='lat'><strong>:</strong></span> <span class='ocrx_word' id='word_1_40' title='bbox 1947 550 2079 588; x_wconf 89' lang='lat' dir='ltr'><strong>nam</strong></span> <span class='ocrx_word' id='word_1_41' title='bbox 2161 533 2340 589; x_wconf 90' lang='lat' dir='ltr'><strong>stibus</strong></span> <span class='ocrx_word' id='word_1_42' title='bbox 2367 534 2642 607; x_wconf 84' lang='lat' dir='ltr'><strong>loquitur;</strong></span> <span class='ocrx_word' id='word_1_43' title='bbox 2660 550 2795 604; x_wconf 91' lang='lat' dir='ltr'><strong>ergo</strong></span> <span class='ocrx_word' id='word_1_44' title='bbox 2823 537 3013 589; x_wconf 90' lang='lat' dir='ltr'><strong>autem</strong></span> <span class='ocrx_word' id='word_1_45' title='bbox 3033 534 3107 589; x_wconf 92' lang='lat' dir='ltr'><strong>de</strong></span> <span class='ocrx_word' id='word_1_46' title='bbox 3130 533 3394 589; x_wconf 87' lang='lat' dir='ltr'><strong>deorsum</strong></span> <span class='ocrx_word' id='word_1_47' title='bbox 3422 550 3567 601; x_wconf 89' lang='lat' dir='ltr'><strong>sum,</strong></span> <span class='ocrx_word' id='word_1_48' title='bbox 3601 540 3660 590; x_wconf 89' lang='lat' dir='ltr'><strong>et</strong></span> <span class='ocrx_word' id='word_1_49' title='bbox 3685 535 3753 590; x_wconf 91' lang='lat' dir='ltr'><strong>de</strong></span> 
     </span>
    </p>
   </div>
   <div class='ocr_carea' id='block_1_4' title="bbox 485 622 2075 701">
    <p class='ocr_par' dir='ltr' id='par_1_4' title="bbox 485 622 2075 701">
     <span class='ocr_line' id='line_1_4' title="bbox 485 622 2075 701; baseline -0.007 -14"><span class='ocrx_word' id='word_1_50' title='bbox 485 631 662 687; x_wconf 82' lang='lat' dir='ltr'><strong>frater</strong></span> <span class='ocrx_word' id='word_1_51' title='bbox 686 626 935 701; x_wconf 91' lang='lat' dir='ltr'><strong>quidixit</strong></span> <span class='ocrx_word' id='word_1_52' title='bbox 946 625 1105 693; x_wconf 92' lang='lat' dir='ltr'><strong>mihi,</strong></span> <span class='ocrx_word' id='word_1_53' title='bbox 1133 625 1316 679; x_wconf 85' lang='lat' dir='ltr'><strong>fidelis</strong></span> <span class='ocrx_word' id='word_1_54' title='bbox 1328 628 1431 679; x_wconf 89' lang='lat' dir='ltr'><strong>est.</strong></span> <span class='ocrx_word' id='word_1_55' title='bbox 1449 624 1520 678; x_wconf 89' lang='lat' dir='ltr'><strong>Et</strong></span> <span class='ocrx_word' id='word_1_56' title='bbox 1547 624 1891 696; x_wconf 90' lang='lat' dir='ltr'><strong>respondens</strong></span> <span class='ocrx_word' id='word_1_57' title='bbox 1904 622 2075 677; x_wconf 86' lang='lat' dir='ltr'><strong>dixit:</strong></span> 
     </span>
    </p>
   </div>
   <div class='ocr_carea' id='block_1_5' title="bbox 485 712 2071 787">
    <p class='ocr_par' dir='ltr' id='par_1_5' title="bbox 485 712 2071 787">
     <span class='ocr_line' id='line_1_5' title="bbox 485 712 2071 787; baseline -0.007 -11"><span class='ocrx_word' id='word_1_58' title='bbox 485 721 613 776; x_wconf 83' lang='lat' dir='ltr'><strong>Non</strong></span> <span class='ocrx_word' id='word_1_59' title='bbox 634 724 721 773; x_wconf 89' lang='lat' dir='ltr'><strong>est</strong></span> <span class='ocrx_word' id='word_1_60' title='bbox 748 716 929 773; x_wconf 82' lang='lat' dir='ltr'><strong>fidelis</strong></span> <span class='ocrx_word' id='word_1_61' title='bbox 967 715 1064 787; x_wconf 89' lang='lat' dir='ltr'><strong>qui</strong></span> <span class='ocrx_word' id='word_1_62' title='bbox 1105 714 1207 769; x_wconf 88' lang='lat' dir='ltr'><strong>tibi</strong></span> <span class='ocrx_word' id='word_1_63' title='bbox 1236 714 1410 782; x_wconf 83' lang='lat' dir='ltr'><strong>dixit;</strong></span> <span class='ocrx_word' id='word_1_64' title='bbox 1443 729 1578 768; x_wconf 90' lang='lat' dir='ltr'><strong>nam</strong></span> <span class='ocrx_word' id='word_1_65' title='bbox 1616 713 1664 767; x_wconf 90' lang='lat' dir='ltr'><strong>si</strong></span> <span class='ocrx_word' id='word_1_66' title='bbox 1693 717 1840 767; x_wconf 87' lang='lat' dir='ltr'><strong>esset</strong></span> <span class='ocrx_word' id='word_1_67' title='bbox 1868 712 2071 777; x_wconf 81' lang='lat' dir='ltr'><strong>fidelis,</strong></span> 
     </span>
    </p>
   </div>
   <div class='ocr_carea' id='block_1_6' title="bbox 481 801 2079 882">
    <p class='ocr_par' dir='ltr' id='par_1_6' title="bbox 481 801 2079 882">
     <span class='ocr_line' id='line_1_6' title="bbox 481 801 2079 882; baseline -0.007 -16"><span class='ocrx_word' id='word_1_68' title='bbox 481 824 839 882; x_wconf 83' lang='lat' dir='ltr'><strong>nequaquam</strong></span> <span class='ocrx_word' id='word_1_69' title='bbox 868 806 1078 861; x_wconf 80' lang='lat' dir='ltr'><strong>diceret</strong></span> <span class='ocrx_word' id='word_1_70' title='bbox 1102 803 1206 859; x_wconf 90' lang='lat' dir='ltr'><strong>tibi</strong></span> <span class='ocrx_word' id='word_1_71' title='bbox 1236 803 1374 858; x_wconf 89' lang='lat' dir='ltr'><strong>talia</strong></span> <span class='ocrx_word' id='word_1_72' title='bbox 1401 820 1412 856; x_wconf 89' lang='lat'><strong>:</strong></span> <span class='ocrx_word' id='word_1_73' title='bbox 1446 803 1597 857; x_wconf 88' lang='lat' dir='ltr'><strong>Deus</strong></span> <span class='ocrx_word' id='word_1_74' title='bbox 1623 806 1812 857; x_wconf 89' lang='lat' dir='ltr'><strong>autem</strong></span> <span class='ocrx_word' id='word_1_75' title='bbox 1842 801 2079 857; x_wconf 90' lang='lat' dir='ltr'><strong>audiens</strong></span> 
     </span>
    </p>
   </div>
   <div class='ocr_carea' id='block_1_7' title="bbox 479 891 2079 961">
    <p class='ocr_par' dir='ltr' id='par_1_7' title="bbox 479 891 2079 961">
     <span class='ocr_line' id='line_1_7' title="bbox 479 891 2079 961; baseline -0.005 -8"><span class='ocrx_word' id='word_1_76' title='bbox 479 915 670 955; x_wconf 88' lang='lat' dir='ltr'><strong>vocem</strong></span> <span class='ocrx_word' id='word_1_77' title='bbox 691 897 1084 961; x_wconf 86' lang='lat' dir='ltr'><strong>Sodomorum,</strong></span> <span class='ocrx_word' id='word_1_78' title='bbox 1096 910 1212 949; x_wconf 91' lang='lat' dir='ltr'><strong>non</strong></span> <span class='ocrx_word' id='word_1_79' title='bbox 1230 891 1485 957; x_wconf 85' lang='lat' dir='ltr'><strong>credidit,</strong></span> <span class='ocrx_word' id='word_1_80' title='bbox 1510 891 1618 946; x_wconf 84' lang='lat' dir='ltr'><strong>nisi</strong></span> <span class='ocrx_word' id='word_1_81' title='bbox 1640 891 2003 947; x_wconf 84' lang='lat' dir='ltr'><strong>descenderet</strong></span> <span class='ocrx_word' id='word_1_82' title='bbox 2020 896 2079 945; x_wconf 92' lang='lat' dir='ltr'><strong>et</strong></span> 
     </span>
    </p>
   </div>
   <div class='ocr_carea' id='block_1_8' title="bbox 478 980 2073 1054">
    <p class='ocr_par' dir='ltr' id='par_1_8' title="bbox 478 980 2073 1054">
     <span class='ocr_line' id='line_1_8' title="bbox 478 980 2073 1054; baseline -0.006 -10"><span class='ocrx_word' id='word_1_83' title='bbox 478 990 695 1044; x_wconf 84' lang='lat' dir='ltr'><strong>videret</strong></span> <span class='ocrx_word' id='word_1_84' title='bbox 721 985 894 1042; x_wconf 89' lang='lat' dir='ltr'><strong>oculis</strong></span> <span class='ocrx_word' id='word_1_85' title='bbox 921 984 1039 1039; x_wconf 90' lang='lat' dir='ltr'><strong>suis</strong></span> <span class='ocrx_word' id='word_1_86' title='bbox 1068 983 1215 1054; x_wconf 81' lang='lat' dir='ltr'><strong>(Gen.</strong></span> <span class='ocrx_word' id='word_1_87' title='bbox 1238 982 1405 1049; x_wconf 83' lang='lat' dir='ltr'><strong>xvm).</strong></span> <span class='ocrx_word' id='word_1_88' title='bbox 1436 980 1507 1036; x_wconf 89' lang='lat' dir='ltr'><strong>Et</strong></span> <span class='ocrx_word' id='word_1_89' title='bbox 1532 980 1627 1036; x_wconf 91' lang='lat' dir='ltr'><strong>ille</strong></span> <span class='ocrx_word' id='word_1_90' title='bbox 1654 980 1794 1036; x_wconf 83' lang='lat' dir='ltr'><strong>dixit</strong></span> <span class='ocrx_word' id='word_1_91' title='bbox 1824 997 1836 1033; x_wconf 92' lang='lat'><strong>:</strong></span> <span class='ocrx_word' id='word_1_92' title='bbox 1870 981 1940 1035; x_wconf 89' lang='lat' dir='ltr'><strong>Et</strong></span> <span class='ocrx_word' id='word_1_93' title='bbox 1970 997 2073 1051; x_wconf 81' lang='lat' dir='ltr'><strong>ego</strong></span> 
     </span>
    </p>
   </div>
   <div class='ocr_carea' id='block_1_9' title="bbox 479 1069 2074 1141">
    <p class='ocr_par' dir='ltr' id='par_1_9' title="bbox 479 1069 2074 1141">
     <span class='ocr_line' id='line_1_9' title="bbox 479 1069 2074 1141; baseline -0.006 -10"><span class='ocrx_word' id='word_1_94' title='bbox 479 1078 591 1133; x_wconf 83' lang='lat' dir='ltr'><strong>vidi</strong></span> <span class='ocrx_word' id='word_1_95' title='bbox 616 1076 794 1131; x_wconf 92' lang='lat' dir='ltr'><strong>oculis</strong></span> <span class='ocrx_word' id='word_1_96' title='bbox 811 1073 973 1130; x_wconf 86' lang='lat' dir='ltr'><strong>meis.</strong></span> <span class='ocrx_word' id='word_1_97' title='bbox 993 1073 1124 1129; x_wconf 69' lang='grc' dir='ltr'><strong>ΙΙωο</strong></span> <span class='ocrx_word' id='word_1_98' title='bbox 1144 1070 1380 1126; x_wconf 89' lang='lat' dir='ltr'><strong>audiens</strong></span> <span class='ocrx_word' id='word_1_99' title='bbox 1397 1087 1586 1137; x_wconf 86' lang='lat' dir='ltr'><strong>senex,</strong></span> <span class='ocrx_word' id='word_1_100' title='bbox 1606 1069 1851 1141; x_wconf 87' lang='lat' dir='ltr'><strong>respexit</strong></span> <span class='ocrx_word' id='word_1_101' title='bbox 1877 1069 1937 1123; x_wconf 92' lang='lat' dir='ltr'><strong>in</strong></span> <span class='ocrx_word' id='word_1_102' title='bbox 1964 1074 2074 1123; x_wconf 85' lang='lat' dir='ltr'><strong>ter-</strong></span> 
     </span>
    </p>
   </div>
   <div class='ocr_carea' id='block_1_10' title="bbox 476 1158 2071 1235">
    <p class='ocr_par' dir='ltr' id='par_1_10' title="bbox 476 1158 2071 1235">
     <span class='ocr_line' id='line_1_10' title="bbox 476 1158 2071 1235; baseline -0.006 -13"><span class='ocrx_word' id='word_1_103' title='bbox 476 1182 621 1233; x_wconf 87' lang='lat' dir='ltr'><strong>ram,</strong></span> <span class='ocrx_word' id='word_1_104' title='bbox 648 1170 707 1220; x_wconf 89' lang='lat' dir='ltr'><strong>et</strong></span> <span class='ocrx_word' id='word_1_105' title='bbox 729 1162 916 1219; x_wconf 85' lang='lat' dir='ltr'><strong>tenuit</strong></span> <span class='ocrx_word' id='word_1_106' title='bbox 946 1178 1177 1235; x_wconf 87' lang='lat' dir='ltr'><strong>parvam</strong></span> <span class='ocrx_word' id='word_1_107' title='bbox 1204 1159 1495 1226; x_wconf 85' lang='lat' dir='ltr'><strong>festucam,</strong></span> <span class='ocrx_word' id='word_1_108' title='bbox 1537 1164 1595 1214; x_wconf 89' lang='lat' dir='ltr'><strong>et</strong></span> <span class='ocrx_word' id='word_1_109' title='bbox 1620 1159 1758 1214; x_wconf 92' lang='lat' dir='ltr'><strong>dicit</strong></span> <span class='ocrx_word' id='word_1_110' title='bbox 1794 1158 1845 1213; x_wconf 92' lang='lat' dir='ltr'><strong>ei</strong></span> <span class='ocrx_word' id='word_1_111' title='bbox 1877 1175 1889 1211; x_wconf 91' lang='lat'><strong>:</strong></span> <span class='ocrx_word' id='word_1_112' title='bbox 1924 1158 2071 1223; x_wconf 87' lang='lat' dir='ltr'><strong>Quid</strong></span> 
     </span>
    </p>
   </div>
   <div class='ocr_carea' id='block_1_11' title="bbox 476 1248 2071 1323">
    <p class='ocr_par' dir='ltr' id='par_1_11' title="bbox 476 1248 2071 1323">
     <span class='ocr_line' id='line_1_11' title="bbox 476 1248 2071 1323; baseline -0.006 -12"><span class='ocrx_word' id='word_1_113' title='bbox 476 1255 729 1311; x_wconf 85' lang='lat' dir='ltr'><strong>esthoc?</strong></span> <span class='ocrx_word' id='word_1_114' title='bbox 758 1254 831 1308; x_wconf 88' lang='lat' dir='ltr'><strong>Et</strong></span> <span class='ocrx_word' id='word_1_115' title='bbox 863 1252 957 1307; x_wconf 91' lang='lat' dir='ltr'><strong>ille</strong></span> <span class='ocrx_word' id='word_1_116' title='bbox 982 1250 1275 1323; x_wconf 88' lang='lat' dir='ltr'><strong>respondit</strong></span> <span class='ocrx_word' id='word_1_117' title='bbox 1306 1267 1318 1302; x_wconf 92' lang='lat'><strong>:</strong></span> <span class='ocrx_word' id='word_1_118' title='bbox 1352 1250 1589 1305; x_wconf 89' lang='lat' dir='ltr'><strong>Festuca</strong></span> <span class='ocrx_word' id='word_1_119' title='bbox 1615 1254 1718 1304; x_wconf 90' lang='lat' dir='ltr'><strong>est.</strong></span> <span class='ocrx_word' id='word_1_120' title='bbox 1753 1249 1963 1303; x_wconf 89' lang='lat' dir='ltr'><strong>Iterum</strong></span> <span class='ocrx_word' id='word_1_121' title='bbox 1987 1248 2071 1302; x_wconf 83' lang='lat' dir='ltr'><strong>in-</strong></span> 
     </span>
    </p>
   </div>
   <div class='ocr_carea' id='block_1_12' title="bbox 473 1337 2068 1405">
    <p class='ocr_par' dir='ltr' id='par_1_12' title="bbox 473 1337 2068 1405">
     <span class='ocr_line' id='line_1_12' title="bbox 473 1337 2068 1405; baseline -0.005 -5"><span class='ocrx_word' id='word_1_122' title='bbox 473 1344 660 1399; x_wconf 85' lang='lat' dir='ltr'><strong>tendit</strong></span> <span class='ocrx_word' id='word_1_123' title='bbox 680 1359 850 1398; x_wconf 84' lang='lat' dir='ltr'><strong>senex</strong></span> <span class='ocrx_word' id='word_1_124' title='bbox 879 1341 950 1396; x_wconf 90' lang='lat' dir='ltr'><strong>ad</strong></span> <span class='ocrx_word' id='word_1_125' title='bbox 980 1345 1191 1395; x_wconf 89' lang='lat' dir='ltr'><strong>tectum</strong></span> <span class='ocrx_word' id='word_1_126' title='bbox 1219 1339 1391 1405; x_wconf 77' lang='lat' dir='ltr'><strong>cellae,</strong></span> <span class='ocrx_word' id='word_1_127' title='bbox 1427 1342 1485 1393; x_wconf 93' lang='lat' dir='ltr'><strong>et</strong></span> <span class='ocrx_word' id='word_1_128' title='bbox 1510 1337 1646 1393; x_wconf 90' lang='lat' dir='ltr'><strong>dicit</strong></span> <span class='ocrx_word' id='word_1_129' title='bbox 1673 1337 1723 1392; x_wconf 90' lang='lat' dir='ltr'><strong>ei</strong></span> <span class='ocrx_word' id='word_1_130' title='bbox 1752 1355 1763 1391; x_wconf 93' lang='lat'><strong>:</strong></span> <span class='ocrx_word' id='word_1_131' title='bbox 1798 1337 1945 1402; x_wconf 87' lang='lat' dir='ltr'><strong>Quid</strong></span> <span class='ocrx_word' id='word_1_132' title='bbox 1983 1343 2068 1393; x_wconf 89' lang='lat' dir='ltr'><strong>est</strong></span> 
     </span>
    </p>
   </div>
   <div class='ocr_carea' id='block_1_13' title="bbox 472 1427 2068 1502">
    <p class='ocr_par' dir='ltr' id='par_1_13' title="bbox 472 1427 2068 1502">
     <span class='ocr_line' id='line_1_13' title="bbox 472 1427 2068 1502; baseline -0.005 -13"><span class='ocrx_word' id='word_1_133' title='bbox 472 1433 614 1489; x_wconf 88' lang='lat' dir='ltr'><strong>hoc?</strong></span> <span class='ocrx_word' id='word_1_134' title='bbox 641 1433 711 1488; x_wconf 92' lang='lat' dir='ltr'><strong>Et</strong></span> <span class='ocrx_word' id='word_1_135' title='bbox 734 1432 829 1486; x_wconf 90' lang='lat' dir='ltr'><strong>ille</strong></span> <span class='ocrx_word' id='word_1_136' title='bbox 858 1429 1149 1502; x_wconf 85' lang='lat' dir='ltr'><strong>respondit</strong></span> <span class='ocrx_word' id='word_1_137' title='bbox 1175 1447 1186 1483; x_wconf 96' lang='lat'><strong>:</strong></span> <span class='ocrx_word' id='word_1_138' title='bbox 1217 1427 1428 1483; x_wconf 78' lang='lat' dir='ltr'><strong>Trabes</strong></span> <span class='ocrx_word' id='word_1_139' title='bbox 1461 1434 1564 1494; x_wconf 92' lang='lat' dir='ltr'><strong>est,</strong></span> <span class='ocrx_word' id='word_1_140' title='bbox 1598 1443 1721 1498; x_wconf 75' lang='lat' dir='ltr'><strong>qua:</strong></span> <span class='ocrx_word' id='word_1_141' title='bbox 1764 1432 1953 1499; x_wconf 88' lang='lat' dir='ltr'><strong>portat</strong></span> <span class='ocrx_word' id='word_1_142' title='bbox 1980 1433 2068 1482; x_wconf 89' lang='lat' dir='ltr'><strong>te-</strong></span> 
     </span>
    </p>
   </div>
   <div class='ocr_carea' id='block_1_14' title="bbox 474 1516 2069 1589">
    <p class='ocr_par' dir='ltr' id='par_1_14' title="bbox 474 1516 2069 1589">
     <span class='ocr_line' id='line_1_14' title="bbox 474 1516 2069 1589; baseline -0.004 -11"><span class='ocrx_word' id='word_1_143' title='bbox 474 1528 650 1578; x_wconf 88' lang='lat' dir='ltr'><strong>ctum.</strong></span> <span class='ocrx_word' id='word_1_144' title='bbox 681 1522 751 1576; x_wconf 91' lang='lat' dir='ltr'><strong>Et</strong></span> <span class='ocrx_word' id='word_1_145' title='bbox 774 1519 915 1575; x_wconf 85' lang='lat' dir='ltr'><strong>dixit</strong></span> <span class='ocrx_word' id='word_1_146' title='bbox 943 1519 995 1574; x_wconf 91' lang='lat' dir='ltr'><strong>ei</strong></span> <span class='ocrx_word' id='word_1_147' title='bbox 1023 1534 1192 1573; x_wconf 83' lang='lat' dir='ltr'><strong>senex</strong></span> <span class='ocrx_word' id='word_1_148' title='bbox 1222 1535 1234 1571; x_wconf 94' lang='lat'><strong>:</strong></span> <span class='ocrx_word' id='word_1_149' title='bbox 1288 1518 1439 1572; x_wconf 92' lang='lat' dir='ltr'><strong>Pone</strong></span> <span class='ocrx_word' id='word_1_150' title='bbox 1483 1517 1543 1571; x_wconf 90' lang='lat' dir='ltr'><strong>in</strong></span> <span class='ocrx_word' id='word_1_151' title='bbox 1572 1516 1738 1573; x_wconf 92' lang='lat' dir='ltr'><strong>corde</strong></span> <span class='ocrx_word' id='word_1_152' title='bbox 1785 1520 1884 1571; x_wconf 92' lang='lat' dir='ltr'><strong>tuo</strong></span> <span class='ocrx_word' id='word_1_153' title='bbox 1934 1517 2069 1589; x_wconf 88' lang='lat' dir='ltr'><strong>quia</strong></span> 
     </span>
    </p>
   </div>
   <div class='ocr_carea' id='block_1_15' title="bbox 470 1605 2063 1684">
    <p class='ocr_par' dir='ltr' id='par_1_15' title="bbox 470 1605 2063 1684">
     <span class='ocr_line' id='line_1_15' title="bbox 470 1605 2063 1684; baseline -0.004 -18"><span class='ocrx_word' id='word_1_154' title='bbox 470 1616 701 1684; x_wconf 88' lang='lat' dir='ltr'><strong>peccata</strong></span> <span class='ocrx_word' id='word_1_155' title='bbox 725 1614 826 1665; x_wconf 90' lang='lat' dir='ltr'><strong>tua</strong></span> <span class='ocrx_word' id='word_1_156' title='bbox 853 1608 934 1663; x_wconf 91' lang='lat' dir='ltr'><strong>sic</strong></span> <span class='ocrx_word' id='word_1_157' title='bbox 961 1612 1095 1663; x_wconf 90' lang='lat' dir='ltr'><strong>sunt</strong></span> <span class='ocrx_word' id='word_1_158' title='bbox 1120 1608 1267 1661; x_wconf 89' lang='lat' dir='ltr'><strong>sicut</strong></span> <span class='ocrx_word' id='word_1_159' title='bbox 1291 1606 1481 1661; x_wconf 90' lang='lat' dir='ltr'><strong>trabes</strong></span> <span class='ocrx_word' id='word_1_160' title='bbox 1511 1606 1661 1672; x_wconf 73' lang='lat' dir='ltr'><strong>haec;</strong></span> <span class='ocrx_word' id='word_1_161' title='bbox 1692 1605 1845 1660; x_wconf 92' lang='lat' dir='ltr'><strong>illius</strong></span> <span class='ocrx_word' id='word_1_162' title='bbox 1875 1612 2063 1661; x_wconf 89' lang='lat' dir='ltr'><strong>autem</strong></span> 
     </span>
    </p>
   </div>
   <div class='ocr_carea' id='block_1_16' title="bbox 469 1694 2068 1770">
    <p class='ocr_par' dir='ltr' id='par_1_16' title="bbox 469 1694 2068 1770">
     <span class='ocr_line' id='line_1_16' title="bbox 469 1694 2068 1770; baseline -0.003 -14"><span class='ocrx_word' id='word_1_163' title='bbox 469 1700 663 1756; x_wconf 84' lang='lat' dir='ltr'><strong>fratris</strong></span> <span class='ocrx_word' id='word_1_164' title='bbox 689 1699 759 1755; x_wconf 90' lang='lat' dir='ltr'><strong>de</strong></span> <span class='ocrx_word' id='word_1_165' title='bbox 776 1715 889 1770; x_wconf 91' lang='lat' dir='ltr'><strong>quo</strong></span> <span class='ocrx_word' id='word_1_166' title='bbox 915 1696 1177 1770; x_wconf 89' lang='lat' dir='ltr'><strong>loqueris,</strong></span> <span class='ocrx_word' id='word_1_167' title='bbox 1195 1696 1348 1751; x_wconf 91' lang='lat' dir='ltr'><strong>velut</strong></span> <span class='ocrx_word' id='word_1_168' title='bbox 1369 1695 1487 1751; x_wconf 68' lang='lat' dir='ltr'><strong>haec</strong></span> <span class='ocrx_word' id='word_1_169' title='bbox 1514 1711 1685 1767; x_wconf 90' lang='lat' dir='ltr'><strong>parva</strong></span> <span class='ocrx_word' id='word_1_170' title='bbox 1711 1694 1941 1750; x_wconf 81' lang='lat' dir='ltr'><strong>festuca.</strong></span> <span class='ocrx_word' id='word_1_171' title='bbox 1956 1697 2068 1751; x_wconf 86' lang='lat' dir='ltr'><strong>Au-</strong></span> 
     </span>
    </p>
   </div>
   <div class='ocr_carea' id='block_1_17' title="bbox 470 1784 2125 1851">
    <p class='ocr_par' dir='ltr' id='par_1_17' title="bbox 470 1784 2125 1851">
     <span class='ocr_line' id='line_1_17' title="bbox 470 1784 2125 1851; baseline -0.004 -5"><span class='ocrx_word' id='word_1_172' title='bbox 470 1789 632 1846; x_wconf 80' lang='lat' dir='ltr'><strong>diens</strong></span> <span class='ocrx_word' id='word_1_173' title='bbox 650 1792 840 1845; x_wconf 91' lang='lat' dir='ltr'><strong>autem</strong></span> <span class='ocrx_word' id='word_1_174' title='bbox 862 1786 1034 1842; x_wconf 84' lang='lat' dir='ltr'><strong>abbas</strong></span> <span class='ocrx_word' id='word_1_175' title='bbox 1053 1786 1226 1841; x_wconf 91' lang='lat' dir='ltr'><strong>Sisois</strong></span> <span class='ocrx_word' id='word_1_176' title='bbox 1238 1785 1389 1839; x_wconf 91' lang='lat' dir='ltr'><strong>hunc</strong></span> <span class='ocrx_word' id='word_1_177' title='bbox 1404 1800 1737 1849; x_wconf 89' lang='lat' dir='ltr'><strong>sermonem,</strong></span> <span class='ocrx_word' id='word_1_178' title='bbox 1756 1784 1823 1839; x_wconf 91' lang='lat' dir='ltr'><strong>ad</strong></span> <span class='ocrx_word' id='word_1_179' title='bbox 1832 1784 2125 1851; x_wconf 87' lang='lat' dir='ltr'><strong>miratusB</strong></span> 
     </span>
    </p>
   </div>
   <div class='ocr_carea' id='block_1_18' title="bbox 469 1874 2064 1949">
    <p class='ocr_par' dir='ltr' id='par_1_18' title="bbox 469 1874 2064 1949">
     <span class='ocr_line' id='line_1_18' title="bbox 469 1874 2064 1949; baseline -0.003 -16"><span class='ocrx_word' id='word_1_180' title='bbox 469 1883 574 1945; x_wconf 89' lang='lat' dir='ltr'><strong>est,</strong></span> <span class='ocrx_word' id='word_1_181' title='bbox 590 1884 647 1933; x_wconf 91' lang='lat' dir='ltr'><strong>et</strong></span> <span class='ocrx_word' id='word_1_182' title='bbox 664 1877 803 1933; x_wconf 86' lang='lat' dir='ltr'><strong>dixit</strong></span> <span class='ocrx_word' id='word_1_183' title='bbox 826 1894 839 1932; x_wconf 90' lang='lat'><strong>:</strong></span> <span class='ocrx_word' id='word_1_184' title='bbox 862 1878 925 1932; x_wconf 92' lang='lat' dir='ltr'><strong>In</strong></span> <span class='ocrx_word' id='word_1_185' title='bbox 946 1893 1056 1949; x_wconf 93' lang='lat' dir='ltr'><strong>quo</strong></span> <span class='ocrx_word' id='word_1_186' title='bbox 1079 1881 1134 1930; x_wconf 92' lang='lat' dir='ltr'><strong>te</strong></span> <span class='ocrx_word' id='word_1_187' title='bbox 1153 1875 1382 1931; x_wconf 90' lang='lat' dir='ltr'><strong>beatum</strong></span> <span class='ocrx_word' id='word_1_188' title='bbox 1402 1874 1623 1941; x_wconf 82' lang='lat' dir='ltr'><strong>faciam,</strong></span> <span class='ocrx_word' id='word_1_189' title='bbox 1643 1874 1815 1929; x_wconf 89' lang='lat' dir='ltr'><strong>abbas</strong></span> <span class='ocrx_word' id='word_1_190' title='bbox 1831 1875 2064 1930; x_wconf 81' lang='lat' dir='ltr'><strong>Pastor?</strong></span> 
     </span>
    </p>
   </div>
   <div class='ocr_carea' id='block_1_19' title="bbox 465 1962 2067 2037">
    <p class='ocr_par' dir='ltr' id='par_1_19' title="bbox 465 1962 2067 2037">
     <span class='ocr_line' id='line_1_19' title="bbox 465 1962 2067 2037; baseline -0.001 -16"><span class='ocrx_word' id='word_1_191' title='bbox 465 1968 870 2023; x_wconf 81' lang='lat' dir='ltr'><strong>Verumtamen</strong></span> <span class='ocrx_word' id='word_1_192' title='bbox 898 1966 1052 2021; x_wconf 89' lang='lat' dir='ltr'><strong>velut</strong></span> <span class='ocrx_word' id='word_1_193' title='bbox 1093 1964 1373 2037; x_wconf 88' lang='lat' dir='ltr'><strong>pretiosus</strong></span> <span class='ocrx_word' id='word_1_194' title='bbox 1421 1965 1584 2036; x_wconf 89' lang='lat' dir='ltr'><strong>lapis,</strong></span> <span class='ocrx_word' id='word_1_195' title='bbox 1615 1964 1697 2019; x_wconf 90' lang='lat' dir='ltr'><strong>ita</strong></span> <span class='ocrx_word' id='word_1_196' title='bbox 1746 1962 1915 2018; x_wconf 85' lang='lat' dir='ltr'><strong>verba</strong></span> <span class='ocrx_word' id='word_1_197' title='bbox 1968 1969 2067 2019; x_wconf 90' lang='lat' dir='ltr'><strong>tua</strong></span> 
     </span>
    </p>
   </div>
   <div class='ocr_carea' id='block_1_20' title="bbox 464 2055 1377 2135">
    <p class='ocr_par' dir='ltr' id='par_1_20' title="bbox 464 2055 1377 2135">
     <span class='ocr_line' id='line_1_20' title="bbox 464 2055 1377 2135; baseline -0.004 -23"><span class='ocrx_word' id='word_1_198' title='bbox 464 2057 652 2128; x_wconf 86' lang='lat' dir='ltr'><strong>gratia</strong></span> <span class='ocrx_word' id='word_1_199' title='bbox 687 2061 745 2111; x_wconf 90' lang='lat' dir='ltr'><strong>et</strong></span> <span class='ocrx_word' id='word_1_200' title='bbox 766 2055 951 2128; x_wconf 84' lang='lat' dir='ltr'><strong>gloria</strong></span> <span class='ocrx_word' id='word_1_201' title='bbox 976 2056 1144 2127; x_wconf 88' lang='lat' dir='ltr'><strong>plena</strong></span> <span class='ocrx_word' id='word_1_202' title='bbox 1166 2059 1319 2110; x_wconf 91' lang='lat' dir='ltr'><strong>sunt.</strong></span> <span class='ocrx_word' id='word_1_203' title='bbox 1358 2122 1377 2135; x_wconf 50' lang='lat'><em>.</em></span> 
     </span>
    </p>
   </div>
   <div class='ocr_carea' id='block_1_21' title="bbox 534 2142 2065 2216">
    <p class='ocr_par' dir='ltr' id='par_1_21' title="bbox 534 2142 2065 2216">
     <span class='ocr_line' id='line_1_21' title="bbox 534 2142 2065 2216; baseline -0.002 -16"><span class='ocrx_word' id='word_1_204' title='bbox 534 2144 625 2200; x_wconf 90' lang='lat'><strong>38.</strong></span> <span class='ocrx_word' id='word_1_205' title='bbox 651 2146 944 2201; x_wconf 84' lang='lat' dir='ltr'><strong>Venerunt</strong></span> <span class='ocrx_word' id='word_1_206' title='bbox 972 2144 1274 2216; x_wconf 87' lang='lat' dir='ltr'><strong>aliquando</strong></span> <span class='ocrx_word' id='word_1_207' title='bbox 1300 2142 1614 2215; x_wconf 82' lang='lat' dir='ltr'><strong>presbyteri</strong></span> <span class='ocrx_word' id='word_1_208' title='bbox 1638 2142 1886 2214; x_wconf 80' lang='lat' dir='ltr'><strong>regionis</strong></span> <span class='ocrx_word' id='word_1_209' title='bbox 1914 2142 2065 2198; x_wconf 93' lang='lat' dir='ltr'><strong>illius</strong></span> 
     </span>
    </p>
   </div>
   <div class='ocr_carea' id='block_1_22' title="bbox 464 2231 2063 2305">
    <p class='ocr_par' dir='ltr' id='par_1_22' title="bbox 464 2231 2063 2305">
     <span class='ocr_line' id='line_1_22' title="bbox 464 2231 2063 2305; baseline -0.003 -14"><span class='ocrx_word' id='word_1_210' title='bbox 464 2235 533 2292; x_wconf 88' lang='lat' dir='ltr'><strong>ad</strong></span> <span class='ocrx_word' id='word_1_211' title='bbox 556 2234 899 2291; x_wconf 89' lang='lat' dir='ltr'><strong>monasteria</strong></span> <span class='ocrx_word' id='word_1_212' title='bbox 923 2234 1123 2300; x_wconf 91' lang='lat' dir='ltr'><strong>vicina,</strong></span> <span class='ocrx_word' id='word_1_213' title='bbox 1151 2233 1210 2288; x_wconf 93' lang='lat' dir='ltr'><strong>in</strong></span> <span class='ocrx_word' id='word_1_214' title='bbox 1238 2232 1442 2305; x_wconf 86' lang='lat' dir='ltr'><strong>quibus</strong></span> <span class='ocrx_word' id='word_1_215' title='bbox 1463 2232 1633 2286; x_wconf 89' lang='lat' dir='ltr'><strong>etiam</strong></span> <span class='ocrx_word' id='word_1_216' title='bbox 1662 2237 1786 2287; x_wconf 90' lang='lat' dir='ltr'><strong>erat</strong></span> <span class='ocrx_word' id='word_1_217' title='bbox 1806 2237 1865 2287; x_wconf 92' lang='lat' dir='ltr'><strong>et</strong></span> <span class='ocrx_word' id='word_1_218' title='bbox 1892 2231 2063 2287; x_wconf 89' lang='lat' dir='ltr'><strong>abbas</strong></span> 
     </span>
    </p>
   </div>
   <div class='ocr_carea' id='block_1_23' title="bbox 462 2321 2063 2392">
    <p class='ocr_par' dir='ltr' id='par_1_23' title="bbox 462 2321 2063 2392">
     <span class='ocr_line' id='line_1_23' title="bbox 462 2321 2063 2392; baseline -0.003 -12"><span class='ocrx_word' id='word_1_219' title='bbox 462 2322 693 2392; x_wconf 87' lang='lat' dir='ltr'><strong>Pastor;</strong></span> <span class='ocrx_word' id='word_1_220' title='bbox 726 2329 783 2379; x_wconf 92' lang='lat' dir='ltr'><strong>et</strong></span> <span class='ocrx_word' id='word_1_221' title='bbox 807 2323 1040 2379; x_wconf 85' lang='lat' dir='ltr'><strong>intravit</strong></span> <span class='ocrx_word' id='word_1_222' title='bbox 1062 2321 1235 2377; x_wconf 88' lang='lat' dir='ltr'><strong>abbas</strong></span> <span class='ocrx_word' id='word_1_223' title='bbox 1270 2321 1455 2388; x_wconf 79' lang='lat' dir='ltr'><strong>Anub,</strong></span> <span class='ocrx_word' id='word_1_224' title='bbox 1484 2325 1543 2375; x_wconf 90' lang='lat' dir='ltr'><strong>et</strong></span> <span class='ocrx_word' id='word_1_225' title='bbox 1567 2321 1711 2376; x_wconf 90' lang='lat' dir='ltr'><strong>dixit</strong></span> <span class='ocrx_word' id='word_1_226' title='bbox 1747 2321 1799 2376; x_wconf 92' lang='lat' dir='ltr'><strong>ei</strong></span> <span class='ocrx_word' id='word_1_227' title='bbox 1832 2338 1845 2375; x_wconf 93' lang='lat'><strong>:</strong></span> <span class='ocrx_word' id='word_1_228' title='bbox 1878 2321 2063 2392; x_wconf 90' lang='lat' dir='ltr'><strong>Roge-</strong></span> 
     </span>
    </p>
   </div>
   <div class='ocr_carea' id='block_1_24' title="bbox 462 2409 2063 2486">
    <p class='ocr_par' dir='ltr' id='par_1_24' title="bbox 462 2409 2063 2486">
     <span class='ocr_line' id='line_1_24' title="bbox 462 2409 2063 2486; baseline -0.002 -17"><span class='ocrx_word' id='word_1_229' title='bbox 462 2431 590 2469; x_wconf 89' lang='lat' dir='ltr'><strong>mus</strong></span> <span class='ocrx_word' id='word_1_230' title='bbox 610 2413 969 2486; x_wconf 84' lang='lat' dir='ltr'><strong>presbyteros</strong></span> <span class='ocrx_word' id='word_1_231' title='bbox 989 2412 1128 2468; x_wconf 88' lang='lat' dir='ltr'><strong>istos</strong></span> <span class='ocrx_word' id='word_1_232' title='bbox 1147 2409 1315 2466; x_wconf 87' lang='lat' dir='ltr'><strong>hodie</strong></span> <span class='ocrx_word' id='word_1_233' title='bbox 1331 2410 1585 2483; x_wconf 89' lang='lat' dir='ltr'><strong>accipere</strong></span> <span class='ocrx_word' id='word_1_234' title='bbox 1605 2410 1697 2465; x_wconf 90' lang='lat' dir='ltr'><strong>hic</strong></span> <span class='ocrx_word' id='word_1_235' title='bbox 1712 2410 1771 2465; x_wconf 88' lang='lat' dir='ltr'><strong>in</strong></span> <span class='ocrx_word' id='word_1_236' title='bbox 1787 2410 2063 2465; x_wconf 89' lang='lat' dir='ltr'><strong>charitate</strong></span> 
     </span>
    </p>
   </div>
   <div class='ocr_carea' id='block_1_25' title="bbox 462 2500 2065 2572">
    <p class='ocr_par' dir='ltr' id='par_1_25' title="bbox 462 2500 2065 2572">
     <span class='ocr_line' id='line_1_25' title="bbox 462 2500 2065 2572; baseline -0.004 -13"><span class='ocrx_word' id='word_1_237' title='bbox 462 2502 612 2559; x_wconf 88' lang='lat' dir='ltr'><strong>dona</strong></span> <span class='ocrx_word' id='word_1_238' title='bbox 634 2502 756 2559; x_wconf 90' lang='lat' dir='ltr'><strong>Dei.</strong></span> <span class='ocrx_word' id='word_1_239' title='bbox 785 2503 886 2558; x_wconf 92' lang='lat' dir='ltr'><strong>Ille</strong></span> <span class='ocrx_word' id='word_1_240' title='bbox 915 2507 1106 2557; x_wconf 89' lang='lat' dir='ltr'><strong>autem</strong></span> <span class='ocrx_word' id='word_1_241' title='bbox 1136 2505 1293 2555; x_wconf 87' lang='lat' dir='ltr'><strong>stans</strong></span> <span class='ocrx_word' id='word_1_242' title='bbox 1320 2501 1417 2555; x_wconf 90' lang='lat' dir='ltr'><strong>diu</strong></span> <span class='ocrx_word' id='word_1_243' title='bbox 1444 2517 1559 2555; x_wconf 91' lang='lat' dir='ltr'><strong>non</strong></span> <span class='ocrx_word' id='word_1_244' title='bbox 1579 2500 1737 2554; x_wconf 92' lang='lat' dir='ltr'><strong>dedit</strong></span> <span class='ocrx_word' id='word_1_245' title='bbox 1762 2500 1813 2554; x_wconf 91' lang='lat' dir='ltr'><strong>ei</strong></span> <span class='ocrx_word' id='word_1_246' title='bbox 1836 2516 2065 2572; x_wconf 92' lang='lat' dir='ltr'><strong>respon-</strong></span> 
     </span>
    </p>
   </div>
   <div class='ocr_carea' id='block_1_26' title="bbox 462 2588 2065 2661">
    <p class='ocr_par' dir='ltr' id='par_1_26' title="bbox 462 2588 2065 2661">
     <span class='ocr_line' id='line_1_26' title="bbox 462 2588 2065 2661; baseline -0.003 -13"><span class='ocrx_word' id='word_1_247' title='bbox 462 2609 586 2648; x_wconf 82' lang='lat' dir='ltr'><strong>sum</strong></span> <span class='ocrx_word' id='word_1_248' title='bbox 612 2611 626 2661; x_wconf 90' lang='lat'><strong>;</strong></span> <span class='ocrx_word' id='word_1_249' title='bbox 658 2591 830 2647; x_wconf 83' lang='lat' dir='ltr'><strong>abbas</strong></span> <span class='ocrx_word' id='word_1_250' title='bbox 855 2608 984 2646; x_wconf 89' lang='lat' dir='ltr'><strong>vero</strong></span> <span class='ocrx_word' id='word_1_251' title='bbox 1012 2590 1178 2645; x_wconf 84' lang='lat' dir='ltr'><strong>Anub</strong></span> <span class='ocrx_word' id='word_1_252' title='bbox 1207 2590 1572 2645; x_wconf 90' lang='lat' dir='ltr'><strong>contristatus</strong></span> <span class='ocrx_word' id='word_1_253' title='bbox 1607 2588 1761 2643; x_wconf 89' lang='lat' dir='ltr'><strong>exiit.</strong></span> <span class='ocrx_word' id='word_1_254' title='bbox 1791 2588 2065 2644; x_wconf 89' lang='lat' dir='ltr'><strong>Dixerunt</strong></span> 
     </span>
    </p>
   </div>
   <div class='ocr_carea' id='block_1_27' title="bbox 465 2677 2063 2752">
    <p class='ocr_par' dir='ltr' id='par_1_27' title="bbox 465 2677 2063 2752">
     <span class='ocr_line' id='line_1_27' title="bbox 465 2677 2063 2752; baseline -0.002 -16"><span class='ocrx_word' id='word_1_255' title='bbox 465 2686 655 2736; x_wconf 91' lang='lat' dir='ltr'><strong>autem</strong></span> <span class='ocrx_word' id='word_1_256' title='bbox 673 2679 861 2735; x_wconf 80' lang='lat' dir='ltr'><strong>abbati</strong></span> <span class='ocrx_word' id='word_1_257' title='bbox 878 2678 1217 2752; x_wconf 87' lang='lat' dir='ltr'><strong>Pastori,qui</strong></span> <span class='ocrx_word' id='word_1_258' title='bbox 1229 2680 1392 2750; x_wconf 86' lang='lat' dir='ltr'><strong>juxta</strong></span> <span class='ocrx_word' id='word_1_259' title='bbox 1405 2695 1533 2733; x_wconf 90' lang='lat' dir='ltr'><strong>eum</strong></span> <span class='ocrx_word' id='word_1_260' title='bbox 1549 2695 1610 2733; x_wconf 91' lang='lat' dir='ltr'><strong>se</strong></span> <span class='ocrx_word' id='word_1_261' title='bbox 1628 2677 1861 2733; x_wconf 90' lang='lat' dir='ltr'><strong>debant:</strong></span> <span class='ocrx_word' id='word_1_262' title='bbox 1879 2678 2063 2742; x_wconf 88' lang='lat' dir='ltr'><strong>Quare</strong></span> 
     </span>
    </p>
   </div>
   <div class='ocr_carea' id='block_1_28' title="bbox 463 2766 2056 2840">
    <p class='ocr_par' dir='ltr' id='par_1_28' title="bbox 463 2766 2056 2840">
     <span class='ocr_line' id='line_1_28' title="bbox 463 2766 2056 2840; baseline -0.003 -15"><span class='ocrx_word' id='word_1_263' title='bbox 463 2785 579 2825; x_wconf 89' lang='lat' dir='ltr'><strong>non</strong></span> <span class='ocrx_word' id='word_1_264' title='bbox 600 2768 807 2824; x_wconf 86' lang='lat' dir='ltr'><strong>dedisti</strong></span> <span class='ocrx_word' id='word_1_265' title='bbox 829 2768 880 2823; x_wconf 91' lang='lat' dir='ltr'><strong>ei</strong></span> <span class='ocrx_word' id='word_1_266' title='bbox 908 2767 1277 2840; x_wconf 90' lang='lat' dir='ltr'><strong>responsum?</strong></span> <span class='ocrx_word' id='word_1_267' title='bbox 1294 2768 1363 2823; x_wconf 88' lang='lat' dir='ltr'><strong>Et</strong></span> <span class='ocrx_word' id='word_1_268' title='bbox 1376 2767 1513 2822; x_wconf 88' lang='lat' dir='ltr'><strong>dicit</strong></span> <span class='ocrx_word' id='word_1_269' title='bbox 1531 2767 1613 2822; x_wconf 91' lang='lat' dir='ltr'><strong>eis</strong></span> <span class='ocrx_word' id='word_1_270' title='bbox 1635 2766 1805 2821; x_wconf 87' lang='lat' dir='ltr'><strong>abbas</strong></span> <span class='ocrx_word' id='word_1_271' title='bbox 1825 2767 2056 2822; x_wconf 89' lang='lat' dir='ltr'><strong>Pastor:</strong></span> 
     </span>
    </p>
   </div>
   <div class='ocr_carea' id='block_1_29' title="bbox 464 2856 2058 2930">
    <p class='ocr_par' dir='ltr' id='par_1_29' title="bbox 464 2856 2058 2930">
     <span class='ocr_line' id='line_1_29' title="bbox 464 2856 2058 2930; baseline -0.002 -17"><span class='ocrx_word' id='word_1_272' title='bbox 464 2859 582 2930; x_wconf 87' lang='lat' dir='ltr'><strong>Ego</strong></span> <span class='ocrx_word' id='word_1_273' title='bbox 609 2874 838 2913; x_wconf 88' lang='lat' dir='ltr'><strong>causam</strong></span> <span class='ocrx_word' id='word_1_274' title='bbox 863 2874 977 2913; x_wconf 93' lang='lat' dir='ltr'><strong>non</strong></span> <span class='ocrx_word' id='word_1_275' title='bbox 1014 2856 1222 2924; x_wconf 85' lang='lat' dir='ltr'><strong>habeo;</strong></span> <span class='ocrx_word' id='word_1_276' title='bbox 1274 2857 1395 2927; x_wconf 89' lang='lat' dir='ltr'><strong>jam</strong></span> <span class='ocrx_word' id='word_1_277' title='bbox 1425 2856 1578 2912; x_wconf 92' lang='lat' dir='ltr'><strong>enim</strong></span> <span class='ocrx_word' id='word_1_278' title='bbox 1623 2862 1881 2911; x_wconf 90' lang='lat' dir='ltr'><strong>mortuus</strong></span> <span class='ocrx_word' id='word_1_279' title='bbox 1911 2873 2058 2912; x_wconf 91' lang='lat' dir='ltr'><strong>sum.</strong></span> 
     </span>
    </p>
   </div>
   <div class='ocr_carea' id='block_1_30' title="bbox 463 2946 2060 3019">
    <p class='ocr_par' dir='ltr' id='par_1_30' title="bbox 463 2946 2060 3019">
     <span class='ocr_line' id='line_1_30' title="bbox 463 2946 2060 3019; baseline -0.002 -15"><span class='ocrx_word' id='word_1_280' title='bbox 463 2949 721 3005; x_wconf 81' lang='lat' dir='ltr'><strong>Mortuus</strong></span> <span class='ocrx_word' id='word_1_281' title='bbox 745 2947 897 3002; x_wconf 88' lang='lat' dir='ltr'><strong>enim</strong></span> <span class='ocrx_word' id='word_1_282' title='bbox 946 2963 1058 3002; x_wconf 92' lang='lat' dir='ltr'><strong>non</strong></span> <span class='ocrx_word' id='word_1_283' title='bbox 1099 2946 1386 3019; x_wconf 90' lang='lat' dir='ltr'><strong>loquitur;</strong></span> <span class='ocrx_word' id='word_1_284' title='bbox 1428 2962 1542 3001; x_wconf 90' lang='lat' dir='ltr'><strong>non</strong></span> <span class='ocrx_word' id='word_1_285' title='bbox 1571 2946 1746 3018; x_wconf 85' lang='lat' dir='ltr'><strong>igitur</strong></span> <span class='ocrx_word' id='word_1_286' title='bbox 1787 2948 2060 3018; x_wconf 87' lang='lat' dir='ltr'><strong>reputetis</strong></span> 
     </span>
    </p>
   </div>
   <div class='ocr_carea' id='block_1_31' title="bbox 463 3036 1346 3109">
    <p class='ocr_par' dir='ltr' id='par_1_31' title="bbox 463 3036 1346 3109">
     <span class='ocr_line' id='line_1_31' title="bbox 463 3036 1346 3109; baseline -0.003 -16"><span class='ocrx_word' id='word_1_287' title='bbox 463 3054 573 3104; x_wconf 87' lang='lat' dir='ltr'><strong>me,</strong></span> <span class='ocrx_word' id='word_1_288' title='bbox 606 3036 738 3109; x_wconf 90' lang='lat' dir='ltr'><strong>quia</strong></span> <span class='ocrx_word' id='word_1_289' title='bbox 765 3037 857 3092; x_wconf 87' lang='lat' dir='ltr'><strong>hic</strong></span> <span class='ocrx_word' id='word_1_290' title='bbox 884 3036 1170 3092; x_wconf 78' lang='lat' dir='ltr'><strong>vobiscum</strong></span> <span class='ocrx_word' id='word_1_291' title='bbox 1201 3053 1346 3091; x_wconf 89' lang='lat' dir='ltr'><strong>sum.</strong></span> 
     </span>
    </p>
   </div>
   <div class='ocr_carea' id='block_1_32' title="bbox 2159 622 3749 696">
    <p class='ocr_par' dir='ltr' id='par_1_32' title="bbox 2159 622 3749 696">
     <span class='ocr_line' id='line_1_32' title="bbox 2159 622 3749 696; baseline 0.002 -19"><span class='ocrx_word' id='word_1_292' title='bbox 2159 624 2399 679; x_wconf 86' lang='lat' dir='ltr'><strong>terrenis</strong></span> <span class='ocrx_word' id='word_1_293' title='bbox 2424 625 2659 696; x_wconf 91' lang='lat' dir='ltr'><strong>loquor;</strong></span> <span class='ocrx_word' id='word_1_294' title='bbox 2687 624 2735 678; x_wconf 92' lang='lat' dir='ltr'><strong>si</strong></span> <span class='ocrx_word' id='word_1_295' title='bbox 2763 639 2896 695; x_wconf 91' lang='lat' dir='ltr'><strong>ergo</strong></span> <span class='ocrx_word' id='word_1_296' title='bbox 2917 623 3055 678; x_wconf 89' lang='lat' dir='ltr'><strong>mihi</strong></span> <span class='ocrx_word' id='word_1_297' title='bbox 3082 624 3299 678; x_wconf 91' lang='lat' dir='ltr'><strong>locutus</strong></span> <span class='ocrx_word' id='word_1_298' title='bbox 3323 622 3521 678; x_wconf 88' lang='lat' dir='ltr'><strong>fuisset</strong></span> <span class='ocrx_word' id='word_1_299' title='bbox 3539 624 3607 679; x_wconf 91' lang='lat' dir='ltr'><strong>de</strong></span> <span class='ocrx_word' id='word_1_300' title='bbox 3625 642 3749 696; x_wconf 89' lang='lat' dir='ltr'><strong>pas-</strong></span> 
     </span>
    </p>
   </div>
   <div class='ocr_carea' id='block_1_33' title="bbox 2161 712 3746 786">
    <p class='ocr_par' dir='ltr' id='par_1_33' title="bbox 2161 712 3746 786">
     <span class='ocr_line' id='line_1_33' title="bbox 2161 712 3746 786; baseline 0.001 -19"><span class='ocrx_word' id='word_1_301' title='bbox 2161 712 2415 768; x_wconf 87' lang='lat' dir='ltr'><strong>sionibus</strong></span> <span class='ocrx_word' id='word_1_302' title='bbox 2434 714 2762 785; x_wconf 80' lang='lat' dir='ltr'><strong>animae,ego</strong></span> <span class='ocrx_word' id='word_1_303' title='bbox 2782 714 2977 785; x_wconf 90' lang='lat' dir='ltr'><strong>utique</strong></span> <span class='ocrx_word' id='word_1_304' title='bbox 2992 714 3388 786; x_wconf 88' lang='lat' dir='ltr'><strong>responderem</strong></span> <span class='ocrx_word' id='word_1_305' title='bbox 3402 714 3483 784; x_wconf 92' lang='lat' dir='ltr'><strong>ei;</strong></span> <span class='ocrx_word' id='word_1_306' title='bbox 3497 713 3545 768; x_wconf 90' lang='lat' dir='ltr'><strong>si</strong></span> <span class='ocrx_word' id='word_1_307' title='bbox 3561 721 3746 770; x_wconf 89' lang='lat' dir='ltr'><strong>autem</strong></span> 
     </span>
    </p>
   </div>
   <div class='ocr_carea' id='block_1_34' title="bbox 2162 801 3746 874">
    <p class='ocr_par' dir='ltr' id='par_1_34' title="bbox 2162 801 3746 874">
     <span class='ocr_line' id='line_1_34' title="bbox 2162 801 3746 874; baseline 0.001 -18"><span class='ocrx_word' id='word_1_308' title='bbox 2162 801 2232 856; x_wconf 92' lang='lat' dir='ltr'><strong>de</strong></span> <span class='ocrx_word' id='word_1_309' title='bbox 2257 802 2658 874; x_wconf 88' lang='lat' dir='ltr'><strong>spiritualibus,</strong></span> <span class='ocrx_word' id='word_1_310' title='bbox 2693 820 2796 874; x_wconf 88' lang='lat' dir='ltr'><strong>ego</strong></span> <span class='ocrx_word' id='word_1_311' title='bbox 2824 804 2942 858; x_wconf 75' lang='lat' dir='ltr'><strong>haec</strong></span> <span class='ocrx_word' id='word_1_312' title='bbox 2969 802 3184 873; x_wconf 92' lang='lat' dir='ltr'><strong>ignoro.</strong></span> <span class='ocrx_word' id='word_1_313' title='bbox 3206 801 3404 858; x_wconf 88' lang='lat' dir='ltr'><strong>Exiens</strong></span> <span class='ocrx_word' id='word_1_314' title='bbox 3424 820 3556 873; x_wconf 86' lang='lat' dir='ltr'><strong>ergo</strong></span> <span class='ocrx_word' id='word_1_315' title='bbox 3575 803 3746 859; x_wconf 80' lang='lat' dir='ltr'><strong>frater</strong></span> 
     </span>
    </p>
   </div>
   <div class='ocr_carea' id='block_1_35' title="bbox 2158 890 3742 964">
    <p class='ocr_par' dir='ltr' id='par_1_35' title="bbox 2158 890 3742 964">
     <span class='ocr_line' id='line_1_35' title="bbox 2158 890 3742 964; baseline 0.002 -19"><span class='ocrx_word' id='word_1_316' title='bbox 2158 890 2301 946; x_wconf 90' lang='lat' dir='ltr'><strong>dixit</strong></span> <span class='ocrx_word' id='word_1_317' title='bbox 2319 891 2401 945; x_wconf 91' lang='lat' dir='ltr'><strong>illi</strong></span> <span class='ocrx_word' id='word_1_318' title='bbox 2423 906 2439 947; x_wconf 89' lang='lat'><strong>:</strong></span> <span class='ocrx_word' id='word_1_319' title='bbox 2470 893 2614 957; x_wconf 86' lang='lat' dir='ltr'><strong>Quia</strong></span> <span class='ocrx_word' id='word_1_320' title='bbox 2636 908 2805 947; x_wconf 89' lang='lat' dir='ltr'><strong>senex</strong></span> <span class='ocrx_word' id='word_1_321' title='bbox 2819 908 2932 947; x_wconf 91' lang='lat' dir='ltr'><strong>non</strong></span> <span class='ocrx_word' id='word_1_322' title='bbox 2950 893 3062 947; x_wconf 89' lang='lat' dir='ltr'><strong>cito</strong></span> <span class='ocrx_word' id='word_1_323' title='bbox 3079 893 3149 947; x_wconf 91' lang='lat' dir='ltr'><strong>de</strong></span> <span class='ocrx_word' id='word_1_324' title='bbox 3164 892 3465 964; x_wconf 88' lang='lat' dir='ltr'><strong>Scripturis</strong></span> <span class='ocrx_word' id='word_1_325' title='bbox 3479 893 3742 964; x_wconf 88' lang='lat' dir='ltr'><strong>loquitur,</strong></span> 
     </span>
    </p>
   </div>
   <div class='ocr_carea' id='block_1_36' title="bbox 2156 980 3746 1053">
    <p class='ocr_par' dir='ltr' id='par_1_36' title="bbox 2156 980 3746 1053">
     <span class='ocr_line' id='line_1_36' title="bbox 2156 980 3746 1053; baseline 0.001 -17"><span class='ocrx_word' id='word_1_326' title='bbox 2156 986 2255 1038; x_wconf 92' lang='lat' dir='ltr'><strong>sed</strong></span> <span class='ocrx_word' id='word_1_327' title='bbox 2292 982 2339 1035; x_wconf 92' lang='lat' dir='ltr'><strong>si</strong></span> <span class='ocrx_word' id='word_1_328' title='bbox 2368 981 2495 1053; x_wconf 87' lang='lat' dir='ltr'><strong>quis</strong></span> <span class='ocrx_word' id='word_1_329' title='bbox 2524 982 2577 1036; x_wconf 90' lang='lat' dir='ltr'><strong>ei</strong></span> <span class='ocrx_word' id='word_1_330' title='bbox 2619 982 2872 1053; x_wconf 91' lang='lat' dir='ltr'><strong>loquitur</strong></span> <span class='ocrx_word' id='word_1_331' title='bbox 2903 983 2972 1036; x_wconf 89' lang='lat' dir='ltr'><strong>de</strong></span> <span class='ocrx_word' id='word_1_332' title='bbox 3009 980 3361 1053; x_wconf 88' lang='lat' dir='ltr'><strong>passionibus</strong></span> <span class='ocrx_word' id='word_1_333' title='bbox 3390 982 3612 1046; x_wconf 71' lang='lat' dir='ltr'><strong>animae,</strong></span> <span class='ocrx_word' id='word_1_334' title='bbox 3652 1000 3746 1037; x_wconf 78' lang='lat' dir='ltr'><strong>re-</strong></span> 
     </span>
    </p>
   </div>
   <div class='ocr_carea' id='block_1_37' title="bbox 2154 1070 3742 1142">
    <p class='ocr_par' dir='ltr' id='par_1_37' title="bbox 2154 1070 3742 1142">
     <span class='ocr_line' id='line_1_37' title="bbox 2154 1070 3742 1142; baseline 0.001 -17"><span class='ocrx_word' id='word_1_335' title='bbox 2154 1071 2391 1142; x_wconf 82' lang='lat' dir='ltr'><strong>spondet</strong></span> <span class='ocrx_word' id='word_1_336' title='bbox 2402 1071 2476 1125; x_wconf 88' lang='lat' dir='ltr'><strong>ei.</strong></span> <span class='ocrx_word' id='word_1_337' title='bbox 2490 1071 2591 1125; x_wconf 88' lang='lat' dir='ltr'><strong>Ille</strong></span> <span class='ocrx_word' id='word_1_338' title='bbox 2604 1076 2794 1125; x_wconf 90' lang='lat' dir='ltr'><strong>autem</strong></span> <span class='ocrx_word' id='word_1_339' title='bbox 2807 1075 3171 1142; x_wconf 89' lang='lat' dir='ltr'><strong>compunctus</strong></span> <span class='ocrx_word' id='word_1_340' title='bbox 3191 1070 3423 1126; x_wconf 85' lang='lat' dir='ltr'><strong>intravit</strong></span> <span class='ocrx_word' id='word_1_341' title='bbox 3438 1071 3510 1126; x_wconf 89' lang='lat' dir='ltr'><strong>ad</strong></span> <span class='ocrx_word' id='word_1_342' title='bbox 3528 1088 3719 1127; x_wconf 90' lang='lat' dir='ltr'><strong>senem</strong></span> <span class='ocrx_word' id='word_1_343' title='bbox 3729 1113 3742 1139; x_wconf 93' lang='lat'><strong>,</strong></span> 
     </span>
    </p>
   </div>
   <div class='ocr_carea' id='block_1_38' title="bbox 2154 1159 3747 1232">
    <p class='ocr_par' dir='ltr' id='par_1_38' title="bbox 2154 1159 3747 1232">
     <span class='ocr_line' id='line_1_38' title="bbox 2154 1159 3747 1232; baseline 0.001 -18"><span class='ocrx_word' id='word_1_344' title='bbox 2154 1166 2211 1214; x_wconf 93' lang='lat' dir='ltr'><strong>et</strong></span> <span class='ocrx_word' id='word_1_345' title='bbox 2224 1159 2364 1213; x_wconf 93' lang='lat' dir='ltr'><strong>dixit</strong></span> <span class='ocrx_word' id='word_1_346' title='bbox 2378 1159 2460 1214; x_wconf 90' lang='lat' dir='ltr'><strong>ei:</strong></span> <span class='ocrx_word' id='word_1_347' title='bbox 2482 1159 2627 1225; x_wconf 88' lang='lat' dir='ltr'><strong>Quid</strong></span> <span class='ocrx_word' id='word_1_348' title='bbox 2647 1160 2870 1227; x_wconf 89' lang='lat' dir='ltr'><strong>faciam,</strong></span> <span class='ocrx_word' id='word_1_349' title='bbox 2894 1159 3056 1226; x_wconf 88' lang='lat' dir='ltr'><strong>abba,</strong></span> <span class='ocrx_word' id='word_1_350' title='bbox 3081 1159 3214 1231; x_wconf 90' lang='lat' dir='ltr'><strong>quia</strong></span> <span class='ocrx_word' id='word_1_351' title='bbox 3232 1159 3519 1232; x_wconf 88' lang='lat' dir='ltr'><strong>passiones</strong></span> <span class='ocrx_word' id='word_1_352' title='bbox 3548 1160 3747 1216; x_wconf 71' lang='lat' dir='ltr'><strong>anima:</strong></span> 
     </span>
    </p>
   </div>
   <div class='ocr_carea' id='block_1_39' title="bbox 2150 1248 3748 1321">
    <p class='ocr_par' dir='ltr' id='par_1_39' title="bbox 2150 1248 3748 1321">
     <span class='ocr_line' id='line_1_39' title="bbox 2150 1248 3748 1321; baseline 0.001 -18"><span class='ocrx_word' id='word_1_353' title='bbox 2150 1248 2515 1303; x_wconf 86' lang='lat' dir='ltr'><strong>dominantur</strong></span> <span class='ocrx_word' id='word_1_354' title='bbox 2543 1250 2690 1303; x_wconf 85' lang='lat' dir='ltr'><strong>mei?</strong></span> <span class='ocrx_word' id='word_1_355' title='bbox 2742 1250 2812 1305; x_wconf 90' lang='lat' dir='ltr'><strong>Et</strong></span> <span class='ocrx_word' id='word_1_356' title='bbox 2846 1250 3071 1305; x_wconf 91' lang='lat' dir='ltr'><strong>intuens</strong></span> <span class='ocrx_word' id='word_1_357' title='bbox 3101 1266 3231 1304; x_wconf 92' lang='lat' dir='ltr'><strong>eum</strong></span> <span class='ocrx_word' id='word_1_358' title='bbox 3270 1265 3439 1304; x_wconf 88' lang='lat' dir='ltr'><strong>senex</strong></span> <span class='ocrx_word' id='word_1_359' title='bbox 3473 1250 3748 1321; x_wconf 85' lang='lat' dir='ltr'><strong>gaudens,</strong></span> 
     </span>
    </p>
   </div>
   <div class='ocr_carea' id='block_1_40' title="bbox 2150 1338 3745 1410">
    <p class='ocr_par' dir='ltr' id='par_1_40' title="bbox 2150 1338 3745 1410">
     <span class='ocr_line' id='line_1_40' title="bbox 2150 1338 3745 1410; baseline 0.001 -17"><span class='ocrx_word' id='word_1_360' title='bbox 2150 1338 2291 1393; x_wconf 87' lang='lat' dir='ltr'><strong>dixit</strong></span> <span class='ocrx_word' id='word_1_361' title='bbox 2318 1338 2370 1392; x_wconf 91' lang='lat' dir='ltr'><strong>ei</strong></span> <span class='ocrx_word' id='word_1_362' title='bbox 2396 1338 2591 1393; x_wconf 86' lang='lat' dir='ltr'><strong>:Modo</strong></span> <span class='ocrx_word' id='word_1_363' title='bbox 2616 1338 2757 1393; x_wconf 90' lang='lat' dir='ltr'><strong>bene</strong></span> <span class='ocrx_word' id='word_1_364' title='bbox 2781 1339 3011 1403; x_wconf 85' lang='lat' dir='ltr'><strong>venisti;</strong></span> <span class='ocrx_word' id='word_1_365' title='bbox 3033 1355 3182 1394; x_wconf 91' lang='lat' dir='ltr'><strong>nunc</strong></span> <span class='ocrx_word' id='word_1_366' title='bbox 3208 1338 3461 1410; x_wconf 87' lang='lat' dir='ltr'><strong>aperiam</strong></span> <span class='ocrx_word' id='word_1_367' title='bbox 3478 1356 3540 1394; x_wconf 88' lang='lat' dir='ltr'><strong>os</strong></span> <span class='ocrx_word' id='word_1_368' title='bbox 3558 1356 3745 1394; x_wconf 90' lang='lat' dir='ltr'><strong>meum</strong></span> 
     </span>
    </p>
   </div>
   <div class='ocr_carea' id='block_1_41' title="bbox 2149 1425 3747 1499">
    <p class='ocr_par' dir='ltr' id='par_1_41' title="bbox 2149 1425 3747 1499">
     <span class='ocr_line' id='line_1_41' title="bbox 2149 1425 3747 1499; baseline 0.001 -20"><span class='ocrx_word' id='word_1_369' title='bbox 2149 1425 2219 1479; x_wconf 90' lang='lat' dir='ltr'><strong>de</strong></span> <span class='ocrx_word' id='word_1_370' title='bbox 2238 1426 2345 1492; x_wconf 91' lang='lat' dir='ltr'><strong>his,</strong></span> <span class='ocrx_word' id='word_1_371' title='bbox 2378 1430 2436 1481; x_wconf 87' lang='lat' dir='ltr'><strong>et</strong></span> <span class='ocrx_word' id='word_1_372' title='bbox 2456 1426 2698 1499; x_wconf 90' lang='lat' dir='ltr'><strong>implebo</strong></span> <span class='ocrx_word' id='word_1_373' title='bbox 2723 1427 2861 1482; x_wconf 90' lang='lat' dir='ltr'><strong>illud</strong></span> <span class='ocrx_word' id='word_1_374' title='bbox 2880 1426 3059 1481; x_wconf 90' lang='lat' dir='ltr'><strong>bonis.</strong></span> <span class='ocrx_word' id='word_1_375' title='bbox 3092 1427 3193 1483; x_wconf 91' lang='lat' dir='ltr'><strong>Ille</strong></span> <span class='ocrx_word' id='word_1_376' title='bbox 3223 1431 3414 1482; x_wconf 91' lang='lat' dir='ltr'><strong>autem</strong></span> <span class='ocrx_word' id='word_1_377' title='bbox 3433 1428 3591 1482; x_wconf 89' lang='lat' dir='ltr'><strong>valde</strong></span> <span class='ocrx_word' id='word_1_378' title='bbox 3620 1427 3747 1483; x_wconf 75' lang='lat' dir='ltr'><strong>aedi-</strong></span> 
     </span>
    </p>
   </div>
   <div class='ocr_carea' id='block_1_42' title="bbox 2149 1514 3747 1587">
    <p class='ocr_par' dir='ltr' id='par_1_42' title="bbox 2149 1514 3747 1587">
     <span class='ocr_line' id='line_1_42' title="bbox 2149 1514 3747 1587; baseline 0.001 -18"><span class='ocrx_word' id='word_1_379' title='bbox 2149 1514 2347 1571; x_wconf 84' lang='lat' dir='ltr'><strong>ficatus</strong></span> <span class='ocrx_word' id='word_1_380' title='bbox 2373 1516 2627 1573; x_wconf 87' lang='lat' dir='ltr'><strong>dicebat:</strong></span> <span class='ocrx_word' id='word_1_381' title='bbox 2653 1516 2799 1571; x_wconf 84' lang='lat' dir='ltr'><strong>Vere</strong></span> <span class='ocrx_word' id='word_1_382' title='bbox 2822 1517 2943 1572; x_wconf 78' lang='lat' dir='ltr'><strong>haec</strong></span> <span class='ocrx_word' id='word_1_383' title='bbox 2967 1521 3053 1571; x_wconf 91' lang='lat' dir='ltr'><strong>est</strong></span> <span class='ocrx_word' id='word_1_384' title='bbox 3081 1517 3168 1571; x_wconf 90' lang='lat' dir='ltr'><strong>via</strong></span> <span class='ocrx_word' id='word_1_385' title='bbox 3190 1516 3500 1572; x_wconf 87' lang='lat' dir='ltr'><strong>charitatis.</strong></span> <span class='ocrx_word' id='word_1_386' title='bbox 3523 1518 3594 1573; x_wconf 90' lang='lat' dir='ltr'><strong>Et</strong></span> <span class='ocrx_word' id='word_1_387' title='bbox 3609 1534 3747 1587; x_wconf 88' lang='lat' dir='ltr'><strong>gra-</strong></span> 
     </span>
    </p>
   </div>
   <div class='ocr_carea' id='block_1_43' title="bbox 2148 1604 3745 1677">
    <p class='ocr_par' dir='ltr' id='par_1_43' title="bbox 2148 1604 3745 1677">
     <span class='ocr_line' id='line_1_43' title="bbox 2148 1604 3745 1677; baseline 0.001 -17"><span class='ocrx_word' id='word_1_388' title='bbox 2148 1604 2257 1660; x_wconf 91' lang='lat' dir='ltr'><strong>tias</strong></span> <span class='ocrx_word' id='word_1_389' title='bbox 2294 1621 2468 1676; x_wconf 86' lang='lat' dir='ltr'><strong>agens</strong></span> <span class='ocrx_word' id='word_1_390' title='bbox 2505 1606 2639 1671; x_wconf 89' lang='lat' dir='ltr'><strong>Deo,</strong></span> <span class='ocrx_word' id='word_1_391' title='bbox 2693 1606 2826 1677; x_wconf 90' lang='lat' dir='ltr'><strong>quia</strong></span> <span class='ocrx_word' id='word_1_392' title='bbox 2882 1612 3000 1661; x_wconf 90' lang='lat' dir='ltr'><strong>tam</strong></span> <span class='ocrx_word' id='word_1_393' title='bbox 3039 1612 3299 1661; x_wconf 90' lang='lat' dir='ltr'><strong>sanctum</strong></span> <span class='ocrx_word' id='word_1_394' title='bbox 3341 1606 3524 1662; x_wconf 88' lang='lat' dir='ltr'><strong>virum</strong></span> <span class='ocrx_word' id='word_1_395' title='bbox 3559 1606 3745 1661; x_wconf 90' lang='lat' dir='ltr'><strong>videre</strong></span> 
     </span>
    </p>
   </div>
   <div class='ocr_carea' id='block_1_44' title="bbox 2148 1694 3384 1767">
    <p class='ocr_par' dir='ltr' id='par_1_44' title="bbox 2148 1694 3384 1767">
     <span class='ocr_line' id='line_1_44' title="bbox 2148 1694 3384 1767; baseline 0 -18"><span class='ocrx_word' id='word_1_396' title='bbox 2148 1694 2374 1761; x_wconf 89' lang='lat' dir='ltr'><strong>meruit,</strong></span> <span class='ocrx_word' id='word_1_397' title='bbox 2406 1711 2662 1750; x_wconf 85' lang='lat' dir='ltr'><strong>reversus</strong></span> <span class='ocrx_word' id='word_1_398' title='bbox 2684 1700 2771 1750; x_wconf 88' lang='lat' dir='ltr'><strong>est</strong></span> <span class='ocrx_word' id='word_1_399' title='bbox 2796 1695 2856 1750; x_wconf 92' lang='lat' dir='ltr'><strong>in</strong></span> <span class='ocrx_word' id='word_1_400' title='bbox 2886 1696 3174 1767; x_wconf 85' lang='lat' dir='ltr'><strong>regionem</strong></span> <span class='ocrx_word' id='word_1_401' title='bbox 3203 1711 3384 1751; x_wconf 91' lang='lat' dir='ltr'><strong>suam.</strong></span> 
     </span>
    </p>
   </div>
   <div class='ocr_carea' id='block_1_45' title="bbox 2219 1783 3744 1856">
    <p class='ocr_par' dir='ltr' id='par_1_45' title="bbox 2219 1783 3744 1856">
     <span class='ocr_line' id='line_1_45' title="bbox 2219 1783 3744 1856; baseline 0.001 -18"><span class='ocrx_word' id='word_1_402' title='bbox 2219 1783 2308 1839; x_wconf 70' lang='grc'>40.</span> <span class='ocrx_word' id='word_1_403' title='bbox 2332 1784 2529 1839; x_wconf 88' lang='lat' dir='ltr'><strong>Frater</strong></span> <span class='ocrx_word' id='word_1_404' title='bbox 2542 1784 2908 1856; x_wconf 89' lang='lat' dir='ltr'><strong>interrogavit</strong></span> <span class='ocrx_word' id='word_1_405' title='bbox 2919 1785 3180 1841; x_wconf 89' lang='lat' dir='ltr'><strong>abbatem</strong></span> <span class='ocrx_word' id='word_1_406' title='bbox 3202 1786 3510 1853; x_wconf 75' lang='lat' dir='ltr'><strong>Pastorem,</strong></span> <span class='ocrx_word' id='word_1_407' title='bbox 3531 1786 3744 1841; x_wconf 88' lang='lat' dir='ltr'><strong>dicens:</strong></span> 
     </span>
    </p>
   </div>
   <div class='ocr_carea' id='block_1_46' title="bbox 2147 1873 3781 1947">
    <p class='ocr_par' dir='ltr' id='par_1_46' title="bbox 2147 1873 3781 1947">
     <span class='ocr_line' id='line_1_46' title="bbox 2147 1873 3781 1947; baseline 0.001 -19"><span class='ocrx_word' id='word_1_408' title='bbox 2147 1873 2273 1929; x_wconf 88' lang='lat' dir='ltr'><strong>Feci</strong></span> <span class='ocrx_word' id='word_1_409' title='bbox 2304 1880 2593 1945; x_wconf 89' lang='lat' dir='ltr'><strong>peccatum</strong></span> <span class='ocrx_word' id='word_1_410' title='bbox 2634 1874 2867 1945; x_wconf 85' lang='lat' dir='ltr'><strong>grande,</strong></span> <span class='ocrx_word' id='word_1_411' title='bbox 2901 1881 2959 1930; x_wconf 94' lang='lat' dir='ltr'><strong>et</strong></span> <span class='ocrx_word' id='word_1_412' title='bbox 2996 1876 3118 1931; x_wconf 93' lang='lat' dir='ltr'><strong>volo</strong></span> <span class='ocrx_word' id='word_1_413' title='bbox 3165 1875 3408 1931; x_wconf 90' lang='lat' dir='ltr'><strong>triennio</strong></span> <span class='ocrx_word' id='word_1_414' title='bbox 3452 1875 3781 1947; x_wconf 76' lang='lat' dir='ltr'><strong>poenitere.’</strong></span> 
     </span>
    </p>
   </div>
   <div class='ocr_carea' id='block_1_47' title="bbox 2146 1962 3749 2019">
    <p class='ocr_par' dir='ltr' id='par_1_47' title="bbox 2146 1962 3749 2019">
     <span class='ocr_line' id='line_1_47' title="bbox 2146 1962 3749 2019; baseline 0.001 -2"><span class='ocrx_word' id='word_1_415' title='bbox 2146 1962 2298 2017; x_wconf 89' lang='lat' dir='ltr'><strong>Dixit</strong></span> <span class='ocrx_word' id='word_1_416' title='bbox 2325 1968 2515 2017; x_wconf 88' lang='lat' dir='ltr'><strong>autem</strong></span> <span class='ocrx_word' id='word_1_417' title='bbox 2536 1963 2587 2017; x_wconf 91' lang='lat' dir='ltr'><strong>ei</strong></span> <span class='ocrx_word' id='word_1_418' title='bbox 2617 1963 2788 2017; x_wconf 89' lang='lat' dir='ltr'><strong>abbas</strong></span> <span class='ocrx_word' id='word_1_419' title='bbox 2808 1965 3035 2019; x_wconf 89' lang='lat' dir='ltr'><strong>Pastor:</strong></span> <span class='ocrx_word' id='word_1_420' title='bbox 3059 1965 3299 2019; x_wconf 88' lang='lat' dir='ltr'><strong>Multum</strong></span> <span class='ocrx_word' id='word_1_421' title='bbox 3330 1969 3436 2018; x_wconf 89' lang='lat' dir='ltr'><strong>est.</strong></span> <span class='ocrx_word' id='word_1_422' title='bbox 3454 1965 3524 2019; x_wconf 89' lang='lat' dir='ltr'><strong>Et</strong></span> <span class='ocrx_word' id='word_1_423' title='bbox 3543 1964 3685 2019; x_wconf 84' lang='lat' dir='ltr'><strong>dixit</strong></span> <span class='ocrx_word' id='word_1_424' title='bbox 3698 1964 3749 2019; x_wconf 89' lang='lat' dir='ltr'><strong>ei</strong></span> 
     </span>
    </p>
   </div>
   <div class='ocr_carea' id='block_1_48' title="bbox 2146 2051 3740 2109">
    <p class='ocr_par' dir='ltr' id='par_1_48' title="bbox 2146 2051 3740 2109">
     <span class='ocr_line' id='line_1_48' title="bbox 2146 2051 3740 2109; baseline 0.002 -3"><span class='ocrx_word' id='word_1_425' title='bbox 2146 2051 2354 2106; x_wconf 86' lang='lat' dir='ltr'><strong>frater:</strong></span> <span class='ocrx_word' id='word_1_426' title='bbox 2387 2051 2558 2107; x_wconf 89' lang='lat' dir='ltr'><strong>Jubes</strong></span> <span class='ocrx_word' id='word_1_427' title='bbox 2581 2068 2793 2107; x_wconf 87' lang='lat' dir='ltr'><strong>annum</strong></span> <span class='ocrx_word' id='word_1_428' title='bbox 2815 2054 3033 2107; x_wconf 83' lang='lat' dir='ltr'><strong>unum?</strong></span> <span class='ocrx_word' id='word_1_429' title='bbox 3052 2054 3121 2108; x_wconf 88' lang='lat' dir='ltr'><strong>Et</strong></span> <span class='ocrx_word' id='word_1_430' title='bbox 3146 2054 3287 2108; x_wconf 86' lang='lat' dir='ltr'><strong>dixit</strong></span> <span class='ocrx_word' id='word_1_431' title='bbox 3311 2054 3520 2109; x_wconf 88' lang='lat' dir='ltr'><strong>iterum</strong></span> <span class='ocrx_word' id='word_1_432' title='bbox 3539 2070 3740 2109; x_wconf 89' lang='lat' dir='ltr'><strong>senex:</strong></span> 
     </span>
    </p>
   </div>
   <div class='ocr_carea' id='block_1_49' title="bbox 2147 2141 3737 2215">
    <p class='ocr_par' dir='ltr' id='par_1_49' title="bbox 2147 2141 3737 2215">
     <span class='ocr_line' id='line_1_49' title="bbox 2147 2141 3737 2215; baseline 0.001 -19"><span class='ocrx_word' id='word_1_433' title='bbox 2147 2142 2388 2196; x_wconf 91' lang='lat' dir='ltr'><strong>Multum</strong></span> <span class='ocrx_word' id='word_1_434' title='bbox 2418 2147 2521 2196; x_wconf 89' lang='lat' dir='ltr'><strong>est.</strong></span> <span class='ocrx_word' id='word_1_435' title='bbox 2562 2141 2669 2206; x_wconf 90' lang='lat' dir='ltr'><strong>Qui</strong></span> <span class='ocrx_word' id='word_1_436' title='bbox 2698 2148 2891 2197; x_wconf 91' lang='lat' dir='ltr'><strong>autem</strong></span> <span class='ocrx_word' id='word_1_437' title='bbox 2917 2148 3221 2215; x_wconf 80' lang='lat' dir='ltr'><strong>praesentes</strong></span> <span class='ocrx_word' id='word_1_438' title='bbox 3250 2148 3415 2198; x_wconf 90' lang='lat' dir='ltr'><strong>erant</strong></span> <span class='ocrx_word' id='word_1_439' title='bbox 3433 2142 3701 2198; x_wconf 90' lang='lat' dir='ltr'><strong>dicebant</strong></span> <span class='ocrx_word' id='word_1_440' title='bbox 3725 2162 3737 2196; x_wconf 89' lang='lat'><strong>:</strong></span> 
     </span>
    </p>
   </div>
   <div class='ocr_carea' id='block_1_50' title="bbox 2145 2231 3743 2303">
    <p class='ocr_par' dir='ltr' id='par_1_50' title="bbox 2145 2231 3743 2303">
     <span class='ocr_line' id='line_1_50' title="bbox 2145 2231 3743 2303; baseline 0.001 -18"><span class='ocrx_word' id='word_1_441' title='bbox 2145 2231 2336 2302; x_wconf 91' lang='lat' dir='ltr'><strong>Usque</strong></span> <span class='ocrx_word' id='word_1_442' title='bbox 2368 2231 2440 2285; x_wconf 89' lang='lat' dir='ltr'><strong>ad</strong></span> <span class='ocrx_word' id='word_1_443' title='bbox 2470 2231 2847 2303; x_wconf 85' lang='lat' dir='ltr'><strong>quadraginta</strong></span> <span class='ocrx_word' id='word_1_444' title='bbox 2891 2232 3053 2287; x_wconf 82' lang='lat' dir='ltr'><strong>dies?</strong></span> <span class='ocrx_word' id='word_1_445' title='bbox 3080 2233 3258 2289; x_wconf 83' lang='lat' dir='ltr'><strong>Senex</strong></span> <span class='ocrx_word' id='word_1_446' title='bbox 3308 2232 3514 2288; x_wconf 88' lang='lat' dir='ltr'><strong>iterum</strong></span> <span class='ocrx_word' id='word_1_447' title='bbox 3557 2232 3703 2287; x_wconf 87' lang='lat' dir='ltr'><strong>dixit</strong></span> <span class='ocrx_word' id='word_1_448' title='bbox 3732 2250 3743 2286; x_wconf 91' lang='lat'><strong>:</strong></span> 
     </span>
    </p>
   </div>
   <div class='ocr_carea' id='block_1_51' title="bbox 2144 2318 3744 2394">
    <p class='ocr_par' dir='ltr' id='par_1_51' title="bbox 2144 2318 3744 2394">
     <span class='ocr_line' id='line_1_51' title="bbox 2144 2318 3744 2394; baseline 0.003 -21"><span class='ocrx_word' id='word_1_449' title='bbox 2144 2319 2385 2375; x_wconf 87' lang='lat' dir='ltr'><strong>Multum</strong></span> <span class='ocrx_word' id='word_1_450' title='bbox 2415 2325 2518 2375; x_wconf 88' lang='lat' dir='ltr'><strong>est.</strong></span> <span class='ocrx_word' id='word_1_451' title='bbox 2545 2318 2614 2375; x_wconf 89' lang='lat' dir='ltr'><strong>Et</strong></span> <span class='ocrx_word' id='word_1_452' title='bbox 2641 2321 2849 2391; x_wconf 85' lang='lat' dir='ltr'><strong>adjecit</strong></span> <span class='ocrx_word' id='word_1_453' title='bbox 2865 2320 3055 2376; x_wconf 89' lang='lat' dir='ltr'><strong>dicens</strong></span> <span class='ocrx_word' id='word_1_454' title='bbox 3083 2339 3097 2376; x_wconf 93' lang='lat'><strong>:</strong></span> <span class='ocrx_word' id='word_1_455' title='bbox 3129 2322 3244 2393; x_wconf 88' lang='lat' dir='ltr'><strong>Ego</strong></span> <span class='ocrx_word' id='word_1_456' title='bbox 3265 2326 3421 2394; x_wconf 88' lang='lat' dir='ltr'><strong>puto,</strong></span> <span class='ocrx_word' id='word_1_457' title='bbox 3444 2322 3577 2394; x_wconf 85' lang='lat' dir='ltr'><strong>quia</strong></span> <span class='ocrx_word' id='word_1_458' title='bbox 3602 2322 3652 2377; x_wconf 87' lang='lat' dir='ltr'><strong>si</strong></span> <span class='ocrx_word' id='word_1_459' title='bbox 3681 2339 3744 2377; x_wconf 89' lang='lat' dir='ltr'><strong>ex</strong></span> 
     </span>
    </p>
   </div>
   <div class='ocr_carea' id='block_1_52' title="bbox 2144 2410 3746 2483">
    <p class='ocr_par' dir='ltr' id='par_1_52' title="bbox 2144 2410 3746 2483">
     <span class='ocr_line' id='line_1_52' title="bbox 2144 2410 3746 2483; baseline 0.001 -18"><span class='ocrx_word' id='word_1_460' title='bbox 2144 2414 2264 2465; x_wconf 90' lang='lat' dir='ltr'><strong>toto</strong></span> <span class='ocrx_word' id='word_1_461' title='bbox 2285 2410 2452 2464; x_wconf 88' lang='lat' dir='ltr'><strong>corde</strong></span> <span class='ocrx_word' id='word_1_462' title='bbox 2468 2410 2636 2465; x_wconf 91' lang='lat' dir='ltr'><strong>homo</strong></span> <span class='ocrx_word' id='word_1_463' title='bbox 2653 2410 2998 2481; x_wconf 73' lang='lat' dir='ltr'><strong>paenituerit,</strong></span> <span class='ocrx_word' id='word_1_464' title='bbox 3013 2417 3071 2466; x_wconf 91' lang='lat' dir='ltr'><strong>et</strong></span> <span class='ocrx_word' id='word_1_465' title='bbox 3090 2427 3202 2466; x_wconf 93' lang='lat' dir='ltr'><strong>non</strong></span> <span class='ocrx_word' id='word_1_466' title='bbox 3218 2411 3543 2483; x_wconf 89' lang='lat' dir='ltr'><strong>apposuerit</strong></span> <span class='ocrx_word' id='word_1_467' title='bbox 3562 2411 3746 2467; x_wconf 89' lang='lat' dir='ltr'><strong>facere</strong></span> 
     </span>
    </p>
   </div>
   <div class='ocr_carea' id='block_1_53' title="bbox 2144 2498 3745 2572">
    <p class='ocr_par' dir='ltr' id='par_1_53' title="bbox 2144 2498 3745 2572">
     <span class='ocr_line' id='line_1_53' title="bbox 2144 2498 3745 2572; baseline 0.002 -20"><span class='ocrx_word' id='word_1_468' title='bbox 2144 2498 2351 2553; x_wconf 88' lang='lat' dir='ltr'><strong>iterum</strong></span> <span class='ocrx_word' id='word_1_469' title='bbox 2390 2499 2540 2553; x_wconf 91' lang='lat' dir='ltr'><strong>unde</strong></span> <span class='ocrx_word' id='word_1_470' title='bbox 2581 2500 2972 2571; x_wconf 76' lang='lat' dir='ltr'><strong>paenitentiam</strong></span> <span class='ocrx_word' id='word_1_471' title='bbox 3020 2505 3170 2572; x_wconf 85' lang='lat' dir='ltr'><strong>agat,</strong></span> <span class='ocrx_word' id='word_1_472' title='bbox 3207 2501 3379 2555; x_wconf 89' lang='lat' dir='ltr'><strong>etiam</strong></span> <span class='ocrx_word' id='word_1_473' title='bbox 3421 2501 3745 2557; x_wconf 89' lang='lat' dir='ltr'><strong>triduanam</strong></span> 
     </span>
    </p>
   </div>
   <div class='ocr_carea' id='block_1_54' title="bbox 2145 2588 3023 2661">
    <p class='ocr_par' dir='ltr' id='par_1_54' title="bbox 2145 2588 3023 2661">
     <span class='ocr_line' id='line_1_54' title="bbox 2145 2588 3023 2661; baseline 0.003 -20"><span class='ocrx_word' id='word_1_474' title='bbox 2145 2588 2537 2659; x_wconf 82' lang='lat' dir='ltr'><strong>paenitentiam</strong></span> <span class='ocrx_word' id='word_1_475' title='bbox 2566 2589 2832 2661; x_wconf 87' lang='lat' dir='ltr'><strong>suscipiat</strong></span> <span class='ocrx_word' id='word_1_476' title='bbox 2855 2590 3023 2646; x_wconf 90' lang='lat' dir='ltr'><strong>Deus.</strong></span> 
     </span>
    </p>
   </div>
   <div class='ocr_carea' id='block_1_55' title="bbox 2214 2677 3745 2750">
    <p class='ocr_par' dir='ltr' id='par_1_55' title="bbox 2214 2677 3745 2750">
     <span class='ocr_line' id='line_1_55' title="bbox 2214 2677 3745 2750; baseline 0.003 -19"><span class='ocrx_word' id='word_1_477' title='bbox 2214 2677 2304 2731; x_wconf 81' lang='grc'><strong>41.</strong></span> <span class='ocrx_word' id='word_1_478' title='bbox 2338 2678 2712 2750; x_wconf 88' lang='lat' dir='ltr'><strong>Interrogavit</strong></span> <span class='ocrx_word' id='word_1_479' title='bbox 2739 2695 2871 2733; x_wconf 86' lang='lat' dir='ltr'><strong>eum</strong></span> <span class='ocrx_word' id='word_1_480' title='bbox 2894 2678 3066 2734; x_wconf 88' lang='lat' dir='ltr'><strong>abbas</strong></span> <span class='ocrx_word' id='word_1_481' title='bbox 3085 2679 3325 2733; x_wconf 78' lang='lat' dir='ltr'><strong>Ammon</strong></span> <span class='ocrx_word' id='word_1_482' title='bbox 3347 2678 3417 2733; x_wconf 89' lang='lat' dir='ltr'><strong>de</strong></span> <span class='ocrx_word' id='word_1_483' title='bbox 3437 2679 3745 2735; x_wconf 88' lang='lat' dir='ltr'><strong>immundis</strong></span> 
     </span>
    </p>
   </div>
   <div class='ocr_carea' id='block_1_56' title="bbox 2144 2766 3750 2839">
    <p class='ocr_par' dir='ltr' id='par_1_56' title="bbox 2144 2766 3750 2839">
     <span class='ocr_line' id='line_1_56' title="bbox 2144 2766 3750 2839; baseline 0.001 -18"><span class='ocrx_word' id='word_1_484' title='bbox 2144 2766 2595 2837; x_wconf 83' lang='lat' dir='ltr'><strong>cogitationibus,</strong></span> <span class='ocrx_word' id='word_1_485' title='bbox 2622 2785 2761 2839; x_wconf 90' lang='lat' dir='ltr'><strong>quas</strong></span> <span class='ocrx_word' id='word_1_486' title='bbox 2782 2786 2877 2823; x_wconf 91' lang='lat' dir='ltr'><strong>cor</strong></span> <span class='ocrx_word' id='word_1_487' title='bbox 2891 2768 3133 2823; x_wconf 88' lang='lat' dir='ltr'><strong>hominis</strong></span> <span class='ocrx_word' id='word_1_488' title='bbox 3146 2774 3409 2839; x_wconf 88' lang='lat' dir='ltr'><strong>generat;</strong></span> <span class='ocrx_word' id='word_1_489' title='bbox 3426 2774 3483 2823; x_wconf 91' lang='lat' dir='ltr'><strong>et</strong></span> <span class='ocrx_word' id='word_1_490' title='bbox 3501 2769 3570 2823; x_wconf 88' lang='lat' dir='ltr'><strong>de</strong></span> <span class='ocrx_word' id='word_1_491' title='bbox 3591 2770 3750 2825; x_wconf 88' lang='lat' dir='ltr'><strong>vanis</strong></span> 
     </span>
    </p>
   </div>
   <div class='ocr_carea' id='block_1_57' title="bbox 2144 2856 3748 2929">
    <p class='ocr_par' dir='ltr' id='par_1_57' title="bbox 2144 2856 3748 2929">
     <span class='ocr_line' id='line_1_57' title="bbox 2144 2856 3748 2929; baseline 0.002 -19"><span class='ocrx_word' id='word_1_492' title='bbox 2144 2856 2457 2911; x_wconf 90' lang='lat' dir='ltr'><strong>desideriis.</strong></span> <span class='ocrx_word' id='word_1_493' title='bbox 2483 2858 2553 2912; x_wconf 91' lang='lat' dir='ltr'><strong>Et</strong></span> <span class='ocrx_word' id='word_1_494' title='bbox 2571 2858 2712 2912; x_wconf 91' lang='lat' dir='ltr'><strong>dixit</strong></span> <span class='ocrx_word' id='word_1_495' title='bbox 2730 2857 2782 2911; x_wconf 92' lang='lat' dir='ltr'><strong>ei</strong></span> <span class='ocrx_word' id='word_1_496' title='bbox 2802 2857 2975 2912; x_wconf 87' lang='lat' dir='ltr'><strong>abbas</strong></span> <span class='ocrx_word' id='word_1_497' title='bbox 3005 2858 3232 2912; x_wconf 85' lang='lat' dir='ltr'><strong>Pastor:</strong></span> <span class='ocrx_word' id='word_1_498' title='bbox 3258 2858 3524 2929; x_wconf 86' lang='lat' dir='ltr'><strong>Nunquid</strong></span> <span class='ocrx_word' id='word_1_499' title='bbox 3542 2858 3748 2929; x_wconf 89' lang='lat' dir='ltr'><strong>gloria-</strong></span> 
     </span>
    </p>
   </div>
   <div class='ocr_carea' id='block_1_58' title="bbox 2142 2944 3750 3021">
    <p class='ocr_par' dir='ltr' id='par_1_58' title="bbox 2142 2944 3750 3021">
     <span class='ocr_line' id='line_1_58' title="bbox 2142 2944 3750 3021; baseline 0.002 -21"><span class='ocrx_word' id='word_1_500' title='bbox 2142 2944 2296 3001; x_wconf 88' lang='lat' dir='ltr'><strong>bitur</strong></span> <span class='ocrx_word' id='word_1_501' title='bbox 2322 2951 2506 3013; x_wconf 72' lang='grc' dir='ltr'><strong>θοι</strong></span> <span class='ocrx_word' id='word_1_502' title='bbox 2560 2947 2773 3002; x_wconf 88' lang='lat' dir='ltr'><strong>securis</strong></span> <span class='ocrx_word' id='word_1_503' title='bbox 2808 2948 2929 3002; x_wconf 90' lang='lat' dir='ltr'><strong>sine</strong></span> <span class='ocrx_word' id='word_1_504' title='bbox 2966 2964 3031 3001; x_wconf 90' lang='lat' dir='ltr'><strong>co</strong></span> <span class='ocrx_word' id='word_1_505' title='bbox 3068 2947 3165 3019; x_wconf 90' lang='lat' dir='ltr'><strong>qui</strong></span> <span class='ocrx_word' id='word_1_506' title='bbox 3210 2947 3408 3002; x_wconf 87' lang='lat' dir='ltr'><strong>incidit</strong></span> <span class='ocrx_word' id='word_1_507' title='bbox 3463 2964 3590 3004; x_wconf 87' lang='lat' dir='ltr'><strong>cum</strong></span> <span class='ocrx_word' id='word_1_508' title='bbox 3624 2948 3750 3021; x_wconf 87' lang='lat' dir='ltr'><strong>ipsa</strong></span> 
     </span>
    </p>
   </div>
   <div class='ocr_carea' id='block_1_59' title="bbox 2144 3035 3749 3109">
    <p class='ocr_par' dir='ltr' id='par_1_59' title="bbox 2144 3035 3749 3109">
     <span class='ocr_line' id='line_1_59' title="bbox 2144 3035 3749 3109; baseline 0.003 -20"><span class='ocrx_word' id='word_1_509' title='bbox 2144 3035 2293 3105; x_wconf 79' lang='lat' dir='ltr'><strong>(lsai.</strong></span> <span class='ocrx_word' id='word_1_510' title='bbox 2325 3036 2420 3106; x_wconf 87' lang='lat' dir='ltr'><strong>x)?</strong></span> <span class='ocrx_word' id='word_1_511' title='bbox 2451 3037 2519 3091; x_wconf 86' lang='lat' dir='ltr'><strong>Et</strong></span> <span class='ocrx_word' id='word_1_512' title='bbox 2563 3041 2626 3091; x_wconf 91' lang='lat' dir='ltr'><strong>tu</strong></span> <span class='ocrx_word' id='word_1_513' title='bbox 2679 3053 2812 3107; x_wconf 90' lang='lat' dir='ltr'><strong>ergo</strong></span> <span class='ocrx_word' id='word_1_514' title='bbox 2857 3054 2971 3093; x_wconf 92' lang='lat' dir='ltr'><strong>non</strong></span> <span class='ocrx_word' id='word_1_515' title='bbox 3014 3036 3097 3092; x_wconf 88' lang='lat' dir='ltr'><strong>eis</strong></span> <span class='ocrx_word' id='word_1_516' title='bbox 3136 3037 3391 3109; x_wconf 89' lang='lat' dir='ltr'><strong>porrigas</strong></span> <span class='ocrx_word' id='word_1_517' title='bbox 3430 3053 3655 3105; x_wconf 87' lang='lat' dir='ltr'><strong>manus,</strong></span> <span class='ocrx_word' id='word_1_518' title='bbox 3691 3044 3749 3094; x_wconf 87' lang='lat' dir='ltr'><strong>et</strong></span> 
     </span>
    </p>
   </div>
   <div class='ocr_carea' id='block_1_60' title="bbox 535 3109 2558 3198">
    <p class='ocr_par' dir='ltr' id='par_1_60' title="bbox 535 3109 2558 3198">
     <span class='ocr_line' id='line_1_60' title="bbox 535 3109 2558 3198; baseline -0.002 -15"><span class='ocrx_word' id='word_1_519' title='bbox 535 3124 623 3183; x_wconf 91' lang='lat'><strong>39.</strong></span> <span class='ocrx_word' id='word_1_520' title='bbox 654 3124 807 3181; x_wconf 81' lang='lat' dir='ltr'><strong>Abiit</strong></span> <span class='ocrx_word' id='word_1_521' title='bbox 834 3126 1062 3198; x_wconf 91' lang='lat' dir='ltr'><strong>quidam</strong></span> <span class='ocrx_word' id='word_1_522' title='bbox 1092 3125 1267 3181; x_wconf 86' lang='lat' dir='ltr'><strong>frater</strong></span> <span class='ocrx_word' id='word_1_523' title='bbox 1293 3125 1593 3198; x_wconf 89' lang='lat' dir='ltr'><strong>aliquando</strong></span> <span class='ocrx_word' id='word_1_524' title='bbox 1623 3126 1693 3181; x_wconf 90' lang='lat' dir='ltr'><strong>de</strong></span> <span class='ocrx_word' id='word_1_525' title='bbox 1721 3127 2062 3183; x_wconf 87' lang='lat' dir='ltr'><strong>monasterio</strong></span> <span class='ocrx_word' id='word_1_526' title='bbox 2079 3109 2125 3172; x_wconf 73' lang='grc' dir='ltr'>ο</span> <span class='ocrx_word' id='word_1_527' title='bbox 2149 3125 2343 3180; x_wconf 74' lang='lat' dir='ltr'><strong>otiosa:</strong></span> <span class='ocrx_word' id='word_1_528' title='bbox 2373 3132 2558 3182; x_wconf 89' lang='lat' dir='ltr'><strong>erunt.</strong></span> 
     </span>
    </p>
   </div>
   <div class='ocr_carea' id='block_1_61' title="bbox 460 3215 2058 3287">
    <p class='ocr_par' dir='ltr' id='par_1_61' title="bbox 460 3215 2058 3287">
     <span class='ocr_line' id='line_1_61' title="bbox 460 3215 2058 3287; baseline 0.001 -15"><span class='ocrx_word' id='word_1_529' title='bbox 460 3216 679 3272; x_wconf 89' lang='lat' dir='ltr'><strong>abbatis</strong></span> <span class='ocrx_word' id='word_1_530' title='bbox 706 3215 953 3271; x_wconf 88' lang='lat' dir='ltr'><strong>Pastoris</strong></span> <span class='ocrx_word' id='word_1_531' title='bbox 982 3215 1040 3269; x_wconf 94' lang='lat' dir='ltr'><strong>in</strong></span> <span class='ocrx_word' id='word_1_532' title='bbox 1070 3232 1302 3287; x_wconf 88' lang='lat' dir='ltr'><strong>peregre</strong></span> <span class='ocrx_word' id='word_1_533' title='bbox 1343 3216 1525 3283; x_wconf 66' lang='lat' dir='ltr'><strong>(Ra/l1,</strong></span> <span class='ocrx_word' id='word_1_534' title='bbox 1560 3217 1655 3271; x_wconf 74' lang='lat' dir='ltr'><strong>lib.</strong></span> <span class='ocrx_word' id='word_1_535' title='bbox 1698 3231 1780 3283; x_wconf 83' lang='lat' dir='ltr'><strong>Ill,</strong></span> <span class='ocrx_word' id='word_1_536' title='bbox 1816 3233 1875 3271; x_wconf 85' lang='grc' dir='ltr'>η.</span> <span class='ocrx_word' id='word_1_537' title='bbox 1909 3215 2058 3286; x_wconf 78' lang='grc'><strong>114),</strong></span> 
     </span>
    </p>
   </div>
   <div class='ocr_carea' id='block_1_62' title="bbox 464 3303 2062 3378">
    <p class='ocr_par' dir='ltr' id='par_1_62' title="bbox 464 3303 2062 3378">
     <span class='ocr_line' id='line_1_62' title="bbox 464 3303 2062 3378; baseline -0.001 -16"><span class='ocrx_word' id='word_1_538' title='bbox 464 3310 524 3361; x_wconf 90' lang='lat' dir='ltr'><strong>et</strong></span> <span class='ocrx_word' id='word_1_539' title='bbox 549 3304 819 3378; x_wconf 85' lang='lat' dir='ltr'><strong>applicuit</strong></span> <span class='ocrx_word' id='word_1_540' title='bbox 836 3304 908 3359; x_wconf 89' lang='lat' dir='ltr'><strong>ad</strong></span> <span class='ocrx_word' id='word_1_541' title='bbox 935 3304 1235 3376; x_wconf 90' lang='lat' dir='ltr'><strong>quemdam</strong></span> <span class='ocrx_word' id='word_1_542' title='bbox 1260 3303 1572 3359; x_wconf 89' lang='lat' dir='ltr'><strong>solitarium</strong></span> <span class='ocrx_word' id='word_1_543' title='bbox 1597 3323 1610 3372; x_wconf 91' lang='lat'><strong>;</strong></span> <span class='ocrx_word' id='word_1_544' title='bbox 1643 3310 1767 3359; x_wconf 89' lang='lat' dir='ltr'><strong>erat</strong></span> <span class='ocrx_word' id='word_1_545' title='bbox 1792 3305 1943 3359; x_wconf 90' lang='lat' dir='ltr'><strong>enim</strong></span> <span class='ocrx_word' id='word_1_546' title='bbox 1967 3306 2062 3361; x_wconf 90' lang='lat' dir='ltr'><strong>ille</strong></span> 
     </span>
    </p>
   </div>
   <div class='ocr_carea' id='block_1_63' title="bbox 466 3393 2065 3458">
    <p class='ocr_par' dir='ltr' id='par_1_63' title="bbox 466 3393 2065 3458">
     <span class='ocr_line' id='line_1_63' title="bbox 466 3393 2065 3458; baseline 0 -8"><span class='ocrx_word' id='word_1_547' title='bbox 466 3394 680 3451; x_wconf 85' lang='lat' dir='ltr'><strong>habens</strong></span> <span class='ocrx_word' id='word_1_548' title='bbox 699 3411 827 3451; x_wconf 92' lang='lat' dir='ltr'><strong>cum</strong></span> <span class='ocrx_word' id='word_1_549' title='bbox 855 3393 1116 3449; x_wconf 91' lang='lat' dir='ltr'><strong>omnibus</strong></span> <span class='ocrx_word' id='word_1_550' title='bbox 1127 3393 1479 3458; x_wconf 87' lang='lat' dir='ltr'><strong>charitatem,</strong></span> <span class='ocrx_word' id='word_1_551' title='bbox 1505 3399 1563 3449; x_wconf 90' lang='lat' dir='ltr'><strong>et</strong></span> <span class='ocrx_word' id='word_1_552' title='bbox 1580 3394 1745 3449; x_wconf 91' lang='lat' dir='ltr'><strong>multi</strong></span> <span class='ocrx_word' id='word_1_553' title='bbox 1765 3394 2065 3450; x_wconf 89' lang='lat' dir='ltr'><strong>veniebant</strong></span> 
     </span>
    </p>
   </div>
   <div class='ocr_carea' id='block_1_64' title="bbox 465 3482 2067 3555">
    <p class='ocr_par' dir='ltr' id='par_1_64' title="bbox 465 3482 2067 3555">
     <span class='ocr_line' id='line_1_64' title="bbox 465 3482 2067 3555; baseline 0 -16"><span class='ocrx_word' id='word_1_554' title='bbox 465 3484 536 3539; x_wconf 90' lang='lat' dir='ltr'><strong>ad</strong></span> <span class='ocrx_word' id='word_1_555' title='bbox 567 3500 717 3539; x_wconf 91' lang='lat' dir='ltr'><strong>eum.</strong></span> <span class='ocrx_word' id='word_1_556' title='bbox 752 3482 1044 3538; x_wconf 87' lang='lat' dir='ltr'><strong>Nuntiavit</strong></span> <span class='ocrx_word' id='word_1_557' title='bbox 1069 3487 1261 3538; x_wconf 90' lang='lat' dir='ltr'><strong>autem</strong></span> <span class='ocrx_word' id='word_1_558' title='bbox 1289 3482 1340 3537; x_wconf 91' lang='lat' dir='ltr'><strong>ei</strong></span> <span class='ocrx_word' id='word_1_559' title='bbox 1370 3483 1545 3537; x_wconf 89' lang='lat' dir='ltr'><strong>frater</strong></span> <span class='ocrx_word' id='word_1_560' title='bbox 1579 3482 1674 3539; x_wconf 92' lang='lat' dir='ltr'><strong>ille</strong></span> <span class='ocrx_word' id='word_1_561' title='bbox 1710 3485 1967 3555; x_wconf 83' lang='lat' dir='ltr'><strong>quaedam</strong></span> <span class='ocrx_word' id='word_1_562' title='bbox 1996 3484 2067 3539; x_wconf 91' lang='lat' dir='ltr'><strong>de</strong></span> 
     </span>
    </p>
   </div>
   <div class='ocr_carea' id='block_1_65' title="bbox 466 3571 2062 3645">
    <p class='ocr_par' dir='ltr' id='par_1_65' title="bbox 466 3571 2062 3645">
     <span class='ocr_line' id='line_1_65' title="bbox 466 3571 2062 3645; baseline 0.001 -17"><span class='ocrx_word' id='word_1_563' title='bbox 466 3572 669 3628; x_wconf 89' lang='lat' dir='ltr'><strong>abbate</strong></span> <span class='ocrx_word' id='word_1_564' title='bbox 705 3573 939 3627; x_wconf 88' lang='lat' dir='ltr'><strong>Pastore</strong></span> <span class='ocrx_word' id='word_1_565' title='bbox 966 3591 980 3628; x_wconf 91' lang='lat'><strong>:</strong></span> <span class='ocrx_word' id='word_1_566' title='bbox 1013 3571 1111 3643; x_wconf 90' lang='lat' dir='ltr'><strong>qui</strong></span> <span class='ocrx_word' id='word_1_567' title='bbox 1139 3571 1376 3627; x_wconf 89' lang='lat' dir='ltr'><strong>audiens</strong></span> <span class='ocrx_word' id='word_1_568' title='bbox 1422 3571 1687 3627; x_wconf 91' lang='lat' dir='ltr'><strong>virtutem</strong></span> <span class='ocrx_word' id='word_1_569' title='bbox 1715 3573 1890 3628; x_wconf 88' lang='lat' dir='ltr'><strong>animi</strong></span> <span class='ocrx_word' id='word_1_570' title='bbox 1921 3573 2062 3645; x_wconf 89' lang='lat' dir='ltr'><strong>ejus,</strong></span> 
     </span>
    </p>
   </div>
   <div class='ocr_carea' id='block_1_66' title="bbox 467 3660 2067 3719">
    <p class='ocr_par' dir='ltr' id='par_1_66' title="bbox 467 3660 2067 3719">
     <span class='ocr_line' id='line_1_66' title="bbox 467 3660 2067 3719; baseline 0 -1"><span class='ocrx_word' id='word_1_571' title='bbox 467 3662 808 3718; x_wconf 89' lang='lat' dir='ltr'><strong>desideravit</strong></span> <span class='ocrx_word' id='word_1_572' title='bbox 828 3678 958 3716; x_wconf 92' lang='lat' dir='ltr'><strong>eum</strong></span> <span class='ocrx_word' id='word_1_573' title='bbox 980 3660 1188 3717; x_wconf 90' lang='lat' dir='ltr'><strong>videre.</strong></span> <span class='ocrx_word' id='word_1_574' title='bbox 1211 3667 1355 3719; x_wconf 90' lang='lat' dir='ltr'><strong>Cum</strong></span> <span class='ocrx_word' id='word_1_575' title='bbox 1376 3678 1631 3717; x_wconf 89' lang='lat' dir='ltr'><strong>reversus</strong></span> <span class='ocrx_word' id='word_1_576' title='bbox 1660 3666 1850 3718; x_wconf 89' lang='lat' dir='ltr'><strong>autem</strong></span> <span class='ocrx_word' id='word_1_577' title='bbox 1870 3662 2067 3718; x_wconf 89' lang='lat' dir='ltr'><strong>fuisset</strong></span> 
     </span>
    </p>
   </div>
   <div class='ocr_carea' id='block_1_67' title="bbox 466 3750 2069 3824">
    <p class='ocr_par' dir='ltr' id='par_1_67' title="bbox 466 3750 2069 3824">
     <span class='ocr_line' id='line_1_67' title="bbox 466 3750 2069 3824; baseline 0 -17"><span class='ocrx_word' id='word_1_578' title='bbox 466 3752 643 3807; x_wconf 86' lang='lat' dir='ltr'><strong>frater</strong></span> <span class='ocrx_word' id='word_1_579' title='bbox 668 3751 764 3807; x_wconf 90' lang='lat' dir='ltr'><strong>ille</strong></span> <span class='ocrx_word' id='word_1_580' title='bbox 792 3752 851 3806; x_wconf 92' lang='lat' dir='ltr'><strong>in</strong></span> <span class='ocrx_word' id='word_1_581' title='bbox 875 3751 1134 3823; x_wconf 65' lang='lat' dir='ltr'><strong>Egypto,</strong></span> <span class='ocrx_word' id='word_1_582' title='bbox 1159 3756 1285 3823; x_wconf 91' lang='lat' dir='ltr'><strong>post</strong></span> <span class='ocrx_word' id='word_1_583' title='bbox 1312 3750 1665 3823; x_wconf 87' lang='lat' dir='ltr'><strong>aliquantum</strong></span> <span class='ocrx_word' id='word_1_584' title='bbox 1691 3758 1915 3824; x_wconf 89' lang='lat' dir='ltr'><strong>tempus</strong></span> <span class='ocrx_word' id='word_1_585' title='bbox 1941 3770 2069 3808; x_wconf 88' lang='lat' dir='ltr'><strong>sur-</strong></span> 
     </span>
    </p>
   </div>
   <div class='ocr_carea' id='block_1_68' title="bbox 466 3839 2066 3914">
    <p class='ocr_par' dir='ltr' id='par_1_68' title="bbox 466 3839 2066 3914">
     <span class='ocr_line' id='line_1_68' title="bbox 466 3839 2066 3914; baseline 0 -17"><span class='ocrx_word' id='word_1_586' title='bbox 466 3858 606 3913; x_wconf 86' lang='lat' dir='ltr'><strong>gens</strong></span> <span class='ocrx_word' id='word_1_587' title='bbox 633 3840 988 3914; x_wconf 89' lang='lat' dir='ltr'><strong>supradictus</strong></span> <span class='ocrx_word' id='word_1_588' title='bbox 1018 3840 1322 3908; x_wconf 88' lang='lat' dir='ltr'><strong>solitarius,</strong></span> <span class='ocrx_word' id='word_1_589' title='bbox 1355 3839 1509 3896; x_wconf 90' lang='lat' dir='ltr'><strong>venit</strong></span> <span class='ocrx_word' id='word_1_590' title='bbox 1546 3846 1612 3897; x_wconf 91' lang='lat' dir='ltr'><strong>ut</strong></span> <span class='ocrx_word' id='word_1_591' title='bbox 1654 3841 1985 3913; x_wconf 88' lang='lat' dir='ltr'><strong>peregrinus</strong></span> <span class='ocrx_word' id='word_1_592' title='bbox 2009 3842 2066 3897; x_wconf 93' lang='lat' dir='ltr'><strong>in</strong></span> 
     </span>
    </p>
   </div>
   <div class='ocr_carea' id='block_1_69' title="bbox 468 3930 2070 4004">
    <p class='ocr_par' dir='ltr' id='par_1_69' title="bbox 468 3930 2070 4004">
     <span class='ocr_line' id='line_1_69' title="bbox 468 3930 2070 4004; baseline 0 -17"><span class='ocrx_word' id='word_1_593' title='bbox 468 3931 771 4003; x_wconf 65' lang='lat' dir='ltr'><strong>Egyptum</strong></span> <span class='ocrx_word' id='word_1_594' title='bbox 792 3930 862 3985; x_wconf 91' lang='lat' dir='ltr'><strong>ad</strong></span> <span class='ocrx_word' id='word_1_595' title='bbox 884 3930 1144 3985; x_wconf 88' lang='lat' dir='ltr'><strong>eumdem</strong></span> <span class='ocrx_word' id='word_1_596' title='bbox 1164 3930 1417 3997; x_wconf 87' lang='lat' dir='ltr'><strong>fratrem,</strong></span> <span class='ocrx_word' id='word_1_597' title='bbox 1432 3930 1527 4002; x_wconf 92' lang='lat' dir='ltr'><strong>qui</strong></span> <span class='ocrx_word' id='word_1_598' title='bbox 1548 3931 1705 4002; x_wconf 91' lang='lat' dir='ltr'><strong>prius</strong></span> <span class='ocrx_word' id='word_1_599' title='bbox 1722 3932 2070 4004; x_wconf 88' lang='lat' dir='ltr'><strong>applicuerat</strong></span> 
     </span>
    </p>
   </div>
   <div class='ocr_carea' id='block_1_70' title="bbox 470 4018 2068 4092">
    <p class='ocr_par' dir='ltr' id='par_1_70' title="bbox 470 4018 2068 4092">
     <span class='ocr_line' id='line_1_70' title="bbox 470 4018 2068 4092; baseline 0.001 -17"><span class='ocrx_word' id='word_1_600' title='bbox 470 4021 620 4092; x_wconf 88' lang='lat' dir='ltr'><strong>apud</strong></span> <span class='ocrx_word' id='word_1_601' title='bbox 648 4020 853 4092; x_wconf 88' lang='lat' dir='ltr'><strong>ipsum,</strong></span> <span class='ocrx_word' id='word_1_602' title='bbox 899 4019 1122 4074; x_wconf 86' lang='lat' dir='ltr'><strong>dixerat</strong></span> <span class='ocrx_word' id='word_1_603' title='bbox 1160 4020 1309 4074; x_wconf 91' lang='lat' dir='ltr'><strong>enim</strong></span> <span class='ocrx_word' id='word_1_604' title='bbox 1346 4020 1397 4074; x_wconf 92' lang='lat' dir='ltr'><strong>ei</strong></span> <span class='ocrx_word' id='word_1_605' title='bbox 1427 4018 1522 4074; x_wconf 91' lang='lat' dir='ltr'><strong>ubi</strong></span> <span class='ocrx_word' id='word_1_606' title='bbox 1552 4026 1823 4075; x_wconf 90' lang='lat' dir='ltr'><strong>maneret.</strong></span> <span class='ocrx_word' id='word_1_607' title='bbox 1858 4021 2068 4077; x_wconf 80' lang='lat' dir='ltr'><strong>Videns</strong></span> 
     </span>
    </p>
   </div>
   <div class='ocr_carea' id='block_1_71' title="bbox 470 4107 2066 4179">
    <p class='ocr_par' dir='ltr' id='par_1_71' title="bbox 470 4107 2066 4179">
     <span class='ocr_line' id='line_1_71' title="bbox 470 4107 2066 4179; baseline 0.001 -16"><span class='ocrx_word' id='word_1_608' title='bbox 470 4114 660 4164; x_wconf 87' lang='lat' dir='ltr'><strong>autem</strong></span> <span class='ocrx_word' id='word_1_609' title='bbox 674 4109 789 4173; x_wconf 88' lang='lat' dir='ltr'><strong>ille,</strong></span> <span class='ocrx_word' id='word_1_610' title='bbox 813 4108 1049 4163; x_wconf 88' lang='lat' dir='ltr'><strong>miratus</strong></span> <span class='ocrx_word' id='word_1_611' title='bbox 1073 4112 1161 4162; x_wconf 88' lang='lat' dir='ltr'><strong>est</strong></span> <span class='ocrx_word' id='word_1_612' title='bbox 1181 4112 1239 4162; x_wconf 93' lang='lat' dir='ltr'><strong>et</strong></span> <span class='ocrx_word' id='word_1_613' title='bbox 1260 4107 1419 4163; x_wconf 85' lang='lat' dir='ltr'><strong>valde</strong></span> <span class='ocrx_word' id='word_1_614' title='bbox 1433 4108 1679 4179; x_wconf 89' lang='lat' dir='ltr'><strong>gavisus.</strong></span> <span class='ocrx_word' id='word_1_615' title='bbox 1702 4109 1854 4164; x_wconf 91' lang='lat' dir='ltr'><strong>Dixit</strong></span> <span class='ocrx_word' id='word_1_616' title='bbox 1876 4116 2066 4165; x_wconf 90' lang='lat' dir='ltr'><strong>autem</strong></span> 
     </span>
    </p>
   </div>
   <div class='ocr_carea' id='block_1_72' title="bbox 471 4196 2068 4269">
    <p class='ocr_par' dir='ltr' id='par_1_72' title="bbox 471 4196 2068 4269">
     <span class='ocr_line' id='line_1_72' title="bbox 471 4196 2068 4269; baseline 0.001 -16"><span class='ocrx_word' id='word_1_617' title='bbox 471 4198 524 4253; x_wconf 90' lang='lat' dir='ltr'><strong>ei</strong></span> <span class='ocrx_word' id='word_1_618' title='bbox 547 4197 642 4251; x_wconf 88' lang='lat' dir='ltr'><strong>ille</strong></span> <span class='ocrx_word' id='word_1_619' title='bbox 681 4196 966 4252; x_wconf 83' lang='lat' dir='ltr'><strong>solitarius</strong></span> <span class='ocrx_word' id='word_1_620' title='bbox 1009 4215 1021 4250; x_wconf 89' lang='lat'><strong>:</strong></span> <span class='ocrx_word' id='word_1_621' title='bbox 1057 4196 1303 4252; x_wconf 87' lang='lat' dir='ltr'><strong>Ostende</strong></span> <span class='ocrx_word' id='word_1_622' title='bbox 1330 4197 1663 4252; x_wconf 88' lang='lat' dir='ltr'><strong>charitatem</strong></span> <span class='ocrx_word' id='word_1_623' title='bbox 1696 4214 1866 4269; x_wconf 89' lang='lat' dir='ltr'><strong>quam</strong></span> <span class='ocrx_word' id='word_1_624' title='bbox 1896 4199 2068 4255; x_wconf 89' lang='lat' dir='ltr'><strong>habes</strong></span> 
     </span>
    </p>
   </div>
   <div class='ocr_carea' id='block_1_73' title="bbox 472 4284 2066 4350">
    <p class='ocr_par' dir='ltr' id='par_1_73' title="bbox 472 4284 2066 4350">
     <span class='ocr_line' id='line_1_73' title="bbox 472 4284 2066 4350; baseline 0.002 -8"><span class='ocrx_word' id='word_1_625' title='bbox 472 4287 534 4342; x_wconf 90' lang='lat' dir='ltr'><strong>in</strong></span> <span class='ocrx_word' id='word_1_626' title='bbox 562 4303 672 4350; x_wconf 91' lang='lat' dir='ltr'><strong>me,</strong></span> <span class='ocrx_word' id='word_1_627' title='bbox 697 4291 754 4340; x_wconf 91' lang='lat' dir='ltr'><strong>et</strong></span> <span class='ocrx_word' id='word_1_628' title='bbox 781 4284 890 4339; x_wconf 92' lang='lat' dir='ltr'><strong>duc</strong></span> <span class='ocrx_word' id='word_1_629' title='bbox 921 4301 1011 4339; x_wconf 90' lang='lat' dir='ltr'><strong>me</strong></span> <span class='ocrx_word' id='word_1_630' title='bbox 1040 4285 1110 4340; x_wconf 90' lang='lat' dir='ltr'><strong>ad</strong></span> <span class='ocrx_word' id='word_1_631' title='bbox 1149 4284 1410 4339; x_wconf 89' lang='lat' dir='ltr'><strong>abbatem</strong></span> <span class='ocrx_word' id='word_1_632' title='bbox 1436 4286 1746 4341; x_wconf 91' lang='lat' dir='ltr'><strong>Pastorem.</strong></span> <span class='ocrx_word' id='word_1_633' title='bbox 1770 4288 1838 4342; x_wconf 89' lang='lat' dir='ltr'><strong>Et</strong></span> <span class='ocrx_word' id='word_1_634' title='bbox 1864 4289 2066 4345; x_wconf 90' lang='lat' dir='ltr'><strong>tollens</strong></span> 
     </span>
    </p>
   </div>
   <div class='ocr_carea' id='block_1_74' title="bbox 472 4374 2060 4444">
    <p class='ocr_par' dir='ltr' id='par_1_74' title="bbox 472 4374 2060 4444">
     <span class='ocr_line' id='line_1_74' title="bbox 472 4374 2060 4444; baseline 0.002 -14"><span class='ocrx_word' id='word_1_635' title='bbox 472 4391 621 4440; x_wconf 86' lang='lat' dir='ltr'><strong>eum,</strong></span> <span class='ocrx_word' id='word_1_636' title='bbox 647 4374 809 4430; x_wconf 85' lang='lat' dir='ltr'><strong>duxit</strong></span> <span class='ocrx_word' id='word_1_637' title='bbox 832 4374 904 4429; x_wconf 87' lang='lat' dir='ltr'><strong>ad</strong></span> <span class='ocrx_word' id='word_1_638' title='bbox 932 4391 1145 4443; x_wconf 91' lang='lat' dir='ltr'><strong>senem,</strong></span> <span class='ocrx_word' id='word_1_639' title='bbox 1172 4379 1231 4429; x_wconf 92' lang='lat' dir='ltr'><strong>et</strong></span> <span class='ocrx_word' id='word_1_640' title='bbox 1258 4374 1537 4429; x_wconf 89' lang='lat' dir='ltr'><strong>nuntiavit</strong></span> <span class='ocrx_word' id='word_1_641' title='bbox 1556 4376 1607 4430; x_wconf 90' lang='lat' dir='ltr'><strong>ei</strong></span> <span class='ocrx_word' id='word_1_642' title='bbox 1635 4376 1704 4430; x_wconf 92' lang='lat' dir='ltr'><strong>de</strong></span> <span class='ocrx_word' id='word_1_643' title='bbox 1730 4393 1814 4444; x_wconf 88' lang='lat' dir='ltr'><strong>eo,</strong></span> <span class='ocrx_word' id='word_1_644' title='bbox 1838 4378 2060 4435; x_wconf 90' lang='lat' dir='ltr'><strong>dicens:</strong></span> 
     </span>
    </p>
   </div>
   <div class='ocr_carea' id='block_1_75' title="bbox 2214 3215 3739 3288">
    <p class='ocr_par' dir='ltr' id='par_1_75' title="bbox 2214 3215 3739 3288">
     <span class='ocr_line' id='line_1_75' title="bbox 2214 3215 3739 3288; baseline 0.004 -19"><span class='ocrx_word' id='word_1_645' title='bbox 2214 3215 2304 3272; x_wconf 78' lang='lat'><strong>4&#39;2.</strong></span> <span class='ocrx_word' id='word_1_646' title='bbox 2336 3216 2709 3288; x_wconf 85' lang='lat' dir='ltr'><strong>Interrogavit</strong></span> <span class='ocrx_word' id='word_1_647' title='bbox 2728 3216 2991 3271; x_wconf 88' lang='lat' dir='ltr'><strong>eumdem</strong></span> <span class='ocrx_word' id='word_1_648' title='bbox 3010 3232 3328 3272; x_wconf 90' lang='lat' dir='ltr'><strong>sermonem</strong></span> <span class='ocrx_word' id='word_1_649' title='bbox 3349 3216 3521 3272; x_wconf 88' lang='lat' dir='ltr'><strong>abbas</strong></span> <span class='ocrx_word' id='word_1_650' title='bbox 3543 3218 3739 3276; x_wconf 86' lang='lat' dir='ltr'><strong>Isaias.</strong></span> 
     </span>
    </p>
   </div>
   <div class='ocr_carea' id='block_1_76' title="bbox 2144 3305 3741 3378">
    <p class='ocr_par' dir='ltr' id='par_1_76' title="bbox 2144 3305 3741 3378">
     <span class='ocr_line' id='line_1_76' title="bbox 2144 3305 3741 3378; baseline 0.003 -19"><span class='ocrx_word' id='word_1_651' title='bbox 2144 3305 2294 3360; x_wconf 89' lang='lat' dir='ltr'><strong>Dicit</strong></span> <span class='ocrx_word' id='word_1_652' title='bbox 2320 3305 2491 3361; x_wconf 90' lang='lat' dir='ltr'><strong>abbas</strong></span> <span class='ocrx_word' id='word_1_653' title='bbox 2529 3307 2729 3361; x_wconf 88' lang='lat' dir='ltr'><strong>Pastor</strong></span> <span class='ocrx_word' id='word_1_654' title='bbox 2757 3324 2769 3359; x_wconf 90' lang='lat'><strong>:</strong></span> <span class='ocrx_word' id='word_1_655' title='bbox 2806 3306 2963 3374; x_wconf 83' lang='lat' dir='ltr'><strong>Sicut</strong></span> <span class='ocrx_word' id='word_1_656' title='bbox 2990 3323 3158 3377; x_wconf 88' lang='lat' dir='ltr'><strong>capsa</strong></span> <span class='ocrx_word' id='word_1_657' title='bbox 3193 3307 3362 3378; x_wconf 89' lang='lat' dir='ltr'><strong>plena</strong></span> <span class='ocrx_word' id='word_1_658' title='bbox 3390 3307 3663 3371; x_wconf 87' lang='lat' dir='ltr'><strong>vestibus,</strong></span> <span class='ocrx_word' id='word_1_659' title='bbox 3695 3309 3741 3363; x_wconf 92' lang='lat' dir='ltr'><strong>si</strong></span> 
     </span>
    </p>
   </div>
   <div class='ocr_carea' id='block_1_77' title="bbox 2145 3395 3746 3467">
    <p class='ocr_par' dir='ltr' id='par_1_77' title="bbox 2145 3395 3746 3467">
     <span class='ocr_line' id='line_1_77' title="bbox 2145 3395 3746 3467; baseline 0.002 -18"><span class='ocrx_word' id='word_1_660' title='bbox 2145 3395 2378 3449; x_wconf 87' lang='lat' dir='ltr'><strong>dimissa</strong></span> <span class='ocrx_word' id='word_1_661' title='bbox 2390 3395 2559 3451; x_wconf 88' lang='lat' dir='ltr'><strong>fuerit</strong></span> <span class='ocrx_word' id='word_1_662' title='bbox 2576 3401 2828 3467; x_wconf 90' lang='lat' dir='ltr'><strong>tempore</strong></span> <span class='ocrx_word' id='word_1_663' title='bbox 2847 3396 3033 3466; x_wconf 90' lang='lat' dir='ltr'><strong>longo,</strong></span> <span class='ocrx_word' id='word_1_664' title='bbox 3041 3398 3351 3467; x_wconf 81' lang='lat' dir='ltr'><strong>putrefiunt</strong></span> <span class='ocrx_word' id='word_1_665' title='bbox 3366 3402 3543 3452; x_wconf 86' lang='lat' dir='ltr'><strong>vestes</strong></span> <span class='ocrx_word' id='word_1_666' title='bbox 3563 3398 3625 3452; x_wconf 91' lang='lat' dir='ltr'><strong>in</strong></span> <span class='ocrx_word' id='word_1_667' title='bbox 3663 3414 3746 3464; x_wconf 90' lang='lat' dir='ltr'><strong>ea,</strong></span> 
     </span>
    </p>
   </div>
   <div class='ocr_carea' id='block_1_78' title="bbox 2148 3484 3749 3555">
    <p class='ocr_par' dir='ltr' id='par_1_78' title="bbox 2148 3484 3749 3555">
     <span class='ocr_line' id='line_1_78' title="bbox 2148 3484 3749 3555; baseline 0.002 -16"><span class='ocrx_word' id='word_1_668' title='bbox 2148 3484 2228 3539; x_wconf 92' lang='lat' dir='ltr'><strong>ita</strong></span> <span class='ocrx_word' id='word_1_669' title='bbox 2255 3490 2389 3540; x_wconf 89' lang='lat' dir='ltr'><strong>sunt</strong></span> <span class='ocrx_word' id='word_1_670' title='bbox 2408 3491 2465 3540; x_wconf 91' lang='lat' dir='ltr'><strong>et</strong></span> <span class='ocrx_word' id='word_1_671' title='bbox 2490 3485 2859 3555; x_wconf 84' lang='lat' dir='ltr'><strong>cogitationes</strong></span> <span class='ocrx_word' id='word_1_672' title='bbox 2881 3484 2939 3539; x_wconf 89' lang='lat' dir='ltr'><strong>in</strong></span> <span class='ocrx_word' id='word_1_673' title='bbox 2968 3486 3133 3541; x_wconf 88' lang='lat' dir='ltr'><strong>corde</strong></span> <span class='ocrx_word' id='word_1_674' title='bbox 3160 3491 3380 3553; x_wconf 89' lang='lat' dir='ltr'><strong>nostro;</strong></span> <span class='ocrx_word' id='word_1_675' title='bbox 3410 3486 3458 3541; x_wconf 89' lang='lat' dir='ltr'><strong>si</strong></span> <span class='ocrx_word' id='word_1_676' title='bbox 3474 3503 3585 3541; x_wconf 92' lang='lat' dir='ltr'><strong>non</strong></span> <span class='ocrx_word' id='word_1_677' title='bbox 3598 3486 3749 3544; x_wconf 87' lang='lat' dir='ltr'><strong>fece-</strong></span> 
     </span>
    </p>
   </div>
   <div class='ocr_carea' id='block_1_79' title="bbox 2145 3573 3746 3647">
    <p class='ocr_par' dir='ltr' id='par_1_79' title="bbox 2145 3573 3746 3647">
     <span class='ocr_line' id='line_1_79' title="bbox 2145 3573 3746 3647; baseline 0.002 -18"><span class='ocrx_word' id='word_1_678' title='bbox 2145 3573 2322 3629; x_wconf 87' lang='lat' dir='ltr'><strong>rimus</strong></span> <span class='ocrx_word' id='word_1_679' title='bbox 2334 3590 2399 3629; x_wconf 91' lang='lat' dir='ltr'><strong>ea</strong></span> <span class='ocrx_word' id='word_1_680' title='bbox 2414 3574 2796 3647; x_wconf 88' lang='lat' dir='ltr'><strong>corporaliter,</strong></span> <span class='ocrx_word' id='word_1_681' title='bbox 2816 3580 3071 3646; x_wconf 90' lang='lat' dir='ltr'><strong>tempore</strong></span> <span class='ocrx_word' id='word_1_682' title='bbox 3098 3576 3266 3646; x_wconf 89' lang='lat' dir='ltr'><strong>longo</strong></span> <span class='ocrx_word' id='word_1_683' title='bbox 3288 3575 3746 3633; x_wconf 83' lang='lat' dir='ltr'><strong>exterminabun—</strong></span> 
     </span>
    </p>
   </div>
   <div class='ocr_carea' id='block_1_80' title="bbox 2146 3666 2670 3735">
    <p class='ocr_par' dir='ltr' id='par_1_80' title="bbox 2146 3666 2670 3735">
     <span class='ocr_line' id='line_1_80' title="bbox 2146 3666 2670 3735; baseline 0.004 -18"><span class='ocrx_word' id='word_1_684' title='bbox 2146 3668 2241 3718; x_wconf 92' lang='lat' dir='ltr'><strong>tur</strong></span> <span class='ocrx_word' id='word_1_685' title='bbox 2261 3668 2320 3718; x_wconf 90' lang='lat' dir='ltr'><strong>et</strong></span> <span class='ocrx_word' id='word_1_686' title='bbox 2345 3666 2670 3735; x_wconf 83' lang='lat' dir='ltr'><strong>putrefient.</strong></span> 
     </span>
    </p>
   </div>
   <div class='ocr_carea' id='block_1_81' title="bbox 2220 3751 3751 3827">
    <p class='ocr_par' dir='ltr' id='par_1_81' title="bbox 2220 3751 3751 3827">
     <span class='ocr_line' id='line_1_81' title="bbox 2220 3751 3751 3827; baseline 0 -18"><span class='ocrx_word' id='word_1_687' title='bbox 2220 3751 2309 3810; x_wconf 76' lang='grc'><strong>43.</strong></span> <span class='ocrx_word' id='word_1_688' title='bbox 2341 3754 2715 3826; x_wconf 86' lang='lat' dir='ltr'><strong>Interrogavit</strong></span> <span class='ocrx_word' id='word_1_689' title='bbox 2741 3753 2914 3809; x_wconf 89' lang='lat' dir='ltr'><strong>abbas</strong></span> <span class='ocrx_word' id='word_1_690' title='bbox 2954 3755 3160 3827; x_wconf 88' lang='lat' dir='ltr'><strong>Joseph</strong></span> <span class='ocrx_word' id='word_1_691' title='bbox 3204 3754 3274 3810; x_wconf 88' lang='lat' dir='ltr'><strong>de</strong></span> <span class='ocrx_word' id='word_1_692' title='bbox 3312 3754 3507 3811; x_wconf 88' lang='lat' dir='ltr'><strong>eadem</strong></span> <span class='ocrx_word' id='word_1_693' title='bbox 3539 3770 3599 3809; x_wconf 92' lang='lat' dir='ltr'><strong>re</strong></span> <span class='ocrx_word' id='word_1_694' title='bbox 3637 3774 3651 3823; x_wconf 94' lang='lat'><strong>;</strong></span> <span class='ocrx_word' id='word_1_695' title='bbox 3695 3761 3751 3809; x_wconf 91' lang='lat' dir='ltr'><strong>et</strong></span> 
     </span>
    </p>
   </div>
   <div class='ocr_carea' id='block_1_82' title="bbox 2149 3841 3746 3916">
    <p class='ocr_par' dir='ltr' id='par_1_82' title="bbox 2149 3841 3746 3916">
     <span class='ocr_line' id='line_1_82' title="bbox 2149 3841 3746 3916; baseline 0.001 -19"><span class='ocrx_word' id='word_1_696' title='bbox 2149 3841 2289 3898; x_wconf 89' lang='lat' dir='ltr'><strong>dixit</strong></span> <span class='ocrx_word' id='word_1_697' title='bbox 2311 3842 2483 3899; x_wconf 86' lang='lat' dir='ltr'><strong>abbas</strong></span> <span class='ocrx_word' id='word_1_698' title='bbox 2510 3844 2710 3899; x_wconf 90' lang='lat' dir='ltr'><strong>Pastor</strong></span> <span class='ocrx_word' id='word_1_699' title='bbox 2739 3861 2755 3899; x_wconf 92' lang='lat'><strong>:</strong></span> <span class='ocrx_word' id='word_1_700' title='bbox 2798 3844 2956 3899; x_wconf 89' lang='lat' dir='ltr'><strong>Sicut</strong></span> <span class='ocrx_word' id='word_1_701' title='bbox 2984 3844 3109 3916; x_wconf 92' lang='lat' dir='ltr'><strong>quis</strong></span> <span class='ocrx_word' id='word_1_702' title='bbox 3135 3844 3401 3899; x_wconf 89' lang='lat' dir='ltr'><strong>claudens</strong></span> <span class='ocrx_word' id='word_1_703' title='bbox 3429 3850 3746 3915; x_wconf 89' lang='lat' dir='ltr'><strong>serpentem</strong></span> 
     </span>
    </p>
   </div>
   <div class='ocr_carea' id='block_1_83' title="bbox 2152 3932 3747 4005">
    <p class='ocr_par' dir='ltr' id='par_1_83' title="bbox 2152 3932 3747 4005">
     <span class='ocr_line' id='line_1_83' title="bbox 2152 3932 3747 4005; baseline 0.002 -19"><span class='ocrx_word' id='word_1_704' title='bbox 2152 3933 2233 3987; x_wconf 86' lang='lat' dir='ltr'><strong>vel</strong></span> <span class='ocrx_word' id='word_1_705' title='bbox 2261 3932 2611 4005; x_wconf 88' lang='lat' dir='ltr'><strong>scorpionem</strong></span> <span class='ocrx_word' id='word_1_706' title='bbox 2642 3932 2700 3987; x_wconf 93' lang='lat' dir='ltr'><strong>in</strong></span> <span class='ocrx_word' id='word_1_707' title='bbox 2727 3950 2877 3997; x_wconf 89' lang='lat' dir='ltr'><strong>vase,</strong></span> <span class='ocrx_word' id='word_1_708' title='bbox 2904 3939 2962 3988; x_wconf 90' lang='lat' dir='ltr'><strong>et</strong></span> <span class='ocrx_word' id='word_1_709' title='bbox 2975 3933 3205 3989; x_wconf 89' lang='lat' dir='ltr'><strong>obturat</strong></span> <span class='ocrx_word' id='word_1_710' title='bbox 3230 3951 3380 4001; x_wconf 91' lang='lat' dir='ltr'><strong>eum,</strong></span> <span class='ocrx_word' id='word_1_711' title='bbox 3410 3933 3747 4005; x_wconf 89' lang='lat' dir='ltr'><strong>procedente</strong></span> 
     </span>
    </p>
   </div>
   <div class='ocr_carea' id='block_1_84' title="bbox 2148 4022 3742 4095">
    <p class='ocr_par' dir='ltr' id='par_1_84' title="bbox 2148 4022 3742 4095">
     <span class='ocr_line' id='line_1_84' title="bbox 2148 4022 3742 4095; baseline 0.001 -19"><span class='ocrx_word' id='word_1_712' title='bbox 2148 4026 2401 4094; x_wconf 90' lang='lat' dir='ltr'><strong>tempore</strong></span> <span class='ocrx_word' id='word_1_713' title='bbox 2421 4023 2649 4077; x_wconf 89' lang='lat' dir='ltr'><strong>omnino</strong></span> <span class='ocrx_word' id='word_1_714' title='bbox 2667 4023 2908 4079; x_wconf 89' lang='lat' dir='ltr'><strong>moritur</strong></span> <span class='ocrx_word' id='word_1_715' title='bbox 2930 4042 2943 4090; x_wconf 93' lang='lat'><strong>;</strong></span> <span class='ocrx_word' id='word_1_716' title='bbox 2966 4023 3046 4078; x_wconf 87' lang='lat' dir='ltr'><strong>ita</strong></span> <span class='ocrx_word' id='word_1_717' title='bbox 3074 4023 3334 4095; x_wconf 86' lang='lat' dir='ltr'><strong>malignae</strong></span> <span class='ocrx_word' id='word_1_718' title='bbox 3353 4022 3742 4094; x_wconf 85' lang='lat' dir='ltr'><strong>cogitationes,</strong></span> 
     </span>
    </p>
   </div>
   <div class='ocr_carea' id='block_1_85' title="bbox 2149 4110 3740 4183">
    <p class='ocr_par' dir='ltr' id='par_1_85' title="bbox 2149 4110 3740 4183">
     <span class='ocr_line' id='line_1_85' title="bbox 2149 4110 3740 4183; baseline 0.001 -19"><span class='ocrx_word' id='word_1_719' title='bbox 2149 4127 2272 4182; x_wconf 80' lang='lat' dir='ltr'><strong>quae</strong></span> <span class='ocrx_word' id='word_1_720' title='bbox 2297 4110 2482 4165; x_wconf 90' lang='lat' dir='ltr'><strong>studio</strong></span> <span class='ocrx_word' id='word_1_721' title='bbox 2510 4111 2830 4166; x_wconf 72' lang='lat' dir='ltr'><strong>daemonum</strong></span> <span class='ocrx_word' id='word_1_722' title='bbox 2858 4111 3158 4183; x_wconf 88' lang='lat' dir='ltr'><strong>pullulant,</strong></span> <span class='ocrx_word' id='word_1_723' title='bbox 3193 4111 3466 4183; x_wconf 89' lang='lat' dir='ltr'><strong>patientia</strong></span> <span class='ocrx_word' id='word_1_724' title='bbox 3494 4112 3616 4183; x_wconf 89' lang='lat' dir='ltr'><strong>ejus</strong></span> <span class='ocrx_word' id='word_1_725' title='bbox 3649 4110 3740 4166; x_wconf 86' lang='lat' dir='ltr'><strong>cui</strong></span> 
     </span>
    </p>
   </div>
   <div class='ocr_carea' id='block_1_86' title="bbox 2148 4198 3147 4272">
    <p class='ocr_par' dir='ltr' id='par_1_86' title="bbox 2148 4198 3147 4272">
     <span class='ocr_line' id='line_1_86' title="bbox 2148 4198 3147 4272; baseline 0.001 -18"><span class='ocrx_word' id='word_1_726' title='bbox 2148 4198 2535 4255; x_wconf 91' lang='lat' dir='ltr'><strong>immittuntur</strong></span> <span class='ocrx_word' id='word_1_727' title='bbox 2556 4201 2828 4272; x_wconf 89' lang='lat' dir='ltr'><strong>paulatim</strong></span> <span class='ocrx_word' id='word_1_728' title='bbox 2859 4201 3147 4257; x_wconf 84' lang='lat' dir='ltr'><strong>deficiunt.</strong></span> 
     </span>
    </p>
   </div>
   <div class='ocr_carea' id='block_1_87' title="bbox 2216 4287 3742 4363">
    <p class='ocr_par' dir='ltr' id='par_1_87' title="bbox 2216 4287 3742 4363">
     <span class='ocr_line' id='line_1_87' title="bbox 2216 4287 3742 4363; baseline -0.001 -18"><span class='ocrx_word' id='word_1_729' title='bbox 2216 4287 2306 4345; x_wconf 77' lang='grc'><strong>44.</strong></span> <span class='ocrx_word' id='word_1_730' title='bbox 2336 4288 2705 4361; x_wconf 88' lang='lat' dir='ltr'><strong>Interrogavit</strong></span> <span class='ocrx_word' id='word_1_731' title='bbox 2726 4290 2900 4345; x_wconf 89' lang='lat' dir='ltr'><strong>abbas</strong></span> <span class='ocrx_word' id='word_1_732' title='bbox 2923 4291 3127 4363; x_wconf 86' lang='lat' dir='ltr'><strong>Joseph</strong></span> <span class='ocrx_word' id='word_1_733' title='bbox 3147 4289 3406 4346; x_wconf 90' lang='lat' dir='ltr'><strong>abbatem</strong></span> <span class='ocrx_word' id='word_1_734' title='bbox 3429 4291 3742 4355; x_wconf 90' lang='lat' dir='ltr'><strong>Pastorem,</strong></span> 
     </span>
    </p>
   </div>
   <div class='ocr_carea' id='block_1_88' title="bbox 2148 4377 3741 4452">
    <p class='ocr_par' dir='ltr' id='par_1_88' title="bbox 2148 4377 3741 4452">
     <span class='ocr_line' id='line_1_88' title="bbox 2148 4377 3741 4452; baseline 0.002 -21"><span class='ocrx_word' id='word_1_735' title='bbox 2148 4377 2337 4432; x_wconf 83' lang='lat' dir='ltr'><strong>dicens</strong></span> <span class='ocrx_word' id='word_1_736' title='bbox 2370 4396 2381 4432; x_wconf 88' lang='lat'><strong>:</strong></span> <span class='ocrx_word' id='word_1_737' title='bbox 2413 4378 2704 4443; x_wconf 90' lang='lat' dir='ltr'><strong>Quomodo</strong></span> <span class='ocrx_word' id='word_1_738' title='bbox 2734 4397 2874 4451; x_wconf 92' lang='lat' dir='ltr'><strong>opus</strong></span> <span class='ocrx_word' id='word_1_739' title='bbox 2896 4386 2977 4435; x_wconf 91' lang='lat' dir='ltr'><strong>est</strong></span> <span class='ocrx_word' id='word_1_740' title='bbox 3011 4382 3272 4452; x_wconf 87' lang='lat' dir='ltr'><strong>jejunare</strong></span> <span class='ocrx_word' id='word_1_741' title='bbox 3305 4382 3486 4450; x_wconf 66' lang='lat' dir='ltr'><strong>(nu/[2,</strong></span> <span class='ocrx_word' id='word_1_742' title='bbox 3527 4381 3624 4434; x_wconf 80' lang='lat' dir='ltr'><strong>lib.</strong></span> <span class='ocrx_word' id='word_1_743' title='bbox 3662 4394 3741 4445; x_wconf 83' lang='lat' dir='ltr'><strong>ut,</strong></span> 
     </span>
    </p>
   </div>
   <div class='ocr_carea' id='block_1_89' title="bbox 473 4464 3749 4540">
    <p class='ocr_par' dir='ltr' id='par_1_89' title="bbox 473 4464 3749 4540">
     <span class='ocr_line' id='line_1_89' title="bbox 473 4464 3749 4540; baseline 0.001 -21"><span class='ocrx_word' id='word_1_744' title='bbox 473 4464 716 4530; x_wconf 88' lang='lat' dir='ltr'><strong>Quidam</strong></span> <span class='ocrx_word' id='word_1_745' title='bbox 753 4480 993 4535; x_wconf 88' lang='lat' dir='ltr'><strong>magnus</strong></span> <span class='ocrx_word' id='word_1_746' title='bbox 1028 4465 1216 4533; x_wconf 91' lang='lat' dir='ltr'><strong>homo,</strong></span> <span class='ocrx_word' id='word_1_747' title='bbox 1250 4470 1306 4520; x_wconf 91' lang='lat' dir='ltr'><strong>et</strong></span> <span class='ocrx_word' id='word_1_748' title='bbox 1335 4467 1573 4521; x_wconf 89' lang='lat' dir='ltr'><strong>multam</strong></span> <span class='ocrx_word' id='word_1_749' title='bbox 1598 4467 1933 4524; x_wconf 89' lang='lat' dir='ltr'><strong>charitatem</strong></span> <span class='ocrx_word' id='word_1_750' title='bbox 1964 4470 2064 4524; x_wconf 90' lang='lat' dir='ltr'><strong>ha-</strong></span> <span class='ocrx_word' id='word_1_751' title='bbox 2084 4466 2206 4528; x_wconf 86' lang='lat' dir='ltr'><strong>Dn.</strong></span> <span class='ocrx_word' id='word_1_752' title='bbox 2240 4466 2362 4537; x_wconf 75' lang='lat'><strong>45)?</strong></span> <span class='ocrx_word' id='word_1_753' title='bbox 2385 4468 2455 4522; x_wconf 91' lang='lat' dir='ltr'><strong>Et</strong></span> <span class='ocrx_word' id='word_1_754' title='bbox 2473 4468 2614 4523; x_wconf 88' lang='lat' dir='ltr'><strong>dixit</strong></span> <span class='ocrx_word' id='word_1_755' title='bbox 2636 4468 2809 4523; x_wconf 89' lang='lat' dir='ltr'><strong>abbas</strong></span> <span class='ocrx_word' id='word_1_756' title='bbox 2845 4470 3045 4525; x_wconf 88' lang='lat' dir='ltr'><strong>Pastor</strong></span> <span class='ocrx_word' id='word_1_757' title='bbox 3075 4488 3090 4527; x_wconf 90' lang='lat'><strong>:</strong></span> <span class='ocrx_word' id='word_1_758' title='bbox 3120 4470 3234 4540; x_wconf 86' lang='lat' dir='ltr'><strong>Ego</strong></span> <span class='ocrx_word' id='word_1_759' title='bbox 3265 4470 3386 4525; x_wconf 91' lang='lat' dir='ltr'><strong>volo</strong></span> <span class='ocrx_word' id='word_1_760' title='bbox 3410 4474 3475 4524; x_wconf 90' lang='lat' dir='ltr'><strong>ut</strong></span> <span class='ocrx_word' id='word_1_761' title='bbox 3500 4469 3749 4540; x_wconf 90' lang='lat' dir='ltr'><strong>quotidie</strong></span> 
     </span>
    </p>
   </div>
   <div class='ocr_carea' id='block_1_90' title="bbox 470 4554 2070 4628">
    <p class='ocr_par' dir='ltr' id='par_1_90' title="bbox 470 4554 2070 4628">
     <span class='ocr_line' id='line_1_90' title="bbox 470 4554 2070 4628; baseline 0.003 -18"><span class='ocrx_word' id='word_1_762' title='bbox 470 4554 628 4621; x_wconf 91' lang='lat' dir='ltr'><strong>bens,</strong></span> <span class='ocrx_word' id='word_1_763' title='bbox 654 4560 711 4610; x_wconf 88' lang='lat' dir='ltr'><strong>et</strong></span> <span class='ocrx_word' id='word_1_764' title='bbox 737 4555 1008 4610; x_wconf 88' lang='lat' dir='ltr'><strong>honorem</strong></span> <span class='ocrx_word' id='word_1_765' title='bbox 1039 4555 1344 4626; x_wconf 91' lang='lat' dir='ltr'><strong>plurimum</strong></span> <span class='ocrx_word' id='word_1_766' title='bbox 1371 4556 1428 4609; x_wconf 92' lang='lat' dir='ltr'><strong>in</strong></span> <span class='ocrx_word' id='word_1_767' title='bbox 1453 4556 1735 4628; x_wconf 88' lang='lat' dir='ltr'><strong>provincia</strong></span> <span class='ocrx_word' id='word_1_768' title='bbox 1764 4575 1885 4626; x_wconf 91' lang='lat' dir='ltr'><strong>sua,</strong></span> <span class='ocrx_word' id='word_1_769' title='bbox 1917 4559 2070 4614; x_wconf 89' lang='lat' dir='ltr'><strong>venit</strong></span> 
     </span>
    </p>
   </div>
   <div class='ocr_carea' id='block_1_91' title="bbox 470 4644 2070 4719">
    <p class='ocr_par' dir='ltr' id='par_1_91' title="bbox 470 4644 2070 4719">
     <span class='ocr_line' id='line_1_91' title="bbox 470 4644 2070 4719; baseline 0.004 -20"><span class='ocrx_word' id='word_1_770' title='bbox 470 4644 796 4700; x_wconf 89' lang='lat' dir='ltr'><strong>desiderans</strong></span> <span class='ocrx_word' id='word_1_771' title='bbox 824 4644 1013 4700; x_wconf 86' lang='lat' dir='ltr'><strong>videre</strong></span> <span class='ocrx_word' id='word_1_772' title='bbox 1038 4649 1113 4699; x_wconf 91' lang='lat' dir='ltr'><strong>te.</strong></span> <span class='ocrx_word' id='word_1_773' title='bbox 1147 4644 1403 4717; x_wconf 89' lang='lat' dir='ltr'><strong>Suscepit</strong></span> <span class='ocrx_word' id='word_1_774' title='bbox 1429 4662 1563 4717; x_wconf 91' lang='lat' dir='ltr'><strong>ergo</strong></span> <span class='ocrx_word' id='word_1_775' title='bbox 1585 4663 1712 4701; x_wconf 89' lang='lat' dir='ltr'><strong>eum</strong></span> <span class='ocrx_word' id='word_1_776' title='bbox 1732 4665 1859 4703; x_wconf 88' lang='lat' dir='ltr'><strong>cum</strong></span> <span class='ocrx_word' id='word_1_777' title='bbox 1878 4654 2070 4719; x_wconf 84' lang='lat' dir='ltr'><strong>gratu-</strong></span> 
     </span>
    </p>
   </div>
   <div class='ocr_carea' id='block_1_92' title="bbox 470 4733 2064 4801">
    <p class='ocr_par' dir='ltr' id='par_1_92' title="bbox 470 4733 2064 4801">
     <span class='ocr_line' id='line_1_92' title="bbox 470 4733 2064 4801; baseline 0.004 -14"><span class='ocrx_word' id='word_1_778' title='bbox 470 4733 681 4789; x_wconf 90' lang='lat' dir='ltr'><strong>latione</strong></span> <span class='ocrx_word' id='word_1_779' title='bbox 710 4750 898 4801; x_wconf 90' lang='lat' dir='ltr'><strong>senex,</strong></span> <span class='ocrx_word' id='word_1_780' title='bbox 928 4741 986 4789; x_wconf 90' lang='lat' dir='ltr'><strong>et</strong></span> <span class='ocrx_word' id='word_1_781' title='bbox 1011 4734 1321 4789; x_wconf 86' lang='lat' dir='ltr'><strong>salutantes</strong></span> <span class='ocrx_word' id='word_1_782' title='bbox 1353 4752 1413 4789; x_wconf 90' lang='lat' dir='ltr'><strong>se</strong></span> <span class='ocrx_word' id='word_1_783' title='bbox 1451 4735 1685 4792; x_wconf 90' lang='lat' dir='ltr'><strong>invicem</strong></span> <span class='ocrx_word' id='word_1_784' title='bbox 1714 4739 2064 4794; x_wconf 89' lang='lat' dir='ltr'><strong>resederunt.</strong></span> 
     </span>
    </p>
   </div>
   <div class='ocr_carea' id='block_1_93' title="bbox 474 4823 2068 4899">
    <p class='ocr_par' dir='ltr' id='par_1_93' title="bbox 474 4823 2068 4899">
     <span class='ocr_line' id='line_1_93' title="bbox 474 4823 2068 4899; baseline 0.003 -20"><span class='ocrx_word' id='word_1_785' title='bbox 474 4824 658 4894; x_wconf 82' lang='lat' dir='ltr'><strong>Ccepit</strong></span> <span class='ocrx_word' id='word_1_786' title='bbox 671 4829 858 4878; x_wconf 88' lang='lat' dir='ltr'><strong>autem</strong></span> <span class='ocrx_word' id='word_1_787' title='bbox 880 4823 1032 4895; x_wconf 89' lang='lat' dir='ltr'><strong>loqui</strong></span> <span class='ocrx_word' id='word_1_788' title='bbox 1046 4824 1263 4895; x_wconf 85' lang='lat' dir='ltr'><strong>peregri</strong></span> <span class='ocrx_word' id='word_1_789' title='bbox 1272 4839 1375 4878; x_wconf 87' lang='lat' dir='ltr'><strong>nus</strong></span> <span class='ocrx_word' id='word_1_790' title='bbox 1384 4825 1478 4879; x_wconf 83' lang='lat' dir='ltr'><strong>ille</strong></span> <span class='ocrx_word' id='word_1_791' title='bbox 1490 4824 1668 4880; x_wconf 89' lang='lat' dir='ltr'><strong>frater</strong></span> <span class='ocrx_word' id='word_1_792' title='bbox 1680 4826 1750 4881; x_wconf 89' lang='lat' dir='ltr'><strong>de</strong></span> <span class='ocrx_word' id='word_1_793' title='bbox 1764 4827 1985 4899; x_wconf 89' lang='lat' dir='ltr'><strong>Scriptu</strong></span> <span class='ocrx_word' id='word_1_794' title='bbox 1992 4829 2068 4883; x_wconf 90' lang='lat' dir='ltr'><strong>ris</strong></span> 
     </span>
    </p>
   </div>
   <div class='ocr_carea' id='block_1_94' title="bbox 472 4912 2065 4986">
    <p class='ocr_par' dir='ltr' id='par_1_94' title="bbox 472 4912 2065 4986">
     <span class='ocr_line' id='line_1_94' title="bbox 472 4912 2065 4986; baseline 0.003 -19"><span class='ocrx_word' id='word_1_795' title='bbox 472 4912 700 4978; x_wconf 86' lang='lat' dir='ltr'><strong>sanctis,</strong></span> <span class='ocrx_word' id='word_1_796' title='bbox 736 4918 794 4966; x_wconf 91' lang='lat' dir='ltr'><strong>et</strong></span> <span class='ocrx_word' id='word_1_797' title='bbox 821 4913 891 4967; x_wconf 91' lang='lat' dir='ltr'><strong>de</strong></span> <span class='ocrx_word' id='word_1_798' title='bbox 911 4912 1079 4968; x_wconf 89' lang='lat' dir='ltr'><strong>rebus</strong></span> <span class='ocrx_word' id='word_1_799' title='bbox 1107 4912 1493 4984; x_wconf 91' lang='lat' dir='ltr'><strong>spiritualibus</strong></span> <span class='ocrx_word' id='word_1_800' title='bbox 1520 4920 1690 4986; x_wconf 89' lang='lat' dir='ltr'><strong>atque</strong></span> <span class='ocrx_word' id='word_1_801' title='bbox 1719 4916 2065 4986; x_wconf 69' lang='lat' dir='ltr'><strong>ccelestibus;</strong></span> 
     </span>
    </p>
   </div>
   <div class='ocr_carea' id='block_1_95' title="bbox 474 5001 2071 5071">
    <p class='ocr_par' dir='ltr' id='par_1_95' title="bbox 474 5001 2071 5071">
     <span class='ocr_line' id='line_1_95' title="bbox 474 5001 2071 5071; baseline 0.003 -15"><span class='ocrx_word' id='word_1_802' title='bbox 474 5001 646 5056; x_wconf 88' lang='lat' dir='ltr'><strong>abbas</strong></span> <span class='ocrx_word' id='word_1_803' title='bbox 670 5007 860 5057; x_wconf 90' lang='lat' dir='ltr'><strong>autem</strong></span> <span class='ocrx_word' id='word_1_804' title='bbox 891 5003 1092 5056; x_wconf 86' lang='lat' dir='ltr'><strong>Pastor</strong></span> <span class='ocrx_word' id='word_1_805' title='bbox 1106 5002 1308 5057; x_wconf 91' lang='lat' dir='ltr'><strong>avertit</strong></span> <span class='ocrx_word' id='word_1_806' title='bbox 1325 5002 1523 5058; x_wconf 90' lang='lat' dir='ltr'><strong>faciem</strong></span> <span class='ocrx_word' id='word_1_807' title='bbox 1546 5020 1727 5071; x_wconf 90' lang='lat' dir='ltr'><strong>suam,</strong></span> <span class='ocrx_word' id='word_1_808' title='bbox 1760 5011 1817 5060; x_wconf 91' lang='lat' dir='ltr'><strong>et</strong></span> <span class='ocrx_word' id='word_1_809' title='bbox 1841 5022 1953 5060; x_wconf 92' lang='lat' dir='ltr'><strong>non</strong></span> <span class='ocrx_word' id='word_1_810' title='bbox 1978 5006 2071 5061; x_wconf 89' lang='lat' dir='ltr'><strong>de-</strong></span> 
     </span>
    </p>
   </div>
   <div class='ocr_carea' id='block_1_96' title="bbox 472 5091 2070 5167">
    <p class='ocr_par' dir='ltr' id='par_1_96' title="bbox 472 5091 2070 5167">
     <span class='ocr_line' id='line_1_96' title="bbox 472 5091 2070 5167; baseline 0.003 -21"><span class='ocrx_word' id='word_1_811' title='bbox 472 5091 557 5147; x_wconf 91' lang='lat' dir='ltr'><strong>dit</strong></span> <span class='ocrx_word' id='word_1_812' title='bbox 584 5092 635 5146; x_wconf 92' lang='lat' dir='ltr'><strong>ei</strong></span> <span class='ocrx_word' id='word_1_813' title='bbox 659 5092 1225 5163; x_wconf 89' lang='lat' dir='ltr'><strong>responsum.Videns</strong></span> <span class='ocrx_word' id='word_1_814' title='bbox 1246 5098 1437 5148; x_wconf 89' lang='lat' dir='ltr'><strong>autem</strong></span> <span class='ocrx_word' id='word_1_815' title='bbox 1467 5094 1562 5148; x_wconf 91' lang='lat' dir='ltr'><strong>ille</strong></span> <span class='ocrx_word' id='word_1_816' title='bbox 1592 5094 1723 5165; x_wconf 88' lang='lat' dir='ltr'><strong>quia</strong></span> <span class='ocrx_word' id='word_1_817' title='bbox 1744 5111 1856 5149; x_wconf 90' lang='lat' dir='ltr'><strong>non</strong></span> <span class='ocrx_word' id='word_1_818' title='bbox 1880 5096 2070 5167; x_wconf 81' lang='lat' dir='ltr'><strong>loque-</strong></span> 
     </span>
    </p>
   </div>
   <div class='ocr_carea' id='block_1_97' title="bbox 476 5180 2067 5255">
    <p class='ocr_par' dir='ltr' id='par_1_97' title="bbox 476 5180 2067 5255">
     <span class='ocr_line' id='line_1_97' title="bbox 476 5180 2067 5255; baseline 0.002 -19"><span class='ocrx_word' id='word_1_819' title='bbox 476 5186 633 5236; x_wconf 83' lang='lat' dir='ltr'><strong>retur</strong></span> <span class='ocrx_word' id='word_1_820' title='bbox 654 5180 1103 5248; x_wconf 88' lang='lat' dir='ltr'><strong>ei,contristatus</strong></span> <span class='ocrx_word' id='word_1_821' title='bbox 1132 5183 1287 5247; x_wconf 81' lang='lat' dir='ltr'><strong>exiit,</strong></span> <span class='ocrx_word' id='word_1_822' title='bbox 1312 5189 1370 5237; x_wconf 91' lang='lat' dir='ltr'><strong>et</strong></span> <span class='ocrx_word' id='word_1_823' title='bbox 1385 5183 1522 5238; x_wconf 90' lang='lat' dir='ltr'><strong>dicit</strong></span> <span class='ocrx_word' id='word_1_824' title='bbox 1540 5183 1700 5237; x_wconf 91' lang='lat' dir='ltr'><strong>fratri</strong></span> <span class='ocrx_word' id='word_1_825' title='bbox 1719 5183 1799 5237; x_wconf 90' lang='lat' dir='ltr'><strong>illi</strong></span> <span class='ocrx_word' id='word_1_826' title='bbox 1820 5184 1917 5255; x_wconf 92' lang='lat' dir='ltr'><strong>qui</strong></span> <span class='ocrx_word' id='word_1_827' title='bbox 1937 5201 2067 5239; x_wconf 91' lang='lat' dir='ltr'><strong>eum</strong></span> 
     </span>
    </p>
   </div>
   <div class='ocr_carea' id='block_1_98' title="bbox 474 5270 2068 5343">
    <p class='ocr_par' dir='ltr' id='par_1_98' title="bbox 474 5270 2068 5343">
     <span class='ocr_line' id='line_1_98' title="bbox 474 5270 2068 5343; baseline 0.003 -18"><span class='ocrx_word' id='word_1_828' title='bbox 474 5270 783 5326; x_wconf 87' lang='lat' dir='ltr'><strong>adduxerat</strong></span> <span class='ocrx_word' id='word_1_829' title='bbox 810 5289 824 5327; x_wconf 92' lang='lat'><strong>:</strong></span> <span class='ocrx_word' id='word_1_830' title='bbox 852 5272 919 5325; x_wconf 93' lang='lat' dir='ltr'><strong>In</strong></span> <span class='ocrx_word' id='word_1_831' title='bbox 951 5288 1154 5326; x_wconf 89' lang='lat' dir='ltr'><strong>vanum</strong></span> <span class='ocrx_word' id='word_1_832' title='bbox 1182 5273 1291 5327; x_wconf 89' lang='lat' dir='ltr'><strong>iter</strong></span> <span class='ocrx_word' id='word_1_833' title='bbox 1316 5272 1464 5327; x_wconf 91' lang='lat' dir='ltr'><strong>istud</strong></span> <span class='ocrx_word' id='word_1_834' title='bbox 1496 5272 1772 5343; x_wconf 89' lang='lat' dir='ltr'><strong>assumpsi</strong></span> <span class='ocrx_word' id='word_1_835' title='bbox 1798 5291 1811 5339; x_wconf 92' lang='lat'><strong>;</strong></span> <span class='ocrx_word' id='word_1_836' title='bbox 1843 5274 1967 5328; x_wconf 87' lang='lat' dir='ltr'><strong>veni</strong></span> <span class='ocrx_word' id='word_1_837' title='bbox 1997 5274 2068 5329; x_wconf 91' lang='lat' dir='ltr'><strong>ad</strong></span> 
     </span>
    </p>
   </div>
   <div class='ocr_carea' id='block_1_99' title="bbox 475 5360 2071 5433">
    <p class='ocr_par' dir='ltr' id='par_1_99' title="bbox 475 5360 2071 5433">
     <span class='ocr_line' id='line_1_99' title="bbox 475 5360 2071 5433; baseline 0.003 -18"><span class='ocrx_word' id='word_1_838' title='bbox 475 5377 688 5427; x_wconf 89' lang='lat' dir='ltr'><strong>senem,</strong></span> <span class='ocrx_word' id='word_1_839' title='bbox 722 5365 780 5415; x_wconf 89' lang='lat' dir='ltr'><strong>et</strong></span> <span class='ocrx_word' id='word_1_840' title='bbox 805 5378 930 5416; x_wconf 91' lang='lat' dir='ltr'><strong>ecce</strong></span> <span class='ocrx_word' id='word_1_841' title='bbox 959 5377 1063 5416; x_wconf 90' lang='lat' dir='ltr'><strong>nec</strong></span> <span class='ocrx_word' id='word_1_842' title='bbox 1088 5362 1242 5433; x_wconf 91' lang='lat' dir='ltr'><strong>loqui</strong></span> <span class='ocrx_word' id='word_1_843' title='bbox 1272 5377 1491 5416; x_wconf 90' lang='lat' dir='ltr'><strong>mecum</strong></span> <span class='ocrx_word' id='word_1_844' title='bbox 1518 5360 1801 5432; x_wconf 88' lang='lat' dir='ltr'><strong>dignatur.</strong></span> <span class='ocrx_word' id='word_1_845' title='bbox 1834 5365 2071 5420; x_wconf 90' lang='lat' dir='ltr'><strong>Intravit</strong></span> 
     </span>
    </p>
   </div>
   <div class='ocr_carea' id='block_1_100' title="bbox 476 5450 2065 5522">
    <p class='ocr_par' dir='ltr' id='par_1_100' title="bbox 476 5450 2065 5522">
     <span class='ocr_line' id='line_1_100' title="bbox 476 5450 2065 5522; baseline 0.004 -17"><span class='ocrx_word' id='word_1_846' title='bbox 476 5457 666 5506; x_wconf 87' lang='lat' dir='ltr'><strong>autem</strong></span> <span class='ocrx_word' id='word_1_847' title='bbox 677 5450 849 5507; x_wconf 88' lang='lat' dir='ltr'><strong>frater</strong></span> <span class='ocrx_word' id='word_1_848' title='bbox 862 5452 933 5506; x_wconf 90' lang='lat' dir='ltr'><strong>ad</strong></span> <span class='ocrx_word' id='word_1_849' title='bbox 954 5450 1211 5507; x_wconf 89' lang='lat' dir='ltr'><strong>abbatem</strong></span> <span class='ocrx_word' id='word_1_850' title='bbox 1226 5452 1534 5516; x_wconf 90' lang='lat' dir='ltr'><strong>Pastorem,</strong></span> <span class='ocrx_word' id='word_1_851' title='bbox 1559 5456 1616 5506; x_wconf 89' lang='lat' dir='ltr'><strong>et</strong></span> <span class='ocrx_word' id='word_1_852' title='bbox 1634 5452 1769 5507; x_wconf 91' lang='lat' dir='ltr'><strong>dicit</strong></span> <span class='ocrx_word' id='word_1_853' title='bbox 1783 5452 1834 5507; x_wconf 89' lang='lat' dir='ltr'><strong>ei</strong></span> <span class='ocrx_word' id='word_1_854' title='bbox 1858 5472 1869 5507; x_wconf 92' lang='lat'><strong>:</strong></span> <span class='ocrx_word' id='word_1_855' title='bbox 1891 5454 2065 5522; x_wconf 85' lang='lat' dir='ltr'><strong>Abba,</strong></span> 
     </span>
    </p>
   </div>
   <div class='ocr_carea' id='block_1_101' title="bbox 478 5540 2069 5617">
    <p class='ocr_par' dir='ltr' id='par_1_101' title="bbox 478 5540 2069 5617">
     <span class='ocr_line' id='line_1_101' title="bbox 478 5540 2069 5617; baseline 0.004 -24"><span class='ocrx_word' id='word_1_856' title='bbox 478 5547 706 5612; x_wconf 84' lang='lat' dir='ltr'><strong>propter</strong></span> <span class='ocrx_word' id='word_1_857' title='bbox 721 5548 779 5598; x_wconf 90' lang='lat' dir='ltr'><strong>te</strong></span> <span class='ocrx_word' id='word_1_858' title='bbox 807 5543 961 5598; x_wconf 86' lang='lat' dir='ltr'><strong>venit</strong></span> <span class='ocrx_word' id='word_1_859' title='bbox 980 5560 1222 5614; x_wconf 87' lang='lat' dir='ltr'><strong>magnus</strong></span> <span class='ocrx_word' id='word_1_860' title='bbox 1249 5542 1339 5597; x_wconf 85' lang='lat' dir='ltr'><strong>hic</strong></span> <span class='ocrx_word' id='word_1_861' title='bbox 1359 5541 1462 5606; x_wconf 86' lang='lat' dir='ltr'><strong>vir,</strong></span> <span class='ocrx_word' id='word_1_862' title='bbox 1487 5540 1698 5597; x_wconf 87' lang='lat' dir='ltr'><strong>habens</strong></span> <span class='ocrx_word' id='word_1_863' title='bbox 1719 5547 1933 5600; x_wconf 87' lang='lat' dir='ltr'><strong>tantam</strong></span> <span class='ocrx_word' id='word_1_864' title='bbox 1954 5547 2069 5617; x_wconf 88' lang='lat' dir='ltr'><strong>glo-</strong></span> 
     </span>
    </p>
   </div>
   <div class='ocr_carea' id='block_1_102' title="bbox 477 5628 2066 5707">
    <p class='ocr_par' dir='ltr' id='par_1_102' title="bbox 477 5628 2066 5707">
     <span class='ocr_line' id='line_1_102' title="bbox 477 5628 2066 5707; baseline 0.007 -25"><span class='ocrx_word' id='word_1_865' title='bbox 477 5628 617 5685; x_wconf 80' lang='lat' dir='ltr'><strong>riam</strong></span> <span class='ocrx_word' id='word_1_866' title='bbox 650 5632 706 5687; x_wconf 91' lang='lat' dir='ltr'><strong>in</strong></span> <span class='ocrx_word' id='word_1_867' title='bbox 738 5632 860 5688; x_wconf 89' lang='lat' dir='ltr'><strong>loco</strong></span> <span class='ocrx_word' id='word_1_868' title='bbox 893 5649 1015 5699; x_wconf 90' lang='lat' dir='ltr'><strong>suo,</strong></span> <span class='ocrx_word' id='word_1_869' title='bbox 1048 5648 1222 5707; x_wconf 88' lang='lat' dir='ltr'><strong>quare</strong></span> <span class='ocrx_word' id='word_1_870' title='bbox 1244 5634 1373 5687; x_wconf 82' lang='lat' dir='ltr'><strong>&#39;non</strong></span> <span class='ocrx_word' id='word_1_871' title='bbox 1416 5631 1635 5688; x_wconf 90' lang='lat' dir='ltr'><strong>locutus</strong></span> <span class='ocrx_word' id='word_1_872' title='bbox 1680 5649 1738 5688; x_wconf 90' lang='lat' dir='ltr'><strong>es</strong></span> <span class='ocrx_word' id='word_1_873' title='bbox 1783 5651 1912 5694; x_wconf 87' lang='lat' dir='ltr'><strong>cum</strong></span> <span class='ocrx_word' id='word_1_874' title='bbox 1953 5653 2018 5691; x_wconf 90' lang='lat' dir='ltr'><strong>eo</strong></span> <span class='ocrx_word' id='word_1_875' title='bbox 2038 5635 2066 5693; x_wconf 89' lang='lat'><strong>?</strong></span> 
     </span>
    </p>
   </div>
   <div class='ocr_carea' id='block_1_103' title="bbox 2153 4557 3749 4631">
    <p class='ocr_par' dir='ltr' id='par_1_103' title="bbox 2153 4557 3749 4631">
     <span class='ocr_line' id='line_1_103' title="bbox 2153 4557 3749 4631; baseline 0.001 -20"><span class='ocrx_word' id='word_1_876' title='bbox 2153 4557 2493 4613; x_wconf 85' lang='lat' dir='ltr'><strong>manducans</strong></span> <span class='ocrx_word' id='word_1_877' title='bbox 2513 4558 2749 4613; x_wconf 90' lang='lat' dir='ltr'><strong>subinde</strong></span> <span class='ocrx_word' id='word_1_878' title='bbox 2774 4559 3062 4631; x_wconf 89' lang='lat' dir='ltr'><strong>paululum</strong></span> <span class='ocrx_word' id='word_1_879' title='bbox 3087 4560 3386 4614; x_wconf 88' lang='lat' dir='ltr'><strong>subtrahat</strong></span> <span class='ocrx_word' id='word_1_880' title='bbox 3403 4558 3529 4625; x_wconf 86' lang='lat' dir='ltr'><strong>sibi,</strong></span> <span class='ocrx_word' id='word_1_881' title='bbox 3556 4575 3628 4613; x_wconf 90' lang='lat' dir='ltr'><strong>ne</strong></span> <span class='ocrx_word' id='word_1_882' title='bbox 3659 4575 3749 4613; x_wconf 88' lang='lat' dir='ltr'><strong>sa-</strong></span> 
     </span>
    </p>
   </div>
   <div class='ocr_carea' id='block_1_104' title="bbox 2149 4647 3752 4721">
    <p class='ocr_par' dir='ltr' id='par_1_104' title="bbox 2149 4647 3752 4721">
     <span class='ocr_line' id='line_1_104' title="bbox 2149 4647 3752 4721; baseline 0.001 -20"><span class='ocrx_word' id='word_1_883' title='bbox 2149 4647 2341 4702; x_wconf 90' lang='lat' dir='ltr'><strong>tietur.</strong></span> <span class='ocrx_word' id='word_1_884' title='bbox 2366 4648 2512 4702; x_wconf 91' lang='lat' dir='ltr'><strong>Dicit</strong></span> <span class='ocrx_word' id='word_1_885' title='bbox 2540 4648 2590 4703; x_wconf 90' lang='lat' dir='ltr'><strong>ei</strong></span> <span class='ocrx_word' id='word_1_886' title='bbox 2618 4647 2792 4702; x_wconf 89' lang='lat' dir='ltr'><strong>abbas</strong></span> <span class='ocrx_word' id='word_1_887' title='bbox 2820 4649 3025 4721; x_wconf 87' lang='lat' dir='ltr'><strong>Joseph</strong></span> <span class='ocrx_word' id='word_1_888' title='bbox 3057 4668 3069 4703; x_wconf 92' lang='lat'><strong>:</strong></span> <span class='ocrx_word' id='word_1_889' title='bbox 3100 4650 3245 4721; x_wconf 88' lang='lat' dir='ltr'><strong>Ergo</strong></span> <span class='ocrx_word' id='word_1_890' title='bbox 3267 4649 3489 4721; x_wconf 88' lang='lat' dir='ltr'><strong>quando</strong></span> <span class='ocrx_word' id='word_1_891' title='bbox 3517 4665 3644 4703; x_wconf 88' lang='lat' dir='ltr'><strong>eras</strong></span> <span class='ocrx_word' id='word_1_892' title='bbox 3663 4650 3752 4719; x_wconf 86' lang='lat' dir='ltr'><strong>ju-</strong></span> 
     </span>
    </p>
   </div>
   <div class='ocr_carea' id='block_1_105' title="bbox 2150 4736 3745 4809">
    <p class='ocr_par' dir='ltr' id='par_1_105' title="bbox 2150 4736 3745 4809">
     <span class='ocr_line' id='line_1_105' title="bbox 2150 4736 3745 4809; baseline 0.001 -18"><span class='ocrx_word' id='word_1_893' title='bbox 2150 4738 2327 4800; x_wconf 85' lang='lat' dir='ltr'><strong>venis,</strong></span> <span class='ocrx_word' id='word_1_894' title='bbox 2365 4755 2477 4793; x_wconf 92' lang='lat' dir='ltr'><strong>non</strong></span> <span class='ocrx_word' id='word_1_895' title='bbox 2500 4736 2798 4809; x_wconf 89' lang='lat' dir='ltr'><strong>jejunabas</strong></span> <span class='ocrx_word' id='word_1_896' title='bbox 2828 4737 3103 4793; x_wconf 87' lang='lat' dir='ltr'><strong>biduanas</strong></span> <span class='ocrx_word' id='word_1_897' title='bbox 3134 4740 3410 4797; x_wconf 88' lang='lat' dir='ltr'><strong>levando?</strong></span> <span class='ocrx_word' id='word_1_898' title='bbox 3428 4740 3496 4794; x_wconf 87' lang='lat' dir='ltr'><strong>Et</strong></span> <span class='ocrx_word' id='word_1_899' title='bbox 3521 4738 3665 4794; x_wconf 86' lang='lat' dir='ltr'><strong>dixit</strong></span> <span class='ocrx_word' id='word_1_900' title='bbox 3696 4740 3745 4793; x_wconf 89' lang='lat' dir='ltr'><strong>ei</strong></span> 
     </span>
    </p>
   </div>
   <div class='ocr_carea' id='block_1_106' title="bbox 2150 4827 3741 4899">
    <p class='ocr_par' dir='ltr' id='par_1_106' title="bbox 2150 4827 3741 4899">
     <span class='ocr_line' id='line_1_106' title="bbox 2150 4827 3741 4899; baseline 0.003 -20"><span class='ocrx_word' id='word_1_901' title='bbox 2150 4842 2319 4880; x_wconf 88' lang='lat' dir='ltr'><strong>senex</strong></span> <span class='ocrx_word' id='word_1_902' title='bbox 2342 4845 2352 4879; x_wconf 93' lang='lat'><strong>:</strong></span> <span class='ocrx_word' id='word_1_903' title='bbox 2379 4828 2557 4881; x_wconf 90' lang='lat' dir='ltr'><strong>Crede</strong></span> <span class='ocrx_word' id='word_1_904' title='bbox 2587 4828 2745 4892; x_wconf 90' lang='lat' dir='ltr'><strong>mihi,</strong></span> <span class='ocrx_word' id='word_1_905' title='bbox 2780 4828 2913 4899; x_wconf 91' lang='lat' dir='ltr'><strong>quia</strong></span> <span class='ocrx_word' id='word_1_906' title='bbox 2941 4833 3001 4882; x_wconf 89' lang='lat' dir='ltr'><strong>et</strong></span> <span class='ocrx_word' id='word_1_907' title='bbox 3027 4829 3337 4893; x_wconf 91' lang='lat' dir='ltr'><strong>triduanas,</strong></span> <span class='ocrx_word' id='word_1_908' title='bbox 3354 4834 3412 4883; x_wconf 91' lang='lat' dir='ltr'><strong>et</strong></span> <span class='ocrx_word' id='word_1_909' title='bbox 3442 4827 3741 4883; x_wconf 89' lang='lat' dir='ltr'><strong>hebdoma-</strong></span> 
     </span>
    </p>
   </div>
   <div class='ocr_carea' id='block_1_107' title="bbox 2150 4914 3745 4991">
    <p class='ocr_par' dir='ltr' id='par_1_107' title="bbox 2150 4914 3745 4991">
     <span class='ocr_line' id='line_1_107' title="bbox 2150 4914 3745 4991; baseline 0.004 -22"><span class='ocrx_word' id='word_1_910' title='bbox 2150 4914 2279 4969; x_wconf 88' lang='lat' dir='ltr'><strong>dam</strong></span> <span class='ocrx_word' id='word_1_911' title='bbox 2299 4935 2312 4983; x_wconf 89' lang='lat'><strong>;</strong></span> <span class='ocrx_word' id='word_1_912' title='bbox 2335 4917 2433 4971; x_wconf 91' lang='lat' dir='ltr'><strong>sed</strong></span> <span class='ocrx_word' id='word_1_913' title='bbox 2454 4922 2510 4971; x_wconf 91' lang='lat' dir='ltr'><strong>et</strong></span> <span class='ocrx_word' id='word_1_914' title='bbox 2526 4917 2641 4972; x_wconf 56' lang='lat' dir='ltr'><strong>hac</strong></span> <span class='ocrx_word' id='word_1_915' title='bbox 2665 4917 2856 4973; x_wconf 91' lang='lat' dir='ltr'><strong>omnia</strong></span> <span class='ocrx_word' id='word_1_916' title='bbox 2874 4917 3251 4990; x_wconf 90' lang='lat' dir='ltr'><strong>probaverunt</strong></span> <span class='ocrx_word' id='word_1_917' title='bbox 3264 4935 3426 4974; x_wconf 90' lang='lat' dir='ltr'><strong>senes</strong></span> <span class='ocrx_word' id='word_1_918' title='bbox 3449 4920 3668 4991; x_wconf 89' lang='lat' dir='ltr'><strong>magni;</strong></span> <span class='ocrx_word' id='word_1_919' title='bbox 3690 4927 3745 4975; x_wconf 93' lang='lat' dir='ltr'><strong>et</strong></span> 
     </span>
    </p>
   </div>
   <div class='ocr_carea' id='block_1_108' title="bbox 2150 5005 3740 5083">
    <p class='ocr_par' dir='ltr' id='par_1_108' title="bbox 2150 5005 3740 5083">
     <span class='ocr_line' id='line_1_108' title="bbox 2150 5005 3740 5083; baseline 0.003 -24"><span class='ocrx_word' id='word_1_920' title='bbox 2150 5005 2486 5062; x_wconf 88' lang='lat' dir='ltr'><strong>invenerunt</strong></span> <span class='ocrx_word' id='word_1_921' title='bbox 2505 5008 2638 5078; x_wconf 90' lang='lat' dir='ltr'><strong>quia</strong></span> <span class='ocrx_word' id='word_1_922' title='bbox 2658 5007 2866 5062; x_wconf 91' lang='lat' dir='ltr'><strong>bonum</strong></span> <span class='ocrx_word' id='word_1_923' title='bbox 2885 5014 2972 5062; x_wconf 91' lang='lat' dir='ltr'><strong>est</strong></span> <span class='ocrx_word' id='word_1_924' title='bbox 2989 5009 3238 5079; x_wconf 89' lang='lat' dir='ltr'><strong>quotidie</strong></span> <span class='ocrx_word' id='word_1_925' title='bbox 3261 5007 3618 5077; x_wconf 87' lang='lat' dir='ltr'><strong>manducare,</strong></span> <span class='ocrx_word' id='word_1_926' title='bbox 3639 5027 3740 5083; x_wconf 89' lang='lat' dir='ltr'><strong>per</strong></span> 
     </span>
    </p>
   </div>
   <div class='ocr_carea' id='block_1_109' title="bbox 2150 5097 3745 5170">
    <p class='ocr_par' dir='ltr' id='par_1_109' title="bbox 2150 5097 3745 5170">
     <span class='ocr_line' id='line_1_109' title="bbox 2150 5097 3745 5170; baseline 0.001 -19"><span class='ocrx_word' id='word_1_927' title='bbox 2150 5097 2400 5170; x_wconf 89' lang='lat' dir='ltr'><strong>singulos</strong></span> <span class='ocrx_word' id='word_1_928' title='bbox 2457 5098 2578 5152; x_wconf 91' lang='lat' dir='ltr'><strong>dies</strong></span> <span class='ocrx_word' id='word_1_929' title='bbox 2631 5114 2831 5169; x_wconf 89' lang='lat' dir='ltr'><strong>parum</strong></span> <span class='ocrx_word' id='word_1_930' title='bbox 2860 5098 3074 5163; x_wconf 87' lang='lat' dir='ltr'><strong>minus;</strong></span> <span class='ocrx_word' id='word_1_931' title='bbox 3107 5104 3165 5153; x_wconf 90' lang='lat' dir='ltr'><strong>et</strong></span> <span class='ocrx_word' id='word_1_932' title='bbox 3192 5100 3560 5154; x_wconf 90' lang='lat' dir='ltr'><strong>ostenderunt</strong></span> <span class='ocrx_word' id='word_1_933' title='bbox 3586 5099 3745 5155; x_wconf 87' lang='lat' dir='ltr'><strong>nobis</strong></span> 
     </span>
    </p>
   </div>
   <div class='ocr_carea' id='block_1_110' title="bbox 2150 5187 3568 5258">
    <p class='ocr_par' dir='ltr' id='par_1_110' title="bbox 2150 5187 3568 5258">
     <span class='ocr_line' id='line_1_110' title="bbox 2150 5187 3568 5258; baseline 0.001 -16"><span class='ocrx_word' id='word_1_934' title='bbox 2150 5190 2296 5243; x_wconf 89' lang='lat' dir='ltr'><strong>viam</strong></span> <span class='ocrx_word' id='word_1_935' title='bbox 2329 5187 2477 5243; x_wconf 90' lang='lat' dir='ltr'><strong>hanc</strong></span> <span class='ocrx_word' id='word_1_936' title='bbox 2504 5188 2773 5258; x_wconf 86' lang='lat' dir='ltr'><strong>regalem.</strong></span> <span class='ocrx_word' id='word_1_937' title='bbox 2808 5187 2942 5258; x_wconf 91' lang='lat' dir='ltr'><strong>quia</strong></span> <span class='ocrx_word' id='word_1_938' title='bbox 2967 5188 3141 5243; x_wconf 85' lang='lat' dir='ltr'><strong>levior</strong></span> <span class='ocrx_word' id='word_1_939' title='bbox 3170 5195 3257 5243; x_wconf 88' lang='lat' dir='ltr'><strong>est</strong></span> <span class='ocrx_word' id='word_1_940' title='bbox 3284 5194 3342 5243; x_wconf 87' lang='lat' dir='ltr'><strong>et</strong></span> <span class='ocrx_word' id='word_1_941' title='bbox 3375 5188 3568 5243; x_wconf 88' lang='lat' dir='ltr'><strong>facilis.</strong></span> 
     </span>
    </p>
   </div>
   <div class='ocr_carea' id='block_1_111' title="bbox 2213 5277 3741 5334">
    <p class='ocr_par' dir='ltr' id='par_1_111' title="bbox 2213 5277 3741 5334">
     <span class='ocr_line' id='line_1_111' title="bbox 2213 5277 3741 5334; baseline -0.001 -1"><span class='ocrx_word' id='word_1_942' title='bbox 2213 5280 2300 5333; x_wconf 80' lang='grc'><strong>45.</strong></span> <span class='ocrx_word' id='word_1_943' title='bbox 2342 5277 2494 5332; x_wconf 91' lang='lat' dir='ltr'><strong>Dixit</strong></span> <span class='ocrx_word' id='word_1_944' title='bbox 2520 5277 2691 5333; x_wconf 87' lang='lat' dir='ltr'><strong>abbas</strong></span> <span class='ocrx_word' id='word_1_945' title='bbox 2716 5278 2916 5332; x_wconf 86' lang='lat' dir='ltr'><strong>Pastor</strong></span> <span class='ocrx_word' id='word_1_946' title='bbox 2949 5297 2960 5331; x_wconf 93' lang='lat'><strong>:</strong></span> <span class='ocrx_word' id='word_1_947' title='bbox 2995 5279 3120 5333; x_wconf 89' lang='lat' dir='ltr'><strong>Non</strong></span> <span class='ocrx_word' id='word_1_948' title='bbox 3158 5278 3377 5334; x_wconf 89' lang='lat' dir='ltr'><strong>habites</strong></span> <span class='ocrx_word' id='word_1_949' title='bbox 3403 5280 3463 5333; x_wconf 93' lang='lat' dir='ltr'><strong>in</strong></span> <span class='ocrx_word' id='word_1_950' title='bbox 3501 5280 3622 5334; x_wconf 91' lang='lat' dir='ltr'><strong>loco</strong></span> <span class='ocrx_word' id='word_1_951' title='bbox 3646 5277 3741 5334; x_wconf 90' lang='lat' dir='ltr'><strong>ubi</strong></span> 
     </span>
    </p>
   </div>
   <div class='ocr_carea' id='block_1_112' title="bbox 2150 5366 3744 5440">
    <p class='ocr_par' dir='ltr' id='par_1_112' title="bbox 2150 5366 3744 5440">
     <span class='ocr_line' id='line_1_112' title="bbox 2150 5366 3744 5440; baseline -0.001 -18"><span class='ocrx_word' id='word_1_952' title='bbox 2150 5367 2304 5422; x_wconf 89' lang='lat' dir='ltr'><strong>vides</strong></span> <span class='ocrx_word' id='word_1_953' title='bbox 2328 5367 2544 5439; x_wconf 87' lang='lat' dir='ltr'><strong>aliquos</strong></span> <span class='ocrx_word' id='word_1_954' title='bbox 2571 5367 2839 5422; x_wconf 87' lang='lat' dir='ltr'><strong>habentes</strong></span> <span class='ocrx_word' id='word_1_955' title='bbox 2870 5368 3164 5424; x_wconf 86' lang='lat' dir='ltr'><strong>adversum</strong></span> <span class='ocrx_word' id='word_1_956' title='bbox 3203 5374 3260 5424; x_wconf 87' lang='lat' dir='ltr'><strong>te</strong></span> <span class='ocrx_word' id='word_1_957' title='bbox 3284 5369 3483 5436; x_wconf 88' lang='lat' dir='ltr'><strong>zelum,</strong></span> <span class='ocrx_word' id='word_1_958' title='bbox 3512 5369 3643 5440; x_wconf 89' lang='lat' dir='ltr'><strong>quia</strong></span> <span class='ocrx_word' id='word_1_959' title='bbox 3670 5366 3744 5422; x_wconf 92' lang='lat' dir='ltr'><strong>ibi</strong></span> 
     </span>
    </p>
   </div>
   <div class='ocr_carea' id='block_1_113' title="bbox 2151 5459 2566 5531">
    <p class='ocr_par' dir='ltr' id='par_1_113' title="bbox 2151 5459 2566 5531">
     <span class='ocr_line' id='line_1_113' title="bbox 2151 5459 2566 5531; baseline 0 -18"><span class='ocrx_word' id='word_1_960' title='bbox 2151 5475 2261 5514; x_wconf 89' lang='lat' dir='ltr'><strong>non</strong></span> <span class='ocrx_word' id='word_1_961' title='bbox 2285 5459 2566 5531; x_wconf 77' lang='lat' dir='ltr'><strong>proficies.</strong></span> 
     </span>
    </p>
   </div>
   <div class='ocr_carea' id='block_1_114' title="bbox 2213 5547 3738 5615">
    <p class='ocr_par' dir='ltr' id='par_1_114' title="bbox 2213 5547 3738 5615">
     <span class='ocr_line' id='line_1_114' title="bbox 2213 5547 3738 5615; baseline -0.001 -12"><span class='ocrx_word' id='word_1_962' title='bbox 2213 5547 2299 5605; x_wconf 75' lang='grc'>46.</span> <span class='ocrx_word' id='word_1_963' title='bbox 2321 5550 2520 5604; x_wconf 87' lang='lat' dir='ltr'><strong>Frater</strong></span> <span class='ocrx_word' id='word_1_964' title='bbox 2548 5548 2696 5604; x_wconf 77' lang='lat' dir='ltr'><strong>venit</strong></span> <span class='ocrx_word' id='word_1_965' title='bbox 2721 5551 2791 5604; x_wconf 87' lang='lat' dir='ltr'><strong>ad</strong></span> <span class='ocrx_word' id='word_1_966' title='bbox 2811 5549 3070 5606; x_wconf 90' lang='lat' dir='ltr'><strong>abbatem</strong></span> <span class='ocrx_word' id='word_1_967' title='bbox 3093 5551 3402 5615; x_wconf 88' lang='lat' dir='ltr'><strong>Pastorem,</strong></span> <span class='ocrx_word' id='word_1_968' title='bbox 3417 5556 3475 5605; x_wconf 92' lang='lat' dir='ltr'><strong>et</strong></span> <span class='ocrx_word' id='word_1_969' title='bbox 3501 5550 3633 5605; x_wconf 89' lang='lat' dir='ltr'><strong>dicit</strong></span> <span class='ocrx_word' id='word_1_970' title='bbox 3655 5550 3703 5604; x_wconf 90' lang='lat' dir='ltr'><strong>ei</strong></span> <span class='ocrx_word' id='word_1_971' title='bbox 3728 5569 3738 5601; x_wconf 94' lang='lat'><strong>:</strong></span> 
     </span>
    </p>
   </div>
   <div class='ocr_carea' id='block_1_115' title="bbox 2151 5637 3786 5715">
    <p class='ocr_par' dir='ltr' id='par_1_115' title="bbox 2151 5637 3786 5715">
     <span class='ocr_line' id='line_1_115' title="bbox 2151 5637 3786 5715; baseline -0.002 -22"><span class='ocrx_word' id='word_1_972' title='bbox 2151 5637 2377 5693; x_wconf 90' lang='lat' dir='ltr'><strong>Semino</strong></span> <span class='ocrx_word' id='word_1_973' title='bbox 2405 5654 2603 5711; x_wconf 84' lang='lat' dir='ltr'><strong>agrum</strong></span> <span class='ocrx_word' id='word_1_974' title='bbox 2633 5654 2843 5707; x_wconf 86' lang='lat' dir='ltr'><strong>meum,</strong></span> <span class='ocrx_word' id='word_1_975' title='bbox 2879 5643 2937 5696; x_wconf 88' lang='lat' dir='ltr'><strong>et</strong></span> <span class='ocrx_word' id='word_1_976' title='bbox 2965 5639 3107 5700; x_wconf 86' lang='lat' dir='ltr'><strong>facio</strong></span> <span class='ocrx_word' id='word_1_977' title='bbox 3122 5656 3188 5695; x_wconf 89' lang='lat' dir='ltr'><strong>ex</strong></span> <span class='ocrx_word' id='word_1_978' title='bbox 3207 5639 3329 5713; x_wconf 87' lang='lat' dir='ltr'><strong>ipso</strong></span> <span class='ocrx_word' id='word_1_979' title='bbox 3356 5655 3613 5715; x_wconf 85' lang='lat' dir='ltr'><strong>agapem.</strong></span> <span class='ocrx_word' id='word_1_980' title='bbox 3644 5638 3741 5694; x_wconf 79' lang='lat' dir='ltr'><strong>Di-</strong></span> <span class='ocrx_word' id='word_1_981' title='bbox 3780 5685 3786 5689; x_wconf 80' lang='lat'><strong>.</strong></span> 
     </span>
    </p>
   </div>
  </div>
