3934 6380
228 358 334 419 921

1529 365 1768 423 VERBA
1806 366 2195 424 SENIORUM.

3414 368 3525 431 922

234 488 317 544 cit
343 488 395 543 ei
423 502 631 544 senex:
662 488 881 544 Bonum
912 504 1052 562 opus
1100 490 1254 546 facis.
1288 492 1357 547 Et
1401 492 1657 548 discessit
1702 511 1829 550 cum
1853 498 1904 557 A
1991 495 2081 552 54.
2109 496 2267 551 Dixit
2287 495 2524 552 iterum:
2561 497 2667 562 Qui
2696 495 3030 569 querulosus
3058 498 3162 563 est,
3212 495 3521 552 monachus

232 578 525 651 proposito
551 577 746 645 animi,
781 583 839 634 et
856 579 1157 650 adjiciebat
1186 582 1256 636 ad
1288 599 1522 654 agapem
1555 600 1725 655 quam
1754 586 1838 639 fa-

232 668 437 724 ciebat.
470 669 588 723 Hoc
612 673 803 723 autem
827 669 1061 725 audiens
1083 670 1254 725 abbas
1272 671 1456 738 Anub,
1482 672 1622 727 dixit
1649 673 1837 730 abbati

229 758 489 813 Pastori:
521 759 650 812 Non
679 757 843 813 times
862 759 1063 828 Deum,
1097 760 1230 832 quia
1257 761 1335 815 sic
1354 762 1573 817 locutus
1602 780 1661 817 es
1675 764 1837 820 fratri

226 845 358 901 illi?
392 847 460 901 Et
486 846 662 901 tacuit
687 863 875 902 senex.
910 849 1043 902 Post
1073 849 1213 903 duos
1231 856 1421 905 autem
1440 852 1557 906 dies
1573 852 1728 908 misit
1745 853 1839 907 ab-

225 934 331 990 bas
358 936 560 991 Pastor
575 936 645 990 ad
667 936 899 991 fratrem
920 937 1102 1006 illum,
1125 944 1182 993 et
1210 940 1425 994 vocavit
1450 957 1580 996 eum
1633 942 1704 996 ad
1753 960 1832 1007 se,

223 1029 287 1080 et
315 1025 459 1080 dixit
487 1025 558 1093 ei,
582 1026 847 1081 audiente
875 1026 1075 1081 abbate
1096 1028 1283 1083 Anub:
1315 1030 1460 1093 Quid
1485 1047 1573 1084 me
1597 1030 1837 1086 interro-

220 1114 376 1185 gasti
402 1114 502 1169 illa
530 1114 664 1169 die?
685 1115 819 1186 quia
837 1132 997 1171 mens
1016 1134 1143 1171 mea
1171 1118 1303 1172 alibi
1333 1124 1473 1173 erat.
1516 1120 1584 1174 Et
1617 1121 1755 1175 dixit
1783 1121 1835 1176 ei

219 1204 436 1259 frater:
472 1205 590 1259 Hoc
616 1203 745 1270 dixi,
777 1205 909 1277 quia
935 1206 1152 1261 semine
1193 1223 1398 1277 agrum
1439 1226 1644 1276 meum,
1681 1216 1737 1265 et
1766 1212 1835 1266 de

220 1293 334 1348 hoc
365 1293 514 1365 quod
543 1294 763 1365 colligo,
802 1311 868 1349 ex
895 1295 1017 1366 ipso
1048 1296 1190 1350 facio
1218 1314 1474 1368 agapem.
1504 1300 1574 1353 Et
1600 1299 1742 1353 dixit
1785 1300 1837 1354 ei

217 1381 397 1437 abbas
414 1383 614 1438 Pastor
633 1401 645 1436 :
664 1384 864 1439 Putavi
887 1385 1019 1455 quia
1032 1385 1100 1439 de
1112 1386 1283 1441 fratre
1304 1392 1402 1441 tuo
1418 1387 1533 1454 illo,
1551 1389 1648 1460 qui
1661 1389 1836 1445 laicus

218 1476 329 1537 est,
360 1471 608 1540 diceres;
633 1471 682 1527 si
704 1477 895 1527 autem
915 1477 978 1528 tu
994 1474 1129 1529 facis
1150 1476 1287 1542 haec,
1313 1492 1425 1530 non
1449 1482 1535 1531 est
1559 1494 1700 1549 opus
1718 1495 1834 1534 mo-

217 1560 406 1616 nachi.
440 1561 539 1616 Ille
568 1566 759 1616 autem
786 1563 1153 1618 contristatus
1180 1571 1266 1619 est
1286 1566 1541 1633 audiens,
1574 1572 1631 1621 et
1649 1567 1823 1623 dixit:

1921 602 2033 640 non
2064 591 2150 640 est
2173 605 2185 653 ;
2206 586 2301 657 qui
2327 586 2536 641 malum
2568 603 2668 658 pro
2686 586 2833 641 malo
2852 584 3056 651 reddit,
3080 585 3388 641 monachus
3408 601 3522 641 non

1921 681 2042 743 est;
2078 676 2174 747 qui
2205 674 2641 743 iracundus'est,
2676 675 2985 730 monachus
2999 690 3112 729 non
3132 679 3235 729 est.

1989 763 2078 822 55.
2115 764 2313 819 Frater
2330 765 2484 819 venit
2503 766 2573 819 ad
2595 764 2854 819 abbatem
2871 766 3182 832 Pastorem,
3207 769 3265 819 et
3284 763 3419 819 dicit
3446 765 3517 820 ei:

1919 853 2104 911 Multae
2124 854 2491 924 cogitationes
2515 854 2748 909 veniunt
2773 853 2833 907 in
2853 853 3043 908 anima
3060 869 3207 921 mea,
3231 858 3288 908 et
3305 853 3518 925 pericli-

1917 948 2008 997 tor
2035 942 2095 997 in
2116 943 2215 996 eis.
2241 944 2311 997 Et
2334 943 2501 1014 ejecit
2520 960 2648 998 eum
2676 959 2843 997 senex
2862 942 2965 997 sub
2992 959 3121 997 aere
3150 943 3321 1008 nudo,
3354 948 3409 997 et
3440 942 3523 998 di-

1919 1032 1996 1086 cit
2020 1031 2069 1085 ei
2096 1051 2106 1086 :
2133 1032 2392 1103 Expande
2411 1033 2596 1087 sinum
2624 1037 2787 1087 tuum
2814 1038 2871 1087 et
2890 1032 3247 1104 apprehende
3267 1037 3515 1088 ventum.

1918 1121 1989 1175 Et
2014 1120 2107 1174 ille
2135 1122 2455 1192 respondit:
2491 1121 2617 1176 Non
2646 1138 2872 1193 possum
2902 1122 3006 1176 hoc
3034 1121 3235 1177 facere.
3272 1122 3343 1177 Et
3383 1121 3521 1177 dicit

1918 1209 1969 1264 ei
1994 1226 2161 1264 senex
2187 1228 2198 1264 :
2232 1210 2291 1263 Si
2322 1211 2428 1264 hoc
2456 1227 2570 1264 non
2600 1216 2759 1282 potes
2787 1211 2987 1277 facere,
3020 1227 3123 1265 nec
3150 1210 3519 1280 cogitationes

1920 1298 2216 1370 prohibere
2245 1303 2405 1369 potes
2435 1316 2505 1354 ne
2525 1299 2828 1366 introeant,
2851 1298 2949 1353 sed
2972 1303 3135 1353 tuum
3160 1304 3246 1353 est
3277 1299 3357 1354 eis
3385 1298 3521 1354 resi-

1919 1392 2085 1442 stere.

1990 1476 2076 1531 56.
2109 1478 2308 1533 Frater
2337 1477 2567 1549 quidam
2596 1476 2964 1548 interrogavit
2995 1491 3126 1531 eum
3153 1475 3344 1531 dicens
3372 1494 3383 1529 :
3417 1475 3516 1532 Di-

1911 1566 2084 1621 missa
2101 1579 2186 1622 est
2201 1567 2341 1621 mihi
2363 1567 2547 1621 omnis
2575 1565 2892 1633 haereditas,
2918 1565 3053 1637 quid
3072 1569 3264 1630 ως
3290 1565 3431 1620 facio
3453 1583 3518 1621 ex

218 1649 391 1705 Aliud
421 1667 562 1723 opus
591 1667 703 1705 non
722 1650 863 1706 facio
892 1669 996 1706 nec
1025 1653 1157 1719 scio,
1193 1655 1301 1709 nisi
1330 1656 1434 1709 ho:
1459 1674 1471 1724 ;
1505 1663 1561 1710 et
1586 1673 1697 1711 non
1710 1675 1834 1729 pos-
1916 1672 1984 1710 ea
2002 1656 2030 1709 ?
2059 1656 2135 1711 Et
2162 1657 2300 1711 dicit
2323 1656 2374 1712 ei
2395 1655 2568 1710 abbas
2596 1656 2827 1709 Pastor:
2850 1654 3024 1720 Vade,
3051 1659 3108 1708 et
3133 1659 3262 1725 post
3274 1654 3519 1711 tresdies

219 1755 348 1795 sum
372 1740 651 1795 seminare
677 1756 878 1812 agrum
899 1758 1088 1797 meum
1112 1744 1136 1796 ?
1153 1744 1293 1798 Cum
1324 1750 1513 1799 autem
1544 1746 1828 1801 discessis-
1911 1746 2058 1813 veni,
2090 1750 2147 1800 et
2174 1746 2295 1800 dico
2324 1745 2446 1800 tibi.
2479 1744 2649 1799 Venit
2674 1749 2865 1799 autem
2908 1744 3054 1798 sicut
3093 1744 3411 1814 praefinivit,
3462 1750 3519 1800 et

218 1834 328 1895 set,
362 1829 529 1901 cmpit
557 1829 729 1885 abbas
756 1830 923 1885 Anub
953 1832 1340 1903 pmnitentiam
1362 1850 1529 1904 agere
1555 1837 1704 1905 apud
1726 1835 1824 1891 ab-
1841 1819 1889 1879 Β
1910 1834 2047 1889 dicit
2075 1836 2126 1889 ei
2157 1851 2359 1889 senex:
2393 1833 2538 1899 Quid
2564 1833 2667 1888 tibi
2706 1832 2885 1887 habeo
2936 1832 3138 1898 dicere,
3186 1832 3406 1887 frater?
3457 1833 3517 1890 Si

216 1917 411 1973 batem
444 1919 754 1988 Pastorem,
782 1920 972 1975 dicens
998 1939 1008 1973 :
1046 1923 1279 1991 Ignosce
1296 1923 1454 1977 mihi.
1484 1924 1633 1978 Dixit
1653 1925 1704 1979 ei
1727 1926 1827 1980 ab-

216 2006 325 2062 bas
362 2007 595 2063 Pastor:
630 2009 768 2063 Ecce
798 2008 868 2063 ab
906 2009 1067 2065 initio
1094 2011 1355 2077 sciebam,
1410 2013 1543 2083 quia
1588 2030 1700 2068 non
1744 2021 1830 2069 est

216 2113 363 2168 opus
393 2096 673 2161 monachi,
700 2098 795 2151 sed
824 2099 1130 2154 secundum
1161 2101 1418 2155 animum
1458 2103 1579 2173 ejus
1608 2104 1827 2159 locutus

218 2202 351 2241 sum
381 2186 451 2254 ei,
483 2191 540 2241 et
563 2186 793 2241 excitavi
813 2187 1063 2243 animum
1085 2191 1207 2260 ejus
1232 2191 1302 2244 ad
1320 2192 1628 2261 profectum
1649 2193 1828 2248 chari-

215 2275 356 2331 tatis
388 2294 401 2344 ;
433 2292 583 2331 nunc
610 2281 799 2331 autem
828 2276 968 2332 abiit
992 2278 1190 2347 tristis,
1217 2284 1272 2334 et
1291 2285 1482 2335 tamen
1511 2282 1661 2336 istud
1687 2299 1827 2353 opus

215 2364 372 2420 facit.

291 2452 382 2511 47.
398 2454 597 2510 Frater
609 2454 836 2527 quidam
852 2456 1221 2528 interrogavit
1235 2457 1493 2512 abbatem
1515 2460 1802 2515 Pastorem
1812 2500 1825 2527 ,

216 2544 453 2599 dicens:
484 2545 631 2609 Quid
659 2550 746 2599 est
771 2545 909 2600 illud
939 2547 1088 2618 quod
1117 2548 1387 2619 scriptum
1431 2553 1542 2602 est:
1578 2549 1685 2612 Qui
1713 2549 1828 2603 ira-

216 2634 399 2689 scitur
423 2634 585 2689 fratri
616 2651 718 2689 suo
738 2635 858 2690 sine
875 2652 1043 2691 causa
1061 2638 1271 2706 (Matth.
1313 2654 1344 2689 v
1374 2640 1438 2690 in
1481 2638 1679 2705 erco)
1700 2638 1725 2690 ?
1762 2638 1831 2692 Et

218 2723 319 2779 ille
349 2723 671 2795 respondit:
706 2725 785 2779 Ex
804 2725 959 2779 omni
987 2742 1048 2779 re
1087 2743 1198 2797 qua
1231 2731 1288 2780 te
1324 2742 1559 2797 gravare
1591 2727 1831 2781 voluerit

214 2814 398 2869 frater
425 2818 576 2879 tuus,
600 2814 648 2868 si
666 2813 924 2869 irasceris
945 2816 1209 2870 adversus
1234 2832 1384 2883 eum,
1411 2816 1589 2870 donec
1604 2817 1828 2871 oculum

220 2908 390 2959 tuum
418 2903 714 2958 dexterum
754 2904 964 2974 ejicias,
998 2911 1053 2958 et
1079 2922 1113 2959 a
1140 2910 1197 2959 te
1225 2905 1505 2977 projicias,
1532 2906 1830 2960 sinecausa

218 2991 483 3047 irasceris
513 2991 564 3047 ei
589 3010 602 3060 ;
633 2992 682 3046 si
707 3000 897 3047 autem
923 2992 1127 3064 aliquis
1162 2994 1403 3049 voluerit
1429 3000 1487 3049 te
1514 3011 1775 3066 separare
1794 3012 1829 3050 a

220 3082 365 3148 Deo,
394 3098 498 3153 pro
526 3082 631 3137 hoc
658 3081 919 3137 irascere.

1910 1925 2120 1991 dixero,
2156 1925 2241 1979 Da
2269 1940 2394 1979 eam
2419 1923 2477 1977 in
2502 1923 2816 1990 ecclesiam,
2842 1921 3031 1976 clerici
3049 1920 3154 1976 sibi
3166 1920 3376 1977 facient
3388 1939 3518 1978 con-

1909 2013 2053 2067 vivia
2084 2030 2149 2067 ex
2169 2031 2236 2068 ea
2260 2013 2336 2080 ;si
2355 2018 2545 2067 autem
2571 2013 2782 2080 dixero,
2803 2012 2888 2066 Da
2898 2028 3023 2066 eam
3037 2010 3365 2082 parentibus
3375 2011 3509 2079 tuis,

1909 2119 2021 2157 non
2052 2107 2137 2157 est
2167 2102 2269 2157 tibi
2302 2118 2550 2169 merces;
2583 2100 2630 2155 si
2660 2117 2789 2155 vero
2814 2100 3015 2167 dicam,
3047 2100 3133 2155 Da
3149 2099 3509 2173 pauperibus,

1908 2208 2138 2247 securus
2152 2192 2281 2246 eris.
2307 2190 2589 2262 Quidquid
2606 2206 2739 2260 ergo
2757 2190 2855 2255 vis,
2880 2189 3037 2257 vade,
3060 2188 3168 2257 fac,
3193 2206 3295 2260 ego
3315 2205 3512 2245 causas

1909 2297 2023 2335 non
2051 2281 2229 2336 habeo
2265 2280 2492 2351 (Pasch.,
2525 2297 2569 2334 ο.
2603 2278 2690 2347 3‘i,
2721 2296 2779 2333 η.
2812 2278 2865 2347 4,
2899 2264 3125 2334 nomine
3154 2278 3323 2334 δίδοῖέ
3346 2298 3364 2346 ;
3398 2281 3511 2349 Ap-

1905 2372 2070 2440 pend.
2104 2372 2294 2437 Mart,
2325 2386 2383 2424 η.
2416 2369 2489 2440 7).

1982 2461 2071 2515 57.
2104 2459 2256 2514 Dixit
2282 2459 2488 2514 iterum
2518 2457 2688 2513 abbas
2709 2458 2942 2513 Pastor:
2979 2457 3037 2512 Si
3066 2458 3283 2513 venerit
3300 2457 3403 2512 tibi
3428 2475 3516 2513 co-

1911 2549 2110 2619 gitatio
2139 2549 2208 2603 de
2238 2548 2404 2605 rebus
2428 2549 2647 2620 corpori
2674 2546 3024 2614 necessariis,
3068 2552 3126 2601 et
3173 2547 3515 2617 delegaveris

1912 2639 2113 2704 semel;
2148 2643 2205 2692 et
2233 2639 2438 2693 iterum
2467 2638 2700 2703 venerit,
2736 2642 2793 2691 et
2815 2636 3177 2707 delegaveris,
3203 2636 3338 2707 quid
3367 2638 3469 2691 fiat
3492 2637 3516 2691 ?

1906 2729 2028 2799 jam
2060 2727 2229 2782 tertio
2260 2728 2306 2782 si
2338 2727 2568 2795 venerit,
2612 2743 2725 2781 non
2773 2725 3032 2780 intendas
3078 2726 3149 2793 ei,
3201 2725 3384 2781 otiosa
3431 2732 3516 2782 est

1912 2819 2085 2872 enim.

1984 2905 2071 2963 58.
2104 2908 2302 2962 Frater
2330 2906 2557 2979 quidam
2587 2905 2729 2960 dixit
2752 2904 2939 2959 abbati
2969 2905 3189 2959 Pastori
3221 2923 3233 2959 :
3270 2904 3328 2961 Si
3357 2904 3516 2959 video

1911 3012 2033 3051 rem
2065 2997 2332 3068 aliquam,
2364 2996 2446 3051 vis
2481 3001 2546 3049 ut
2567 2994 2749 3049 dicam
2779 2994 3151 3049 illam?Dicit
3189 2994 3241 3049 ei
3291 3011 3458 3049 senex
3500 3012 3511 3047 :

1822 3084 1827 3087 ’
1909 3086 2192 3158 Scriptum
2211 3090 2297 3140 est
2312 3104 2325 3141 :
2353 3085 2460 3149 Qui
2482 3084 2835 3156 responderit
2852 3082 3082 3137 verbum
3096 3087 3399 3154 antequam
3415 3098 3516 3138 au-

295 3169 391 3227 48.
417 3171 569 3226 Dixit
587 3170 761 3226 abbas
778 3173 1007 3227 Pastor:
1044 3172 1101 3227 Si
1117 3172 1428 3244 peccaverit
1446 3173 1614 3228 homo
1640 3178 1697 3229 et
1716 3175 1884 3239 nonC
1910 3174 2050 3241 diat,
2082 3172 2325 3228 stultitia
2350 3173 2401 3226 ei
2414 3177 2472 3227 et
2491 3171 2854 3244 opprobrium
2873 3176 2960 3226 est
2982 3172 3166 3241 (Ecclz'.
3186 3173 3282 3242 χι).
3300 3171 3359 3227 Si
3380 3186 3514 3243 ergo

224 3260 538 3331 negaverit,
571 3261 779 3327 dicens,
809 3261 1036 3315 Peccavi
1061 3280 1073 3329 ;
1105 3278 1218 3316 non
1248 3262 1500 3334 increpes
1530 3264 1830 3334 eum,quia

220 3349 437 3420 frangis
451 3351 802 3422 propositum
822 3350 1035 3405 animie
1034 3351 1146 3421 jus.
1172 3352 1430 3406 Siautem
1450 3352 1674 3406 dixeris:
1701 3354 1827 3408 Non

221 3438 593 3507 contristeris,
626 3440 820 3504 frater,
853 3440 950 3494 sed
978 3440 1211 3495 observa
1238 3440 1308 3495 de
1353 3446 1571 3508 caetero,
1617 3442 1848 3497 excitas-

217 3528 479 3583 animum
508 3530 629 3600 ejus
656 3529 728 3583 ad
758 3529 1166 3600 paenitentiam.

295 3615 384 3673 49.
419 3618 572 3673 Dixit
596 3618 801 3673 iterum
835 3618 930 3690 qui
958 3636 1164 3691 supra:
1222 3620 1438 3675 Bonum
1481 3626 1567 3675 est
1609 3623 1828 3693 experi-

218 3711 502 3762 mentum.
546 3708 942 3780 Experimento
984 3709 1135 3764 enim
1176 3710 1434 3765 homines
1480 3710 1828 3782 probatiores

218 3802 379 3852 sunt.

299 3884 386 3943 50.
415 3888 560 3943 Item
588 3886 730 3941 dixit
757 3887 855 3960 qui
872 3904 1077 3960 supra:
1104 3888 1163 3944 Si
1183 3888 1308 3961 quis
1331 3888 1494 3945 docet
1530 3890 1745 3962 aliquid
1773 3897 1829 3945 et

221 3991 340 4031 non
370 3975 504 4031 facit
519 3976 668 4048 quod
688 3977 868 4045 docet,
898 3977 1098 4032 similis
1128 3984 1215 4032 est
1234 3983 1402 4049 puteo
1421 3979 1516 4050 qui
1546 3995 1739 4034 omnes
1755 3981 1827 4035 ad

219 4082 287 4119 se
314 4064 600 4120 venientes
628 4065 799 4120 satiat
826 4070 885 4121 et
901 4066 1051 4121 delet
1079 4067 1292 4136 sordes,
1337 4068 1585 4140 seipsum
1635 4074 1827 4123 autem

220 4170 468 4226 purgare
486 4171 600 4209 non
628 4158 850 4226 potest;
884 4156 982 4210 sed
1004 4156 1187 4210 omnis
1205 4156 1475 4227 spurcitia
1504 4162 1561 4212 et
1587 4157 1830 4213 immun-

218 4242 367 4298 ditia
393 4244 452 4298 in
483 4260 548 4299 eo
578 4250 664 4299 est
693 4246 878 4312 (Rulli,
911 4249 949 4300 ι.
983 4260 1062 4311 ιη,
1096 4262 1154 4299 η.
1190 4245 1331 4317 183).

280 4333 384 4388 bl.
414 4333 565 4388 Dixit
592 4334 799 4388 iterum
830 4334 979 4406 ipse:
1016 4335 1111 4389 Est
1140 4336 1307 4390 homo
1336 4336 1431 4408 qui
1460 4337 1707 4408 seipsum
1738 4354 1832 4409 ag-

216 4421 421 4479 noscit.
450 4422 603 4477 Dixit
628 4423 831 4478 iterum
859 4441 870 4476 :
919 4424 1063 4489 Quia
1084 4429 1166 4479 est
1198 4426 1364 4479 homo
1384 4426 1479 4497 qui
1495 4427 1715 4482 videtur
1735 4443 1830 4483 ore

1911 3263 2294 3333 interrogatus
2323 3262 2516 3329 fueris,
2548 3261 2675 3329 dic;
2709 3261 2798 3315 sin
2826 3260 2984 3327 alias,
3012 3266 3154 3315 tace.

1981 3351 2070 3407 59.
2102 3352 2257 3407 Dixit
2283 3352 2489 3406 iterum
2514 3349 2686 3404 abbas
2704 3350 2920 3417 Pastor,
2945 3349 3078 3420 quia
3091 3349 3307 3404 dixerat
3338 3348 3511 3405 abbas

1908 3442 2187 3496 Ammon:
2221 3440 2328 3495 Est
2354 3441 2522 3494 homo
2553 3439 2648 3511 qui
2680 3444 2872 3511 portat
2915 3443 3034 3493 toto
3079 3444 3336 3511 tempore
3386 3439 3515 3494 vita:

1912 3548 2027 3587 suae
2056 3531 2318 3598 securim,
2346 3535 2405 3585 et
2432 3546 2545 3585 non
2574 3534 2761 3602 potest
2795 3528 3038 3599 dejicere
3084 3526 3343 3583 arborem
3367 3546 3381 3596 ;
3426 3534 3514 3584 est

1910 3626 2100 3676 autem
2122 3621 2267 3675 alter
2302 3618 2519 3674 habens
2565 3635 2729 3673 usum
2767 3617 3069 3683 incidendi,
3118 3622 3176 3672 et
3216 3617 3276 3672 in
3321 3619 3549 3690 paucis:

1910 3710 2091 3783 plagis
2116 3709 2310 3781 dejicit
2329 3708 2607 3763 arborem.
2644 3706 2876 3763 Dicebat
2906 3712 3097 3763 autem
3139 3705 3380 3763 securim
3425 3706 3514 3761 di-

1912 3799 2247 3855 scretionem
2282 3815 2422 3853 esse.

1985 3888 2073 3944 60.
2110 3889 2323 3944 Iterum
2363 3887 2537 3942 dixit:
2598 3886 2872 3942 Voluntas
2906 3885 3149 3942 hominis
3188 3901 3385 3941 murus
3433 3891 3520 3942 est

1909 3995 2105 4046 aereus,
2136 3983 2194 4033 et
2222 3978 2364 4050 lapis
2392 3976 2712 4050 percutiens
2740 3976 2890 4031 inter
2917 3976 3106 4048 ipsum
3140 3980 3196 4031 et
3224 3976 3422 4031 Deum.
3453 3976 3512 4031 Si

1911 4085 2045 4140 ergo
2074 4068 2369 4140 reliquerit
2395 4067 2532 4134 haec,
2564 4066 2653 4121 dic
2681 4066 2732 4120 ei
2765 4072 2823 4121 et
2847 4065 2984 4138 ipse,
3011 4066 3161 4137 quod
3199 4065 3259 4120 in
3295 4066 3510 4137 psalmo

1912 4157 2184 4229 scriptum
2209 4163 2326 4212 est:
2359 4156 2425 4211 In
2455 4156 2571 4211 Deo
2593 4171 2717 4210 meo
2741 4154 3126 4227 transgrediar
3151 4171 3398 4223 murum;
3424 4160 3509 4210 et:

1913 4247 2066 4302 Deus
2096 4264 2275 4313 meus,
2311 4246 2606 4319 impolluta
2634 4245 2725 4299 via
2752 4246 2874 4317 ejus
2901 4247 3067 4314 (Psal.
3096 4245 3244 4316 xvn).
3277 4244 3337 4300 Si
3368 4243 3517 4300 enim

1907 4335 2133 4406 justitia
2159 4335 2481 4390 subvenerit
2507 4334 2796 4400 voluntati,
2831 4332 3051 4389 laborat
3079 4333 3265 4388 homo.

1983 4423 2073 4481 61.
2095 4425 2294 4479 Frater
2309 4424 2680 4494 interrogavit
2697 4422 2957 4478 abbatem
2978 4423 3288 4490 Pastorem,
3304 4422 3513 4478 dicens:

216 4516 428 4577 tacere,
460 4527 556 4566 cor
585 4516 773 4567 autem
805 4513 927 4583 ejus
956 4512 1293 4568 condemnat
1342 4513 1482 4568 alios
1506 4533 1518 4581 ;
1565 4515 1656 4568 hic
1691 4532 1824 4587 ergo
1846 4544 1893 4602 ι)
1913 4514 2195 4569 Damnum
2224 4514 2425 4569 anima:
2445 4530 2583 4567 meae
2612 4513 2814 4584 patior,
2840 4512 2989 4583 quod
3019 4528 3145 4566 sum
3166 4528 3292 4567 cum
3314 4511 3517 4567 abbate

218 4602 346 4656 sine
376 4600 685 4655 cessatione
714 4602 984 4673 loquitur.
1018 4603 1117 4656 Est
1141 4606 1199 4656 ct
1225 4603 1370 4657 alius
1400 4620 1435 4656 a
1462 4619 1628 4657 mane
1648 4621 1827 4676 usque
1846 4599 1880 4602 Ὗ
1914 4619 2062 4657 meo.
2093 4602 2237 4667 Quid
2264 4619 2396 4673 ergo
2419 4599 2624 4672 jubes?
2644 4602 2843 4656 Maneo
2872 4599 3056 4654 adhuc
3084 4600 3236 4670 apud
3290 4600 3476 4671 ipsum
3496 4601 3522 4654 ’ἶ

217 4690 296 4746 ad
324 4706 617 4761 vesperam
646 4691 899 4762 loquens,
934 4695 991 4746 et
1019 4691 1464 4745 taciturnitatem
1498 4696 1654 4746 tenet
1678 4712 1691 4760 ;
1727 4694 1831 4749 hoc
1911 4691 1985 4746 Et
2014 4691 2227 4747 sciebat
2257 4690 2429 4745 abbas
2458 4691 2675 4756 Pastor,
2708 4688 2838 4760 quia
2855 4688 3153 4744 laederetur
3181 4688 3373 4743 anima
3395 4690 3519 4760 ejus

219 4784 415 4837 autem
429 4780 554 4857 ideo
570 4780 728 4846 dixit,
754 4781 886 4852 quia
906 4797 1193 4853 nunquam
1218 4780 1339 4835 sine
1359 4780 1710 4837 audientium
1725 4782 1834 4837 uti-

221 4870 388 4925 litate
424 4869 644 4924 locutus
672 4874 777 4924 est.

297 4957 385 5014 5‘2.
420 4959 633 5014 Iterum
662 4958 840 5013 dixit:
872 4958 1016 5023 Quia
1045 4959 1093 5014 si
1112 4964 1246 5014 sunt
1266 4965 1384 5014 tres
1414 4959 1471 5013 in
1512 4976 1710 5028 unum,
1764 4977 1831 5015 ex

220 5046 429 5121 quibus
458 5064 605 5103 unus
632 5048 774 5103 bene
803 5049 1073 5120 quiescat,
1106 5049 1251 5104 alius
1282 5049 1604 5103 infirmatur
1632 5055 1689 5103 et
1704 5066 1833 5120 gra-

220 5138 334 5193 tias
363 5142 512 5209 agat,
540 5137 745 5192 tertius
761 5155 893 5193 vero
911 5138 1197 5193 ministret
1216 5139 1295 5193 eis
1310 5155 1374 5193 ex
1397 5138 1616 5193 sincera
1639 5140 1831 5195 volun-

221 5232 364 5292 tate,
390 5227 448 5281 hi
470 5232 588 5282 tres
618 5226 829 5281 similes
858 5232 1010 5295 sunt,
1039 5228 1194 5283 velut
1219 5228 1389 5283 etiam
1419 5228 1466 5283 si
1505 5229 1676 5284 unius
1716 5228 1833 5284 sint

221 5316 433 5390 operis.

293 5405 385 5463 53.
414 5408 629 5461 Iterum
656 5407 797 5461 dixit
822 5426 833 5460 :
861 5407 1077 5462 Malitia
1096 5424 1453 5480 nequaquam
1475 5409 1703 5481 expellit
1716 5425 1831 5464 ma-

219 5496 442 5565 litiam;
471 5497 570 5552 sed
600 5496 783 5568 siquis
803 5496 907 5552 tibi
936 5498 1083 5553 male
1105 5498 1256 5566 facit,
1290 5504 1351 5553 tu
1382 5498 1523 5553 bene
1549 5499 1637 5553 fac
1665 5499 1736 5567 ei,
1768 5503 1834 5555 ut

221 5602 328 5660 per
338 5584 548 5641 bonum
561 5602 702 5659 opus
713 5592 877 5642 tuum
886 5587 1144 5643 destruas
1158 5588 1431 5644 malitiam
1449 5587 1623 5661 ipsius
1641 5589 1823 5662 (Rulli.

219 5680 262 5734 ι.
286 5690 392 5746 .m,
424 5692 484 5734 η.
518 5673 605 5734 79.
637 5678 853 5747 Pasch,
880 5694 929 5733 ε.
959 5675 1011 5746 7,
1043 5693 1100 5733 η.
1134 5675 1210 5745 3).

1914 4798 2015 4852 per
2042 4780 2299 4835 abbatem
2326 4796 2512 4840 suum.
2535 4784 2593 4833 et
2616 4776 3003 4833 admirabatur
3021 4794 3197 4849 quare
3226 4778 3312 4833 vel
3340 4778 3519 4834 inter-

1915 4870 2150 4942 rogabat
2178 4886 2327 4936 eum,
2353 4869 2402 4923 si
2425 4884 2655 4923 manere
2682 4866 2912 4923 deberet
2935 4883 3064 4923 cum
3092 4867 3208 4923 illo.
3265 4867 3343 4924 Et
3382 4867 3523 4925 dixit

1915 4960 2003 5014 ei:
2040 4960 2098 5014 Si
2126 4961 2229 5027 vis,
2255 4964 2396 5013 esto.
2443 4958 2517 5013 Et
2558 4957 2867 5025 discedens,
2914 4958 3125 5014 mansit
3166 4959 3317 5031 apud
3366 4975 3516 5014 eum.

1914 5049 2085 5104 Venit
2120 5054 2309 5104 autem
2338 5048 2545 5102 iterum
2577 5047 2767 5102 dicens
2813 5047 3004 5103 abbati
3040 5048 3298 5104 Pastori:
3334 5049 3520 5103 Grave

1914 5141 2161 5195 animam
2191 5156 2394 5194 meam.
2426 5137 2500 5192 Et
2520 5154 2630 5193 non
2671 5137 2811 5192 dixit
2837 5138 2889 5192 ei
2921 5137 3093 5193 abbas
3132 5139 3367 5193 Pastor:
3420 5138 3523 5193 Di-

1914 5231 2076 5285 scede
2105 5229 2175 5284 ab
2204 5246 2287 5282 eo.
2325 5227 2496 5281 Venit
2518 5226 2709 5294 tertio,
2742 5231 2798 5281 et
2816 5226 2993 5281 dixit:
3021 5226 3199 5281 Crede
3226 5226 3384 5293 mihi,
3399 5227 3521 5297 jam

1914 5336 2027 5375 non
2066 5336 2161 5375 ero
2183 5335 2308 5374 cum
2335 5334 2420 5372 eo.
2445 5316 2521 5370 Et
2546 5315 2680 5371 dicit
2700 5316 2751 5371 ei
2782 5330 2949 5370 senex
2974 5333 2987 5368 :
3021 5315 3164 5370 Ecce
3195 5315 3361 5370 modo
3404 5316 3520 5371 sal-

1913 5414 2075 5465 vatus
2104 5426 2182 5476 es,
2214 5408 2374 5475 vade,
2406 5412 2463 5462 et
2491 5423 2603 5462 non
2631 5407 2710 5461 sis
2738 5406 2888 5460 ultra
2914 5420 3039 5459 cum
3063 5420 3148 5459 eo.
3190 5404 3341 5459 Dixit
3367 5404 3520 5460 enim

1915 5499 2084 5554 abbas
2119 5500 2319 5553 Pastor
2358 5498 2539 5553 eidem
2566 5515 2577 5550 :
2613 5496 2794 5551 Homo
2818 5495 2913 5567 qui
2942 5494 3083 5549 vidit
3108 5493 3379 5550 damnum
3400 5496 3518 5566 pati

1913 5588 2162 5643 animam
2191 5604 2371 5654 suam,
2396 5603 2507 5641 non
2538 5602 2678 5659 Opus
2707 5584 2876 5639 habet
2893 5583 3262 5655 interrogare.
3292 5581 3520 5638 Etenim

1912 5677 1982 5734 de
2003 5676 2232 5733 occultis
2251 5675 2681 5749 cogitationibus
2696 5674 3011 5748 interrogat
3030 5673 3177 5746 quis,
3195 5678 3262 5731 ut
3271 5672 3520 5732 seniores
