3934 6378
424 331 537 391 9,3.

1560 334 1655 391 DE
1693 334 1883 391 VITIS
1920 332 2217 392 PATRUM
2251 334 2467 391 LIBER
2502 334 2572 387 V.

3591 331 3692 389 974

422 456 663 531 probare
688 458 937 531 possint;
969 458 1038 515 de
1076 458 1390 517 manifestis
1418 466 1608 518 autem
1638 463 1879 535 peccatis
1906 461 2248 526 nonAbona
2270 458 2577 533 proximis?
2608 457 2759 515 Dixit
2796 458 2849 512 ei
2885 472 3089 513 senex:
3135 458 3262 513 Non
3295 457 3375 512 sic
3420 456 3692 529 loquaris,

424 553 513 604 est
534 565 676 621 opus
698 548 1068 620 interrogare,
1090 550 1187 605 sed
1209 550 1404 605 statim
1424 551 1769 608 abscindere.

497 636 585 694 62.
617 637 991 709 Interrogavit
1017 637 1188 694 abbas
1213 639 1519 709 Abraham,
1546 642 1643 714 qui
1664 648 1785 698 erat
1804 642 2021 699 abbatis

422 726 744 799 Agathonis
773 727 1098 800 discipulus,
1131 728 1393 785 abbatem
1440 731 1750 798 Pastorem,
1792 732 2015 788 dicens:

424 815 609 881 Quare
635 833 729 872 me
757 818 838 872 sic
859 817 1140 874 daemones
1150 818 1524 891 impugnant?
1544 822 1614 876 Et
1630 821 1830 877 dicitei
1849 821 2022 877 abbas

424 904 627 961 Pastor
652 924 663 960 :
691 906 771 962 Te
795 906 1134 980 impugnant
1150 908 1431 964 daemones
1451 909 1475 963 ?
1497 911 1624 965 Non
1651 915 1909 982 pugnant
1926 927 2024 967 no-

424 993 641 1052 biscum
669 996 968 1064 daemones,
1002 997 1227 1069 quando
1255 998 1570 1054 voluntates
1616 1005 1838 1056 nostras
1883 1000 2023 1055 faci-

424 1099 589 1153 mus;
622 1085 756 1158 quia
781 1087 1100 1142 voluntates
1120 1092 1325 1143 nostrae
1354 1088 1635 1145 daemones
1667 1090 1825 1146 factae
1868 1095 2022 1155 sunt,

424 1177 485 1229 et
510 1174 598 1230 ha:
625 1180 761 1231 sunt
790 1192 912 1249 quae
940 1175 1220 1232 tribulant
1248 1192 1351 1233 nos
1376 1182 1443 1232 ut
1487 1178 1757 1235 faciamus
1805 1196 1918 1235 eas.
1966 1180 2026 1235 Si

425 1267 619 1320 autem
640 1265 723 1320 vis
752 1264 896 1321 scire
916 1266 1109 1338 quales
1146 1272 1280 1322 sunt
1325 1284 1453 1322 cum
1499 1268 1701 1339 quibus
1744 1268 2025 1325 daemones

426 1359 716 1426 pugnant;
739 1371 867 1410 cum
893 1355 1083 1427 Moyse
1109 1360 1167 1410 et
1198 1355 1474 1411 similibus
1505 1358 1645 1428 ejus.

498 1439 588 1500 63.
612 1442 767 1498 Dixit
792 1443 968 1499 abbas
996 1444 1213 1513 Pastor,
1241 1445 1375 1517 quia
1398 1446 1573 1501 frater
1600 1447 1828 1519 quidam
1854 1448 2026 1503 inter-

427 1531 713 1602 rogaverit
740 1532 1001 1589 abbatem
1028 1535 1297 1607 Moysem,
1334 1534 1562 1591 dicens:
1619 1537 1814 1602 Qualis
1857 1539 2025 1593 homo

427 1620 733 1677 mortiﬁcat
760 1639 819 1678 se
839 1623 863 1676 ?
885 1623 1054 1678 homo
1068 1641 1103 1678 a
1121 1624 1373 1695 proximo
1396 1642 1498 1681 suo
1520 1625 1630 1681 ?Et
1648 1628 1938 1698 respondit
1952 1628 2020 1682 ei:

428 1709 551 1766 Nisi
578 1712 830 1783 posuerit
856 1712 1023 1768 homo
1043 1712 1102 1768 in
1130 1713 1297 1769 corde
1316 1730 1418 1769 suo
1441 1715 1574 1786 quia
1599 1715 1906 1771 triennium
1928 1718 2026 1771 ha-

2101 551 2352 623 alioquin
2382 551 2564 606 Deum
2594 548 2925 604 mendacem
2953 546 3161 614 facies;
3202 546 3300 603 sed
3345 546 3435 602 dic
3474 546 3691 617 magis:

2102 641 2345 696 Omnino
2366 638 2808 695 misericordiam
2822 636 3005 692 facere
3018 636 3166 692 nolo.
3182 636 3532 692 Prmveniens
3543 634 3695 691 enim

2101 730 2253 785 Deus
2277 729 2451 784 dixit:
2487 727 2634 783 Dedi
2662 726 2817 782 vobis
2852 731 3188 799 potestatem
3231 725 3483 781 calcandi
3526 740 3696 797 super

2103 820 2423 891 scorpiones
2451 823 2509 874 et
2537 821 2843 889 serpentes,
2874 821 2933 871 et
2957 832 3126 889 super
3160 831 3386 871 omnem
3429 814 3695 870 virtutem

2102 909 2315 964 inimici
2343 910 2516 977 (Luca
2538 908 2588 979 x)
2600 947 2614 975 ,
2646 923 2747 961 cur
2766 922 2899 977 ergo
2914 910 2979 961 tu
2997 906 3316 962 immundos
3334 905 3565 978 spiritus
3582 920 3694 960 non

2105 999 2395 1054 conculcas
2415 998 2441 1052 Υ

2176 1086 2267 1145 67.
2300 1088 2452 1143 Dixit
2481 1085 2653 1142 abbas
2682 1085 3003 1142 Palladius:
3045 1086 3284 1158 Oportet
3321 1084 3569 1140 animam
3613 1100 3696 1139 se-

2107 1178 2352 1233 cundum
2377 1176 2585 1232 Christi
2612 1176 2957 1231 voluntatem
2984 1180 3424 1242 conversantem,
3465 1179 3565 1229 aut
3590 1173 3699 1229 dis-

2107 1284 2231 1323 cere
2261 1267 2503 1322 ﬁdeliter
2522 1283 2644 1338 quae
2668 1266 2864 1332 nescit,
2895 1276 2997 1320 aut
3021 1266 3219 1321 docere
3254 1263 3548 1320 manifeste
3577 1281 3700 1337 qua

2107 1358 2263 1414 novit
2286 1376 2299 1425 ;
2328 1357 2376 1412 si
2394 1362 2584 1412 autem
2612 1361 2937 1427 utrumque,
2960 1372 3087 1411 cum
3106 1354 3300 1427 possit,
3322 1370 3437 1409 non
3459 1355 3597 1422 vult,
3618 1354 3703 1409 in-

2107 1448 2279 1503 sania:
2301 1447 2497 1502 morbo
2516 1446 2752 1501 laborat.
2776 1445 3010 1501 Initium
3029 1445 3182 1500 enim
3200 1443 3496 1499 recedendi
3514 1444 3699 1510 aDeo,

2105 1538 2398 1593 fastidium
2442 1536 2708 1592 doctrinae
2745 1540 2848 1601 est,
2895 1540 2953 1590 et
2994 1551 3123 1589 cum
3157 1551 3272 1589 non
3311 1534 3528 1605 appetit
3562 1533 3704 1589 illud

2110 1628 2259 1699 quod
2288 1643 2513 1699 semper
2539 1626 2728 1681 anima
2757 1625 2937 1680 esurit
2962 1641 3087 1696 quae
3115 1624 3301 1695 diligit
3342 1624 3520 1679 Deum
3552 1624 3703 1693 (Pal-

2108 1719 2245 1785 lad.,
2277 1720 2431 1786 epist.
2461 1717 2534 1771 ad
2572 1718 2833 1782 Lausum,
2886 1718 3048 1770 titulo
3092 1714 3419 1781 Heraclidis,
3456 1715 3520 1767 in
3567 1713 3700 1768 edit.

424 1796 521 1854 bet
546 1798 607 1853 in
634 1800 942 1872 sepultura,
975 1818 1089 1856 non
1108 1802 1337 1873 attingit
1351 1802 1423 1858 ad
1442 1803 1548 1858 hoc
1574 1803 1803 1860 verbum
1831 1808 2018 1875 (Ra/7.,
2040 1791 2089 1853 Β
2106 1808 2363 1868 Hervem.

429 1891 468 1943 ι.
495 1901 576 1957 m,
601 1904 659 1943 η.
696 1888 826 1957 102ς
858 1892 1069 1959 Pasch.,
1102 1909 1148 1947 c.
1181 1891 1270 1960 43,
1296 1909 1355 1947 η.
1396 1890 1449 1960 2,
1495 1896 1717 1949 nomine
1762 1893 1987 1951 Szlmni
2004 1915 2021 1962 ,-

426 1978 671 2048 Append.
699 1980 890 2048 Mart,
922 1996 989 2038 η.
1028 1978 1169 2050 108).

496 2064 585 2123 64.
609 2068 807 2124 Frater
824 2068 1193 2141 interrogavit
1205 2070 1464 2127 abbatem
1486 2072 1798 2140 Pastorem,
1813 2072 2023 2129 dicens:

428 2155 720 2221 Quomodo
736 2164 960 2231 oportet
977 2161 1315 2217 monachum
1331 2162 1525 2217 sedere
1535 2162 1596 2217 in
1609 2163 1787 2217 cella?
1806 2161 1882 2218 Et
1891 2163 2031 2218 dixit

430 2245 484 2303 ei
509 2262 714 2303 senex:
748 2248 956 2305 Sedere
984 2249 1045 2304 in
1073 2250 1235 2318 cella,
1278 2255 1553 2323 quantum
1590 2252 1662 2306 ad
1692 2252 1751 2306 id
1781 2253 1930 2324 quod
1971 2254 2032 2308 in

428 2335 728 2392 manifesto
742 2342 846 2407 est,
865 2338 971 2395 hoc
1000 2343 1107 2411 est,
1131 2345 1197 2396 ut
1217 2340 1387 2395 faciat
1406 2358 1546 2413 opus
1573 2358 1863 2409 manuum,
1880 2348 1938 2396 et
1952 2359 2034 2397 se-

426 2426 541 2485 mel
563 2428 841 2497 comedat,
868 2434 926 2484 et
950 2433 1153 2498 taceat,
1174 2435 1233 2485 et
1258 2431 1597 2500 meditetur;
1634 2432 1848 2486 occulte
1876 2432 2030 2487 enim

428 2517 701 2589 proﬁcere
729 2518 790 2573 in
819 2519 980 2587 cella,
1013 2519 1120 2575 hoc
1149 2525 1252 2587 est,
1302 2526 1368 2575 ut
1414 2525 1601 2592 portet
1643 2522 2032 2593 unusquisque

429 2606 794 2679 opprobrium
821 2624 987 2668 suum
1008 2608 1069 2664 in
1096 2610 1252 2665 omni
1281 2610 1399 2665 loco
1419 2627 1752 2682 quocunque
1777 2628 2034 2682 perrexe-

427 2695 523 2764 rit,
556 2701 615 2752 et
640 2702 707 2751 ut
730 2696 1032 2753 ministerii
1059 2699 1227 2754 horas
1270 2699 1569 2766 custodiat,
1602 2705 1659 2753 et
1688 2700 1759 2754 de
1799 2700 2031 2756 occultis

2181 1893 2270 1953 68.
2303 1896 2502 1951 Frater
2528 1895 2670 1950 dixit
2708 1894 2897 1950 abbati
2939 1894 3120 1950 Sisoi:
3162 1894 3347 1959 Quare
3387 1907 3502 1947 non
3548 1907 3709 1947 rece-

2110 1986 2255 2041 dunt
2277 2002 2312 2039 a
2340 2002 2431 2040 me
2460 1985 2791 2057 passiones?
2827 1984 2901 2040 Et
2923 1984 3061 2039 dicit
3088 1984 3141 2038 ei
3164 1999 3366 2038 senex:
3402 1981 3547 2047 Quia
3572 1997 3708 2037 vasa

2113 2074 2438 2131 earumdem
2461 2074 2786 2147 passionum
2813 2074 2967 2129 intra
2989 2078 3047 2129 te
3089 2076 3255 2141 sunt;
3287 2072 3385 2128 sed
3422 2071 3493 2127 da
3522 2071 3601 2126 eis
3627 2070 3709 2143 pi-

2111 2181 2259 2237 gnus
2286 2181 2471 2231 suum,
2495 2169 2553 2219 et
2571 2164 2881 2220 discedent.

2184 2252 2276 2310 69.
2306 2253 2472 2309 Venit
2502 2253 2730 2325 quidam
2757 2252 2934 2308 frater
2959 2253 3033 2308 ad
3058 2251 3318 2308 abbatem
3347 2250 3711 2307 Silvanumin

2115 2349 2305 2398 monte
2334 2342 2489 2410 Sina,
2511 2348 2568 2397 et
2581 2343 2720 2397 vidit
2746 2342 2947 2397 fratres
2960 2342 3298 2408 laborantes,
3315 2344 3374 2397 et
3397 2340 3538 2395 dixit
3554 2339 3709 2395 seni:

2110 2433 2297 2489 Nolite
2326 2432 2547 2504 operari
2581 2432 2767 2487 cibum
2796 2432 2894 2503 qui
2922 2431 3070 2504 perit
3098 2431 3275 2502 (Joan.
3292 2429 3591 2501 v1);Maria
3616 2445 3715 2484 au-

2110 2527 2226 2578 tem
2254 2523 2526 2594 optimam
2554 2528 2774 2594 partem
2791 2521 2962 2592 elegit
2990 2522 3162 2588 (Luca
3181 2521 3254 2589 Χ).
3272 2518 3348 2574 Et
3373 2518 3509 2574 dicit
3533 2534 3708 2574 senex

2112 2612 2386 2683 discipulo
2415 2628 2550 2666 suo:
2603 2612 2755 2665 Voca
2796 2610 3141 2676 Zachariam,
3184 2614 3243 2665 et
3280 2608 3444 2664 mitte
3478 2608 3718 2665 fratrem

2114 2701 2288 2756 istum
2314 2701 2376 2756 in
2400 2701 2619 2767 cellam,
2645 2699 2745 2755 ubi
2771 2700 2911 2755 nihil
2941 2706 3028 2755 est
3058 2701 3240 2768 (Rulli,
3273 2702 3311 2754 ι.
3359 2712 3447 2767 III,
3492 2714 3549 2753 η.
3600 2698 3715 2767 55).

428 2801 543 2841 non
571 2785 842 2858 negligat.
872 2787 931 2842 Si
961 2792 1152 2843 autem
1173 2788 1473 2860 contigerit
1499 2794 1723 2860 tempus
1774 2795 1839 2844 ut
1874 2796 2033 2845 vacet
2114 2790 2326 2846 Etcum
2352 2790 2500 2846 facta
2516 2790 2860 2845 fuissethora
2875 2806 3041 2856 nona,
3065 2787 3714 2855 intendebatadostium,

429 2874 501 2930 ab
517 2891 691 2947 opere
709 2891 1001 2943 manuum,
1016 2876 1192 2932 intret
1208 2878 1278 2932 ad
1301 2877 1680 2933 ministerium
1700 2879 1883 2950 operis
1904 2880 2026 2948 Dei,
2115 2880 2162 2935 si
2184 2881 2484 2943 mitterent
2511 2886 2569 2935 et
2588 2884 2851 2935 vocarent
2878 2895 3007 2935 eum
3034 2879 3107 2934 ad
3132 2878 3584 2934 manducandum
3610 2896 3625 2946 ;
3659 2882 3720 2934 et

434 2969 492 3019 et
518 2964 576 3019 id
615 2964 737 3020 sine
792 2965 983 3037 aliqua
1005 2966 1428 3038 perturbatione
1475 2973 1842 3023 consummet.
1877 2968 2030 3024 Finis
2115 2987 2244 3025 cum
2272 2986 2438 3025 nemo
2463 2970 2791 3041 loqueretur
2809 2969 2883 3039 ei,
2912 2985 3150 3040 surgens
3178 2967 3717 3035 venitadsenem,et

430 3057 623 3110 autem
650 3054 853 3111 horum
881 3060 970 3111 est
1005 3061 1069 3111 ut
1111 3057 1442 3112 comitatum
1489 3057 1658 3112 simul
1696 3074 2031 3114 conversan-
2055 3115 2090 3125 ,-
2114 3058 2251 3113 dicit
2270 3058 2319 3112 ei
2346 3076 2358 3113 :
2390 3056 2567 3125 Abba,
2600 3057 2768 3112 hodie
2803 3057 3004 3112 fratres
3041 3074 3154 3112 non
3196 3056 3599 3112 comederunt?
3644 3056 3719 3112 Et

430 3142 574 3201 tium
596 3143 873 3201 bonorum
894 3151 1108 3215 teneas,
1143 3152 1201 3202 et
1227 3147 1499 3203 revoceris
1538 3164 1574 3203 a
1614 3147 1893 3204 malorum
1935 3164 2031 3204 co-
2049 3142 2091 3176 υ
2113 3148 2254 3204 dixit
2278 3148 2332 3204 ci
2361 3164 2567 3203 senex:
2598 3146 2788 3203 Etiam
2810 3148 2933 3219 jam
2955 3147 3337 3202 comederunt.
3368 3146 3439 3201 Et
3472 3144 3610 3201 dicit
3662 3145 3715 3202 ei

430 3233 655 3291 mitatu.
2114 3238 2321 3293 frater:
2356 3238 2427 3293 Et
2465 3253 2639 3309 quare
2668 3254 2760 3291 me
2789 3253 2903 3292 non
2933 3236 3185 3292 vocasti?
3220 3236 3290 3291 Et
3316 3235 3606 3307 respondit
3629 3251 3716 3291 se-

501 3322 589 3380 65.
621 3324 915 3381 Venerunt
936 3325 1239 3398 aliquando
1276 3325 1390 3382 duo
1416 3325 1622 3383 fratres
1652 3329 1723 3383 ad
1772 3328 2033 3384 abbatem
2115 3345 2257 3384 nex:
2285 3328 2370 3383 Tu
2397 3327 2566 3382 homo
2598 3326 2867 3399 spiritalis
2880 3343 2959 3394 es,
2977 3331 3035 3382 et
3061 3342 3178 3382 non
3202 3325 3420 3397 indiges
3439 3325 3545 3380 hoc
3561 3324 3711 3394 cibo;

430 3413 663 3487 Pampo,
694 3420 754 3471 et
779 3414 1150 3487 interrogavit
1178 3432 1325 3471 unus
1354 3433 1420 3471 ex
1447 3417 1546 3485 eis,
1580 3418 1770 3473 dicens
1795 3437 1807 3473 :
1850 3418 2030 3486 Abba,
2116 3434 2219 3473 nos
2245 3422 2438 3472 autem
2461 3417 2714 3473 carnales
2746 3433 2941 3471 sumus
2965 3422 3024 3471 et
3050 3416 3300 3471 volentes
3347 3414 3711 3480 manducare,

431 3519 537 3575 ego
563 3501 733 3558 biduo
756 3504 975 3574 jejuno,
1005 3508 1066 3559 et
1082 3504 1222 3560 duos
1248 3506 1560 3576 paximates
1588 3507 1865 3561 manduco
1890 3525 1903 3574 ;
1926 3523 2033 3578 pu-
2114 3512 2417 3579 propterea
2438 3502 3010 3578 operamurmanibus
3021 3504 3256 3571 nostris;
3279 3509 3343 3559 tu
3357 3520 3485 3559 vero
3504 3503 3715 3559 bonam

430 3595 522 3647 tas
548 3592 700 3647 salvo
718 3592 969 3648 animam
986 3610 1190 3661 meam,
1215 3610 1289 3649 an
1311 3594 1547 3649 seducor
1566 3595 1590 3649 ?
1610 3596 1678 3651 Et
1699 3596 1843 3651 alter
1871 3595 2027 3650 dixit:

430 3678 552 3753 Ego
576 3680 777 3754 colligo
805 3682 876 3738 de
895 3699 1062 3756 Opere
1077 3699 1348 3739 manuum
1369 3700 1625 3740 mearum
1639 3685 1780 3740 duas
1803 3684 2033 3757 siliquas

432 3770 684 3839 diurnas,
716 3776 775 3827 et
800 3789 1002 3844 parum
1035 3790 1102 3827 ex
1135 3773 1216 3828 eis
1245 3773 1460 3828 retineo
1506 3774 1577 3828 ad
1605 3774 1836 3841 victum,
1876 3774 2031 3829 aliud

432 3864 623 3918 autem
651 3863 902 3935 expendo
920 3862 981 3918 in
1006 3863 1421 3935 elcemosynam
1445 3882 1457 3919 :
1492 3868 1660 3935 putas
1688 3864 1875 3919 salvus
1912 3880 2025 3931 ero,

431 3966 505 4007 an
524 3951 796 4007 seducor?
826 3952 901 4007 Et
926 3968 1054 4008 cum
1075 3953 1385 4024 plurimum
1427 3958 1695 4025 rogarent
1735 3970 1883 4020 cum,
1935 3953 2031 4008 ille

432 4056 548 4097 non
575 4041 951 4113 respondebat
978 4041 1080 4097 eis.
1108 4042 1243 4097 Post
1269 4047 1513 4114 quatuor
1539 4047 1728 4097 autem
1758 4042 1878 4097 dies
1901 4058 2031 4096 cum

432 4130 736 4186 discessuri
763 4135 971 4199 essent,
1015 4131 1291 4201 rogabant
1342 4148 1436 4187 eos
1483 4132 1689 4198 clerici,
1743 4132 2027 4189 dicentes:

434 4220 622 4275 Nolite
649 4219 887 4287 tristari,
910 4219 1131 4286 fratres,
1153 4220 1304 4275 Deus
1317 4220 1475 4276 vobis
1499 4219 1790 4292 prmstabit
1815 4237 2030 4276 merce-

432 4309 560 4363 dem
588 4328 601 4376 ;
634 4307 714 4363 sic
743 4313 831 4363 est
856 4308 1007 4363 enim
1030 4309 1375 4364 consuetudo
1395 4310 1565 4380 huius
1595 4310 1763 4376 senis,
1797 4310 2031 4365 noncito

2114 3600 2337 3667 partem
2363 3596 2604 3666 elegisti,
2635 3596 2827 3665 legens
2855 3600 2976 3650 tota
2997 3595 3108 3661 die,
3164 3599 3222 3649 et
3259 3593 3454 3649 nolens
3488 3609 3745 3648 sumere

2114 3684 2303 3741 cibum
2332 3686 2635 3740 carnalem.
2660 3684 2766 3749 Qui
2798 3701 2926 3739 cum
2956 3684 3074 3740 haec
3100 3683 3369 3750 audisset,
3412 3680 3718 3754 prostravit

2116 3791 2177 3829 se
2209 3775 2279 3829 ad
2311 3774 2723 3846 paenitentiam,
2763 3774 2989 3829 dicens:
3023 3774 3276 3844 Ignosce,
3310 3772 3388 3826 mi
3427 3770 3590 3826 abba.
3647 3771 3717 3826 Et

2116 3863 2257 3918 dixit
2282 3879 2450 3918 senex
2480 3882 2491 3917 :
2521 3864 2664 3918 Puto
2694 3879 2835 3934 opus
2883 3860 3053 3916 habet
3081 3861 3309 3917 omnino
3349 3859 3526 3915 Maria
3568 3859 3717 3915 Mar-

2115 3952 2295 4023 tham,
2334 3970 2435 4024 per
2463 3953 2747 4007 Martham
2774 3951 2927 4007 enim
2949 3950 3128 4005 Maria
3152 3950 3433 4005 laudatur.

2187 4040 2273 4097 70.
2307 4042 2459 4097 Dixit
2486 4047 2681 4097 sancta
2700 4039 3046 4113 Syncletica:
3081 4039 3189 4104 Qui
3230 4037 3518 4094 sensibiles
3565 4037 3712 4092 divi-

2112 4131 2219 4185 tias
2248 4131 2319 4186 de
2348 4129 2540 4186 labore
2568 4135 2625 4186 et
2652 4130 2913 4202 periculis
2943 4129 3117 4184 maris
3144 4128 3438 4199 colligunt,
3485 4127 3712 4198 quando

2112 4220 2293 4275 multa
2329 4221 2639 4287 lucrentur,
2685 4226 2819 4275 tunc
2833 4220 2998 4290 plura
3015 4218 3354 4283 desiderant,
3388 4221 3445 4272 et
3471 4232 3593 4288 quae
3611 4216 3715 4271 ha-

2112 4308 2264 4377 bent,
2298 4309 2451 4364 velut
2478 4309 2718 4364 nihilum
2747 4312 3049 4380 reputant;
3081 4308 3154 4362 ad
3181 4323 3249 4363 ea
3275 4322 3404 4362 vero
3432 4322 3557 4377 qua:
3582 4322 3711 4361 nec-

433 4397 704 4471 loquitur,
733 4397 844 4453 nisi
866 4398 1015 4455 Deus
1034 4414 1087 4453 e1
1099 4398 1319 4454 dederit
1329 4400 1477 4470 quod
1491 4399 1657 4454 dicat.
1676 4400 2094 4461 IntraveruntD
2113 4398 2249 4454 dum
2276 4397 2488 4453 habent
2504 4414 2730 4453 omnem
2748 4398 3119 4453 intentionem
3128 4396 3304 4452 animi
3322 4395 3578 4451 tendunt.
3592 4396 3711 4451 Nos

435 4504 569 4560 ergo
597 4488 668 4543 ad
689 4504 902 4556 senem,
921 4493 979 4544 et
1003 4488 1268 4544 dixerunt
1296 4488 1349 4544 ei
1375 4507 1386 4543 :
1419 4488 1598 4554 Abba,
1617 4506 1715 4544 ora
1734 4506 1835 4561 pro
1850 4489 2029 4545 nobis.

434 4575 511 4633 Et
544 4578 642 4634 ille
679 4577 821 4634 dixit
856 4578 973 4634 eis:
1022 4576 1328 4634 Ambulare
1370 4578 1581 4634 vultis?
1618 4578 1691 4633 Et
1732 4578 2025 4634 dixerunt:

433 4666 644 4724 Etiam.
674 4667 751 4724 Et
776 4668 1004 4725 intuens
1022 4685 1138 4735 eos,
1157 4668 1216 4723 in
1234 4668 1536 4740 semetipso
1565 4668 1840 4740 accipiens
1864 4684 2036 4741 Opera

433 4774 652 4823 eorum,
678 4759 959 4816 scribebat
976 4759 1036 4816 in
1063 4764 1296 4822 terram,
1329 4763 1388 4814 et
1429 4758 1683 4814 dicebat:
1716 4758 1928 4814 Pambo
1953 4758 2034 4814 bi-

432 4849 546 4906 duo
567 4850 811 4920 jejunat,
843 4854 902 4905 et
923 4849 1063 4904 duos
1092 4849 1402 4920 paximates
1422 4849 1726 4905 manducet
1752 4867 1765 4916 ;
1790 4854 1956 4921 putas
1972 4848 2033 4903 in

432 4938 540 4995 hoc
559 4943 645 4994 est
658 4938 1002 4993 monachus?
1020 4939 1165 4993 Non.
1189 4939 1404 4994 Iterum
1432 4938 1655 4993 dicebat
1677 4957 1688 4993 :
1720 4936 1796 4993 Et
1820 4936 2029 4993 Pambo

432 5026 653 5084 laborat
677 5027 739 5082 in
765 5026 856 5082 die
883 5028 1025 5083 duas
1048 5027 1301 5099 siliquas,
1328 5034 1385 5083 et
1403 5028 1501 5083 dat
1519 5044 1613 5083 eas
1632 5027 1693 5083 in
1727 5027 2033 5098 elcemosy-

432 5134 568 5175 nam
591 5137 604 5186 ;
633 5122 803 5190 putas
821 5117 881 5172 in
900 5117 1006 5173 hoc
1034 5123 1121 5172 est
1138 5117 1482 5174 monachus?
1511 5117 1783 5173 Necdum.
1809 5116 1883 5171 Et
1899 5132 2035 5187 pau-

432 5209 613 5265 lulum
642 5208 902 5275 reticens,
936 5207 1302 5265 dixitadeos:
1336 5208 1556 5264 Bonum
1583 5207 1812 5278 quidem
1841 5222 2036 5277 opera-

433 5299 533 5368 ris,
564 5299 665 5356 sed
688 5299 736 5355 si
763 5298 1045 5355 custodias
1073 5298 1473 5355 conscientiam
1495 5302 1691 5363 003
1718 5301 1877 5350 tuam
1906 5312 2036 5351 cum

433 5390 688 5461 proximo
707 5394 827 5458 tuo,
856 5390 937 5445 ita
966 5388 1290 5445 salvaberis.
1308 5389 1374 5444 In
1402 5387 1491 5443 his
1520 5403 1653 5457 ergo
1684 5385 1762 5441 sic
1776 5385 2033 5442 aediﬁcati

433 5478 654 5547 fratres,
685 5496 816 5535 cum
840 5479 1048 5550 gaudio
1086 5478 1484 5534 discesserunt.

507 5567 595 5625 66.
618 5569 816 5626 Frater
845 5568 1076 5641 quidam
1098 5566 1467 5639 interrogavit
1492 5564 1752 5622 abbatem
1800 5566 2029 5636 Pambo,

437 5656 664 5719 (licens:
691 5658 880 5728 Quare
905 5675 997 5716 me
1024 5657 1323 5733 prohibent
1339 5655 1571 5731 spiritus
1600 5656 1829 5731 quidam
1851 5656 2034 5714 facere

2115 4493 2305 4544 autem
2334 4493 2393 4543 et
2419 4504 2613 4544 eorum
2627 4504 2751 4559 quae
2766 4486 3070 4559 qumrenda
3087 4491 3237 4551 sunt,
3261 4484 3402 4540 nihil
3414 4483 3706 4552 habemus,

2116 4582 2174 4633 et
2199 4578 2462 4634 nolumus
2490 4577 2774 4649 possidere
2804 4593 2926 4649 quae
2963 4574 3281 4631 necessaria
3315 4578 3449 4630 sunt
3481 4578 3711 4646 propter

2114 4668 2378 4723 timorem
2403 4667 2525 4723 Dei.

2188 4758 2275 4814 71.
2305 4757 2458 4813 Dixit
2483 4757 2693 4812 iterum
2717 4774 2732 4813 :
2765 4757 2864 4811 Est
2889 4755 3121 4811 tristitia
3141 4754 3314 4822 utilis,
3346 4758 3405 4809 et
3426 4758 3512 4809 est
3537 4752 3711 4831 tristi-

2113 4847 2195 4902 tia
2222 4863 2344 4919 qure
2373 4846 2699 4918 corrumpit.
2733 4846 2988 4901 Tristitia
3017 4862 3150 4917 ergo
3178 4844 3331 4900 utilis
3368 4848 3472 4912 est,
3510 4848 3575 4898 ut
3608 4858 3710 4915 pro

2114 4937 2355 5009 peccatis
2386 4936 2843 5007 ingemiscamus,
2877 4940 2936 4991 et
2955 4952 3058 5007 pro
3084 4935 3404 5005 ignorantia
3428 4934 3711 5007 proximo-

2115 5043 2261 5093 rum,
2296 5031 2354 5081 et
2380 5031 2446 5081 ut
2471 5042 2585 5081 non
2615 5026 2880 5081 cadamus
2909 5041 2943 5078 a
2970 5024 3273 5097 proposito,
3321 5028 3388 5079 ut
3424 5022 3710 5095 perfectio-

2114 5133 2242 5171 nem
2261 5116 2528 5171 bonitatis
2548 5116 2916 5186 attingamus:
2932 5114 3017 5170 hae
3040 5118 3175 5169 sunt
3209 5113 3421 5185 species
3450 5129 3593 5167 vera:
3612 5111 3711 5165 tri-

2118 5207 2303 5261 stitiae.
2329 5206 2427 5261 Est
2450 5205 2602 5260 enim
2621 5210 2679 5259 et
2697 5204 3001 5260 adversarii
3020 5203 3199 5259 nostri
3226 5203 3297 5258 ad
3316 5203 3432 5257 haec
3457 5201 3707 5273 quaedam

2116 5296 2455 5367 conjunctio.
2489 5294 2753 5350 Immittit
2783 5294 2934 5349 enim
2956 5293 3245 5349 tristitiam
3277 5292 3398 5347 sine
3426 5290 3611 5363 aliqua
3624 5305 3710 5345 ra-

2115 5386 2287 5453 tione,
2321 5401 2491 5457 quam
2529 5384 2759 5439 taedium
2805 5383 3253 5455 appellaverunt.
3301 5381 3536 5453 Oportet
3577 5393 3706 5449 ergo

2113 5477 2287 5531 talem
2298 5474 2559 5548 spiritum
2579 5474 2781 5546 saepius
2796 5473 3007 5529 orando
3032 5477 3091 5528 et
3115 5471 3401 5544 psallendo
3419 5469 3597 5540 magis
3614 5467 3708 5523 de-

2114 5566 2341 5639 pellere.

2185 5654 2272 5717 72,
2305 5655 2457 5713 Dixit
2482 5655 2724 5713 iterum:
2759 5655 2859 5713 Est
2874 5654 3026 5712 enim
3041 5669 3109 5710 ex
3129 5650 3476 5710 immissione
3501 5646 3702 5707 diaboli
