3934 6386
383 379 488 442 925

1677 378 1915 438 VERBA
1953 376 2343 436 SENIORUM.

3557 358 3662 418 9'26

383 512 615 564 extensa
637 508 780 564 dura
803 507 1163 575 abstinentia,
1189 524 1320 563 nam
1351 512 1408 563 et
1437 523 1705 580 sequaces
1734 510 1856 579 ejus
1895 508 1981 562 fa-
1999 510 2046 569 Α
2066 521 2283 570 sanare,
2305 502 2461 558 misit
2487 504 2611 573 post
2636 499 2821 572 ipsum
2845 500 2904 550 et
2921 489 3200 549 revocavit
3222 504 3372 545 eum.
3395 485 3504 580 Qui
3530 501 3659 541 cum
3676 509 3683 528 ι

382 597 541 654 ciunt
562 597 665 653 hoc
680 616 692 665 ;
709 598 932 669 quando
944 614 1077 669 ergo
1098 597 1470 652 discernimus
1480 598 1727 652 divinam
1748 603 1806 652 et
1828 615 1987 670 rega-

381 687 496 742 lem
523 686 921 742 abstinentiam
946 705 981 742 a
1002 687 1301 759 tyrannica
1328 692 1498 759 atque
1529 685 1849 742 diabolica?
1873 687 1986 743 Ma-

385 777 652 834 nifestum
683 781 771 833 est
797 777 931 849 quia
973 777 1241 832 mediocri
1268 783 1522 849 tempore
1550 777 1986 832 conversationis

388 875 504 923 tua:
533 883 648 922 una
676 867 873 938 regula
890 866 1096 938 jejunii
1121 866 1196 922 sit
1223 866 1346 921 tibi.
1377 868 1504 922 Non
1533 866 1719 921 subito
1745 871 1987 938 quatuor

389 962 491 1013 aut
515 955 761 1028 quinque
780 955 900 1011 dies
927 956 1223 1011 continuos
1247 957 1492 1027 jejunas,
1520 961 1578 1010 ct
1604 956 1809 1011 iterum
1837 956 1986 1010 mul-

385 1045 630 1101 titudine
667 1044 917 1100 ciborum
957 1045 1122 1100 solvis
1151 1045 1418 1100 virtutem
1448 1045 1472 1098 ?
1500 1046 1606 1099 hoc
1630 1046 1778 1100 enim
1809 1045 1987 1100 laetiti-

388 1139 481 1190 cat
515 1133 818 1188 diabolum.
853 1135 1087 1206 Semper
1113 1134 1262 1188 enim
1285 1134 1433 1206 quod
1447 1135 1567 1188 sine
1585 1150 1851 1188 mensura
1874 1139 1985 1200 est,

385 1223 750 1296 corruptibilc
781 1229 883 1278 est.
901 1223 1028 1278 Noli
1057 1239 1189 1294 ergo
1209 1223 1395 1278 subito
1416 1241 1574 1279 arma
1591 1229 1692 1278 tua
1717 1224 1988 1296 expende-

391 1329 473 1380 re,
503 1329 574 1367 ne
603 1313 787 1368 nudus
817 1313 1078 1368 inventus
1106 1313 1167 1368 in
1186 1312 1331 1367 bello
1356 1313 1517 1368 facile
1531 1313 1770 1385 capiaris
1795 1332 1807 1380 ;
1830 1330 1990 1368 arma

391 1419 524 1458 vero
553 1407 747 1458 nostra
774 1419 976 1474 corpus
1005 1407 1260 1457 nostrum
1285 1409 1389 1470 est,
1421 1403 1766 1476 anima-vero
1795 1409 1989 1458 nostra

388 1491 552 1547 miles
581 1497 686 1546 est.
712 1493 977 1564 Utrisque
1011 1509 1142 1563 ergo
1164 1492 1514 1563 diligentiam
1543 1498 1764 1564 praesta,
1797 1499 1862 1549 ut
1891 1510 1988 1566 pa-

390 1586 548 1636 ratus
575 1581 652 1637 sis
678 1582 751 1637 ad
779 1582 836 1636 id
866 1583 1018 1652 quod
1046 1599 1271 1637 necesse
1301 1588 1405 1638 est.

463 1669 552 1728 73.
603 1671 895 1727 Venerunt
931 1671 1231 1743 aliquando
1279 1673 1389 1727 duo
1420 1689 1581 1727 senes
1627 1672 1695 1727 de
1733 1671 1986 1744 partibus

395 1759 608 1816 Pelusii
635 1761 708 1815 ad
738 1760 1080 1816 abbatissam
1104 1762 1321 1817 Saram.
1355 1763 1423 1816 Et
1451 1779 1580 1817 cum
1607 1762 1984 1829 ambularent,

2067 596 2328 661 venisset,
2358 609 2484 648 cum
2513 589 2718 662 gaudio
2747 589 2953 642 iterum
2984 580 3231 653 suscepit
3259 582 3472 644 eum,ct
3490 577 3664 631 inter-

2068 685 2285 756 rogavit
2307 700 2455 749 eum,
2496 682 2718 736 dicens:
2740 679 2820 732 Ex
2865 691 2976 746 qua
3004 670 3290 745 provincia
3315 667 3416 723 es?
3457 667 3529 721 Et
3568 664 3664 756 ille

2068 753 2240 830 dixit:
2284 771 2581 844 [Egyptius
2611 785 2756 824 sum.
2782 767 2851 821 Et
2877 764 3017 820 dixit
3037 763 3089 817 ei
3112 779 3124 816 :
3174 760 3349 830 Cujus
3377 754 3617 811 civitatis
3639 753 3665 807 ?

2067 865 2134 919 Et
2159 861 2485 934 respondit:
2516 860 2632 929 Ego
2662 855 2890 911 omnino
2924 867 3038 907 non
3069 849 3149 905 fui
3181 849 3249 902 de
3277 845 3522 912 civitate,
3555 857 3659 898 nec

2069 951 2313 1008 babitavi
2334 949 2634 1021 aliquando
2655 947 2715 1000 in
2734 943 2976 1000 civitate.
2994 942 3064 996 Et
3074 939 3213 994 dixit
3238 937 3318 992 ei:
3341 937 3664 1005 Antequam

2068 1042 2375 1098 monachus
2405 1056 2572 1104 esses,
2595 1036 2729 1109 quid
2757 1031 3078 1106 operabaris
3099 1029 3156 1083 in
3185 1025 3533 1100 possessione
3553 1038 3667 1094 qua

2070 1131 2376 1187 manebas?
2397 1129 2581 1184 Etille
2602 1125 2927 1198 respondit:
2957 1123 3158 1176 Custos
3189 1133 3342 1171 eram
3373 1128 3662 1185 agrorum.

2072 1221 2144 1276 Et
2163 1220 2299 1275 dicit
2315 1219 2396 1275 ei:
2437 1217 2545 1272 Ubi
2572 1211 2922 1270 dormiebas?
2951 1207 3284 1280 Respondit:
3322 1205 3390 1260 In
3413 1218 3573 1273 agro.
3595 1201 3668 1255 Et

2069 1310 2239 1366 dixit:
2289 1307 2547 1363 Habebas
2581 1303 2792 1376 aliquid
2823 1298 3078 1355 stratus?
3106 1298 3178 1352 Et
3196 1292 3514 1366 respondit:
3549 1291 3666 1361 Ego

2069 1400 2130 1456 in
2145 1416 2280 1470 agro
2294 1397 2465 1453 habui
2483 1393 2690 1450 habere
2705 1395 3018 1447 stramenta
3030 1388 3087 1442 in
3109 1386 3309 1458 quibus
3331 1380 3663 1438 dormirem?

2068 1492 2141 1546 Et
2166 1489 2341 1548 dixit:
2390 1489 2462 1543 Et
2514 1485 2794 1558 quomodo
2823 1477 3183 1537 dormiebas‘?
3217 1473 3558 1547 Respondit:
3602 1471 3669 1526 In

2066 1585 2222 1635 terra
2239 1579 2416 1635 nuda.
2431 1577 2502 1633 Et
2519 1575 2689 1631 dixit:
2715 1573 2862 1638 Quid
2891 1566 3270 1625 manducabas
3298 1565 3358 1619 in
3388 1578 3549 1634 agro,
3570 1565 3670 1615 aut

2069 1669 2233 1741 quale
2262 1650 2454 1722 vinum
2472 1664 2738 1720 bibebas?
2772 1664 2986 1718 Iterum
3018 1655 3336 1729 respondit:
3372 1653 3506 1717 Quae
3533 1653 3668 1741 sunt

2069 1738 2210 1814 escae
2240 1763 2340 1812 aut
2360 1756 2542 1828 qualis
2569 1759 2736 1826 potus
2772 1752 2831 1806 in
2861 1747 3038 1820 agro?
3067 1747 3138 1802 Et
3166 1743 3342 1800 dixit:
3376 1738 3666 1807 Quomodo

394 1848 655 1905 dicebant
681 1851 752 1904 ad
787 1850 1023 1905 invicem
1049 1871 1062 1908 :
1111 1852 1486 1907 Humiliemus
1525 1853 1770 1906 vetulam
1799 1828 1984 1907 istam.
2008 1837 2204 1920 Bergo
2224 1846 2492 1902 vivebas?
2530 1841 2857 1915 Respondit:
2887 1834 3295 1896 Manducabam
3326 1847 3531 1904 panem
3556 1828 3666 1920 sic-

393 1939 461 1994 Et
490 1939 686 1994 dicunt
700 1939 784 1994 ei:
819 1940 960 1995 Vide
988 1957 1059 1995 ne
1080 1942 1378 1996 extollatur
1404 1941 1628 1996 animus
1648 1946 1799 2008 tuus,
1832 1947 1890 1997 et
1909 1940 1990 1996 di-

393 2044 523 2083 cas:
559 2029 704 2094 Quia
733 2046 858 2084 ecce
906 2030 1144 2084 solitarii
1184 2031 1287 2084 viri
1316 2031 1549 2085 veniunt
1603 2031 1675 2086 ad
1714 2048 1822 2098 me,
1865 2049 1988 2102 quae

393 2112 597 2168 mulier
616 2129 763 2168 sum.
797 2114 867 2168 Et
886 2113 1025 2168 dixit
1049 2113 1128 2169 eis
1156 2114 1439 2170 abbatissa
1467 2116 1632 2170 Sara:
1679 2116 1826 2171 Sexu
1862 2117 1988 2188 qui-

393 2203 523 2258 dem
547 2203 751 2258 mulier
777 2219 921 2271 sum,
946 2204 1044 2258 sed
1073 2220 1187 2259 non
1215 2205 1425 2260 animo.

465 2292 786 2349 74.1terum
816 2293 957 2348 dixit
984 2293 1269 2349 abbatissa
1319 2295 1483 2349 Sara:
1519 2294 1578 2350 Si
1605 2311 1925 2366 .poposcero
1955 2310 1990 2349 a

392 2381 509 2436 Deo
535 2387 600 2437 ut
625 2398 818 2438 omnes
845 2383 1106 2438 homines
1135 2384 1483 2439 aedificentur
1509 2384 1568 2439 in
1591 2401 1702 2452 me,
1735 2384 1989 2439 invenior

394 2475 525 2526 ante
567 2472 774 2542 januas
815 2472 1166 2542 singulorum
1210 2474 1590 2545 paenitentiam
1625 2490 1830 2544 agens;
1890 2473 1987 2527 sed

393 2560 576 2632 magis
616 2577 714 2615 oro
751 2566 817 2616 ut
850 2578 947 2615 cor
976 2579 1164 2617 meum
1192 2579 1319 2617 cum
1361 2562 1618 2618 omnibus
1657 2579 1861 2634 purum
1891 2563 1984 2617 sit.

465 2649 556 2706 75.
599 2650 752 2704 Dixit
779 2650 952 2706 abbas
1008 2653 1408 2724 Hyperichius:
1456 2653 1557 2708 Ille
1601 2659 1685 2708 est
1723 2669 1850 2708 vere
1895 2669 1986 2707 sa-

396 2739 577 2811 piens,
611 2739 862 2812 quifacto
878 2758 980 2796 suo
1009 2743 1172 2796 docet
1195 2743 1352 2810 alios,
1386 2760 1499 2797 non
1531 2743 1627 2814 qui
1656 2742 1857 2798 verbis.

466 2827 556 2884 76.
609 2830 769 2885 Venit
797 2831 1098 2902 aliquando
1139 2834 1443 2886 monachus
1483 2833 1713 2904 quidam
1743 2833 1812 2887 ab
1850 2832 1988 2886 urbe

395 2917 699 2989 Roma,qui
726 2919 785 2973 in
814 2920 1020 2991 palatio
1051 2937 1322 2991 magnum
1346 2922 1530 2976 locum
1554 2921 1770 2988 habuit,
1800 2925 1858 2976 et
1885 2921 1986 2975 ha-

393 3005 687 3062 bitabatin
707 3009 901 3080 Scythi
920 3009 978 3063 in
991 3010 1274 3065 vicinitate
1302 3011 1578 3079 ecclesiae;
1615 3010 1858 3065 habebat
1885 3027 1987 3065 au-

393 3099 511 3150 tem
538 3113 727 3152 secum
743 3115 919 3153 unum
948 3116 1171 3154 servum
1194 3101 1288 3172 qui
1313 3100 1670 3156 ministrabat
1689 3101 1759 3155 ei.
1786 3101 1994 3155 Videns

2069 1917 2218 2002 cuin,
2252 1942 2309 1992 et
2339 1936 2386 1991 si
2413 1933 2763 1990 inveniebam
2787 1929 3158 2002 quodcunque
3189 1925 3260 1978 de
3283 1917 3660 1984 salsamentis,

2069 2033 2127 2082 et
2153 2026 2414 2081 bibebam
2458 2022 2759 2096 aquam.Et
2793 2019 2934 2074 dixit
2959 2031 3133 2072 senex
3165 2025 3178 2060 ε
3210 2009 3453 2067 Grandis
3480 2007 3665 2063 labor.

2070 2117 2140 2170 Et
2157 2116 2298 2170 dixit
2316 2115 2478 2170 :Erat
2505 2113 2582 2168 ibi
2605 2112 2693 2166 vel
2719 2109 2985 2163 balneum
3003 2105 3063 2160 in
3084 2100 3452 2175 possessione,
3470 2096 3568 2152 ubi
3588 2096 3668 2152 la-

2072 2204 2322 2260 vareris?
2353 2193 2425 2259 Et
2444 2203 2539 2257 ille
2565 2199 2738 2258 dixit:
2766 2199 2912 2264 Non,
2937 2194 3036 2249 sed
3072 2192 3132 2247 in
3162 2189 3395 2245 ﬂumine
3413 2184 3662 2252 lavabar,

2072 2296 2295 2368 quando
2325 2294 2600 2349 volebam.
2635 2292 2776 2348 Cum
2805 2304 2938 2359 ergo
2961 2287 3079 2340 haec
3106 2281 3296 2338 omnia
3315 2280 3385 2336 ab
3405 2295 3470 2336 eo
3501 2292 3670 2333 senex

2069 2385 2432 2457 responsione
2464 2385 2586 2454 ejus
2617 2380 2912 2451 exegisset,
2964 2381 3022 2432 et
3057 2373 3408 2446 cognovisset
3434 2369 3666 2424 modum

2070 2475 2273 2547 prioris
2292 2475 2418 2529 vitae
2434 2474 2555 2544 ejus
2577 2477 2746 2543 atque
2761 2467 2988 2530 laboris,
3005 2466 3196 2520 volens
3215 2479 3346 2518 eum
3370 2459 3664 2532 proﬁcere,

2069 2564 2322 2619 narravit
2345 2564 2396 2618 ei
2441 2579 2602 2617 suam
2630 2561 2804 2614 vitam
2840 2555 3200 2630 praeteritam,
3232 2567 3402 2623 quam
3428 2547 3671 2604 habebat

2068 2671 2195 2709 cum
2223 2659 2373 2709 esset
2397 2651 2698 2717 saecularis,
2731 2649 2955 2703 dicens:
2982 2646 3073 2702 Me
3099 2642 3367 2698 miserum
3399 2655 3566 2712 quem
3592 2636 3672 2693 vi-

2069 2745 2188 2811 des,
2221 2744 2290 2798 de
2311 2759 2517 2813 magna
2544 2741 2642 2795 illa
2667 2739 2890 2794 civitate
2903 2737 3084 2792 Roma
3101 2749 3250 2800 sum,
3268 2729 3483 2786 habens
3501 2727 3561 2783 in
3575 2743 3671 2798 pa-

2069 2834 2205 2888 latio
2233 2833 2543 2888 maximum
2571 2831 2755 2885 locum
2784 2827 2934 2900 apud
2967 2826 3385 2897 imperatorem.
3432 2819 3505 2874 Et
3539 2833 3669 2872 cum

2071 2923 2321 2978 audisset
2331 2921 2624 2994 {Egyptius
2640 2918 2806 2974 initia
2833 2915 3131 2970 verborum
3145 2913 3286 2983 ejus,
3303 2911 3671 2980 compunctus

2074 3019 2178 3078 est,
2212 3018 2269 3067 et
2295 3011 2529 3067 sollicite
2555 3027 2677 3082 quae
2715 3006 3045 3063 dicebantur
3071 3000 3354 3057 audiebat.
3382 2998 3454 3053 Et
3471 2996 3564 3050 ille
3579 2994 3675 3050 ad-

2069 3102 2204 3172 jecit
2236 3120 2248 3154 :
2283 3100 2506 3172 Reliqui
2543 3116 2676 3169 ergo
2705 3099 2947 3153 Romam
2983 3098 3041 3149 et
3065 3091 3193 3146 veni
3219 3090 3281 3144 in
3311 3086 3671 3142 solitudinem

392 3190 586 3241 autem
615 3187 911 3260 presbyter
939 3190 1183 3244 ecclesiae
1213 3190 1602 3244 infirmitatem
1646 3192 1786 3261 ejus,
1817 3194 1874 3244 et
1899 3199 2054 3260 co-C,
2074 3191 2262 3246 istam.
2286 3191 2357 3244 Et
2386 3189 2594 3244 iterum
2624 3187 2801 3242 dixit:
2829 3185 2919 3240 Me
2949 3197 3116 3254 quem
3145 3179 3318 3244 vides,
3360 3174 3534 3231 habui
3570 3173 3673 3228 do-

391 3291 672 3345 gnoscens
717 3277 852 3348 quia
879 3278 949 3332 de
979 3279 1193 3334 deliciis
1237 3284 1386 3334 esset
1411 3279 1496 3333 vir
1520 3279 1633 3346 ille,
1665 3279 1722 3334 id
1753 3279 1901 3350 quod
1935 3279 1988 3334 ei
2070 3297 2192 3334 mos
2208 3295 2440 3350 magnas
2463 3283 2521 3332 et
2548 3276 2814 3348 pecunias
2835 3273 3060 3338 multas,
3088 3274 3146 3324 et
3167 3271 3530 3321 contemnens
3549 3278 3665 3329 eas,

391 3365 668 3420 Dominus
695 3366 958 3435 donabat,
999 3369 1081 3422 vel
1114 3369 1262 3440 quod
1311 3369 1369 3423 in
1398 3369 1691 3423 ecclesiam
1719 3367 1985 3434 intrabat,
2069 3369 2195 3423 veni
2219 3369 2279 3422 in
2306 3367 2471 3422 istam
2488 3363 2946 3438 parvamcellam.
2973 3362 3188 3416 Iterum
3215 3355 3379 3410 dixit:
3401 3354 3490 3408 Me
3501 3367 3669 3424 quem

392 3454 813 3510 transmittebat
824 3457 1146 3522 ei.Quicum
1167 3457 1388 3513 fecisset
1401 3460 1515 3529 (sic)
1529 3458 1725 3528 viginti
1743 3458 1990 3529 quinque
2075 3459 2247 3525 vides,
2278 3458 2452 3512 lectos
2480 3455 2709 3510 vestitos
2731 3470 2798 3508 ex
2819 3467 2960 3508 auro
2986 3447 3181 3516 habui,
3221 3444 3496 3500 habentes
3535 3457 3665 3512 pre-

394 3542 562 3597 annis
586 3542 645 3598 in
679 3545 891 3616 Scythi,
922 3545 1102 3602 factus
1131 3551 1217 3600 est
1233 3547 1318 3600 vir
1338 3548 1782 3618 comtemplator,
1800 3546 1994 3618 praevi-
2073 3546 2380 3602 tiosissima
2414 3547 2756 3611 stramenta;
2785 3547 2843 3596 et
2877 3557 2980 3613 pro
3009 3538 3096 3593 his
3145 3535 3302 3592 dedit
3338 3531 3479 3588 mihi
3521 3531 3672 3588 Deus

393 3632 534 3691 dens
551 3638 608 3688 et
619 3635 960 3690 nominatus.
981 3636 1230 3691 Audiens
1241 3641 1430 3692 autem
1451 3637 1679 3707 quidam
1695 3636 1763 3691 de
1775 3635 1996 3707 magnis
2076 3641 2447 3691 stramentum
2476 3636 2581 3692 hoc
2609 3634 2679 3688 de
2707 3647 2921 3704 papyro
2949 3634 3008 3684 et
3032 3629 3178 3682 hanc
3204 3625 3425 3698 pellem.
3480 3620 3589 3677 Sed
3615 3624 3674 3673 et

394 3727 686 3783 monachis
728 3727 1007 3798 ngyptiis
1048 3725 1372 3798 opinionem
1417 3729 1558 3797 ejus,
1600 3726 1751 3781 venit
1800 3726 1990 3780 videre

395 3833 786 3888 eum,sperans
807 3817 1155 3888 corporalem
1180 3817 1655 3871 conversationem
1685 3817 1811 3887 plus
1840 3815 1990 3886 apud

395 3923 526 3961 eum
547 3906 784 3960 arduam
814 3906 1082 3961 invenire.
1116 3906 1223 3971 Qui
1252 3921 1380 3960 cum
1405 3906 1691 3972 intrasset,
1725 3905 1990 3959 salutavit

395 4012 557 4063 eum;
585 4001 642 4050 et
660 4000 850 4060 604
873 3995 1138 4050 facientes
1157 3997 1468 4050 orationem
1491 3994 1990 4050 sederunt.Videns

395 4091 589 4140 autem
618 4085 914 4157 {Egyptius
931 4085 1197 4140 vestitum
1212 4085 1474 4139 mollibus
1503 4077 1688 4151 rebus,
1706 4090 1764 4139 et
1783 4084 1991 4138 budam

396 4175 468 4230 de
497 4191 726 4246 papyro,
751 4181 809 4229 et
835 4175 1036 4246 pellem
1066 4179 1302 4229 stratam
1328 4174 1432 4228 sub
1457 4175 1598 4246 ipso,
1627 4181 1684 4228 et
1708 4174 1991 4229 modicum

396 4263 637 4336 capitale
665 4265 734 4318 de
760 4265 969 4319 cartica
980 4263 1094 4336 (36)
1121 4265 1224 4319 sub
1249 4270 1417 4336 caput
1445 4265 1494 4334 ej
1505 4281 1586 4331 us,
1610 4265 1706 4319 sed
1737 4269 1795 4319 et
1823 4264 1992 4334 pedes

399 4354 641 4409 mundos
671 4354 974 4409 habentem
1016 4371 1144 4409 cum
1171 4354 1444 4424 caligulis,
1477 4354 1883 4408 scandalizatus
1907 4359 1995 4408 est

399 4443 553 4499 intra
581 4461 642 4498 se
661 4444 730 4498 de
753 4461 838 4511 eo,
859 4443 992 4515 quia
1011 4443 1070 4498 in
1094 4445 1212 4498 loco
1233 4443 1328 4498 illo
1361 4460 1474 4498 non
1499 4449 1622 4498 erat
1649 4443 1991 4498 consuetudo

2070 3732 2252 3782 vestes
2272 3743 2410 3780 meae
2436 3721 2814 3780 inaestimabili
2840 3719 3021 3792 pretio
3050 3718 3233 3788 dignae
3266 3717 3448 3778 erant,
3481 3716 3540 3766 et
3569 3725 3670 3782 pro

2072 3815 2160 3870 his
2188 3819 2318 3869 utor
2345 3813 2448 3867 has
2475 3812 2612 3866 viles
2641 3809 2924 3865 rescellas.
2955 3808 3171 3863 Iterum
3198 3802 3370 3861 dixit:
3395 3801 3460 3855 In
3493 3813 3668 3870 pran-

2073 3905 2164 3960 dio
2187 3920 2312 3958 meo
2333 3902 2578 3958 multum
2596 3900 2721 3955 auri
2737 3894 3160 3970 expendebatur
3179 3912 3192 3960 ;
3217 3897 3275 3948 et
3293 3906 3393 3962 pro
3409 3889 3505 3944 illo
3530 3885 3672 3941 mihi

2075 3993 2232 4048 dedit
2249 3992 2469 4047 modica
2497 3991 2652 4046 olera
2697 3989 2816 4044 haec
2855 3992 2914 4042 et
2939 3985 3235 4058 parvulum
3267 3979 3498 4036 calicem
3529 3975 3666 4030 vini.

2073 4085 2248 4140 Erant
2274 4087 2465 4138 autem
2494 4085 2552 4136 et
2570 4078 2666 4151 qui
2687 4076 3005 4134 serviebant
3026 4073 3167 4129 mihi
3193 4069 3422 4144 plurimi
3447 4066 3676 4133 servi,et

2075 4191 2200 4229 ecce
2222 4189 2322 4244 pro
2351 4171 2464 4226 illis
2493 4169 2592 4225 uni
2619 4167 2712 4224 isti
2739 4167 3010 4223 Dominus
3029 4160 3372 4234 compunxit,
3407 4163 3471 4213 ut
3499 4155 3671 4212 servi-

2073 4269 2162 4318 ret
2187 4262 2347 4317 mihi.
2377 4262 2486 4316 Pro
2522 4259 2724 4314 balneo
2748 4261 2937 4312 autem
2967 4253 3240 4327 perfundo
3276 4248 3494 4304 modico
3514 4261 3673 4317 aqua:

2073 4354 2244 4426 pedes
2273 4368 2450 4417 meos,
2483 4353 2540 4404 et
2557 4348 2811 4420 caligulis
2847 4351 2978 4402 utor
3019 4347 3249 4417 propter
3284 4337 3673 4394 inﬁrmitatem

2076 4459 2282 4498 meam.
2305 4442 2376 4496 Et
2403 4457 2598 4495 rursus
2616 4454 2717 4510 pro
2733 4436 2962 4493 calamis
2981 4439 3039 4488 et
3065 4433 3282 4488 cithara
3305 4429 3393 4483 vel
3412 4427 3522 4482 alio
3543 4442 3672 4480 mu-

399 4533 593 4588 taliter
618 4533 1002 4600 conversandi,
1035 4534 1133 4588 sed
1158 4533 1337 4604 magis
1365 4534 1566 4588 duram
1599 4525 2189 4588 abstinentiamDsico
2219 4547 2404 4603 opere,
2449 4546 2559 4600 quo
2592 4525 2913 4582 delectabar
2940 4523 2999 4577 in
3036 4518 3297 4577 conviviis
3334 4517 3495 4582 meis,
3546 4515 3672 4570 dico

401 4621 609 4677 habere
637 4624 1251 4678 consueverant.Senex
1264 4628 1454 4678 autem
1475 4622 1567 4676 ille
1588 4623 1872 4677 Romanus
1893 4623 1995 4676 ha-

400 4709 541 4766 bens
589 4713 1121 4784 contemplationem
1166 4713 1281 4767 sive
1327 4711 1700 4784 prmvidentiae
1727 4711 1991 4782 gratiam,

402 4800 680 4856 intellexit
695 4801 830 4872 quia
857 4802 1264 4857 scandalizatus
1284 4807 1369 4856 est
1399 4801 1548 4856 intra
1565 4817 1624 4855 se
1649 4801 1718 4855 de
1731 4817 1796 4854 eo
1823 4801 1995 4871 {Egy-

401 4891 554 4962 ptius
577 4891 903 4958 monachus,
920 4895 978 4946 et
999 4891 1134 4946 dicit
1152 4892 1410 4946 ministro
1421 4908 1522 4946 suo
1548 4910 1558 4945 :
1586 4892 1694 4946 Fac
1724 4889 1884 4945 nobis
1904 4890 2000 4944 ho-

403 4980 494 5035 die
523 4986 752 5052 propter
775 4979 1035 5036 abbatem
1058 4980 1154 5051 qui
1181 4981 1348 5048 venit,
1385 4981 1590 5035 bonam
1619 4981 1788 5035 diem.
1813 4981 1882 5034 Et
1911 4995 1999 5034 co-

403 5070 486 5124 xit
510 5086 684 5141 parva
709 5071 862 5125 olera
881 5086 1003 5142 qua:
1026 5070 1286 5136 habebat,
1313 5076 1370 5125 et
1381 5075 1678 5142 surgentes
1696 5071 1831 5124 hora
1851 5085 2000 5124 com-

404 5159 619 5230 petenti
650 5161 1048 5215 comederunt:
1083 5160 1280 5216 habuit
1299 5161 1468 5216 etiam
1493 5166 1549 5215 et
1576 5161 1856 5216 modicum
1884 5160 1998 5215 vini

406 5253 642 5320 prepter
685 5249 1074 5305 inﬁrmitatem
1114 5267 1294 5316 suam,
1339 5255 1397 5306 et
1438 5251 1573 5306 illud
1615 5250 1896 5305 biberunt.
1930 5251 2000 5306 Et

403 5355 531 5393 cum
561 5338 771 5394 factum
803 5347 951 5395 esset
976 5357 1226 5412 vespere,
1253 5341 1516 5395 dixerunt
1542 5339 1832 5396 duodecim
1854 5341 1998 5411 psal-

401 5443 544 5495 mos,
578 5434 636 5483 et
662 5429 1048 5497 dormierunt;
1083 5429 1342 5484 similiter
1371 5435 1561 5485 autem
1589 5436 1646 5485 et
1675 5431 1998 5485 nocte.Sur-

400 5534 540 5588 gens
577 5523 767 5573 autem
809 5535 975 5573 mane
1003 5519 1298 5591 [Egyptius
1318 5519 1460 5574 dixit
1479 5520 1564 5574 ei:
1600 5521 1714 5575 Ora
1743 5536 1845 5591 pro
1884 5536 1995 5575 me.

403 5607 742 5678 Etegressus
760 5613 863 5674 est,
881 5625 995 5663 non
1022 5608 1328 5664 aedificatus
1355 5609 1414 5663 in
1435 5625 1521 5666 eo.
1555 5610 1624 5664 Et
1642 5626 1768 5665 cum
1797 5609 2001 5681 paulu-

405 5694 529 5752 lum
574 5695 939 5765 discessisset,
970 5699 1160 5756 volens
1197 5714 1325 5756 eum
1367 5698 1464 5755 ille
1503 5715 1674 5756 senex
1715 5699 2001 5756 Romanus

2076 4621 2218 4676 mihi
2239 4618 2530 4675 duodecim
2547 4617 2791 4688 psalmos
2812 4614 2870 4668 in
2889 4613 3001 4679 die,
3019 4616 3076 4666 et
3097 4607 3390 4664 duodecim
3406 4605 3466 4660 in
3481 4609 3666 4660 nocte.

2079 4711 2192 4766 Sed
2214 4714 2270 4765 et
2297 4725 2399 4781 pro
2429 4706 2672 4778 peccatis
2691 4704 2849 4771 meis,
2875 4718 2996 4773 quae
3028 4704 3159 4755 ante
3179 4695 3473 4762 faciebam,
3502 4693 3671 4749 modo

2079 4816 2204 4855 cum
2225 4797 2418 4869 requie
2454 4795 2684 4850 exhibeo
2709 4807 2943 4866 parvum
2968 4795 3027 4846 et
3061 4788 3261 4845 inutile
3293 4783 3670 4842 ministerium

2080 4890 2208 4944 Deo.
2248 4888 2387 4942 Vide
2427 4902 2559 4956 ergo
2597 4891 2672 4952 te,
2704 4882 2868 4950 abba,
2899 4887 2964 4937 ut
2990 4897 3103 4936 non
3127 4875 3518 4934 scandalizeris
3549 4889 3674 4946 pro-

2079 4985 2203 5052 pter
2230 4977 2618 5033 inﬁrmitatem
2633 4990 2840 5032 meam.
2865 4973 2934 5028 Et
2974 4972 3092 5026 haec
3114 4969 3348 5027 audiens
3367 4964 3672 5038 ngyptius

2080 5069 2321 5142 atquein
2338 5067 2700 5138 semetipsum
2723 5080 2998 5130 reversus,
3031 5061 3206 5116 dixit:
3233 5060 3328 5114 Vae
3349 5056 3506 5123 mihi,
3539 5054 3673 5125 quia

2082 5177 2184 5231 ego
2230 5160 2299 5214 de
2326 5159 2506 5213 multa
2532 5155 2897 5211 tribulatione
2921 5157 2980 5207 et
3002 5151 3244 5224 plurimo
3267 5148 3457 5203 labore
3486 5142 3675 5200 saeculi

2080 5249 2260 5322 magis
2279 5250 2350 5304 ad
2378 5247 2792 5320 repausandum
2812 5245 2872 5300 in
2909 5240 3388 5298 conversationem
3411 5234 3672 5290 monachi

2078 5339 2226 5406 veni,
2251 5344 2309 5394 ct
2354 5337 2502 5410 quod
2526 5353 2640 5392 non
2665 5333 2940 5391 habebam
2966 5337 3120 5397 tunc,
3161 5329 3325 5384 modo
3358 5325 3573 5394 habeo;
3605 5329 3670 5382 tu

2081 5435 2273 5485 autem
2300 5428 2483 5484 multa
2513 5444 2579 5482 ex
2604 5424 2974 5481 delectatione
3006 5419 3195 5476 saeculi
3227 5417 3515 5474 voluntate
3540 5432 3666 5486 pro-

2083 5519 2207 5591 pria
2242 5519 2303 5574 in
2321 5517 2742 5573 tribulationem
2760 5511 2981 5578 venisti,
3006 5515 3064 5565 et
3088 5524 3156 5565 ex
3175 5508 3355 5564 multa
3371 5505 3555 5578 gloria
3590 5510 3673 5560 at-

2085 5625 2193 5680 que
2212 5607 2421 5663 divitiis
2442 5604 2643 5662 venisti
2662 5605 2721 5659 in
2744 5599 3125 5658 humilitatem
3162 5604 3220 5653 et
3256 5598 3672 5670 paupertatem.

2083 5698 2162 5756 Ex
2190 5713 2300 5772 quo
2339 5697 2580 5754 multum
2600 5692 2894 5768 proﬁciens
2923 5689 3194 5762 discessit,
3227 5693 3284 5746 et
3306 5686 3488 5746 factus
3511 5689 3600 5742 est
3617 5685 3671 5743 ei
