3934 6396
367 375 473 437 927

1517 381 1612 438 DE
1636 381 1826 438 VITIS
1865 372 2162 437 PATRUM
2198 369 2413 428 LIBER
2449 369 2516 423 V.

3541 360 3660 416 928.

367 503 604 571 amicus,
626 509 685 560 et
711 521 858 576 saepe
887 503 1146 560 veniebat
1173 505 1244 560 ad
1265 521 1394 561 eum
1410 521 1526 563 suae
1555 508 1816 564 utilitatis
1835 505 2033 567 cau-A
2117 514 2366 573 84,Dixit
2389 511 2622 585 quidam
2647 523 2842 564 senex:
2858 507 3004 572 Quia
3022 505 3189 560 homo
3203 504 3254 558 si
3274 502 3506 560 verbum
3531 505 3658 575 qui-

366 611 451 664 sa;
487 599 610 650 erat
628 593 778 650 enim
798 593 883 648 vir
909 593 1252 662 discernens,
1272 601 1330 652 et
1355 597 1603 669 repletus
1619 597 1764 653 bono
1793 599 1965 653 odore
2047 606 2177 662 dem
2204 603 2429 670 habeat,
2462 616 2634 674 opera
2661 603 2852 653 autem
2879 611 2994 650 non
3038 592 3262 660 habeat,
3294 591 3649 648 assimilatur

369 685 610 758 Spiritus
629 683 826 738 sancti.

438 775 526 829 77.
560 772 795 829 Dicebat
842 790 1009 829 senex
1043 791 1058 832 :
1109 775 1236 830 Non
1269 791 1500 830 necesse
1542 782 1628 832 est
1667 777 1968 832 verborum

369 867 629 930 tantum;
681 868 816 918 sunt
857 863 1008 919 enim
1055 864 1303 936 plurima
1347 865 1517 920 verba
1557 865 1618 920 in
1647 865 1970 921 hominibus

361 959 618 1026 tempore
642 953 771 1019 hoc,
801 953 900 1008 sed
929 969 1101 1024 opera
1125 954 1445 1009 necessaria
1480 959 1650 1022 sunt;
1688 955 1792 1010 hoc
1823 955 1974 1011 enim

367 1043 517 1098 Deus
544 1043 762 1114 quaerit,
795 1058 910 1098 non
928 1041 1118 1109 verba,
1161 1059 1283 1115 quae
1304 1060 1417 1099 non
1442 1044 1654 1099 habent
1671 1045 1935 1100 fructum.

438 1130 528 1186 78.
559 1132 760 1187 Frater
779 1131 982 1203 aliquis
1011 1131 1383 1204 interrogavit
1400 1133 1671 1205 quosdam
1693 1135 1926 1189 Patrum
1958 1153 1970 1187 :

365 1220 425 1276 Si
453 1221 726 1293 polluitur
754 1221 960 1293 aliquis
985 1222 1209 1293 quando
1253 1239 1344 1278 res
1364 1223 1619 1278 sordidas
1647 1223 1873 1294 cogitat.
1903 1223 1974 1278 Et

362 1327 492 1366 cum
515 1310 586 1366 de
604 1311 710 1366 hoc
725 1310 1016 1382 inquisitio
1039 1312 1202 1366 ﬁeret
1229 1313 1378 1384 apud
1391 1329 1506 1379 eos,
1547 1313 1644 1367 alii
1673 1313 1964 1367 dicebant:

367 1399 556 1456 Etiam
575 1399 874 1472 polluitur;
899 1399 994 1454 alii
1009 1399 1269 1456 dicebant
1286 1419 1298 1454 :
1314 1402 1460 1468 Non;
1481 1401 1614 1472 quia
1634 1402 1682 1456 si
1699 1401 1970 1474 polluitur

366 1503 483 1542 non
513 1503 813 1560 possumus
843 1488 1048 1543 salvari
1075 1505 1198 1555 nos,
1244 1489 1341 1560 qui
1377 1489 1566 1546 idiotas
1593 1507 1790 1545 sumus
1822 1509 1836 1560 ;
1869 1491 1972 1546 sed

366 1576 474 1632 hoc
502 1577 750 1649 pertinet
777 1578 849 1633 ad
879 1577 1142 1644 salutem,
1173 1579 1221 1632 si
1251 1594 1457 1649 eaquae
1476 1579 1812 1651 cogitamus,
1847 1597 1971 1634 cor-

364 1666 639 1738 poraliter
659 1683 774 1722 non
794 1667 1112 1722 fecerimus.
1134 1667 1234 1722 Ille
1264 1672 1455 1722 autem
1485 1667 1659 1723 frater
1677 1668 1774 1739 qui
1801 1667 1974 1722 inter-

367 1760 685 1826 rogaverat,
717 1771 832 1810 non
851 1755 956 1810 sibi
977 1756 1234 1810 sufﬁcere
1248 1754 1509 1826 judicans
1521 1756 1735 1811 variam
1746 1773 1976 1828 respon-

2050 693 2238 750 arbori
2259 691 2490 748 habenti
2511 688 2662 756 folia;
2683 685 2930 741 fructum
2959 687 3150 738 autem
3169 697 3302 736 non.
3331 681 3488 736 Sicut
3509 680 3662 736 enim

2051 783 2218 839 arbor
2239 780 2512 837 fructibus
2543 779 2711 850 plena
2731 775 2903 830 etiam
2929 772 3076 828 foliis
3093 771 3249 838 viret,
3274 771 3355 825 ita
3383 776 3440 826 et
3469 785 3662 826 sermo

2049 872 2414 944 consequitur
2441 867 2727 924 hominem
2761 864 2856 936 qui
2889 863 3059 917 habet
3086 877 3260 934 opera
3280 859 3450 914 bona.

2130 962 2218 1018 85.
2241 961 2397 1016 Dixit
2429 975 2616 1024 senex,
2641 955 2772 1028 quia
2797 952 3100 1025 aliquando
3122 951 3352 1022 quidam
3379 950 3570 1022 lapsus
3599 949 3661 1005 in

2055 1051 2214 1124 gravi
2235 1053 2484 1122 peccato,
2508 1054 2565 1102 et
2581 1049 2949 1116 compunctus
2975 1041 3046 1096 ad
3075 1039 3486 1113 paenitentiam,
3519 1037 3660 1094 abiit

2057 1140 2307 1195 indicare
2332 1139 2449 1192 haec
2476 1135 2596 1190 seni
2614 1134 2923 1198 cuidam,et
2956 1146 3071 1185 non
3099 1129 3241 1184 dixit
3263 1129 3314 1182 ei
3337 1127 3485 1199 quod
3512 1126 3652 1182 fece-

2057 1235 2166 1295 rat,
2191 1229 2290 1284 sed
2320 1226 2480 1299 quasi
2509 1222 2900 1294 interrogavit,
2934 1221 3155 1275 dicens:
3187 1218 3248 1273 Si
3272 1216 3438 1272 alicui
3467 1233 3663 1272 ascen-

2052 1319 2151 1372 dat
2177 1316 2443 1388 cogitatio
2489 1314 2637 1380 talis,
2686 1311 2857 1366 habet
2885 1308 3172 1365 salutem?
3202 1307 3306 1362 Ille
3335 1321 3484 1372 vero,
3520 1306 3656 1377 quia

2053 1407 2338 1462 nesciebat
2359 1403 2774 1468 discretionem,
2789 1398 3080 1471 respondit
3097 1397 3147 1452 ei
3169 1419 3181 1454 :
3205 1395 3507 1451 Perdidisti
3535 1394 3658 1450 ani-

2053 1514 2206 1552 mam
2233 1501 2411 1550 tuam.
2441 1495 2560 1548 Hoc
2589 1491 2824 1548 audiens
2846 1489 3040 1554 frater,
3064 1486 3394 1556 dixitzErgo
3421 1483 3469 1538 si
3497 1484 3659 1556 perii,

2053 1585 2196 1640 vado
2228 1583 2299 1638 ad
2329 1581 2597 1638 saeculum
2625 1621 2637 1634 .
2677 1581 2924 1650 Pergens
2953 1582 3143 1632 autem
3174 1575 3287 1642 ille,
3335 1573 3664 1628 deliberavit

2054 1672 2137 1727 ire
2167 1677 2224 1727 et
2241 1671 2492 1726 indicare
2521 1668 2889 1740 cogitationes
2917 1682 3048 1720 suas
3076 1663 3265 1719 abbati
3291 1663 3666 1729 Silvano,erat

2057 1761 2207 1816 enim
2235 1761 2326 1815 hic
2364 1759 2621 1814 Silvanus
2655 1772 2894 1828 magnus
2927 1755 3220 1810 discretor.
3253 1751 3497 1807 Veniens
3523 1767 3658 1824 ergo

365 1841 582 1897 Sionem
610 1843 864 1908 Patrum.
893 1841 1030 1897 abiit
1057 1843 1130 1898 ad
1159 1859 1350 1898 senem
1375 1843 1774 1914 prObatiOI‘em,
1807 1851 1864 1900 et
1891 1845 1973 1899 ίῐι·
1993 1847 2040 1909 Β
2057 1851 2128 1906 ad
2159 1867 2289 1906 eum
2318 1849 2512 1914 frater,
2535 1863 2649 1902 non
2679 1846 2820 1902 dixit
2833 1845 2886 1900 ei
2909 1844 3059 1917 quod
3072 1844 3298 1908 fecerat,
3331 1841 3430 1896 sed
3451 1841 3659 1897 iterum

360 1931 672 2003 terrogavit
683 1948 812 1986 eum
824 1931 894 1987 de
907 1931 1032 1990 hoc.
1049 1933 1118 1988 Et
1128 1932 1419 2004 respondit
1443 1933 1494 1988 ei
1515 1950 1683 1988 senex
1721 1951 1733 1987 :
1772 1934 1976 1990 Secun-

367 2020 504 2076 dum
527 2037 853 2076 mensuram
871 2020 1314 2094 uniuscujusque
1339 2022 1648 2094 requiritur
1669 2022 1838 2078 abeo.
1861 2024 1975 2078 Ro-

359 2109 514 2182 gavit
541 2127 674 2182 ergo
707 2109 882 2166 frater
908 2110 1003 2165 ille
1047 2116 1243 2178 ωδ
1299 2128 1515 2178 senem,
1562 2112 1784 2168 dicens:
1837 2113 1974 2168 Peto

366 2204 598 2272 propter
613 2199 936 2266 Dominum,
968 2199 1192 2254 absolve
1217 2199 1357 2255 mihi
1385 2200 1492 2254 hoc
1523 2199 1773 2256 verbum.
1798 2201 1867 2256 Et
1892 2186 1976 2256 di-

363 2287 441 2343 cit
465 2288 519 2343 ei
531 2303 702 2344 senex
723 2306 737 2343 :
769 2289 908 2343 Ecce
933 2287 1076 2344 forte
1099 2288 1254 2359 jacet
1279 2287 1371 2343 hic
1393 2305 1488 2344 vas
1515 2289 1743 2361 aliquod
1759 2289 1977 2345 deside-

362 2375 561 2434 rabile.
601 2377 673 2433 Et
701 2377 838 2433 dicit
865 2393 1035 2433 senex
1063 2395 1077 2431 :
1117 2377 1478 2432 Intraverunt
1520 2379 1632 2433 duo
1661 2377 1884 2446 fratres,
1908 2395 1974 2433 ex

365 2465 568 2539 quibus
604 2482 753 2522 unus
785 2465 1030 2521 habebat
1057 2482 1355 2522 mensuras
1381 2484 1616 2539 magnas
1646 2468 1966 2523 exercitatae

362 2555 511 2624 vitae,
534 2556 682 2611 alter
705 2572 836 2610 vero
874 2571 1094 2628 parvas.
1127 2555 1188 2610 Si
1216 2573 1350 2628 ergo
1373 2557 1639 2628 cogitatio
1669 2557 1820 2613 illius
1841 2573 1974 2629 per-

365 2645 497 2700 fecti
526 2650 681 2702 mota
706 2645 878 2700 fuerit
901 2645 972 2700 ad
997 2649 1286 2717 aspectum
1304 2645 1452 2700 vasis
1478 2646 1648 2713 illius,
1685 2651 1743 2700 et
1763 2646 1972 2702 dixerit

361 2735 514 2790 intra
537 2751 626 2790 se:
661 2733 930 2789 Volebam
957 2733 1166 2788 habere
1183 2750 1281 2788 vas
1297 2733 1468 2801 istud,
1500 2740 1558 2789 et
1579 2751 1693 2790 non
1710 2750 1968 2807 perman-

361 2821 576 2878 seritin
600 2822 724 2888 hoc,
768 2821 868 2876 sed
908 2821 1018 2876 cito
1049 2820 1350 2876 absciderit
1377 2821 1702 2892 hujusmodi
1743 2822 1967 2894 appeti-

365 2916 510 2979 tum,
545 2927 659 2966 non
689 2915 775 2966 est
803 2909 1050 2982 pollutus
1074 2929 1088 2977 ;
1121 2911 1170 2965 si
1198 2927 1328 2965 vero
1359 2911 1456 2982 qui
1479 2911 1719 2966 necdum
1750 2912 1821 2966 ad
1851 2928 1968 2966 ma-

355 3003 512 3074 jores
558 3015 856 3055 mensuras
893 2999 1103 3071 attigit,
1177 2999 1527 3072 concupierit
1564 3017 1660 3055 vas
1709 3000 1868 3068 illud,
1912 3008 1970 3056 et

359 3091 698 3148 exercitatus
740 3091 913 3147 fuerit
945 3103 1084 3147 ‘cum
1133 3091 1472 3162 cogitatione
1513 3108 1618 3146 sua
1679 3092 1958 3148 desiderio

2059 1957 2124 1996 eo
2153 1940 2320 1995 modo
2349 1955 2459 2010 quo
2490 1941 2564 1992 et,
2575 1936 2733 2008 prius
2757 1935 2878 1990 seni
2920 1933 3003 1988 illi
3047 1932 3300 1998 dixerat;
3324 1931 3427 1986 hoc
3451 1934 3556 1997 est,
3601 1930 3660 1985 Si

2059 2028 2414 2086 ascenderint
2437 2025 2605 2082 alicui
2624 2025 2766 2080 tales
2786 2022 3175 2094 cogitationes,
3205 2011 3377 2075 habet
3394 2019 3659 2074 salutem?

2055 2119 2330 2191 Aperiens
2359 2123 2547 2172 autem
2577 2114 2750 2170 abbas
2781 2113 3039 2170 Silvanus
3087 2127 3148 2166 os
3177 2126 3362 2176 suum,
3393 2108 3562 2180 coepit
3585 2108 3656 2163 de

2057 2207 2361 2280 Scripturis
2391 2206 2574 2261 dicere
2605 2205 2656 2260 ei
2681 2217 2692 2252 :
2718 2202 2846 2258 Non
2871 2201 3100 2256 omnino
3119 2199 3396 2272 judicium
3429 2203 3656 2253 tantum

2056 2303 2144 2353 est
2163 2298 2232 2352 de
2261 2294 2696 2367 cogitationibus
2722 2309 2891 2364 quam
2922 2292 2992 2346 de
3015 2294 3260 2363 peccato.
3282 2287 3531 2342 Audiens
3559 2304 3658 2343 au-

2053 2393 2168 2444 tem
2191 2388 2449 2454 frater,et
2467 2383 2776 2456 suscipiens
2793 2381 3058 2436 virtutem
3077 2379 3351 2434 dictorum
3373 2377 3432 2432 in
3441 2377 3650 2444 animo,

2054 2481 2280 2548 sumpta
2305 2492 2422 2546 spe,
2457 2473 2724 2528 indicavit
2743 2472 2916 2526 etiam
2936 2470 2988 2524 ei
3009 2474 3197 2524 actum
3215 2465 3653 2523 suum.Audiens

2053 2572 2244 2624 autem
2273 2565 2446 2620 abbas
2468 2564 2726 2618 Silvanus
2755 2561 2902 2626 quod
2935 2564 3146 2630 egerat,
3177 2562 3447 2628 tanquam
3477 2555 3654 2611 bonus

2054 2655 2306 2711 medicus
2335 2653 2524 2726 posuit
2570 2651 2915 2723 cataplasma
2953 2649 3154 2703 animae
3202 2647 3324 2718 ejus
3353 2646 3422 2700 de
3449 2645 3652 2700 divinis

2056 2743 2358 2817 Scripturis
2383 2746 2758 2814 assumptum,
2778 2739 3013 2794 dicendo
3024 2754 3145 2794 esse
3165 2735 3552 2809 paenitentiam
3563 2733 3654 2790 his

2053 2834 2150 2906 qui
2171 2851 2272 2906 pro
2292 2832 2568 2887 charitate
2597 2845 2790 2884 revera
2816 2831 3218 2884 convertuntur
3235 2825 3652 2880 adDeum.Post

2049 2924 2264 2994 aliquot
2301 2927 2490 2977 autem
2529 2935 2706 2974 annos
2736 2917 2970 2988 contigit
2987 2915 3248 2972 abbatem
3276 2919 3652 2969 memoratum

2049 3014 2122 3068 ad
2145 3013 2304 3068 illum
2336 3027 2530 3066 senem
2559 3007 2848 3082 applicari,
2897 3007 2994 3078 qui
3020 3007 3072 3061 ei
3101 3004 3550 3076 desperationem
3576 3003 3652 3058 fe-

2049 3109 2220 3169 cerat,
2267 3105 2325 3156 et
2365 3100 2618 3155 narravit
2643 3099 2696 3152 ei
2725 3099 2854 3164 ista,
2878 3103 2937 3152 et
2959 3096 3134 3154 dixit:
3164 3096 3305 3150 Ecce
3328 3093 3503 3148 frater
3530 3093 3645 3160 ille,

359 3181 748 3254 compellente,
783 3185 842 3236 et
865 3186 1060 3236 tamen
1079 3197 1191 3236 non
1217 3179 1414 3236 tulerit
1442 3179 1601 3248 illud,
1634 3197 1746 3236 non
1776 3187 1863 3238 est
1881 3171 2026 3239 in-C
2052 3187 2150 3261 qui
2187 3187 2257 3242 de
2295 3201 2562 3257 responso
2609 3190 2708 3239 tuo
2737 3184 3148 3254 desperaverat,
3178 3186 3236 3235 et
3269 3179 3341 3234 ad
3383 3178 3648 3234 saeculum

360 3271 647 3343 quinatus.

425 3357 518 3417 79.
549 3359 703 3416 Dixit
729 3373 936 3415 senex:
966 3359 1026 3415 Si
1054 3359 1178 3432 quis
1207 3360 1482 3415 manserit
1511 3359 1570 3415 in
1597 3360 1788 3432 aliquo
1815 3361 1957 3426 loco,

355 3454 414 3504 et
431 3465 544 3504 non
571 3449 767 3505 fecerit
789 3449 1036 3505 fructum
1063 3449 1171 3504 loci
1198 3449 1371 3517 illius,
1392 3450 1547 3504 locus
1575 3449 1695 3520 ipse
1728 3449 1958 3522 expellit

353 3555 504 3607 eum,
534 3543 731 3611 utpote
769 3539 904 3610 quia
928 3554 1043 3594 non
1061 3539 1194 3594 fecit
1213 3539 1457 3594 fructum
1477 3539 1584 3594 loci
1612 3538 1786 3593 illius.

423 3625 514 3686 80.
547 3627 700 3684 Dixit
724 3643 930 3686 senex:
956 3627 1014 3684 Si
1057 3627 1180 3700 quis
1207 3628 1402 3684 fecerit
1429 3645 1550 3684 rem
1583 3627 1831 3700 aliquam
1871 3645 1962 3684 sc-

356 3734 534 3790 quens
558 3717 905 3774 voluntatem
933 3733 1114 3786 suam,
1151 3734 1405 3790 quaerens
1431 3719 1580 3790 quod
1607 3734 1722 3773 non
1753 3721 1840 3773 est
1883 3735 1968 3774 se-

357 3808 604 3864 cundum
635 3807 834 3876 Deum,
863 3807 912 3862 si
933 3807 992 3862 id
1013 3812 1206 3863 tamen
1233 3824 1336 3880 per
1349 3806 1728 3880 ignorantiam
1747 3807 1960 3876 fecerit,

355 3901 552 3969 postea
566 3901 788 3968 oportet
797 3913 926 3953 eum
938 3896 1225 3953 revertiad
1235 3897 1383 3952 viam
1401 3897 1760 3962 Domini.Qui
1770 3903 1962 3953 autem

353 3989 509 4040 tenet
536 3985 882 4042 voluntatem
911 4001 1094 4054 suam,
1119 4001 1233 4040 non
1252 3986 1562 4041 secundum
1590 3987 1851 4052 Deum,et
1868 4001 1964 4042 ne-

359 4090 470 4145 que
482 4073 554 4128 ab
577 4073 703 4128 aliis
725 4075 846 4130 vult
879 4073 1093 4141 audire,
1121 4074 1220 4129 sed
1249 4074 1403 4130 velut
1430 4075 1634 4130 scitum
1663 4091 1724 4129 se
1754 4079 1917 4146 putat
1941 4093 1957 4141 ;

359 4161 455 4234 qui
483 4162 809 4234 hujusmodi
837 4167 942 4230 est,
969 4161 1058 4216 vix
1095 4163 1382 4234 perveniet
1409 4164 1480 4217 ad
1527 4163 1677 4218 viam
1713 4163 1959 4219 Domini.

425 4249 919 4323 81.1nterrogatus
941 4255 1028 4307 est
1040 4267 1236 4307 senex:
1254 4251 1401 4316 Quid
1423 4257 1528 4319 est,
1561 4252 1710 4324 quod
1729 4252 1954 4322 legitur,

358 4341 468 4396 Via
493 4344 736 4412 angusta
756 4345 813 4396 et
839 4345 996 4396 arcta
1037 4341 1248 4411 (Matth.
1275 4339 1374 4408 vn)
1407 4339 1431 4394 ’ἶ
1462 4341 1532 4395 Et
1559 4342 1849 4412 respondit
1875 4358 1959 4397 se-

353 4447 480 4499 nex,
510 4430 702 4486 dicens
739 4429 791 4485 ei
815 4447 828 4482 :
860 4431 1116 4502 Angusta
1143 4434 1375 4486 etarcta
1403 4429 1494 4484 via
1510 4430 1630 4484 hac
1651 4435 1757 4498 est,
1777 4436 1842 4486 ut
1870 4448 1957 4488 co-

351 4519 720 4592 gitationibus
749 4520 866 4576 suis
895 4520 1064 4575 homo
1101 4519 1426 4575 violentiam
1473 4519 1660 4586 faciat,
1695 4525 1752 4576 et
1778 4520 1958 4576 absci-

355 4611 456 4666 dat
495 4615 724 4682 propter
780 4610 962 4666 Deum
994 4609 1311 4665 voluntates
1349 4626 1499 4664 suas.
1529 4611 1650 4666 Hoc
1677 4615 1763 4666 est
1791 4611 1962 4666 etiam

354 4699 503 4773 quod
527 4699 798 4772 scriptum
819 4705 907 4754 est
920 4699 990 4754 de
1013 4699 1307 4772 apostolis:
1337 4699 1476 4754 Ecce
1506 4716 1610 4755 nos
1628 4700 1958 4772 reliquimus

354 4789 564 4855 omnia,
594 4793 654 4844 et
689 4788 866 4844 secuti
896 4805 1090 4844 sumus
1116 4793 1174 4843 te
1214 4789 1429 4857 (Matth.
1462 4787 1597 4858 xix).

2046 3276 2313 3342 redierat,
2327 3275 2482 3329 velut
2501 3273 2663 3328 stella
2684 3271 2978 3344 splendida
3001 3275 3088 3324 est
3107 3268 3166 3324 in
3181 3268 3366 3324 medio
3385 3269 3646 3323 fratrum.

2047 3367 2179 3421 Haec
2206 3370 2396 3420 autem
2422 3363 2548 3418 ideo
2575 3361 2763 3428 retuli,
2788 3366 2853 3416 ut
2875 3359 3116 3414 sciamus
3146 3359 3309 3430 quale
3337 3357 3648 3430 periculum

2045 3461 2132 3510 est
2162 3454 2387 3526 quando
2427 3451 2630 3524 aliquis
2669 3449 2782 3505 sive
2825 3449 3216 3520 cogitationis,‘
3257 3447 3372 3502 sive
3417 3453 3647 3502 actuum

2045 3547 2258 3618 aliquid
2274 3546 2486 3618 peccati
2506 3543 2718 3599 indicat
2735 3542 2824 3596 his
2842 3541 2937 3614 qui
2957 3539 3352 3596 discretionem
3369 3539 3644 3594 nesciunt.

2118 3634 2210 3691 86.
2243 3634 2397 3689 Dixit
2418 3633 2646 3705 quidam
2677 3643 2876 3686 senex:
2899 3631 3026 3685 Non
3051 3629 3184 3702 quia
3211 3628 3427 3683 intrant
3441 3628 3649 3698 cogita-

2047 3725 2232 3780 tiones
2261 3723 2426 3778 malae
2465 3723 2524 3777 in
2549 3721 2729 3788 nobis,
2771 3719 3212 3775 condemnamur
3248 3734 3315 3772 ex
3349 3733 3434 3783 eo,
3469 3717 3568 3772 sed
3597 3717 3644 3772 si

2047 3815 2195 3870 male
2223 3815 2442 3870 utimur
2465 3809 2916 3883 cogitationibus.
2945 3809 3038 3864 Fit
3059 3808 3209 3863 enim
3229 3813 3293 3862 ut
3320 3823 3422 3878 per
3441 3806 3645 3878 cogita-

2045 3905 2230 3960 tiones
2249 3901 2606 3974 naufragium
2632 3901 2934 3973 patiamur,
2966 3902 3022 3952 et
3045 3897 3251 3953 iterum
3264 3897 3333 3952 de
3352 3895 3642 3968 cogitatio-

2045 3994 2212 4049 nibus
2224 4008 2576 4049 coronemur.

2116 4080 2208 4140 87.
2232 4083 2386 4137 Dixit
2411 4080 2616 4152 aliquis
2652 4095 2846 4134 senex:
2878 4079 3005 4132 Non
3039 4077 3138 4132 des
3171 4082 3228 4131 et
3247 4075 3486 4148 accipias
3513 4091 3639 4130 cum

2044 4170 2404 4226 saecularibus
2429 4167 2770 4234 hominibus;
2794 4171 2851 4221 et
2873 4182 2986 4220 non
3005 4164 3218 4220 habeas
3229 4163 3494 4218 notitiam
3513 4179 3642 4218 cum

2043 4261 2301 4326 muliere,
2331 4275 2434 4314 nec
2464 4257 2672 4312 habeas
2691 4255 2954 4311 ﬁduciam
2975 4255 3070 4310 diu
3092 4270 3218 4309 cum
3250 4269 3443 4325 puero.
3655 4254 3666 4264 '

2110 4347 2405 4406 88.Frater
2425 4347 2654 4419 quidam
2669 4344 3036 4415 interrogavit
3045 4333 3472 4411 senem,dicens:
3497 4342 3640 4407 Quid

2041 4438 2261 4506 faciam,
2297 4437 2430 4510 quia
2459 4437 2651 4492 multa:
2680 4435 3048 4506 cogitationes
3082 4432 3384 4488 sollicitant
3424 4448 3534 4498 me,
3585 4437 3642 4486 et

1977 4497 2232 4586 Dnescio
2263 4527 2543 4600 quomodo
2587 4541 2901 4597 repugnem
2951 4524 3073 4578 eis?
3100 4521 3252 4576 Dixit
3277 4537 3448 4576 senex
3473 4539 3484 4574 :
3515 4523 3639 4577 Non

2042 4634 2322 4691 repugnes
2363 4622 2560 4671 contra
2599 4631 2814 4682 omnes,
2857 4613 2955 4669 sed
2985 4617 3181 4668 contra
3206 4626 3398 4666 unam.
3432 4611 3640 4666 Omnes

2043 4709 2195 4762 enim
2215 4705 2586 4776 cogitationes
2607 4703 3011 4760 monachorum
3028 4717 3206 4756 unum
3233 4699 3439 4756 habent
3451 4706 3636 4772 caput;

2043 4795 2424 4852 necessarium
2451 4810 2584 4866 ergo
2623 4799 2709 4848 est
2735 4792 3090 4848 considerare
3119 4807 3240 4862 quae
3270 4794 3329 4844 et
3355 4789 3536 4860 qualis
3566 4788 3640 4844 sit

424 4876 514 4936 8‘2.
537 4877 902 4933 Dixitsenex=
936 4877 1094 4934 Sicut
1123 4878 1260 4933 ordo
1287 4878 1692 4934 monachorum
1716 4879 1956 4934 honora-
2037 4891 2096 4942 et
2124 4886 2390 4941 adversus
2409 4883 2563 4938 illam
2582 4883 2778 4949 reniti;
2807 4882 2890 4936 ita
2911 4881 3062 4936 enim
3093 4885 3150 4935 et
3170 4879 3406 4934 residuae
3435 4878 3642 4950 cogita-

353 4969 466 5026 tior
487 4973 574 5024 est
600 4966 982 5035 saecularibus,
1013 4967 1095 5022 ita
1136 4967 1465 5039 peregrinus
1495 4968 1803 5023 monachus
1833 4986 1956 5040 spe-
2035 4977 2220 5032 tiones
2251 4973 2640 5030 humiliantur.

357 5060 548 5116 culum
577 5056 746 5114 debet
789 5072 912 5112 esse
943 5055 1214 5112 localibus
1245 5057 1534 5112 monachis
1589 5074 1692 5130 per
1732 5074 1956 5114 omnem

356 5149 608 5207 modum.

429 5237 520 5298 83.
539 5239 694 5295 Dixit
723 5239 954 5312 quidam
990 5237 1258 5294 Patrum:
1289 5237 1347 5294 Si
1373 5237 1646 5294 manserit
1671 5237 1960 5310 operarius

361 5329 420 5385 in
447 5329 568 5386 loco
598 5329 696 5386 ubi
719 5345 834 5385 non
862 5333 996 5386 sunt
1013 5328 1274 5402 operarii,
1300 5345 1415 5384 non
1439 5332 1624 5400 potest
1653 5327 1921 5399 proﬁcere
1945 5346 1958 5396 ;

359 5419 480 5476 haec
493 5424 582 5476 est
595 5419 748 5475 enim
773 5419 951 5476 virtus
963 5419 1228 5492 Operarii,
1257 5423 1473 5474 certare
1495 5421 1560 5472 ut
1575 5416 1644 5472 ab
1657 5433 1826 5488 opere
1847 5433 1961 5473 non

363 5509 673 5565 minuatur.
711 5511 859 5566 Nam
887 5515 945 5566 et
965 5509 1127 5582 piger
1154 5509 1203 5564 si
1225 5507 1502 5564 manserit
1531 5523 1660 5562 cum
1677 5507 1954 5580 Operario,

364 5597 587 5668 proﬁcit
607 5616 621 5667 ;
639 5603 698 5654 et
710 5599 758 5654 si
777 5615 890 5656 non
904 5598 1143 5672 proﬁcit,
1167 5615 1280 5655 non
1299 5603 1492 5654 tamen
1509 5597 1797 5654 descendit
1817 5597 1959 5654 infe-

367 5701 508 5744 nus.

2111 5064 2199 5122 89.
2233 5065 2513 5119 Adversus
2549 5061 2916 5134 cogitationes
2931 5060 3107 5116 malas
3130 5058 3276 5114 dixit
3299 5058 3527 5130 quidam
3549 5075 3638 5112 se-

2041 5171 2184 5210 nex:
2232 5153 2492 5221 Obsecro,
2539 5152 2762 5218 fratres,
2805 5151 2950 5206 sicut
2996 5148 3430 5222 compressimus
3481 5152 3636 5202 actus

2045 5245 2244 5301 malos.
2277 5243 2716 5314 comprimamus
2739 5240 2912 5296 etiam
2943 5238 3328 5310 cogitationes.

2117 5333 2206 5392 90.
2241 5334 2399 5391 Dixit
2428 5332 2658 5404 quidam
2687 5347 2854 5387 senex
2879 5350 2890 5386 :
2945 5330 3053 5396 Qui
3081 5331 3198 5384 vult
3232 5327 3486 5383 habitare
3514 5343 3638 5382 ere-

2041 5441 2217 5491 mum,
2249 5424 2415 5480 debet
2441 5439 2564 5477 esse
2593 5423 2805 5488 doctor,
2839 5437 2952 5476 non
2989 5421 3086 5492 qui
3133 5419 3319 5475 doceri
3357 5424 3538 5489 egeat,
3568 5433 3640 5473 ne
3709 5448 3719 5458 -

2045 5514 2450 5572 detrimentum
2481 5513 2780 5568 sustineat.

2113 5602 2308 5664 606
2326 5595 2414 5652 9L
2449 5597 2833 5665 Interrogatus
2855 5596 2941 5648 est
2954 5608 3120 5646 senex
3146 5607 3179 5646 a
3208 5589 3454 5661 quodam
3469 5590 3640 5645 fratre

2046 5686 2266 5744 dicente
2299 5705 2311 5744 ;
2335 5686 2625 5754 Quomodo
2641 5683 2864 5741 invenio
2886 5679 3095 5741 Deum?
3121 5680 3386 5740 utrumin
3405 5679 3642 5754 jejuniis
