3934 6388
333 309 447 369 9‘29

1611 299 1847 358 VERBA
1884 298 2284 359 SENIORUM.

3518 314 3625 375 930

333 454 411 493 an
443 437 503 492 in
530 432 833 497 laboribus,
865 431 952 486 vel
980 432 1039 486 in
1067 429 1289 501 vigiliis,
1321 434 1421 485 aut
1448 429 1505 485 in
1526 426 1928 483 misericordia.
1947 425 2247 499 Areplesti
2296 431 2570 489 fenestras
2600 433 2669 490 de
2699 436 2929 492 chartis.
2963 437 3032 493 Et
3059 438 3263 495 tertius
3287 440 3452 497 dixit:
3495 442 3627 502 Mihi

337 527 410 581 Et
423 525 733 599 respondit:
758 525 822 579 In
838 521 926 577 his
945 537 1068 593 quae
1086 519 1482 587 numerasti,et
1497 519 1555 573 in
1575 517 1932 572 discretione.

337 616 475 670 Dico
503 615 655 670 enim
683 612 788 668 tibi
813 611 947 683 quia
973 610 1131 665 multi
1163 609 1485 664 afflixerunt
1502 624 1729 663 carnem
1750 623 1932 672 suam,

336 709 414 771 et,
442 704 577 775 quia
603 703 723 757 sine
743 700 1077 755 discretione
1106 699 1211 753 hoc
1232 697 1528 764 faciebant,
1560 696 1820 751 abierunt
1846 712 1937 749 va-

334 794 428 849 cui
444 793 587 848 nihil
606 791 898 846 habentes.
929 789 1005 844 Os
1022 793 1279 843 nostrum
1296 788 1365 842 de
1385 786 1603 857 jejunio
1625 786 1779 852 fetet,
1806 785 1938 839 scri-

334 889 535 955 pturas
544 897 738 953 omnes
758 878 1057 935 didicimus
1080 897 1092 933 :
1117 894 1183 933 ex
1202 877 1366 932 corde
1388 876 1565 931 David
1586 890 1937 930 consumma-

335 972 538 1039 vimus,
566 977 624 1025 et
653 969 802 1043 quod
828 969 978 1023 Deus
1003 967 1243 1038 requirit
1264 982 1377 1021 non
1405 965 1698 1032 habemus,
1726 964 1938 1018 scilicet

336 1061 741 1117 humilitatem.

408 1149 497 1208 92.
544 1150 742 1205 Frater
795 1146 1164 1217 interrogavit
1209 1161 1420 1209 senem,
1471 1144 1702 1198 dicens:
1757 1141 1935 1209 Abba,

334 1255 465 1295 ecce
502 1255 605 1310 ego
647 1254 784 1309 rogo
824 1237 1072 1292 seniores
1111 1242 1168 1290 et
1212 1235 1407 1289 dicunt
1449 1232 1590 1287 mihi
1646 1232 1716 1286 de
1758 1231 1938 1286 salute

2019 516 2077 571 in
2088 518 2393 575 focularem
2412 521 2597 578 herbae
2617 526 3015 582 ascenderunt.
3038 529 3107 584 Et
3117 530 3410 601 respondit
3433 547 3622 599 senex,

2019 612 2076 660 et
2106 608 2275 663 dixit:
2312 611 2383 664 Et
2408 616 2471 665 tu
2498 613 2758 684 expulisti
2788 631 2820 669 a
2850 621 2907 671 te
2927 617 3394 688 hospitalitatem.

2092 697 2179 752 95.
2209 698 2596 755 Narraverunt
2616 703 2845 774 quidam
2869 706 3103 761 Patrum
3125 708 3195 762 de
3215 709 3461 780 quodam
3490 726 3626 766 sene

2020 801 2244 857 magno,
2274 789 2407 860 quia
2428 790 2476 845 si
2486 791 2746 847 veniebat
2757 793 2962 866 aliquis
2985 796 3336 868 interrogare
3352 816 3483 855 eum
3500 816 3625 855 ser-

2019 891 2262 945 monem,
2288 878 2382 933 ille
2405 896 2535 935 cum
2564 898 2771 953 magna
2798 884 3005 940 ﬁducia
3034 886 3256 943 dicebat
3284 905 3297 943 :
3345 890 3486 944 Ecce
3515 906 3621 961 ego

2018 966 2261 1038 suscipio
2290 984 2588 1040 personam
2611 971 2733 1039 Dei,
2751 978 2810 1028 et
2833 972 2999 1029 sedeo
3017 974 3076 1030 in
3096 975 3458 1048 sedejudicii,
3487 978 3624 1050 quid

2019 1071 2153 1125 ergo
2176 1055 2253 1110 vis
2282 1061 2347 1111 ut
2372 1057 2574 1114 faciam
2604 1060 2745 1114 tibi?
2776 1061 2836 1117 Si
2864 1078 2996 1133 ergo
3021 1063 3225 1118 dixeris
3250 1064 3411 1132 mihi,
3446 1065 3620 1121 mise-

2016 1160 2145 1198 rere
2164 1145 2304 1214 mei;
2341 1146 2476 1201 dicit
2489 1148 2591 1203 tibi
2616 1150 2765 1205 Deus
2793 1167 2804 1203 :
2840 1151 2899 1206 Si
2918 1151 3001 1206 vis
3021 1156 3086 1206 ut
3098 1152 3370 1208 miserear
3387 1155 3493 1221 tui,
3516 1140 3620 1209 mi-

2022 1249 2209 1288 serere
2243 1239 2301 1289 et
2330 1239 2390 1290 tu
2428 1236 2696 1293 fratribus
2725 1239 2860 1306 tuis,
2891 1244 2949 1295 et
2977 1257 3080 1311 ego
3113 1242 3386 1298 misereor
3423 1243 3529 1298 tui.
3565 1243 3627 1299 Si

334 1329 539 1384 animae
568 1344 727 1395 mete,
755 1331 814 1382 et
846 1326 989 1381 nihil
1010 1324 1225 1379 retineo
1246 1323 1316 1377 de
1343 1321 1524 1377 verbis
1545 1338 1740 1377 eorum
1764 1340 1777 1389 ;
1803 1320 1934 1392 quid
2022 1327 2214 1378 autem
2241 1324 2324 1378 vis
2365 1329 2431 1380 ut
2458 1325 2745 1397 ignoscam
2774 1328 2897 1396 tibi,
2932 1329 3156 1399 ignosce
3209 1337 3267 1386 et
3288 1337 3350 1387 tu
3374 1332 3628 1409 proximo

334 1424 530 1474 autem
558 1418 647 1473 vel
683 1433 820 1486 rogo
851 1431 947 1471 eos
987 1414 1129 1469 nihil
1175 1412 1471 1485 proﬁciens
1500 1412 1525 1464 Τ
1573 1413 1747 1466 Totus
1786 1411 1937 1465 enim
2021 1416 2139 1467 tuo.
2180 1414 2502 1485 Nunquida
2528 1416 2644 1470 Deo
2672 1422 2758 1472 est
2785 1418 2988 1473 causa?
3018 1417 3214 1488 Absit;
3248 1420 3348 1476 sed
3375 1421 3435 1476 in
3462 1421 3625 1478 nobis

336 1523 466 1563 sum
493 1507 555 1562 in
596 1504 958 1561 immunditia
993 1505 1161 1575 (Ru/f.
1193 1508 1232 1558 ι.
1256 1517 1340 1570 m,
1373 1519 1431 1557 η.
1467 1499 1609 1569 178).
1643 1501 1819 1555 Erant
1848 1516 1952 1555 au-
2035 1505 2138 1565 est,
2171 1501 2219 1555 si
2246 1502 2502 1558 volumus
2530 1504 2754 1559 salvari.

336 1602 456 1651 tem
483 1596 596 1651 duo
632 1611 763 1649 vasa
809 1610 997 1652 vacua.
1041 1593 1111 1647 Et
1158 1592 1301 1647 dixit
1335 1592 1386 1646 ei
1413 1607 1619 1647 senex:
1672 1590 1847 1657 Vade,
1891 1592 1948 1644 et
2103 1586 2192 1646 96.
2220 1590 2493 1646 Dicebant
2515 1593 2585 1647 de
2613 1594 2857 1664 quodam
2884 1612 3019 1651 sene
3044 1597 3103 1651 in
3134 1597 3305 1653 Cellis
3334 1599 3467 1670 quia
3503 1606 3627 1657 erat

338 1686 502 1742 aufer
520 1701 698 1742 unum
719 1702 785 1739 ex
817 1684 963 1739 vasis
996 1683 1140 1749 istis,
1188 1688 1245 1737 et
1271 1682 1434 1736 mitte
1459 1681 1518 1735 in
1549 1697 1615 1735 eo
1644 1680 1852 1746 oleum,
1886 1685 1944 1735 et
2028 1694 2268 1750 magnus
2281 1679 2586 1737 laborator.
2611 1683 2974 1740 Cumfaceret
2997 1702 3138 1757 opus
3169 1703 3355 1757 suum,
3388 1690 3627 1761 contigit

338 1774 582 1831 accende
602 1775 754 1830 intus
777 1779 1023 1844 stupam,
1050 1778 1108 1827 et
1135 1772 1371 1827 refunde
1390 1771 1596 1836 oleum,
1614 1774 1672 1825 et
1680 1786 1826 1842 pone
1842 1786 1938 1824 vas
1960 1778 2007 1839 Β
2026 1767 2199 1822 alium
2228 1786 2570 1841 quemquam
2597 1776 2857 1828 sanctum
2885 1774 3068 1829 virum
3097 1775 3288 1831 venire
3317 1777 3385 1831 ad
3418 1778 3622 1834 cellam

337 1865 400 1920 in
420 1866 608 1922 locum
637 1880 823 1919 suum.
853 1864 923 1919 Et
952 1863 1083 1917 fecit
1108 1862 1205 1916 sic.
1226 1862 1295 1916 Et
1322 1861 1463 1915 dixit
1491 1861 1572 1915 ei:
1599 1861 1708 1915 Fac
1735 1861 1941 1915 iterum
2024 1858 2167 1927 ejus,
2192 1863 2249 1911 et
2270 1858 2483 1913 audivit
2508 1876 2639 1915 eum
2662 1861 2731 1916 de
2750 1861 2887 1917 foris
2907 1862 3227 1935 litigantem
3248 1881 3378 1921 cum
3414 1867 3623 1938 cogita-

340 1955 440 2009 sic.
494 1955 563 2009 Et
607 1970 736 2009 cum
778 1952 1002 2008 fecisset
1056 1952 1163 2006 hoc
1190 1951 1413 2022 saepius,
1442 1949 1582 2005 dixit
1623 1951 1675 2004 ei
1724 1966 1935 2006 senex:

342 2044 498 2098 Aﬁer
525 2043 691 2098 modo
706 2047 945 2114 utraque
972 2057 1123 2108 vasa,
1153 2046 1210 2095 et
1234 2041 1358 2095 vide
1379 2040 1528 2109 quod
1555 2056 1752 2095 eorum
1771 2055 1939 2094 mun-

346 2132 477 2188 dius
503 2133 595 2187 sit.
628 2132 697 2186 Et
715 2132 1032 2203 respondit:
1066 2130 1212 2186 Illud
1236 2129 1332 2184 ubi
1353 2130 1540 2185 oleum
1558 2129 1706 2183 misi.
1727 2130 1831 2184 Cui
1860 2146 1942 2184 se-

343 2236 453 2275 nex
480 2220 623 2276 dixit
646 2238 658 2274 :
697 2220 789 2276 Sic
816 2225 901 2275 est
929 2226 987 2275 et
1016 2220 1207 2275 anima
1233 2220 1301 2274 de
1330 2220 1417 2274 his
1451 2236 1576 2291 quae
1608 2219 1937 2290 interrogat.

344 2310 614 2375 Quamvis
664 2309 815 2364 enim
860 2309 1001 2364 nihil
1051 2308 1296 2363 retineat
1342 2324 1539 2362 eorum
1590 2325 1713 2379 quae
1760 2309 1935 2376 audit,

342 2399 540 2450 tamen
555 2394 682 2468 plus
709 2393 835 2466 ipsa
853 2392 1218 2449 mundabitur
1242 2409 1413 2464 quam
1441 2392 1539 2447 illa
1566 2409 1691 2464 quae
1712 2394 1940 2450 omnino

344 2502 451 2541 nec
478 2486 788 2556 interrogat
819 2484 1146 2557 quidquam.

420 2574 508 2631 93.
540 2576 737 2630 Frater
765 2574 993 2630 sedebat
1025 2574 1085 2629 in
1113 2574 1253 2629 cella
1282 2589 1385 2628 sua
1424 2574 1735 2645 quiescens,
1762 2580 1819 2629 et
1846 2591 1943 2629 vo-

330 2663 540 2721 lebant
561 2665 842 2720 daemones
869 2664 1135 2720 seducere
1172 2680 1301 2719 eum
1343 2662 1448 2718 sub
1494 2664 1678 2735 specie
1710 2665 1941 2735 angelo-

341 2770 494 2821 rum,
520 2759 578 2809 et
600 2753 917 2810 excitabant
937 2770 1067 2809 eum
1090 2759 1155 2808 ut
1182 2753 1291 2807 iret
1318 2753 1390 2807 ad
1420 2754 1729 2820 collectam,
1765 2758 1822 2808 et
1848 2754 1938 2809 lu-

345 2860 479 2898 men
503 2842 876 2899 ostendebant
897 2844 979 2900 ei:
1007 2844 1103 2897 ille
1124 2847 1316 2898 autem
1344 2842 1497 2897 venit
1524 2844 1595 2898 ad
1642 2843 1946 2914 quemdam

346 2949 564 3000 senem,
588 2938 646 2987 et
662 2932 800 2987 dixit
819 2933 888 2988 ei:
912 2932 1093 2999 Abba,
1115 2932 1543 3003 veniuntangeli
1562 2949 1690 2987 cum
1707 2932 1939 3001 lumine,

343 3028 406 3077 et
430 3023 675 3077 excitant
695 3039 786 3077 me
801 3022 874 3077 ad
902 3023 1208 3077 collectam.
1233 3021 1308 3077 Et
1332 3022 1469 3076 dicit
1496 3022 1548 3076 ei
1574 3038 1741 3077 senex
1766 3039 1778 3075 :
1815 3024 1942 3077 Non

2021 1946 2289 2015 tionibus,
2316 1952 2374 2002 et
2391 1948 2668 2004 dicentem
2695 1966 2709 2006 :
2731 1950 3034 2024 Usquequo
3050 1958 3281 2025 propter
3301 1971 3482 2011 unum
3504 1974 3621 2012 ver-

2023 2034 2159 2090 bum
2190 2038 2381 2092 omnia
2399 2037 2496 2093 illa
2526 2039 2760 2094 amitto?
2791 2041 2886 2094 Ille
2916 2046 3106 2096 autem
3134 2042 3270 2097 foris
3296 2048 3470 2112 stans,
3512 2062 3622 2117 pu-

2024 2124 2183 2180 tabat
2203 2126 2333 2197 quia
2351 2143 2477 2181 cum
2499 2128 2687 2200 aliquo
2700 2128 2810 2183 alio
2830 2128 3095 2201 litigaret,
3120 2136 3178 2186 et
3196 2132 3439 2204 pulsavit
3456 2139 3523 2189 ut
3538 2133 3626 2191 in-

2025 2218 2204 2269 traret
2231 2219 2288 2269 et
2312 2215 2632 2286 paciﬁcaret
2643 2232 2767 2284 eos;
2792 2222 2851 2272 et
2867 2218 3187 2289 ingrediens
3209 2225 3267 2276 et
3280 2220 3473 2277 videns
3491 2223 3625 2294 quia

2024 2320 2189 2359 nemo
2209 2304 2355 2359 alius
2384 2311 2507 2359 erat
2531 2304 2700 2373 intro,
2732 2306 2944 2362 habens
2972 2308 3145 2363 etiam
3172 2309 3437 2365 ﬁduciam
3472 2312 3624 2383 apud

2024 2410 2239 2461 senem,
2272 2394 2414 2448 dixit
2438 2394 2517 2449 ei:
2552 2395 2694 2449 Cum
2723 2411 2833 2467 quo
2860 2396 3139 2467 litigabas,
3173 2397 3353 2453 abba?
3398 2400 3500 2454 Ille
3527 2418 3621 2455 re-

2026 2484 2279 2553 spondit:
2313 2484 2454 2538 Cum
2479 2484 2912 2555 cogitationibus
2935 2486 3097 2554 meis,
3122 2487 3256 2559 quia
3284 2489 3624 2560 quatuorde-

2026 2572 2137 2625 cim
2178 2572 2349 2627 libros
2395 2573 2681 2628 memoriae
2737 2575 3141 2643 commendavi,
3187 2581 3244 2631 et
3289 2593 3468 2633 unum
3495 2596 3622 2634 ver-

2026 2659 2162 2716 bum
2188 2662 2470 2717 modicum
2499 2662 2686 2717 audivi
2716 2662 2870 2731 foris,
2894 2669 3098 2720 etcum
3128 2665 3406 2721 venissem
3435 2667 3620 2724 facere

2028 2766 2168 2822 opus
2192 2751 2312 2819 Dei,
2357 2751 2547 2807 omnia
2564 2751 2662 2806 illa
2683 2752 2921 2823 perdidi,
2949 2757 3008 2808 et
3026 2753 3130 2809 hoc
3160 2755 3342 2810 solum
3366 2757 3515 2828 quod
3536 2757 3622 2811 fo-

2027 2839 2108 2893 ris
2134 2840 2426 2895 audieram
2439 2840 2591 2895 venit
2613 2841 2673 2895 in
2692 2841 2966 2897 memoria
2980 2859 3107 2899 mea
3129 2844 3188 2898 in
3217 2845 3359 2900 hora
3378 2845 3629 2902 ministe-

2027 2929 2097 2983 rii
2126 2930 2258 2997 mei,
2273 2934 2330 2984 et
2342 2935 2640 3001 propterea
2659 2930 2955 3001 litigabam
2975 2948 3101 2988 cum
3117 2934 3455 3004 cogitatione
3474 2952 3623 2992 mea.

2097 3017 2185 3074 97.
2217 3019 2443 3093 Fratres
2461 3020 2531 3074 de
2557 3020 2993 3091 congregatione
3011 3029 3288 3078 venerunt
3315 3023 3375 3079 in
3411 3041 3620 3093 eremo,

342 3111 562 3179 audias,
592 3128 706 3179 eos,
731 3112 829 3179 fili,
855 3111 1120 3184 quoniam
1148 3112 1429 3167 daemones
1450 3117 1583 3166 sunt
1603 3130 1615 3179 ;
1639 3116 1697 3167 et
1716 3112 1940 3182 quando
1960 3137 2005 3199 ρ
2032 3114 2089 3164 et
2108 3092 2504 3181 applicuerunt
2539 3110 2611 3165 ad
2632 3110 2933 3182 quemdam
2960 3112 3273 3180 eremitam,
3301 3120 3359 3169 et
3381 3115 3628 3188 suscepit

344 3201 582 3256 veniunt
608 3202 849 3256 excitare
876 3206 954 3267 te,
988 3201 1106 3258 dic:
1156 3202 1271 3273 Ego
1320 3201 1544 3272 quando
1576 3201 1696 3255 volo
1742 3217 1931 3272 surgo,

338 3307 441 3345 vos
465 3296 657 3345 autem
678 3307 792 3346 non
829 3291 1020 3347 audio.
1053 3290 1344 3362 Accipiens
1373 3294 1563 3345 autem
1594 3294 1937 3361 przeceptum

341 3379 515 3446 senis,
558 3396 813 3436 reversus
861 3385 946 3435 est
983 3380 1055 3435 ad
1090 3381 1291 3435 cellam
1338 3396 1518 3434 suam.
1568 3380 1638 3433 Et
1682 3379 1941 3451 sequenti

340 3473 508 3524 nocte
543 3468 748 3525 iterum
789 3470 1067 3524 daemones
1122 3469 1429 3523 secundum
1472 3468 1939 3523 consuetudinem

339 3558 630 3614 venientes
649 3558 964 3614 excitabant
982 3574 1131 3613 eum.
1157 3559 1258 3613 Ille
1272 3575 1419 3625 vero,
1439 3558 1585 3613 sicut
1598 3562 1938 3629 pmccptum

342 3647 454 3703 sibi
487 3647 689 3714 fuerat,
730 3647 1108 3720 respondebat
1146 3647 1243 3715 eis,
1286 3648 1507 3702 dicens:
1560 3648 1674 3719 Ego
1715 3649 1938 3719 quando

340 3738 472 3792 volo
496 3754 685 3809 surgo,
719 3754 815 3792 vos
843 3742 1034 3793 autem
1053 3753 1168 3792 non
1191 3737 1379 3792 audio.
1413 3738 1482 3791 Et
1509 3737 1593 3791 illi
1617 3737 1810 3792 dicunt
1838 3738 1890 3792 ei
1925 3756 1936 3790 :

344 3828 532 3883 Malus
564 3844 732 3883 senex
772 3828 867 3881 Ille
887 3827 1120 3882 falsator
1140 3826 1361 3882 seduxit
1390 3831 1468 3894 te,
1497 3826 1569 3881 ad
1600 3844 1767 3898 quem
1794 3827 1945 3883 venit

2027 3216 2122 3254 eos
2147 3215 2275 3253 cum
2303 3199 2531 3269 gaudio.
2572 3200 2643 3253 Et
2670 3199 2815 3255 sicut
2839 3205 2925 3254 est
2953 3202 3302 3257 consuetudo
3341 3205 3614 3274 eremitis,

2022 3288 2218 3343 videns
2238 3304 2333 3343 eos
2348 3288 2417 3343 de
2448 3287 2637 3343 labore
2664 3289 2947 3360 fatigatos,
2968 3290 3159 3361 posuit
3185 3307 3440 3347 mensam
3463 3298 3623 3350 extra

2023 3378 2222 3432 horam
2246 3396 2259 3446 ;
2294 3382 2351 3432 et
2381 3377 2531 3448 quod
2548 3376 2748 3432 habuit
2773 3377 2833 3433 in
2854 3379 2996 3432 cella
3023 3380 3284 3451 apposuit
3319 3381 3419 3449 eis,
3457 3388 3515 3437 et
3533 3398 3626 3439 re-

2024 3467 2279 3538 pausavit
2296 3483 2407 3522 eos.
2452 3467 2521 3521 Et
2555 3467 2777 3538 quando
2816 3467 3029 3523 factum
3058 3473 3145 3523 est
3173 3485 3318 3539 sero,
3356 3470 3620 3529 dixerunt

2022 3556 2315 3611 duodecim
2339 3556 2603 3627 psalmos,
2646 3555 2906 3611 similiter
2935 3562 2992 3611 et
3029 3562 3192 3612 nocte
3217 3577 3229 3627 ;
3263 3575 3392 3614 cum
3421 3565 3615 3617 autem

2023 3662 2190 3701 senex
2207 3645 2481 3716 vigilaret,
2514 3645 2727 3700 audivit
2754 3661 2849 3701 eos
2875 3645 3026 3700 inter
3042 3663 3102 3701 se
3118 3652 3308 3714 συθ
3336 3648 3619 3706 dicentes:

2024 3735 2166 3800 Quia
2179 3735 2414 3790 solitarii
2430 3734 2531 3788 viri
2549 3735 2676 3806 plus
2691 3740 2997 3807 repausant
3023 3736 3084 3790 in
3103 3752 3291 3791 eremo
3315 3753 3485 3810 quam
3519 3755 3626 3795 nos

2024 3825 2084 3880 in
2104 3824 2559 3895 congregatione.
2589 3824 2753 3878 Mane
2782 3829 2975 3879 autem
3004 3841 3132 3880 cum
3160 3825 3505 3882 ambulaturi
3531 3844 3625 3883 es-

344 3918 524 3973 frater
548 3917 738 3972 volens
775 3922 995 3972 mutare
1034 3916 1330 3989 pecuniam
1368 3935 1381 3985 ;
1425 3920 1484 3971 et
1524 3933 1654 3971 cum
1684 3916 1937 3985 haberet,
2025 3920 2153 3970 sent
2176 3914 2248 3968 ad
2275 3913 2446 3968 alium
2466 3913 2712 3968 vicinum
2739 3914 2882 3985 ejus,
2897 3912 3040 3969 dixit
3068 3914 3177 3969 eis:
3202 3915 3455 3972 Salutate
3483 3932 3616 3974 eum

344 4005 620 4061 mentitus
647 4011 734 4060 est
769 4006 840 4073 ei,
874 4007 1066 4061 dicens
1092 4024 1152 4061 se
1178 4022 1291 4061 non
1311 4003 1536 4073 habere,
1571 4010 1628 4061 et
1654 4022 1767 4061 non
1788 4006 1944 4060 dedit
2028 4021 2130 4077 pro
2155 4020 2265 4071 me,
2289 4007 2346 4058 et
2367 4002 2535 4058 dicite
2564 4002 2646 4057 ei:
2673 4003 2798 4057 Non
2819 4002 3067 4074 adaques
3090 4004 3263 4059 olera.
3292 4002 3393 4060 Ille
3423 4011 3617 4062 autem

349 4096 437 4163 ei;
466 4111 532 4150 ex
561 4096 666 4150 hoc
695 4112 828 4167 ergo
850 4112 1119 4167 cognosce
1139 4096 1273 4167 quia
1300 4095 1530 4150 falsator
1560 4101 1663 4150 est.
1700 4096 1948 4167 Surgens
2032 4110 2162 4148 cum
2187 4093 2294 4147 hoc
2312 4091 2577 4159 audisset,
2622 4091 2900 4147 intellexit
2926 4090 3175 4161 verbum,
3216 4098 3274 4148 et
3314 4095 3502 4151 tenuit
3531 4112 3629 4152 eos

242 4176 253 4182 ’
337 4202 488 4255 ergo
517 4185 692 4240 frater
717 4185 962 4240 diluculo
982 4185 1135 4240 venit
1170 4186 1241 4240 ad
1261 4202 1474 4252 senem,
1508 4190 1565 4240 et
1591 4185 1871 4240 nuntiavit
1899 4186 1952 4241 ei
2032 4199 2209 4254 usque
2238 4198 2362 4238 sero
2392 4180 2710 4236 laborantes
2734 4182 2979 4252 jejunos.
3004 4185 3148 4238 Cum
3161 4187 3352 4239 autem
3379 4201 3506 4240 sero
3537 4183 3623 4241 fa-

350 4276 474 4330 hzec
502 4274 643 4347 ipsa.
670 4275 850 4330 Senex
876 4291 1005 4330 vero
1037 4274 1178 4329 dixit
1199 4274 1250 4328 ei
1275 4293 1287 4328 :
1319 4275 1531 4330 Verum
1580 4280 1666 4330 est
1687 4275 1821 4347 quia
1847 4275 1952 4330 ha-
2034 4278 2187 4327 ctum
2216 4276 2380 4339 esset,
2412 4270 2543 4327 fecit
2559 4272 2838 4343 prolixum
2867 4288 3009 4344 opus
3053 4272 3176 4340 Dei,
3230 4277 3288 4328 et
3328 4272 3518 4346 posuit
3563 4290 3632 4331 ea

352 4362 575 4431 bebam,
609 4368 666 4418 et
693 4364 827 4435 quia
852 4364 1007 4418 venit
1034 4363 1209 4418 frater
1223 4363 1415 4418 volens
1444 4369 1723 4431 mutuare,
1756 4368 1814 4418 et
1837 4380 1952 4419 non
2036 4380 2158 4434 quae
2189 4361 2452 4431 habebat,
2483 4365 2542 4416 et
2569 4360 2742 4415 dixit:
2788 4361 3082 4417 Cessemus
3124 4360 3341 4418 modice
3396 4368 3631 4437 propter

345 4452 486 4507 dedi
506 4452 576 4517 ei,
600 4453 699 4507 sed
715 4452 960 4508 sciebam
975 4452 1109 4524 quia
1138 4453 1186 4507 si
1209 4453 1403 4507 darem
1428 4453 1499 4520 ei,
1534 4453 1805 4507 damnum
1834 4454 1951 4508 ani-
1968 4461 2007 4521 ι
2040 4469 2151 4520 vos,
2178 4451 2312 4523 quia
2341 4450 2410 4505 de
2436 4449 2626 4505 labore
2653 4450 2788 4505 estis
2815 4448 3055 4522 fatigati.
3090 4451 3160 4506 Et
3187 4450 3329 4506 dixit
3366 4452 3575 4509 iterum
3610 4472 3625 4509 :

354 4557 466 4597 mae
479 4541 656 4613 ipsius
673 4541 964 4597 faciebam.
991 4541 1243 4612 Cogitavi
1263 4558 1395 4612 ergo
1418 4558 1592 4596 unum
1623 4543 1954 4598 mandatum
2037 4540 2297 4606 Quotidie
2325 4539 2666 4593 manducare
2694 4554 2808 4594 non
2836 4539 3100 4606 solemus,
3131 4538 3231 4594 sed
3259 4545 3492 4612 prapter
3531 4556 3631 4599 vos
3704 4604 3710 4609 ἱ

356 4630 666 4703 praeterire,
709 4637 878 4702 quam
912 4630 1265 4703 praevaricari
1309 4630 1522 4698 decem,
1559 4648 1624 4685 ex
1654 4631 1857 4703 quibus
1882 4633 1953 4687 ad
2035 4635 2329 4701 gustemus
2355 4627 2658 4683 modicum.
2700 4626 2770 4681 Et
2788 4627 3050 4698 apposuit
3071 4626 3152 4681 eis
3179 4643 3387 4698 panem
3416 4628 3629 4699 siccum

357 4719 785 4775 tribulationem
816 4720 1191 4791 potuissemus
1220 4719 1409 4774 venire
1440 4736 1540 4791 pro
1568 4720 1685 4787 illo,
1717 4721 1765 4775 si
1793 4738 1827 4775 a
1867 4737 1958 4776 me

326 4794 341 4883 ί
356 4810 659 4883 pecuniam
688 4811 1013 4882 accepisset.
1030 4811 1114 4865 Tu
1128 4815 1316 4865 autem
1339 4810 1636 4875 daemones,
1675 4811 1770 4881 qui
1800 4816 1855 4866 te
1875 4829 1959 4867 se-

326 4943 341 4975 ;
358 4899 567 4955 ducere
588 4901 802 4967 volunt,
834 4917 904 4956 ne
923 4900 1139 4955 audias.
1157 4901 1227 4955 Et
1254 4900 1495 4955 multum
1513 4899 1859 4956 confortatus
1888 4901 1958 4956 de

326 5024 343 5063 ,ι
357 4988 544 5044 verbis
566 4990 734 5057 senis,
761 4990 905 5045 abiit
928 4989 1000 5043 ad
1025 4989 1223 5043 cellam
1249 5006 1430 5044 suam.

326 5117 355 5154 ς.
436 5076 524 5134 94.
553 5078 838 5134 Venerunt
864 5077 1166 5149 aliquando
1187 5083 1303 5132 tres
1321 5078 1523 5133 fratres
1554 5079 1625 5133 ad
1656 5078 1959 5151 quemdam

359 5183 556 5223 senem
585 5168 645 5224 in
671 5167 881 5240 Scythi,
914 5173 972 5222 et
999 5184 1147 5222 unus
1175 5184 1241 5223 ex
1272 5168 1358 5222 his
1392 5166 1762 5239 interrogavit
1806 5186 1957 5239 eum,

361 5257 588 5312 dicens:
616 5255 792 5324 Abba,
826 5257 1210 5312 commendavi
1242 5257 1416 5312 Vetus
1439 5263 1495 5312 et
1522 5259 1741 5313 Novum
1763 5260 1960 5315 Testa-

326 5400 340 5409 ,
362 5351 623 5401 mentum
663 5346 965 5401 memoriae.
1009 5345 1079 5401 Et
1103 5346 1393 5417 respondit
1426 5364 1600 5402 senex
1621 5392 1634 5415 ,
1674 5354 1731 5403 et
1771 5349 1910 5402 dixit
1944 5367 1956 5405 :

322 5435 616 5507 .,Replesti
663 5434 844 5489 verbis
889 5451 1100 5490 aerem.
1154 5436 1224 5489 Et
1267 5436 1545 5491 secundus
1589 5436 1960 5508 interrogavit

358 5541 516 5591 eum,
567 5523 793 5580 dicens:
824 5524 1001 5579 Vetus
1031 5530 1089 5579 et
1129 5525 1348 5580 Novum
1384 5524 1810 5581 Testamentum
1856 5544 1958 5598 ego

364 5614 698 5692 scripsiper
745 5629 836 5672 me
862 5613 1074 5696 ipsum.
1118 5613 1270 5678 Dixit
1295 5618 1486 5674 autem
1514 5619 1572 5674 et
1600 5615 1765 5673 huic:
1801 5615 1872 5675 Et
1896 5621 1961 5676 tu

2040 4726 2097 4774 et
2123 4719 2225 4779 sal.
2257 4722 2315 4772 et
2333 4716 2498 4772 dixit:
2525 4716 2663 4771 Ecce
2691 4720 2921 4787 propter
2941 4732 3035 4771 vos
3065 4714 3425 4772 festivitatem
3452 4715 3629 4774 habe-

2039 4825 2165 4871 mus
2185 4806 2388 4874 hodie;
2420 4810 2477 4860 et
2504 4805 2660 4859 misit
2677 4821 2879 4877 parum
2907 4805 3052 4860 aceti
3080 4805 3140 4860 in
3160 4805 3374 4862 salibus
3402 4805 3531 4863 illis.
3564 4804 3636 4864 Et

2040 4902 2335 4968 surgentes
2362 4899 2655 4966 coeperunt
2691 4892 2931 4965 psallere
2958 4911 3138 4967 usque
3152 4911 3341 4951 mane.
3373 4895 3444 4952 Et
3459 4895 3628 4952 dixit:

2042 4990 2279 5059 Propter
2307 5001 2402 5039 vos
2426 5000 2539 5038 non
2570 4998 2868 5055 possumus
2897 4983 3204 5056 adimplere
3233 4985 3488 5056 regulam
3530 5001 3636 5041 no-

2042 5084 2240 5143 stram,
2286 5081 2352 5130 ut
2394 5071 2611 5128 modice
2666 5072 2935 5144 pausetis,
2986 5073 3118 5145 quia
3154 5073 3439 5146 peregrini
3479 5073 3637 5133 estis.

2044 5170 2208 5224 Mane
2240 5170 2430 5220 autem
2458 5163 2622 5230 facto,
2655 5161 2917 5218 volebant
2951 5162 3173 5234 fugere:
3206 5163 3301 5218 ille
3329 5169 3519 5218 autem
3549 5181 3640 5220 ro-

2043 5258 2231 5330 gabat,
2248 5272 2360 5321 eos,
2380 5252 2602 5308 dicens:
2632 5252 2850 5308 Manete
2878 5251 3229 5323 aliquantum
3253 5251 3524 5324 temporis
3540 5268 3639 5337 no-

2044 5347 2289 5409 biscum;
2316 5344 2402 5399 sin
2428 5342 2588 5410 alias,
2611 5341 2696 5395 vel
2725 5345 2955 5413 propter
2977 5338 3330 5407 mandatum,
3377 5339 3498 5396 dies
3519 5347 3635 5398 tres

2045 5435 2353 5493 secundum
2382 5430 2843 5488 consuetudinem
2891 5427 3066 5485 eremi
3115 5428 3282 5484 facite
3323 5429 3634 5487 nobiscum.

2046 5526 2135 5582 Illi
2165 5531 2356 5580 autem
2368 5522 2621 5581 videntes
2649 5520 2783 5594 quia
2803 5536 2918 5577 non
2938 5518 3215 5587 relaxaret
3233 5535 3349 5591 eos,
3371 5519 3639 5596 fugerunt

2045 5615 2277 5674 occulte.

2736 5679 2916 5701 στιν-νον*
2995 5692 3003 5696 -
3223 5684 3280 5697 Α..
3322 5683 3452 5700 ,σιο⁴ιιο
