3934 6380
428 306 528 365 931

1585 296 1680 353 DE
1712 294 1903 353 VITIS
1941 293 2237 351 PATRUM
2272 295 2489 353 LIBER
2524 298 2592 353 ν.

3594 307 3704 368 939

497 426 589 486 98.
606 427 807 483 Frater
825 422 1192 496 interrogavit
1210 421 1511 494 quemdam
1531 422 1781 491 Patrem,
1803 422 2015 478 dicens:
2035 430 2086 490 Α
2104 422 2375 478 vidissent
2405 440 2500 479 eos
2520 428 2848 482 extenuatos
2868 426 3033 497 fame,
3056 429 3127 485 de
3156 430 3335 487 nimia
3357 431 3703 492 abstinentia

430 519 491 577 Si
510 516 809 588 contigerit
825 512 1048 585 gravari
1066 512 1125 568 in
1139 517 1421 580 somno,et
1438 512 1730 567 transierit
1750 513 1889 567 hora
1912 512 2025 567 mi-

426 607 643 665 nisterii
672 603 1000 673 mei,anima
1018 618 1146 658 mea
1163 618 1279 675 pra:
1297 602 1633 658 verecundia
1652 618 1765 657 non
1783 602 1903 657 vult
1924 602 2027 656 im-

425 699 580 772 plere
609 711 750 768 opus
777 710 963 750 suum.
998 692 1217 748 Etdixit
1231 709 1429 748 senex:
1455 692 1514 747 Si
1542 697 1599 747 te
1620 691 1918 762 contigerit
1932 709 2026 746 us-

427 804 536 862 que
563 801 731 842 mane
768 783 1036 849 dormire,
1069 782 1293 855 quando
1321 782 1569 853 evigilas,
1603 797 1790 852 surge,
1823 781 2023 837 claude

424 878 633 935 ostium
645 880 704 932 et
726 875 1000 931 fenestras
1010 878 1156 942 tuas,
1172 878 1229 928 et
1248 871 1334 927 fac
1354 887 1495 944 Opus
1519 876 1716 939 tuum;
1748 870 2023 943 scriptum

424 966 698 1024 estenim:
731 966 886 1021 Tuus
897 963 1130 1031 estdies,
1155 968 1213 1018 et
1231 967 1331 1018 tua
1345 966 1433 1017 est
1450 977 1557 1015 nox
1580 962 1747 1029 (Psal.
1783 961 1969 1033 Lxxm)
1998 979 2013 1030 ;

412 1060 483 1119 in
505 1055 659 1114 omni
687 1055 841 1110 enim
865 1059 1120 1125 tempore
1141 1051 1491 1124 gloriﬁcatur
1518 1050 1688 1105 Deus.

490 1148 582 1206 99.
605 1144 841 1202 Dicebat
867 1143 1071 1215 aliquis
1095 1158 1290 1198 senex:
1328 1140 1473 1207 Quia
1514 1145 1599 1195 est
1627 1140 1797 1195 homo
1827 1155 2016 1196 come-

418 1238 560 1296 dens
579 1235 760 1292 multa
783 1238 842 1289 et
862 1233 1045 1289 adhuc
1064 1231 1319 1287 esuriens
1346 1249 1359 1299 ;
1391 1236 1478 1285 est
1495 1230 1666 1285 etiam
1685 1230 1829 1285 alter
1849 1226 2016 1285 liomo

404 1328 517 1404 'qui
534 1341 716 1401 pauca
735 1323 993 1391 comedit,
1011 1320 1615 1391 etsatiatur.Majorem
1630 1323 1820 1375 autem
1845 1318 2017 1375 habet

417 1417 739 1476 mercedem
766 1414 864 1470 ille
884 1412 982 1485 qui
1007 1411 1134 1485 plus
1153 1410 1416 1478 comedit,
1447 1415 1502 1465 et
1521 1409 1774 1466 esuriens
1804 1414 2015 1477 manet,

417 1510 491 1567 ab
518 1509 615 1566 illo
645 1506 741 1579 qui
760 1521 963 1579 parum
988 1502 1253 1574 comedit,
1281 1505 1342 1557 et
1360 1500 1602 1557 satiatur
1628 1502 1817 1571 (Ru/f.,
1845 1503 1891 1559 ι.
1929 1514 2016 1568 III,

418 1596 597 1665 11.48,
631 1596 842 1663 Pasch,
874 1610 921 1650 c.
947 1593 999 1663 1,
1022 1609 1083 1649 η.
1114 1590 1190 1664 3).

2106 511 2467 584 impatienter
2483 515 2794 584 comedere,
2828 519 3186 575 scandalizati
3209 525 3344 576 sunt
3370 521 3430 577 in
3449 522 3554 582 eis.
3582 525 3701 581 Hoc

2106 608 2295 657 autem
2310 602 2606 676 presbyter
2623 621 2950 676 agnoscens,
2973 609 3153 665 voluit
3169 626 3369 666 sanare
3385 628 3500 681 eos,
3535 619 3594 669 et
3620 614 3700 671 ita

2106 690 2410 761 dimittere,
2443 699 2501 748 et
2545 695 2867 766 praedicavit
2892 698 2951 753 in
2981 699 3215 754 ecclesia
3252 700 3419 772 plebi,
3459 701 3694 759 dicens:

2105 780 2366 851 Jejunate
2385 788 2442 838 et
2454 785 2740 840 cxtendite
2760 786 3161 844 abstinentiam
3183 796 3445 858 vestram,
3471 791 3695 849 fratms.

2104 868 2382 927 Volebant
2418 878 2609 928 autem
2634 876 2906 948 Egyptii,
2932 878 3030 949 qui
3057 878 3173 934 illic
3199 885 3486 950 venerant,
3517 882 3697 938 disce-

2107 957 2259 1027 dere,
2283 966 2341 1015 et
2365 962 2602 1018 retinuit
2624 980 2738 1019 eos.
2772 966 2912 1021 Cum
2932 972 3123 1022 autem
3139 969 3497 1039 jejunassent
3512 971 3694 1043 primo

2107 1049 2347 1120 aporiati
2363 1055 2513 1120 sunt,
2544 1052 2912 1110 feceratenim
2923 1072 3018 1111 eos
3048 1056 3215 1113 biduo
3224 1059 3486 1129 jejunare
3514 1062 3696 1117 contio

2106 1153 2240 1194 nuo.
2272 1140 2337 1195 In
2367 1141 2557 1214 Scythi
2577 1148 2768 1199 autem
2805 1144 3129 1201 habitantes
3146 1148 3547 1219 jejunaverunt
3563 1150 3696 1207 heb-

2107 1228 2446 1298 domadam;
2481 1236 2539 1286 et
2564 1231 2711 1288 facto
2738 1232 3001 1303 Sabbato,
3040 1236 3310 1293 sederunt
3350 1239 3691 1297 manducare

2105 1318 2352 1390 Egyptii
2370 1336 2499 1375 cum
2514 1321 2761 1378 senibus.
2777 1324 3159 1381 Turbantibus
3173 1332 3363 1383 autem
3374 1344 3437 1384 se
3450 1329 3525 1385 ad
3539 1346 3694 1387 man-

2099 1407 2423 1464 ducandum
2448 1410 2744 1483 Egyptiis,
2772 1429 2921 1469 unus
2942 1414 3013 1469 de
3030 1416 3258 1472 senibus
3283 1419 3469 1474 tenuit
3493 1435 3692 1476 manus

2101 1498 2243 1568 ejus,
2269 1498 2490 1555 dicens:
2531 1501 2674 1556 Cum
2705 1502 3004 1575 disciplina
3030 1505 3382 1574 manducate,
3414 1509 3693 1581 quomodo

2101 1587 2379 1643 monachi.
2412 1589 2569 1645 Unus
2614 1596 2808 1647 autem
2857 1609 2924 1649 ex
2962 1594 3240 1667 IEgyptiis
3260 1598 3470 1669 repulit
3488 1613 3689 1655 manus

489 1686 613 1748 100.
635 1686 789 1743 Dixit
806 1683 1036 1757 quidam
1063 1697 1233 1738 senex
1257 1700 1269 1737 :
1300 1681 1360 1738 Si
1381 1680 1678 1753 contigerit
1706 1680 1855 1736 inter
1877 1683 1933 1735 te
1962 1684 2021 1735 et
2101 1676 2241 1747 ejus,
2263 1677 2487 1733 dicens:
2519 1679 2754 1737 Dimitte
2778 1698 2869 1737 me
2896 1682 3030 1755 quia
3054 1684 3284 1753 morior,
3315 1690 3437 1741 tota
3476 1685 3689 1743 hebdo-

415 1778 591 1835 alium
619 1791 804 1833 sermo
824 1773 1029 1846 aliquis
1046 1772 1247 1841 tristis,
1265 1776 1323 1827 et
1347 1770 1637 1842 negaverit
1655 1770 1769 1838 ille,
1789 1770 2011 1825 dicens:
2032 1759 2081 1820 B
2100 1765 2267 1821 mada
2301 1767 2442 1822 nihil
2469 1774 2689 1825 coctum
2718 1772 2954 1828 comedi.
2969 1773 3039 1827 Et
3049 1773 3191 1829 dixit
3210 1774 3262 1828 ei
3279 1790 3482 1831 senex:
3504 1776 3563 1832 Si
3591 1792 3689 1832 vos

403 1870 542 1926 Non
571 1865 684 1923 dixi
703 1879 1022 1921 sermonem
1049 1863 1217 1930 hunc,
1245 1878 1316 1917 ne
1344 1867 1526 1916 certes
1556 1877 1685 1916 cum
1714 1877 1801 1928 eo,
1841 1866 1899 1916 et
1925 1859 2017 1914 di-

414 1975 535 2015 cas:
557 1954 778 2023 Dixisti,
826 1952 922 2027 qui
961 1951 1344 2020 exacerbatur,
1387 1957 1445 2006 et
1471 1950 1620 2007 dicet
1650 1948 1789 2005 tibi:
1834 1949 2017 2005 Etiam

414 2048 607 2196 (11:101.
637 2135 838 2193 Frater
883 2132 1086 2206 aliquis
1113 2129 1490 2202 interrogavit
1514 2146 1728 2197 senem,
1762 2129 1957 2185 dicens
1992 2146 2005 2183 :

410 2227 583 2285 Soror
609 2242 738 2282 mea
764 2240 981 2299 pauper
1009 2227 1113 2289 est,
1151 2220 1200 2276 si
1236 2220 1307 2276 do
1346 2220 1398 2275 ei
1428 2220 1866 2292 eleemosynam,
1899 2235 2014 2274 non

410 2322 499 2374 est
525 2316 670 2374 sicut
697 2331 844 2372 unus
871 2313 940 2369 de
967 2309 1344 2385 pauperibus?
1374 2310 1444 2365 Et
1470 2309 1610 2364 dixit
1627 2325 1821 2364 senex:
1858 2309 2004 2365 Non.

404 2406 561 2463 Dixit
587 2410 779 2462 autem
809 2403 1016 2458 frater:
1044 2401 1249 2467 Quare,
1281 2398 1471 2454 abba?
1502 2399 1573 2454 Et
1599 2397 1891 2471 respondit
1916 2415 2006 2453 se-

406 2512 541 2552 nex:
574 2494 720 2561 Quia
745 2492 976 2564 sanguis
1004 2490 1124 2563 ipse
1138 2489 1313 2546 trahit
1326 2494 1385 2544 te
1413 2488 1717 2544 modicum.

483 2585 603 2642 102.
629 2584 783 2640 Dixit
804 2597 1006 2638 senex:
1039 2579 1183 2646 Quia
1213 2583 1436 2652 Oportet
1458 2578 1799 2634 monachum
1818 2594 2006 2650 neque

407 2674 727 2731 auditorem
748 2688 871 2728 esse
888 2669 1341 2737 obtrectantium,
1365 2684 1549 2741 neque
1566 2667 1887 2736 obtrectari,
1914 2683 2009 2722 ne-

406 2780 518 2836 que
543 2760 929 2819 scandalizari.

479 2849 603 2911 103.
632 2850 787 2907 Dixit
815 2849 1044 2923 quidam
1059 2865 1258 2905 senex:
1290 2848 1416 2904 Non
1438 2847 1629 2904 omnia
1656 2865 1781 2921 qua:
1814 2847 2009 2904 dicun-

400 2946 501 2998 tur
545 2941 805 3015 placeant
833 2939 958 3008 tibi,
989 2955 1172 3011 neque
1201 2939 1356 2994 omni
1382 2937 1629 2993 sermoni
1663 2937 2001 2993 consentias.

401 3031 642 3088 Tardius
672 3030 855 3099 crede,
886 3034 943 3085 et
964 3029 1113 3101 quod
1135 3044 1331 3084 verum
1361 3033 1466 3096 est,
1499 3028 1663 3083 citius
1692 3027 1809 3089 dic.

2099 1854 2270 1910 biduo
2288 1856 2581 1913 intervallo
2593 1859 2997 1917 manducantes
3013 1862 3094 1917 ita
3104 1862 3402 1933 defecistis,
3436 1880 3610 1937 quare
3622 1865 3683 1921 in

2097 1944 2365 2001 fratribus
2388 1947 2749 2005 scandalizati
2767 1950 2921 2016 estis,
2954 1951 3050 2023 qui
3068 1968 3293 2025 semper
3310 1952 3688 2010 hebdomadas

2092 2038 2288 2102 ωδ
2316 2051 2382 2090 eo
2411 2036 2609 2092 ordine
2638 2038 2876 2095 levando
2893 2040 3293 2097 abstinentiam
3323 2048 3567 2099 servant.
3599 2043 3691 2101 Illi

2096 2137 2288 2179 autem
2316 2126 2706 2198 paenitentiam
2728 2145 2918 2185 coram
2945 2131 3028 2185 eis
3051 2136 3306 2202 egerunt,
3339 2136 3399 2188 et
3423 2132 3682 2190 adiﬁcati

2094 2213 2154 2268 in
2174 2213 2516 2271 abstinentia
2534 2233 2730 2273 eorum
2749 2218 3013 2275 abierunt
3037 2236 3167 2275 cum
3193 2221 3422 2293 gaudio.

2174 2302 2195 2361 1
2210 2300 2295 2361 10.
2321 2305 2519 2360 Frater
2529 2306 2757 2378 quidam
2767 2308 3096 2365 renuntians
3113 2311 3397 2379 saeculo,et
3410 2311 3688 2384 accipiens

2097 2391 2353 2449 habitum
2382 2396 2660 2464 monachi,
2680 2398 2873 2453 statim
2892 2399 3121 2455 reclusit
3130 2416 3210 2468 se,
3230 2399 3421 2457 dicens
3443 2417 3459 2460 :
3483 2401 3690 2458 Solita-

2097 2482 2216 2538 rius
2236 2484 2359 2539 volo
2389 2501 2530 2540 esse.
2551 2486 2858 2543 Audientes
2886 2494 3075 2545 autem
3106 2489 3273 2546 vicini
3299 2491 3568 2560 seniores,
3597 2507 3690 2547 ve-

2089 2579 2297 2629 nerunt
2322 2579 2381 2629 et
2403 2576 2691 2645 ejecerunt
2710 2593 2858 2645 eum,
2882 2583 2940 2633 et
2966 2579 3217 2636 fecerunt
3246 2580 3483 2636 circuire
3511 2580 3683 2637 cellas

2087 2663 2348 2732 fratrum,
2374 2670 2431 2720 et
2448 2666 2838 2737 pcenitentiam
2856 2684 3048 2724 coram
3068 2669 3306 2741 singulis
3325 2686 3515 2742 agere,
3527 2675 3584 2725 et
3592 2670 3684 2726 di-

2089 2769 2241 2808 cere:
2273 2754 2549 2825 Ignoscite
2577 2755 2735 2822 mihi,
2768 2757 2902 2829 quia
2946 2752 3060 2814 non
3084 2774 3211 2815 sum
3249 2758 3553 2829 solitarius,
3572 2759 3677 2815 sed

2087 2843 2271 2898 adhuc
2297 2843 2524 2900 initium
2552 2846 2814 2905 monachi
2841 2862 3023 2921 nuper
3050 2848 3347 2922 assumpsi.

2162 2931 2282 2989 111.
2315 2933 2590 2990 Dixerunt
2619 2936 2849 3007 quidam
2869 2953 3031 2993 senes
3056 2955 3068 2991 :
3106 2938 3165 2994 Si
3183 2938 3389 2994 videris
3412 2939 3682 3011 juvenem

2087 3020 2375 3077 voluntate
2402 3039 2507 3079 sua
2526 3025 2918 3081 ascendentem
2955 3027 3015 3082 in
3042 3028 3266 3096 coelum,
3307 3033 3438 3084 tene
3479 3028 3680 3100 pedem

480 3121 601 3179 104.
635 3120 793 3177 Dixit
818 3119 1051 3191 quidam
1076 3134 1274 3174 senex:
1305 3118 1364 3173 Si
1391 3117 1708 3173 ascenderit
1742 3116 1801 3171 in
1837 3116 2007 3207 corde
2027 3144 2071 3207 Ο
2089 3111 2244 3207 ejus,
2264 3117 2318 3167 et
2347 3113 2556 3185 projice
2584 3130 2713 3170 eum
2740 3115 2800 3170 in
2833 3120 3064 3186 terram,
3095 3118 3231 3189 quia
3265 3133 3379 3173 non
3405 3117 3486 3173 ita
3509 3131 3681 3190 eXpe-

400 3210 593 3266 fratris
615 3209 862 3265 sedentis
890 3208 950 3264 in
980 3208 1122 3263 cella
1152 3206 1406 3275 verbum,
1436 3212 1494 3262 et
1521 3208 1808 3262 revolvens
1831 3206 2006 3261 frater
2034 3200 2170 3256 wdit
2195 3201 2268 3256 ei.

399 3299 633 3356 verbum
658 3300 719 3355 in
739 3299 949 3366 animo,
981 3314 1096 3353 non
1122 3297 1375 3370 potuerit
1403 3297 1475 3352 ad
1504 3313 1830 3352 mensuram
1847 3295 2003 3351 verbi

2161 3288 2280 3347 112.
2312 3291 2513 3348 Frater
2537 3292 2678 3349 dixit
2703 3293 2927 3350 cuidam
2947 3293 3068 3352 seni
3085 3311 3290 3367 magno
3312 3315 3330 3352 :
3370 3294 3545 3365 Abba,
3573 3311 3673 3352 vo-

399 3390 741 3463 pertingere,
772 3403 957 3459 neque
985 3392 1201 3443 tractus
1228 3386 1400 3442 fuerit
1422 3402 1457 3441 a
1482 3386 1619 3454 Deo,
1653 3386 1923 3441 assistunt
1950 3385 2004 3440 ei
2085 3378 2270 3435 lebam
2300 3380 2548 3438 invenire
2593 3400 2786 3439 senem
2828 3383 3072 3457 aliquem
3113 3386 3283 3457 juxta
3331 3386 3678 3442 voluntatem

398 3478 701 3547 daemones,
735 3482 793 3535 et
827 3476 1133 3537 ostendunt
1161 3476 1214 3531 ei
1259 3475 1328 3531 de
1364 3474 1534 3532 verbo
1571 3476 1667 3531 illo
1710 3476 1859 3548 quod
1895 3474 2004 3548 ipsi
2085 3485 2292 3540 meam,
2325 3477 2382 3526 et
2401 3473 2610 3528 morari
2631 3489 2758 3529 cum
2784 3474 2924 3546 ipso.
2958 3475 3027 3529 Et
3054 3474 3195 3530 dixit
3222 3475 3274 3530 ei
3294 3491 3494 3532 senex:
3518 3476 3672 3533 Bene

395 3567 610 3626 volunt,
2085 3561 2308 3631 quaeris,
2334 3562 2563 3617 domine
2593 3579 2772 3620 meus.
2804 3564 2907 3619 Ille
2934 3569 3125 3620 autem
3151 3565 3470 3622 afﬁrmabat
3484 3566 3679 3639 hujus-

473 3655 596 3717 105.
622 3655 897 3713 Dicebant
915 3655 1145 3730 quidam
1176 3672 1405 3713 senum:
1432 3654 1667 3722 Quando
1697 3670 2002 3727 congrega-
2082 3651 2237 3706 modi
2264 3666 2386 3707 esse
2411 3652 2753 3709 desiderium
2795 3670 2980 3721 suum,
3011 3670 3125 3709 non
3144 3654 3471 3728 intelligens
3515 3656 3673 3728 quod

395 3746 602 3805 bamur
618 3747 778 3804 initio
794 3748 868 3803 ad
882 3747 1139 3814 invicem,
1163 3752 1220 3802 et
1231 3744 1828 3819 loquebamuraliquid
1850 3743 2000 3817 quod
2082 3737 2300 3797 locutus
2343 3747 2429 3797 est
2454 3759 2623 3798 senex
2650 3744 2763 3799 ille.
2807 3744 2916 3799 Sed
2946 3760 3074 3799 cum
3101 3744 3315 3801 videret
3345 3762 3473 3802 eum
3508 3762 3680 3803 senex

397 3837 537 3895 utile
567 3843 717 3893 esset
748 3835 1046 3894 animabus
1075 3837 1305 3905 nostris,
1333 3835 1714 3892 efﬁciebamus
1743 3851 2000 3891 seorsum
2081 3829 2454 3887 aestimantem
2484 3833 2632 3905 quod
2651 3833 2789 3888 bene
2814 3834 3068 3902 sentiret,
3081 3834 3224 3890 dixit
3251 3835 3334 3890 ei:
3362 3835 3508 3908 Ergo
3528 3836 3575 3891 si
3594 3836 3679 3892 in-

395 3932 453 3983 et
462 3944 737 3997 seorsum,
751 3932 811 3985 et
829 3926 1270 3983 escendebamus
1287 3926 1347 3981 in
1368 3925 1573 3981 caelum
1594 3944 1607 3995 ;
1629 3941 1780 3981 nunc
1800 3928 1995 3981 autem
2078 3919 2234 3975 venis
2252 3937 2443 3977 senem
2474 3923 2785 3978 secundum
2803 3923 3149 3979 voluntatem
3163 3929 3321 3981 tuam
3349 3925 3430 3981 vis
3444 3940 3675 3983 manere

394 4032 822 4089 congregemur,
847 4020 905 4071 et
929 4016 989 4072 in
1009 4015 1509 4071 obtrectationibus
1555 4031 1897 4088 occupamur
1938 4019 1997 4071 et
2077 4024 2205 4064 cum
2229 4010 2331 4066 eo?
2360 4012 2430 4068 Et
2457 4012 2551 4068 ille
2569 4012 2745 4068 dixit:
2769 4012 2953 4068 Etiam
2973 4013 3204 4069 omnino
3221 4014 3328 4069 hoc
3349 4015 3491 4083 volo,
3524 4015 3572 4070 si
3590 4015 3677 4072 in-

392 4121 541 4163 unus
563 4107 807 4161 alterum
832 4105 1113 4161 trahimus
1140 4105 1201 4161 in
1235 4104 1597 4177 profundum.
2079 4115 2280 4156 venero
2308 4103 2614 4158 secundum
2628 4103 2973 4158 voluntatem
2990 4120 3193 4160 meam.
3211 4104 3363 4161 Dixit
3376 4119 3509 4177 ergo
3523 4105 3576 4160 ei
3590 4121 3677 4161 se-

390 4196 395 4199 ’
463 4193 763 4253 106.Dixit
780 4194 923 4249 alter
942 4194 1172 4266 quidam
1192 4194 1427 4250 Patrum
1454 4212 1466 4248 :
1509 4194 1569 4249 Si
1597 4193 1826 4265 quidem
1847 4193 1995 4250 inte-
2077 4206 2184 4245 nex
2208 4209 2219 4244 :
2239 4192 2365 4247 Non
2398 4197 2464 4247 ut
2492 4197 2558 4248 tu
2586 4192 2838 4265 sequaris
2861 4193 3370 4250 voluntatemsenis
3383 4193 3551 4262 illius,
3572 4193 3675 4251 sed

392 4284 693 4341 riorhomo
712 4289 906 4340 noster
932 4282 1118 4339 sobrie
1148 4283 1286 4355 agit,
1319 4287 1505 4361 potest
1543 4283 1715 4338 etiam
1745 4284 1992 4339 exterio-
2074 4285 2140 4335 ut
2166 4280 2261 4335 ille
2285 4285 2444 4337 tuam
2472 4282 2819 4338 voluntatem
2837 4288 3125 4355 sequatur,
3148 4288 3205 4339 et
3218 4284 3298 4339 ita
3314 4283 3375 4339 in
3386 4299 3453 4339 eo
3471 4299 3673 4356 repan-

394 4390 520 4430 rem
563 4374 847 4430 custodire
868 4391 883 4443 ;
904 4372 953 4429 si
982 4389 1114 4430 vero
1144 4389 1258 4429 non
1287 4377 1375 4429 est
1400 4373 1503 4443 ita,
1540 4388 1654 4446 qua
1696 4389 1995 4445 possumus
2077 4385 2187 4424 ses.
2220 4370 2409 4425 Sensit
2432 4376 2623 4427 autem
2658 4371 2836 4428 frater
2865 4372 2960 4427 ille
2999 4372 3149 4445 quod
3189 4371 3427 4441 dicebat,
3459 4378 3519 4429 et
3542 4388 3672 4429 sur-

391 4464 601 4520 virtute
633 4462 1017 4520 custodiamus
1035 4463 1309 4535 linguam.
2004 4473 2055 4535 D
2074 4475 2215 4530 gens
2244 4462 2548 4532 prostravit
2564 4479 2625 4517 se
2646 4462 2717 4518 ad
2748 4462 3159 4535 paenitentiam,
3186 4461 3408 4518 dicens:
3439 4463 3672 4535 Ignosce

460 4554 586 4612 107.
618 4553 762 4610 Item
784 4552 880 4627 qui
901 4569 1074 4627 supra
1101 4553 1271 4609 dixit:
1306 4553 1461 4625 Opus
1480 4552 1772 4626 spirituale
1801 4569 1990 4610 neces-
2072 4548 2230 4617 mihi,
2245 4549 2547 4622 quiavalde
2563 4551 2866 4623 gloriabar,
2887 4552 3171 4609 aestimans
3181 4568 3273 4608 me
3284 4552 3427 4608 bene
3452 4551 3661 4623 dicere,

392 4642 606 4701 sarium
620 4649 723 4713 est,
749 4643 881 4717 quia
901 4641 961 4700 in
979 4642 1371 4700 hocvenimus.
1396 4644 1635 4715 Magnus
1660 4644 1811 4700 enim
1831 4642 1992 4700 labor
2069 4654 2199 4694 cum
2226 4639 2369 4695 nihil
2389 4646 2643 4697 tenerem
2658 4640 2811 4698 boni.

391 4738 480 4790 est
512 4749 609 4790 ore
639 4733 827 4790 dicere
856 4732 1005 4807 quod
1034 4749 1149 4789 non
1177 4734 1243 4788 ﬁt
1269 4749 1438 4805 opere
1459 4733 1757 4805 corporali.
2147 4727 2267 4786 113.
2299 4731 2422 4786 Duo
2447 4731 2651 4787 fratres
2671 4732 2925 4787 carnales
2953 4729 3421 4788 renuntiaverunt
3439 4727 3663 4802 saeculo,

463 4818 591 4881 108.
621 4822 782 4878 Alter
821 4822 1053 4894 quidam
1084 4823 1320 4878 Patrum
1366 4823 1538 4879 dixit:
1571 4824 1716 4889 Quia
1761 4823 1991 4880 omnino
2076 4834 2318 4893 quorum
2334 4836 2501 4889 unus,
2531 4820 2627 4893 qui
2643 4826 2808 4877 aetate
2827 4822 3013 4877 minor
3031 4827 3171 4891 erat,
3185 4821 3402 4895 primus
3424 4826 3670 4894 coeperat

2076 4910 2393 4965 conversari
2409 4929 2422 4979 ;
2440 4906 2497 4965 et
2509 4928 2637 4966 cum
2659 4912 2903 4967 venisset
2913 4911 3062 4984 apud
3076 4927 3172 4967 eos
3193 4910 3420 4984 quidam
3435 4912 3666 4968 Patrum

2076 5004 2135 5055 et
2166 5000 2530 5072 applicuisset
2551 5001 2702 5074 apud
2718 5018 2830 5070 eos,
2856 5006 3167 5075 posuerunt
3183 4998 3408 5073 pelvim.
3431 4999 3500 5057 Et
3516 4998 3669 5057 venit

2076 5089 2172 5161 qui
2202 5091 2390 5147 minor
2415 5096 2539 5146 erat
2574 5097 2741 5147 aetate
2780 5096 2847 5147 ut
2873 5092 3087 5147 lavaret
3122 5092 3293 5165 pedes
3329 5091 3468 5159 seni,
3499 5105 3667 5147 senex

2069 5185 2259 5236 autem
2281 5186 2482 5237 tenens
2501 5198 2735 5237 manum
2758 5182 2878 5253 ejus
2897 5180 3133 5237 removit
3153 5196 3303 5251 eum,
3337 5186 3395 5237 et
3419 5197 3547 5237 eum
3568 5179 3664 5253 qui

386 4914 611 4983 Oportet
634 4910 925 4966 hominem
944 4910 1153 4967 habere
1173 4910 1324 4967 intra
1343 4913 1540 4968 cellam
1556 4929 1715 4986 opus,
1742 4913 1892 4985 quod
1916 4914 1993 4968 la-

384 4998 575 5070 boret;
599 4999 648 5056 si
671 5005 863 5057 autem
891 5001 951 5055 in
967 5017 1137 5073 opere
1146 5001 1248 5057 Dei
1260 5008 1581 5075 occupatur,
1604 5002 1760 5058 venit
1773 5004 1844 5058 ad
1858 5019 1989 5059 eum

384 5090 644 5148 diabolus
663 5090 755 5147 die
770 5091 921 5146 inter
941 5090 1112 5161 diem,
1130 5091 1228 5147 sed
1244 5107 1357 5147 non
1379 5092 1591 5147 invenit
1603 5092 1785 5147 locum
1806 5092 1866 5148 in
1878 5109 1988 5165 quo

383 5185 630 5237 maneat.
652 5179 712 5237 Si
731 5185 925 5236 autem
953 5196 1151 5237 rursus
1179 5181 1521 5237 dominando
1551 5181 1604 5236 ei
1628 5181 1889 5237 inimicus
1926 5181 1988 5237 in

379 5270 763 5343 captivitatem
800 5270 1086 5343 redegerit
1126 5287 1276 5339 eum,
1308 5270 1465 5327 venit
1506 5270 1715 5326 iterum
1752 5270 1985 5343 spiritus
2068 5272 2253 5343 major
2277 5276 2441 5327 astate
2474 5271 2676 5339 fuerat,
2709 5271 2840 5326 fecit
2874 5270 3110 5343 implere
3136 5288 3293 5344 Opus,
3325 5272 3474 5343 quod
3495 5268 3662 5343 primi

377 5358 482 5416 Dei
530 5360 883 5434 frequenter;
917 5360 1017 5418 sed
1062 5360 1111 5417 si
1140 5377 1242 5416 nos
1272 5360 1325 5416 ei
1370 5376 1484 5415 non
1530 5359 1767 5416 facimus
1795 5361 1983 5425 locum
2063 5358 2122 5415 in
2147 5360 2487 5416 monasterio
2516 5359 2698 5417 facere
2725 5366 3148 5417 consueverant.
3179 5361 3453 5417 Dixerunt
3471 5365 3665 5415 autem

376 5454 610 5521 propter
636 5450 915 5506 malitiam
936 5456 1208 5519 nostram,
1232 5450 1485 5506 discedit.
2071 5448 2122 5504 ei
2141 5455 2392 5506 astantes
2404 5449 2633 5507 fratres:
2660 5449 2837 5520 Abba,
2868 5450 2965 5507 ille
2992 5451 3179 5506 minor
3209 5450 3269 5506 in
3293 5449 3664 5506 conversation

446 5537 574 5596 109.
595 5539 1019 5597 Descenderunt
1038 5540 1341 5613 aliquando
1366 5540 1626 5597 monachi
1650 5540 1720 5598 de
1737 5540 1977 5616 (Egypto
2068 5556 2140 5596 ne
2171 5540 2387 5614 primus
2411 5546 2514 5598 est.
2548 5540 2857 5615 Respondit
2875 5540 2955 5597 eis
2984 5558 3188 5597 senex:
3222 5540 3290 5596 Et
3305 5540 3441 5596 tollo
3462 5540 3666 5614 prima-

371 5624 435 5684 in
464 5625 678 5703 Scythi,
710 5634 777 5688 ut
816 5630 1072 5689 viderent
1107 5630 1355 5690 seniores
1386 5631 1495 5689 loci
1542 5630 1715 5691 illius.
1749 5632 1821 5691 Et
1847 5648 1977 5691 cum
2067 5636 2192 5689 tum
2223 5632 2480 5703 minoris,
2505 5637 2564 5690 et
2588 5632 2752 5690 trado
2776 5631 2829 5689 ei
2859 5632 2955 5705 qui
2980 5636 3144 5688 aetate
3167 5629 3450 5706 praecedit.
