3934 6384
299 320 404 376 933

1579 324 1817 380 VERBA
1856 325 2245 381 SENIORUM.

3471 343 3578 401 934

376 445 496 503 114.
531 445 682 500 Dixit
713 446 942 517 quidam
970 462 1137 502 senex
1172 465 1183 499 :
1232 448 1524 521 Pr0pheta:
1553 451 1900 522 conscripse-
1915 455 1966 514 A
2055 449 2109 504 5.
2143 451 2294 507 Dixit
2321 452 2490 509 abbas
2518 455 2692 510 Allois
2716 474 2727 510 :
2756 457 2875 512 Nisi
2901 459 3102 516 dixerit
3130 461 3297 519 homo
3326 451 3392 522 in’
3409 469 3576 525 corde

298 540 437 590 runt
455 535 664 600 libros;
696 540 883 607 patres
913 541 1103 591 autem
1132 538 1318 592 nostri-
1331 545 1606 594 venerunt
1633 545 1761 610 post
1780 556 1892 606 eos,

297 630 358 679 et
373 625 592 696 operati
619 630 752 680 sunt
776 625 834 679 in
856 626 936 680 cis
957 627 1221 698 plurima,
1247 633 1303 682 et
1323 628 1530 684 iterum
1550 645 1897 683 successores

208 739 214 750 -
293 713 526 768 illorum
542 716 1075 771 commendaverunt
1091 733 1185 771 eos
1202 719 1505 773 memoriae.
1526 719 1694 773 Venit
1707 723 1896 773 autem

297 805 592 874 generatio
612 805 730 860 hinc
751 822 873 877 qua:
899 822 1048 861 nunc
1074 811 1177 874 est,
1207 812 1264 862 et
1279 807 1500 880 scripsit
1521 823 1588 862 ea
1606 808 1665 862 in
1687 809 1896 864 chartis

295 898 471 965 atque
499 893 862 962 membranis,
889 901 946 950 et
975 896 1228 968 reposuit
1247 896 1306 951 in
1334 897 1591 952 fenestris
1619 898 1815 953 otiosa.

373 999 496 1058 115.
527 1001 759 1057 Dicebat
787 1019 956 1057 senex
989 1020 1001 1056 :
1042 1004 1187 1068 Quia
1213 1005 1508 1072 cucullum,
1547 1022 1656 1076 quo
1683 1005 1899 1060 utimur

293 1089 524 1160 signum
548 1097 634 1146 est
653 1091 985 1147 innocentia)
1005 1112 1018 1161 ;
1038 1095 1496 1166 superhumerale
1509 1111 1619 1166 quo
1636 1095 1899 1151 humeros

293 1184 355 1234 et
383 1180 655 1234 cervicem
683 1181 1000 1252 alligamus,
1025 1183 1255 1253 signum
1274 1189 1359 1238 est
1378 1183 1588 1252 crucis;
1616 1200 1753 1238 zona
1767 1201 1898 1238 vero

293 1284 412 1340 qua
430 1269 724 1340 cingimur,
739 1271 962 1342 signum
995 1278 1080 1326 est
1109 1272 1471 1327 fortitudinis.
1493 1275 1899 1328 Conversemur

293 1375 432 1429 ergo
456 1361 620 1430 juxta
661 1360 719 1415 id
748 1361 896 1432 quod
939 1361 1166 1416 habitus
1215 1366 1406 1417 noster
1435 1363 1730 1432 signiﬁcat,
1767 1364 1906 1435 quia

263 1462 276 1466 ·
293 1447 488 1504 omnia
505 1465 633 1505 cum
651 1448 930 1505 desiderio
943 1449 1230 1520 facientes,
1250 1467 1540 1523 nunquam
1551 1452 1893 1509 deﬁciemus.

678 1576 1023 1633 LIBELLUS
1065 1578 1166 1634 UN
1170 1578 1503 1634 DECIMUS.

582 1703 656 1756 De
683 1719 740 1757 eo
771 1704 916 1772 quod
941 1709 1182 1774 oporteat
1209 1707 1386 1760 sobrie
1414 1708 1611 1759 virere.

363 1826 393 1882 1
408 1868 420 1882 .
440 1827 637 1882 Frater
655 1828 1020 1901 interrogavit
1038 1829 1298 1886 abbatem
1320 1831 1638 1898 Arsenium,
1653 1833 1719 1885 ut
1737 1829 1893 1885 audi—
1911 1829 1960 1892 B

287 1920 384 1970 ret
412 1915 482 1970 ab
509 1934 574 1972 eo
596 1919 1098 1974 sermonem.Dixit
1119 1925 1309 1976 autem
1340 1921 1391 1975 ei
1417 1937 1586 1975 senex
1613 1938 1623 1972 :
1651 1920 1896 1984 Quanta-

290 2020 518 2078 cunque
539 2005 642 2061 tibi
663 2007 838 2063 virtus
861 2013 966 2076 est,
998 2026 1199 2065 conare
1216 2016 1280 2065 ut
1308 2009 1546 2065 interius
1563 2027 1702 2082 opus
1730 2015 1894 2064 tuum

287 2095 605 2150 secundum
634 2096 808 2152 Deum
854 2098 944 2164 sit,
980 2105 1037 2154 et
1078 2100 1265 2154 vincat
1310 2099 1600 2154 exterioris
1649 2099 1892 2153 hominis

287 2185 604 2256 passiones.
634 2186 786 2240 Dixit
821 2187 1028 2243 iterum
1056 2206 1068 2240 :
1099 2189 1158 2244 Si
1177 2189 1481 2260 quaerimus
1502 2189 1700 2254 Deum,
1724 2205 1893 2260 appa-

287 2273 441 2329 rebit
466 2274 656 2344 nobis;
691 2281 747 2330 et
772 2276 820 2331 si
848 2281 1105 2333 tenemus
1135 2295 1284 2347 eum,
1311 2277 1561 2333 manebit
1589 2279 1739 2349 apud
1768 2295 1889 2333 nos.

364 2381 419 2437 2.
435 2382 584 2438 Dixit
602 2383 774 2438 abbas
793 2386 1054 2456 Agathon
1074 2405 1085 2440 :
1110 2387 1237 2442 Non
1257 2386 1423 2441 debet
1443 2386 1751 2441 monachus
1771 2403 1894 2458 per-

287 2471 520 2527 mittere
531 2473 882 2530 conscientiae
894 2492 1011 2530 sum
1023 2481 1089 2530 ut
1103 2481 1325 2532 accuset
1339 2493 1468 2531 eum
1483 2476 1543 2530 in
1561 2492 1892 2547 quacunque

288 2578 354 2616 re
380 2564 563 2630 (Ra/7.,
581 2566 618 2619 ι.
650 2578 735 2630 III,
761 2581 920 2620 num.
946 2564 1089 2638 161).
1119 2567 1354 2630 Quando
1373 2571 1565 2621 autem
1586 2565 1891 2620 moriturus

289 2657 419 2706 erat
446 2660 789 2709 memoratus
814 2654 985 2709 abbas
1005 2656 1245 2726 Agatho,
1269 2660 1385 2710 tres
1415 2655 1532 2710 dies
1555 2655 1765 2710 mansit
1790 2654 1893 2709 im-

289 2740 540 2808 mobilis,
569 2749 794 2814 apertos
825 2745 1014 2800 oculos
1041 2751 1260 2800 tenens.
1293 2745 1664 2800 Pulsaverunt
1698 2749 1889 2799 autem

290 2846 427 2885 eum
455 2830 672 2900 fratres,
700 2833 948 2889 dicentes
973 2853 984 2888 :
1011 2834 1188 2902 Abba,
1217 2834 1312 2889 ubi
1341 2852 1401 2889 es
1421 2835 1445 2888 7
1462 2835 1532 2890 Et
1551 2835 1644 2889 ille
1664 2850 1891 2905 respon-

289 2919 409 2973 dit:
435 2920 502 2975 In
521 2928 819 2994 conspectu
840 2923 1010 2978 divini
1021 2923 1220 2995 judicii
1239 2924 1457 2979 assisto.
1480 2924 1688 2979 Dicunt
1709 2923 1762 2978 ei
1787 2941 1800 2976 :
1824 2923 1894 2977 Et

289 3014 360 3063 tu
379 3009 591 3064 times?
611 3011 680 3065 Et
698 3011 792 3066 ille
811 3012 952 3066 dixit
975 3032 987 3066 :
1021 3014 1255 3068 Interim
1285 3013 1532 3068 laboravi
1552 3013 1760 3067 virtute
1783 3029 1895 3084 qua

294 3099 478 3169 potui,
500 3100 559 3154 in
579 3101 958 3156 custodiendis
975 3103 1255 3157 mandatis
1283 3104 1386 3157 Dei
1405 3122 1418 3170 ;
1443 3103 1541 3157 sed
1559 3103 1728 3157 homo
1743 3119 1889 3170 sum,

293 3192 356 3241 et
383 3189 570 3243 nescio
599 3195 791 3245 utrum
815 3191 1130 3262 placuerint
1158 3209 1328 3264 opera
1368 3209 1496 3247 mea
1541 3209 1730 3246 coram
1753 3193 1889 3247 Deo.

289 3277 506 3334 Dicunt
529 3277 582 3332 ei
606 3279 808 3335 fratres
835 3299 845 3334 :
871 3282 942 3336 Et
969 3298 1084 3336 non
1109 3282 1342 3336 confidis
1371 3282 1440 3336 de
1467 3281 1729 3353 operibus
1759 3282 1890 3349 tuis,

291 3367 433 3438 quia
455 3369 761 3424 secundum
775 3370 954 3425 Deum
973 3370 1120 3426 sint?
1144 3371 1214 3426 Et
1233 3371 1374 3425 dixit
1392 3387 1558 3425 senex
1580 3390 1591 3424 :
1612 3372 1739 3426 Non
1759 3387 1896 3442 prae-

293 3473 480 3523 sumo,
501 3457 608 3513 nisi
628 3475 834 3514 venero
845 3465 976 3515 ante
995 3461 1206 3525 Deum;
1232 3460 1396 3515 aliter
1417 3461 1567 3516 enim
1593 3465 1727 3515 sunt
1749 3460 1899 3531 judi-

294 3546 388 3601 cia
413 3547 533 3614 Dei,
565 3548 730 3602 aliter
757 3549 1068 3604 hominum.
1103 3550 1246 3606 Cum
1292 3557 1484 3606 autem
1529 3551 1737 3605 vellent
1769 3566 1898 3604 eum

294 3635 840 3708 adhucinterrogare
859 3639 1033 3694 alium
1049 3656 1386 3706 sermonem,
1402 3639 1538 3695 dicit
1557 3639 1665 3694 eis:
1696 3639 1898 3694 Osten-

295 3725 418 3780 dite
446 3726 797 3795 charitatem,
831 3734 889 3784 et
915 3729 1089 3784 nolite
1117 3746 1337 3784 mecum
1365 3729 1538 3800 loqui,
1573 3729 1705 3801 quia
1732 3745 1896 3784 occu-

293 3821 465 3888 patus
494 3834 636 3871 sum.
671 3818 791 3883 Quo
821 3818 991 3885 dicto,
1025 3819 1218 3874 statim
1248 3819 1434 3874 emisit
1474 3819 1736 3890 spiritum
1766 3834 1896 3873 cum

291 3905 525 3976 gaudio.
560 3907 839 3964 Videbant
867 3909 1020 3964 enim
1049 3926 1179 3965 eum
1209 3910 1566 3981 colligentem
1608 3909 1890 3981 spiritum,

296 3996 775 4066 quemadmodum
803 3998 850 4052 si
879 3999 1003 4070 quis
1024 3999 1234 4054 salutat
1252 3999 1462 4054 amicos
1482 4016 1613 4054 suos
1641 3999 1892 4054 dilectos.

296 4083 512 4139 Habuit
525 4090 716 4141 autem
739 4089 1053 4144 custodiam
1081 4106 1346 4162 magnam
1370 4090 1429 4144 in
1445 4089 1723 4157 omnibus,
1739 4097 1795 4145 et
1814 4089 1896 4147 di-

297 4173 489 4229 cebat:
508 4174 653 4239 Quia
674 4176 795 4232 sine
826 4179 1082 4236 custodia
1095 4179 1167 4234 ad
1187 4180 1400 4235 nullam
1423 4179 1688 4235 virtutem
1709 4197 1898 4236 ascen-

301 4263 391 4319 dit
418 4264 613 4325 homo.

374 4369 427 4429 3.
451 4373 725 4430 Dicebant
742 4375 812 4430 de
829 4374 1030 4432 abbate
1052 4377 1341 4450 Ammoys,
1368 4377 1500 4450 quia
1529 4379 1753 4451 quando
1781 4377 1901 4434 ibat

1980 555 2100 607 suo,
2133 541 2248 611 Ego
2279 543 2430 597 solus
2459 549 2516 598 et
2545 546 2693 600 Deus
2750 563 2944 603 sumus
2987 549 3046 604 in
3087 551 3193 607 hoc
3220 556 3451 626 mundo,
3483 575 3575 613 re-

1980 629 2169 699 quiem
2205 647 2318 686 non
2348 632 2576 688 habebit
2594 635 2859 706 (Append.
2892 639 3108 708 Malm,
3142 659 3198 696 η.
3223 641 3336 715 71).

2049 716 2103 775 6.
2135 720 2285 774 Dixit
2312 721 2521 776 iterum
2556 742 2566 776 :
2603 724 2747 788 Quia
2773 725 2820 779 si
2857 728 2978 782 vult
3018 729 3206 799 homo,
3240 733 3300 788 in
3341 749 3454 791 una
3483 736 3574 793 die

1978 823 2155 880 usque
2183 809 2254 863 ad
2286 827 2575 883 vesperam
2605 815 2859 886 pervenit
2905 817 2976 872 ad
3012 835 3337 879 mensuram
3367 825 3570 882 divini-

1978 898 2133 952 tatis.

2050 986 2102 1040 7.
2132 986 2318 1044 Abbas
2348 989 2616 1046 Besarion
2658 993 2905 1050 moriens
2953 996 3171 1055 dicebat
3204 1019 3216 1054 :
3249 1001 3428 1058 Debet
3455 1019 3572 1060 mo-

1981 1075 2191 1131 nachus
2221 1082 2374 1133 totus
2403 1081 2596 1136 oculus
2636 1099 2775 1151 esse,
2810 1084 2954 1142 sicut
2982 1088 3285 1146 Cherubim
3315 1097 3371 1148 et
3400 1093 3567 1148 Sera-

1979 1165 2153 1236 phim.

2048 1255 2103 1310 8.
2135 1258 2251 1312 Iter
2277 1259 2520 1330 agebant
2547 1261 2847 1334 aliquando
2882 1266 3048 1322 simul
3087 1267 3258 1325 abbas
3287 1271 3486 1327 Daniel
3517 1278 3574 1328 et

1980 1343 2151 1400 abbas
2167 1348 2460 1422 Ammoys;
2489 1351 2631 1406 dixit
2659 1359 2852 1409 autem
2875 1355 3046 1411 abbas
3068 1359 3370 1432 Ammoys;
3400 1362 3574 1417 Putas

1979 1435 2282 1506 aliquando
2311 1443 2368 1492 et
2389 1456 2490 1494 nos
2518 1441 2838 1498 sedebimus
2860 1444 2918 1499 in
2943 1446 3101 1514 cella,
3133 1448 3338 1503 Pater?
3355 1449 3506 1505 Dixit
3524 1451 3575 1506 ei

1979 1523 2149 1580 abbas
2179 1526 2404 1582 Daniel:
2425 1529 2562 1594 Quis
2587 1530 2736 1585 enim
2765 1532 2948 1588 aufert
2965 1551 2999 1588 a
3017 1535 3179 1591 nobis
3206 1538 3422 1593 Deum?
3438 1555 3572 1595 nam

1978 1618 2035 1668 et
2059 1614 2194 1670 foris
2214 1617 2363 1672 Deus
2386 1624 2472 1673 est
2497 1620 2686 1690 modo,
2717 1626 2774 1676 et
2803 1621 3011 1678 iterum
3041 1624 3100 1679 in
3124 1626 3266 1681 cella
3284 1627 3434 1683 Deus
3466 1635 3570 1684 est.

2047 1704 2099 1759 9.
2131 1705 2282 1760 Dixit
2309 1706 2481 1762 abbas
2520 1709 2788 1780 Evagrius
2835 1729 2847 1766 :
2889 1713 3156 1784 Magnum
3197 1721 3283 1770 est
3301 1717 3572 1788 iquidem,

1976 1792 2097 1848 sine
2125 1794 2526 1867 impedimento
2555 1815 2717 1854 orare
2745 1819 2763 1866 ;
2812 1802 2996 1872 majus
3027 1809 3130 1872 est,
3165 1805 3403 1876 psallere
3450 1807 3573 1862 sine

1974 1885 2397 1956 impedimento.

2048 1970 2132 2030 10.
2156 1975 2312 2031 Idem
2340 1976 2480 2045 dixit
2513 1995 2524 2031 :
2564 1979 2776 2034 Memor
2804 1983 2924 2036 esto
2949 1998 3171 2054 semper
3199 1982 3378 2040 exitus
3405 1985 3576 2054 tui,et

1974 2079 2088 2118 non
2120 2063 2463 2122 obliviscaris
2489 2068 2683 2123 aeterni
2705 2069 2926 2139 judicii,
2948 2077 3006 2126 et
3025 2088 3139 2127 non
3167 2072 3274 2128 erit
3302 2072 3570 2131 delictum

1973 2153 2032 2207 in
2062 2154 2252 2208 anima
2279 2159 2396 2210 tua.

2048 2242 2132 2299 11.
2165 2243 2315 2299 Dixit
2342 2245 2513 2300 abbas
2539 2247 2864 2303 Theodorus
2893 2249 2962 2304 de
2994 2250 3211 2306 Ennato
3239 2250 3344 2324 (37)
3374 2271 3387 2308 :
3423 2253 3571 2319 Quia

1976 2331 2023 2385 si
2065 2332 2225 2388 nobis
2267 2334 2512 2406 imputat
2547 2337 2697 2391 Deus
2735 2338 3106 2408 negligentias
3143 2342 3416 2413 temporis
3454 2359 3568 2414 quo

1975 2437 2220 2489 oramus,
2235 2427 2291 2477 et
2309 2425 2657 2496 captivitates
2677 2442 2818 2498 quas
2838 2427 3087 2499 patimur
3106 2429 3241 2484 dum
3254 2431 3566 2502 psallimus,

1973 2526 2085 2565 non
2115 2529 2411 2584 possumus
2440 2515 2577 2568 salvi
2605 2515 2747 2569 fieri.

2044 2599 2132 2657 12.
2164 2601 2315 2656 Dixit
2340 2602 2511 2658 abbas
2540 2604 2798 2659 Theonas
2832 2623 2844 2659 :
2881 2606 3027 2670 Quia
3071 2607 3379 2681 impeditur
3407 2625 3569 2666 mens

1971 2696 2166 2745 nostra
2194 2696 2251 2745 et
2270 2698 2563 2748 revocatur
2589 2711 2624 2749 a
2651 2695 3124 2767 contemplatione
3138 2698 3241 2753 Dei
3270 2704 3570 2772 propterea

1973 2780 2176 2852 captivi
2195 2781 2454 2837 ducimur
2473 2783 2532 2836 in
2561 2784 2879 2840 carnalibus
2907 2786 3280 2857 passionibus.

2047 2870 2132 2925 l3.
2164 2872 2456 2926 Venerunt
2483 2873 2786 2945 aliquando
2815 2875 3045 2947 quidam
3070 2877 3311 2932 fratrum
3349 2883 3569 2936 tentare

1973 2962 2249 3016 Joannem
2304 2963 2556 3029 Brevem,
2605 2964 2738 3035 quia
2789 2980 2903 3019 non
2957 2965 3278 3022 dimittebat
3323 2974 3572 3025 mentem

1975 3065 2136 3104 suam
2164 3051 2471 3106 dilfundiin
2490 3051 2923 3122 cogitationibus
2943 3055 3150 3122 saeculi,
3166 3071 3347 3128 neque
3377 3058 3570 3129 loque-

1909 3116 1952 3176 (ἶ
1973 3138 2141 3194 batur
2168 3156 2396 3194 causam
2443 3116 2613 3211 hujus
2650 3141 2865 3208 mundi,
2899 3148 2956 3196 et
2983 3116 3178 3197 dicunt
3205 3116 3301 3200 ei‘:
3346 3116 3570 3202 Gratias

1976 3228 2196 3298 agimus
2215 3229 2350 3296 Deo,
2377 3229 2510 3300 quia
2531 3231 2772 3286 multum
2791 3231 2937 3302 pluit
2961 3232 3069 3287 isto
3098 3248 3266 3302 anno,
3298 3239 3355 3288 et
3375 3234 3571 3306 rigata:

1977 3323 2362 3388 competenter
2379 3318 2609 3374 arbores
2623 3320 2944 3391 palmarum
2970 3320 3112 3375 bene
3140 3322 3420 3394 incipiunt
3447 3340 3574 3396 pro-

1979 3407 2181 3461 ducere
2208 3424 2414 3475 ramos,
2450 3414 2508 3463 et
2548 3409 2836 3464 invenient
2862 3410 3012 3465 unde
3059 3409 3317 3467 laborent
3344 3412 3571 3483 fratres,

1981 3497 2077 3567 qui
2110 3497 2294 3551 solent
2320 3497 2379 3552 in
2407 3514 2678 3553 manuum
2730 3515 2962 3554 suarum
2994 3499 3257 3572 operibus
3287 3503 3568 3575 occupari.

1981 3586 2128 3640 Dicit
2155 3603 2287 3657 ergo
2309 3587 2388 3641 eis
2414 3586 2586 3642 abbas
2613 3589 2887 3643 Joannes:
2924 3589 3015 3644 Sic
3041 3595 3126 3644 est
3145 3591 3370 3661 quando
3401 3591 3574 3664 Spiri-

1979 3679 2072 3730 tus
2101 3683 2326 3731 sanctus
2353 3676 2713 3732 descenditin
2729 3677 2898 3732 corda
2912 3683 3233 3734 sanctorum
3259 3699 3270 3734 :
3292 3680 3574 3736 virescunt

1978 3765 2389 3836 quodammodo
2419 3772 2478 3821 et
2504 3766 2859 3835 innovantur,
2909 3772 2964 3822 et
3005 3767 3298 3838 proferunt
3343 3769 3478 3824 folia
3514 3769 3574 3826 in

1977 3853 2179 3908 timore
2207 3855 2328 3909 Dei.
2906 3847 2914 3856 ’

2060 3943 2147 3997 14.
2169 3943 2400 3999 Dicebat
2428 3945 2636 3999 iterum
2669 3945 2738 4000 de
2768 3943 2970 4001 abbate
2995 3946 3230 4015 Joanne,
3264 3947 3397 4019 quia
3423 3946 3572 4003 fece-

1975 4031 2054 4086 rit
2080 4032 2378 4104 aliquando
2404 4034 2614 4105 plectas
2643 4035 2714 4089 ad
2744 4035 2884 4090 duas
2909 4041 3146 4106 sportas,
3162 4041 3222 4091 et
3250 4035 3576 4108 expenderit

1978 4137 2072 4176 eas
2100 4122 2159 4177 in
2186 4138 2302 4177 una
2328 4128 2537 4195 sporta,
2571 4129 2629 4178 et
2658 4140 2771 4178 non
2807 4124 3084 4180 intellexit
3108 4125 3286 4181 donec
3307 4127 3576 4197 jungeret

1980 4213 2204 4284 parieti.
2237 4213 2373 4268 Erat
2395 4213 2547 4268 enim
2579 4229 2740 4268 mens
2774 4214 2898 4285 ejus
2936 4220 3206 4288 occupata
3231 4215 3290 4271 in
3321 4220 3573 4272 contem-

1979 4303 2228 4374 platione
2254 4303 2377 4358 Dei.

2054 4393 2140 4447 15.
2175 4393 2356 4448 Senex
2383 4393 2613 4465 quidam
2641 4397 2764 4449 erat
2781 4393 2842 4449 in
2871 4393 3083 4467 Scythi,
3106 4394 3320 4451 habens
3350 4394 3577 4468 quidem

298 4462 375 4517 ad
391 4462 821 4556 ecclesiammon
833 4466 1198 4556 permittebat
1211 4467 1548 4540 discipulum
1563 4486 1728 4524 suum
1739 4470 1901 4539 juxta
1914 4481 1964 4541 Β
1983 4481 2344 4537 tolerantiam
2371 4462 2737 4554 corporalem,
2770 4483 2869 4536 sed
2896 4462 3011 4538 non
3037 4485 3198 4539 valde
3218 4462 3578 4556 scrupulosus

296 4568 362 4607 se
391 4553 700 4621 ambulare,
732 4555 830 4610 sed
855 4555 924 4610 de
950 4557 1116 4627 longe
1144 4557 1333 4629 sequi;
1366 4559 1465 4613 sed
1494 4564 1553 4612 et
1574 4559 1620 4613 si
1634 4559 1897 4630 approxi-

296 4647 515 4697 masset
542 4659 602 4698 se
629 4643 702 4698 ad
729 4660 877 4713 eum,
909 4650 975 4700 ut
996 4646 1372 4718 interrogaret
1399 4664 1528 4703 eum
1555 4648 1625 4702 de
1643 4661 1898 4719 quacun-

298 4747 416 4804 que
450 4748 530 4800 re,
582 4749 710 4789 mox
744 4734 966 4790 dicebat
992 4736 1064 4806 ei,
1106 4742 1164 4791 et
1203 4737 1395 4792 statim
1432 4736 1739 4809 repellebat
1767 4754 1898 4792 eum

295 4825 474 4887 retro,
502 4821 693 4878 dicens
724 4842 736 4878 :
769 4825 854 4880 Ne
892 4824 1038 4880 forte
1075 4843 1204 4880 cum
1243 4827 1528 4898 loquimur
1579 4826 1790 4898 aliquid
1829 4827 1898 4881 de

295 4910 545 4967 utilitate
573 4913 790 4981 animae,
812 4914 1065 4970 incurrat
1089 4916 1262 4970 etiam
1281 4933 1466 4972 sermo
1484 4916 1579 4988 qui
1594 4933 1708 4971 non
1727 4916 1896 4988 perti-

295 5005 400 5056 net
429 5001 502 5057 ad
529 5017 671 5073 rem,
693 5009 993 5075 propterea
1011 5020 1124 5059 non
1143 5009 1200 5059 te
1224 5005 1489 5078 permitto
1513 5005 1720 5060 morari
1735 5007 1898 5076 juxta

294 5107 412 5145 me.

367 5199 424 5253 4.
440 5199 671 5257 Dicebat
683 5200 856 5258 abbas
866 5204 1140 5276 Ammoys
1161 5202 1348 5259 abbati
1365 5204 1603 5260 Arsenio
1624 5204 1684 5259 in
1707 5202 1893 5260 initio:

292 5288 591 5353 Quomodo
619 5308 711 5347 me
739 5293 893 5348 vides
913 5295 1078 5350 modo
1093 5294 1204 5348 ?Et
1227 5294 1320 5348 ille
1340 5294 1509 5348 dixit:
1538 5294 1695 5349 Sicut
1721 5311 1894 5365 ange-

291 5378 436 5445 lum,
473 5378 659 5436 Pater.
695 5383 765 5437 Et
788 5389 984 5449 609
1001 5385 1208 5439 iterum
1234 5383 1374 5438 dixit
1403 5384 1453 5438 ei
1474 5390 1702 5455 postea:
1735 5385 1897 5439 Nunc

295 5468 581 5540 quomodo
600 5487 690 5526 me
713 5471 901 5528 vides?
921 5473 991 5529 Et
1007 5474 1102 5529 ille
1115 5474 1281 5530 dixit:
1299 5474 1590 5539 Quomodo
1604 5474 1890 5541 Satanam,

294 5557 510 5614 etenim
537 5560 626 5616 vel
650 5562 699 5618 si
725 5561 937 5621 bonum
964 5580 1284 5622 sermonem
1313 5563 1580 5635 loquaris,
1612 5563 1766 5621 velut
1780 5563 1898 5634 gla-

291 5649 430 5707 dius
455 5650 599 5708 mihi
625 5656 731 5709 est.

1980 4576 2103 4626 erat
2133 4571 2194 4626 in
2222 4571 2532 4626 retinendis
2559 4589 2682 4643 quae
2712 4571 2989 4626 audierat.
3018 4571 3175 4628 Abiit
3202 4589 3336 4643 ergo
3366 4573 3473 4628 iste
3504 4573 3576 4629 ad

1979 4659 2240 4715 abbatem
2263 4661 2538 4715 Joannem
2567 4661 2818 4727 Brevem,
2850 4665 2916 4714 ut
2943 4660 3317 4733 interrogaret
3345 4677 3476 4717 eum
3505 4663 3576 4718 de

1981 4749 2293 4818 oblivione;
2342 4755 2400 4804 et
2427 4749 2661 4804 audiens
2700 4748 2770 4803 ab
2821 4765 2888 4804 eo
2941 4766 3279 4820 sermonem,
3311 4751 3482 4808 rediit
3513 4752 3576 4809 in

1981 4839 2181 4894 cellam
2209 4855 2390 4906 suam,
2419 4844 2476 4894 et
2503 4838 2710 4894 oblitus
2739 4843 2825 4893 est
2860 4840 3009 4911 quod
3037 4839 3180 4895 dixit
3207 4841 3379 4897 abbas
3403 4844 3576 4900 Joan-

1978 4946 2097 4985 nes.
2113 4929 2327 4986 Iterum
2342 4928 2482 4983 abiit
2501 4933 2559 4982 et
2577 4927 2945 5000 interrogavit
2962 4946 3111 4999 eum;
3128 4931 3362 4988 audiens
3386 4937 3575 4989 autem

1982 5020 2052 5075 ab
2081 5037 2164 5085 eo,
2199 5019 2459 5073 similiter
2478 5035 2734 5074 reversus
2763 5024 2884 5076 est:
2916 5036 3044 5074 mox
3065 5027 3256 5077 autem
3285 5028 3349 5077 ut
3377 5039 3574 5094 perve-

1982 5110 2069 5165 nit
2091 5110 2162 5164 ad
2189 5109 2386 5164 cellam
2416 5125 2594 5176 suam,
2629 5107 2835 5164 oblitus
2848 5114 2935 5164 est
2962 5110 3111 5181 quod
3139 5111 3369 5178 audivit,
3402 5117 3574 5183 atque

1981 5200 2064 5255 ita
2091 5199 2375 5256 multoties
2404 5198 2613 5254 vadens
2645 5203 2815 5270 atque
2843 5204 3145 5267 revertens,
3178 5199 3577 5258 dominabatur

1979 5291 2031 5345 ei
2061 5290 2281 5345 oblivio.
2316 5289 2452 5343 Post
2499 5289 2619 5343 haec
2666 5305 2796 5344 vero
2849 5305 3044 5343 rursus
3074 5304 3372 5345 occurrens
3426 5290 3570 5358 seni,

1979 5381 2120 5434 dixit
2155 5399 2168 5434 :
2201 5379 2381 5445 Nosti,
2415 5377 2574 5446 abba,
2610 5379 2744 5450 quia
2785 5378 2990 5432 oblitus
3027 5394 3151 5432 sum
3197 5394 3392 5434 rursus
3423 5378 3572 5452 quod

1979 5469 2166 5526 dixisti
2195 5467 2372 5524 mihi?
2395 5469 2494 5523 sed
2527 5485 2599 5522 ne
2617 5466 2722 5522 tibi
2756 5467 3023 5521 molestus
3068 5483 3268 5535 essem,
3300 5467 3427 5523 ideo
3458 5485 3574 5525 non

1974 5559 2122 5615 veni.
2151 5558 2304 5614 Dixit
2332 5558 2382 5612 ei
2411 5556 2583 5612 abbas
2617 5557 2824 5611 Jonnes
2855 5575 2867 5611 :
2911 5554 3084 5624 Vade,
3121 5555 3359 5612 incende
3388 5558 3574 5614 lucer-

1975 5665 2132 5704 nam.
2162 5647 2233 5703 Et
2257 5645 2523 5705 incendit.
2553 5645 2626 5701 Et
2650 5644 2790 5700 dixit
2819 5642 2870 5700 ei
2905 5663 2917 5702 :
2949 5643 3102 5704 Alter
3123 5644 3265 5703 alias
3296 5646 3578 5722 lucernas,
