3934 6390
461 301 568 364 935

1599 299 1693 355 DE
1731 296 1922 354 VITIS
1958 295 2256 356 PATRUM
2293 298 2508 355 LIBER
2545 299 2610 353 Χῖ.

3635 298 3740 359 936

459 437 520 488 et
545 431 783 489 incende
809 445 877 488 ex
900 446 984 486 ea.
1018 428 1090 485 Et
1118 426 1248 484 fecit
1285 427 1384 484 sic.
1407 429 1479 484 Et
1505 427 1646 483 dixit
1690 426 1862 482 abbas
1892 427 2396 489 Joan-Areversus
2423 432 2508 482 est
2535 427 2608 482 ad
2636 442 2857 495 senem;
2882 441 3050 484 senex
3073 429 3260 481 autem
3282 425 3424 482 dixit
3437 427 3532 483 ei:
3564 427 3738 484 Acce-

458 536 560 577 nes
605 522 725 576 seni
757 539 770 576 :
797 521 883 577 Ne
925 518 1139 592 aliquid
1163 519 1298 574 laesa
1326 523 1412 574 est
1439 519 1690 585 lucerna,
1722 517 1858 590 quia
1886 534 1952 572 ex
1991 533 2058 572 ea

458 609 598 666 alias
633 609 932 665 incendisti
951 610 979 664 Ἰ
1019 610 1092 664 Et
1121 607 1263 664 dixit
1295 627 1308 663 :
1337 609 1483 665 Non.
1537 610 1625 664 Ita
1646 597 1770 663 \nec
1812 609 2056 662 Joannes

446 697 698 767 laeditur,
729 699 778 754 si
801 703 923 754 tota
964 698 1192 772 Scythia
1217 698 1408 754 veniat
1444 699 1515 752 ad
1543 715 1653 766 me,
1685 713 1788 752 nec
1820 695 2058 768 impedit

456 804 550 844 me
577 805 612 844 a
657 788 935 845 charitate
961 788 1100 856 Dei;
1139 788 1362 861 quando
1399 787 1576 858 igitur
1613 787 1715 854 vis,
1750 785 1873 840 veni
1914 784 2058 840 nihil

453 877 739 933 haesitans.
755 879 827 933 Et
844 878 926 933 ita
945 895 1046 951 per
1062 877 1393 951 patientiam
1412 882 1804 947 utrorumque,
1825 873 2060 930 abstulit

456 967 608 1023 Deus
643 966 979 1024 oblivionem
1025 984 1060 1023 a
1099 983 1264 1035 sene;
1313 967 1420 1022 hoc
1464 966 1617 1022 enim
1644 970 1769 1021 erat
1781 981 1922 1037 opus
1963 963 2062 1019 ha-

457 1055 760 1112 bitantium
790 1057 851 1112 in
871 1056 1155 1130 Scythi,ut
1173 1056 1496 1112 animarent
1518 1073 1615 1111 eos
1634 1055 1734 1126 qui
1759 1055 2064 1126 impugna-

455 1145 664 1202 bantur
687 1163 723 1201 a
751 1163 1084 1220 quacunque
1110 1147 1394 1220 passione,
1430 1150 1488 1201 et
1519 1143 1928 1216 extorquebant
1955 1143 2066 1198 sibi

456 1234 728 1304 laborem,
758 1236 912 1292 unde
939 1237 1182 1292 invicem
1201 1237 1557 1292 lucrarentur
1579 1233 1746 1290 bono.

535 1323 622 1382 16.
649 1325 1023 1398 Interrogavit
1043 1325 1220 1381 frater
1237 1324 1502 1380 abbatem
1515 1324 1810 1390 Joannem,
1829 1323 2018 1378 dicens
2049 1339 2062 1378 :

460 1412 609 1479 Quid
635 1412 798 1483 facio,
831 1416 962 1486 quia
986 1415 1314 1488 frequenter
1340 1414 1495 1469 venit
1517 1413 1748 1485 quidam
1775 1413 1970 1478 frater,
1999 1416 2066 1466 ut

458 1501 624 1558 tollat
651 1519 741 1558 me
767 1520 956 1560 secum
985 1505 1057 1560 ad
1086 1521 1227 1576 opus
1249 1503 1396 1576 quod
1424 1501 1661 1569 laborat,
1680 1507 1738 1556 et
1761 1517 1864 1572 ego
1889 1500 2064 1556 miser

460 1609 587 1648 sum
605 1590 884 1662 infirmus,
905 1597 962 1648 et
978 1593 1178 1648 deficio
1193 1593 1253 1647 in
1268 1593 1369 1648 tali
1389 1607 1454 1648 re
1471 1610 1484 1661 ;
1509 1591 1646 1664 quid
1667 1607 1802 1663 ergo
1819 1591 1889 1646 de
1909 1606 2067 1646 man-

461 1679 592 1738 dato
621 1682 724 1738 Dei
751 1683 954 1738 faeiam
966 1681 1362 1755 ?Respondens
1380 1698 1548 1738 senex
1569 1681 1711 1736 dixit
1731 1681 1784 1735 ei
1809 1700 1823 1735 :
1852 1681 2066 1753 Caleph

2139 517 2332 572 lerasti
2361 517 2568 584 venire,
2601 516 2794 572 frater.
2828 516 2898 571 Et
2935 516 3031 571 ille
3073 515 3322 570 narravit
3357 517 3410 571 ei
3448 517 3584 589 quia
3609 533 3740 572 cum

2139 607 2502 662 tetendissem
2525 623 2759 664 manum
2778 611 2971 661 tenere
2999 607 3232 673 clavem,
3265 605 3591 662 recordatus
3610 622 3738 662 sum

2139 697 2414 752 sermonis
2459 713 2624 768 quem
2672 695 3010 768 quaerebam,
3055 701 3112 750 et
3140 711 3254 750 non
3295 695 3492 767 aperui
3517 696 3737 764 cellam,

2138 787 2237 842 sed
2256 804 2386 842 mox
2415 787 2486 841 ad
2515 793 2572 842 te
2602 802 2728 842 sum
2757 802 3034 840 reversus.
3061 785 3198 840 Erat
3221 789 3415 840 autem
3441 785 3737 857 longitudo

2142 877 2241 932 viae
2281 877 2464 932 multa
2507 875 2695 931 nimis.
2744 875 2977 931 Dicebat
3015 880 3207 930 autem
3254 874 3308 930 ei
3353 890 3563 930 senex:
3595 874 3740 930 Vere

2139 981 2378 1037 gregum
2404 965 2634 1033 Pastor;
2657 961 3044 1020 nominabitur
3071 961 3224 1018 enim
3250 978 3459 1018 nomen
3487 967 3650 1018 tuum
3677 961 3739 1018 in

2141 1059 2262 1110 tota
2286 1059 2438 1110 terra
2463 1053 2710 1126 Egypti.

2212 1143 2302 1201 20.
2345 1143 2514 1198 Venit
2541 1143 2718 1198 abbas
2745 1143 2989 1198 Ammon
3017 1142 3089 1198 ad
3138 1140 3398 1198 abbatem
3423 1142 3734 1210 Pastorem,

2142 1239 2199 1289 et
2229 1233 2366 1289 dicit
2395 1233 2448 1289 ei
2491 1251 2504 1286 :
2540 1233 2600 1288 Si
2629 1232 2770 1288 vado
2807 1233 2880 1288 ad
2911 1232 3110 1288 cellam
3139 1230 3326 1297 vicini,
3351 1237 3449 1288 aut
3477 1232 3526 1287 si
3545 1231 3640 1286 ille
3668 1231 3744 1286 ad

2148 1339 2240 1378 me
2264 1323 2477 1378 venerit
2501 1339 2604 1394 pro
2632 1323 2826 1394 aliqua
2862 1339 2943 1388 re,
2974 1338 3238 1377 veremur
3272 1321 3527 1390 invicem,
3561 1337 3631 1376 ne
3659 1320 3747 1376 in-

2148 1419 2340 1468 currat
2365 1413 2556 1485 aliqua
2579 1413 2964 1484 incompetens
3013 1410 3222 1479 fabula,
3260 1416 3318 1466 et
3346 1411 3531 1466 aliena
3557 1426 3593 1465 a
3617 1426 3746 1482 pro-

2147 1502 2329 1575 posito
2358 1501 2638 1558 monachi.
2676 1502 2746 1558 Et
2775 1501 2916 1556 dixit
2942 1501 2996 1556 ei
3023 1517 3228 1556 senex:
3264 1501 3416 1556 Bene
3454 1499 3618 1568 facis;
3648 1515 3744 1554 ne-
3808 1539 3814 1544 -

2147 1591 2446 1647 cessariam
2476 1591 2627 1646 enim
2655 1590 2829 1646 habet
2851 1591 3121 1662 juventus
3147 1588 3484 1648 custodiam.
3515 1588 3662 1644 Dicit
3687 1589 3745 1644 ei

2147 1680 2318 1736 abbas
2337 1683 2579 1738 Ammon
2615 1699 2627 1736 :
2660 1681 2834 1735 Senes
2862 1696 2995 1750 ergo
3019 1679 3154 1750 quid
3175 1676 3495 1734 faciebant?
3515 1678 3585 1732 Et
3605 1677 3749 1732 dixit

461 1771 613 1826 filius
655 1771 908 1844 Jephone
959 1772 1106 1827 dixit
1139 1773 1274 1828 Jesu
1323 1771 1438 1827 filio
1491 1772 1644 1827 Nave
1711 1772 1884 1841 (J0me
1933 1773 2008 1840 Iv)
2049 1766 2228 1829 :Bei:
2253 1772 2379 1826 Jam
2406 1787 2568 1826 senes
2588 1769 2961 1842 proﬁcientes,
2989 1775 3163 1840 atque
3191 1767 3418 1836 firmati,
3446 1782 3558 1822 non
3579 1765 3748 1822 habe-

463 1857 849 1932 Quadraginta
856 1877 1133 1917 annorum
1146 1877 1299 1917 eram
1323 1861 1546 1932 quando
1561 1859 1719 1915 misit
1736 1876 1828 1915 me
1843 1861 2064 1932 Moyses

459 1965 652 2004 servus
687 1950 914 2006 Domini
952 1955 1142 2007 tecum
1183 1950 1257 2005 ad
1295 1953 1510 2004 terram
1559 1949 1769 2018 istam;
1807 1953 1866 2004 et
1913 1965 2064 2004 nunc

463 2039 749 2111 octoginta
780 2055 1062 2096 annorum
1101 2056 1257 2108 sum;
1319 2042 1376 2094 et
1413 2038 1891 2111 quemadmodum
1928 2044 2065 2093 tunc

463 2145 619 2184 eram
645 2128 826 2196 fortis,
872 2129 954 2186 ita
983 2134 1040 2185 et
1078 2146 1229 2185 nunc
1255 2130 1413 2184 valeo
1451 2129 1666 2184 intrare
1703 2132 1760 2184 et
1801 2128 1952 2183 exire
1992 2127 2066 2183 ad

461 2215 694 2272 bellum.
723 2219 922 2290 Itaque
945 2223 1003 2274 et
1029 2223 1113 2287 tu,
1163 2218 1212 2274 si
1245 2223 1425 2290 potes,
1453 2223 1518 2273 ut
1557 2218 1703 2273 sicut
1729 2217 2060 2288 ingrederis,

460 2304 545 2362 ita
581 2307 908 2378 egrediaris,
957 2307 1098 2363 vade
1117 2297 1232 2377 L‘si
1277 2313 1469 2363 autem
1504 2324 1619 2362 non
1663 2313 1823 2379 potes
1871 2307 1931 2362 id
1985 2306 2068 2361 fa-

464 2411 610 2464 cere,
651 2397 784 2452 sede
835 2397 896 2452 in
941 2397 1083 2452 cella
1133 2402 1234 2453 tua
1279 2397 1506 2469 plorans
1553 2401 1784 2468 peccata
1827 2401 1948 2452 tua.
1995 2395 2067 2451 Et

461 2485 512 2540 si
539 2485 856 2542 invenerint
881 2491 938 2540 te
965 2487 1272 2558 lugentem,
1306 2503 1420 2542 non
1443 2491 1499 2542 te
1526 2486 1862 2558 compellent
1890 2485 2062 2541 exire.

540 2573 626 2634 17.
655 2575 810 2630 Dixit
855 2574 1028 2630 abbas
1064 2575 1332 2644 Isidorus,
1367 2576 1464 2648 qui
1515 2581 1638 2630 erat
1676 2574 1974 2647 presbyter
2004 2574 2064 2628 in

463 2661 662 2736 Scythi
696 2681 708 2718 :
758 2665 874 2735 Ego
903 2665 1128 2736 quando
1156 2682 1314 2721 eram
1348 2665 1571 2736 juvenis
1602 2670 1660 2720 et
1696 2663 1961 2720 sedebam
2005 2663 2064 2718 in

467 2751 610 2807 cella
631 2767 779 2819 mea,
794 2768 909 2808 non
936 2752 1214 2808 habebam
1233 2770 1537 2810 numerum
1555 2755 1904 2826 psalmorum
1925 2769 2066 2825 quos

469 2839 724 2896 dicebam
743 2829 802 2896 in
822 2841 1134 2898 ministerio
1144 2843 1246 2898 Dei
1272 2861 1286 2898 :
1313 2859 1420 2898 nox
1449 2843 1600 2898 enim
1619 2843 1762 2898 mihi
1791 2848 1850 2899 et
1869 2843 1990 2899 dies
2009 2843 2069 2898 in

469 2928 578 2986 hoc
613 2929 1051 3002 expendebatur.

2145 1859 2284 1915 bant
2310 1860 2371 1914 in
2400 1877 2460 1915 se
2497 1859 2652 1914 aliud
2675 1858 2810 1930 quid
2828 1862 2928 1914 aut
2953 1858 3314 1930 peregrinum
3339 1856 3398 1912 in
3419 1873 3516 1912 ore
3540 1872 3659 1924 suo,
3685 1859 3750 1910 ut

2144 1949 2205 2004 id
2232 1949 2616 2022 loquerentur.
2657 1949 2728 2003 Et
2754 1948 2849 2003 ille
2877 1947 3018 2003 dixit
3045 1965 3057 2002 :
3092 1947 3152 2002 Si
3190 1963 3322 2018 ergo
3352 1947 3417 2002 fit
3443 1944 3748 2002 necessitas

2145 2056 2276 2094 cum
2311 2039 2494 2094 vicino
2536 2037 2822 2110 loquendi,
2867 2037 3090 2093 videtur
3117 2036 3221 2092 tibi
3252 2041 3319 2091 ut
3345 2035 3414 2091 de
3445 2033 3748 2107 Scripturis

2146 2145 2274 2184 cum
2291 2145 2356 2184 eo
2376 2129 2594 2200 loquar,
2612 2133 2713 2182 aut
2733 2128 2802 2182 de
2825 2125 3008 2182 verbis
3028 2132 3087 2182 et
3107 2125 3402 2182 sententiis
3426 2125 3706 2180 seniorum
3720 2122 3748 2176 ?

2147 2218 2219 2273 Et
2253 2217 2391 2273 dicit
2422 2218 2474 2272 ei
2502 2234 2673 2272 senex
2703 2235 2714 2271 :
2759 2217 2818 2272 Si
2846 2233 2961 2272 non
2989 2221 3148 2288 potes
3175 2221 3387 2283 tacere,
3418 2213 3628 2270 bonum
3655 2217 3747 2268 est

2146 2307 2332 2378 magis
2377 2310 2443 2362 ut
2482 2308 2552 2362 de
2601 2306 2782 2362 verbis
2823 2306 3114 2363 seniorum
3158 2304 3428 2378 loquaris,
3478 2321 3648 2376 quam
3675 2303 3748 2359 de

2149 2395 2470 2468 Scripturis.
2504 2396 2822 2452 Periculum
2850 2401 2938 2452 est
2954 2395 3106 2450 enim
3133 2411 3248 2450 non
3275 2409 3529 2467 parvum.

2213 2484 2304 2543 2l.
2329 2486 2716 2556 Interrogatus
2745 2490 2832 2540 est
2849 2483 3022 2540 abbas
3045 2484 3246 2539 Pastor
3268 2483 3338 2538 de
3356 2483 3747 2556 inquinamen-

2145 2575 2243 2646 tis,
2269 2580 2325 2630 et
2352 2575 2676 2646 respondit:
2713 2574 2857 2640 Quia
2885 2573 2934 2628 si
2955 2572 3272 2628 stabilimus
3307 2573 3545 2628 activam
3573 2573 3746 2629 vitam

2147 2669 2401 2720 nostram
2435 2663 2640 2720 timore
2668 2664 2772 2720 Dei
2828 2668 2886 2720 et
2919 2663 3244 2732 sobrietate,
3285 2679 3398 2719 non
3434 2662 3748 2720 invenimus

2149 2754 2209 2808 in
2231 2753 2393 2808 nobis
2419 2753 2871 2825 inquinamenta.

2222 2841 2312 2900 2‘2.
2352 2843 2625 2898 Dicebant
2657 2842 2728 2898 de
2767 2842 2968 2898 abbate
3007 2843 3260 2913 Pastore,
3300 2841 3437 2914 quia
3471 2858 3599 2898 cum
3636 2841 3750 2897 exi-

2150 2937 2314 2989 turus
2341 2937 2464 2988 erat
2491 2933 2564 2988 ad
2591 2949 2730 3005 Opus
2775 2933 2878 2988 Dei
2905 2933 3243 3000 faciendum,
3271 2931 3503 2988 sedebat
3530 2932 3744 3004 primus

545 3016 632 3076 18.
665 3019 930 3074 Narravit
953 3019 1124 3076 abbas
1153 3021 1454 3078 Cassianus
1479 3021 1548 3077 de
1578 3021 1820 3094 quodam
1845 3038 1980 3078 sene
2007 3020 2066 3077 in
2081 3007 2128 3072 Ο
2149 3039 2346 3078 eorum
2363 3021 2687 3078 discernens
2705 3022 3073 3095 cogitationes
3089 3038 3221 3079 suas
3233 3022 3448 3094 jugiter
3457 3037 3572 3078 una
3584 3021 3745 3090 hora,

468 3123 659 3164 eremo
673 3109 904 3164 sedente
925 3109 1059 3181 quia
1079 3111 1360 3182 rogaverit
1379 3111 1560 3166 Deum
1580 3117 1646 3166 ut
1667 3111 1904 3167 donaret
1931 3111 2067 3168 eine

471 3193 806 3254 dormitaret
829 3199 1151 3271 aliquando,
1166 3215 1296 3255 cum
1323 3199 1644 3272 spirituales
1665 3218 1756 3256 res
1767 3201 1976 3256 faceret
1991 3219 2004 3270 ;
2018 3201 2066 3256 si

470 3293 660 3344 autem
689 3288 1052 3345 detractionis
1079 3295 1180 3345 aut
1208 3290 1322 3346 odii
1343 3291 1514 3346 verba
1541 3297 1749 3360 essent,
1781 3292 1975 3347 statim
2007 3291 2069 3346 in

468 3393 664 3434 somno
689 3383 998 3447 corruerat,
1020 3385 1083 3434 ut
1107 3396 1222 3435 non
1249 3379 1577 3452 hujusmodi
1611 3397 1885 3436 venenum
1903 3397 2068 3436 aures

470 3467 593 3538 ejus
641 3467 980 3540 exciperent.
1015 3468 1120 3523 Hic
1161 3467 1384 3524 dicebat
1421 3469 1710 3525 diabolum
1753 3470 2071 3526 studiosum

468 3573 591 3612 esse
611 3561 677 3612 ut
693 3563 944 3613 moveret
973 3557 1231 3613 homines
1258 3558 1320 3613 in
1343 3557 1521 3614 verba‘
1547 3559 1746 3627 otiosa,
1777 3559 2073 3632 impugna-

469 3651 652 3701 torem
679 3645 850 3702 etiam
885 3646 1060 3702 totius
1087 3646 1356 3703 doctrinae
1409 3647 1742 3720 spiritualis.
1781 3648 1868 3702 Ad
1897 3665 2068 3720 quam

467 3751 589 3792 rem
612 3735 717 3791 hoc
740 3735 1006 3792 utebatur
1025 3737 1276 3809 exemplo
1301 3754 1313 3790 :
1341 3737 1631 3810 Loquente
1654 3753 1745 3792 me
1766 3737 2068 3810 aliquando

469 3821 540 3880 de
556 3823 801 3881 utilitate
815 3826 1134 3882 animarum
1150 3826 1221 3881 ad
1242 3825 1516 3898 quosdam
1537 3827 1758 3894 fratres,
1773 3827 1831 3882 in
1847 3831 2072 3882 tantum

462 3931 685 3992 .somno-
715 3915 992 3988 profundo
1023 3916 1279 3988 occupati
1321 3921 1473 3981 sunt,
1503 3921 1570 3971 ut
1620 3932 1723 3972 nec
1777 3915 2072 3988 palpebras

473 4005 764 4060 oculorum
791 4021 1015 4062 movere
1037 4009 1292 4076 possent:
1320 4022 1423 4078 ego
1451 4010 1643 4061 autem
1671 4006 1862 4061 volens
1885 4011 2076 4062 osten»

472 4094 610 4150 dere
629 4111 768 4166 opus
789 4094 1196 4153 daemoniacum
1220 4111 1362 4162 esse,
1376 4095 1686 4150 otiosarum
1701 4111 1888 4154 rerum
1903 4093 2075 4150 verba

468 4181 788 4254 introduxi;
820 4183 890 4238 ad
911 4183 1062 4255 quod
1083 4183 1166 4238 illi
1191 4184 1522 4254 gaudentes,
1549 4183 1746 4238 statim
1773 4200 1970 4240 somno
1991 4201 2074 4238 re-

470 4270 670 4329 luctati
694 4276 847 4328 sunt.
878 4273 994 4342 Ego
1037 4277 1228 4326 autem
1257 4272 1630 4343 ingemiscens
1661 4272 1775 4328 dixi
1818 4290 1831 4328 :
1882 4273 2076 4345 Usque

466 4377 628 4428 nunc
664 4367 860 4430 alo
911 4361 980 4417 de
1030 4360 1350 4416 ccelestibus
1398 4361 1565 4417 rebus
1601 4361 1988 4434 loquebamur,
2022 4367 2081 4418 et

2149 3115 2208 3167 et
2235 3112 2313 3167 sic
2341 3110 2750 3183 egrediebatur.

2221 3199 2310 3259 23.
2342 3201 2494 3257 Dixit
2520 3200 2692 3256 abbas
2719 3201 2937 3270 Pastor,
2971 3200 3104 3274 quia
3130 3200 3498 3273 interrogavit
3519 3199 3745 3274 quidam

2150 3289 2415 3348 abbatem
2469 3290 2824 3364 Paysionem,
2867 3289 3059 3347 dicens
3099 3309 3114 3348 :
3155 3291 3302 3357 Quid
3353 3291 3494 3346 facio
3548 3290 3748 3345 animae

2153 3397 2309 3448 meas,
2331 3381 2465 3452 quia
2479 3379 2818 3436 insensibilis
2839 3379 2984 3436 facta
3008 3386 3114 3450 est,
3146 3385 3204 3435 et
3221 3396 3336 3436 non
3353 3380 3519 3436 timet
3528 3381 3706 3436 Deum
3720 3378 3748 3433 ?

2153 3471 2222 3526 Et
2251 3470 2392 3525 dixit
2415 3469 2683 3538 ei:Vade,
2713 3475 2771 3525 et
2793 3471 3032 3542 jungere
3061 3470 3276 3525 homini
3291 3468 3517 3525 timenti
3536 3469 3744 3536 Deum;

2155 3564 2212 3615 et
2239 3575 2368 3615 cum
2393 3559 2474 3614 illi
2501 3559 2812 3625 inhaeseris,
2841 3559 3132 3615 doceberis
3160 3565 3218 3615 et
3239 3564 3303 3615 tu
3322 3559 3522 3614 timere
3545 3558 3746 3614 Deum.

2219 3649 2310 3706 24.
2343 3648 2494 3704 Dixit
2520 3648 2728 3704 iterum
2760 3665 2772 3702 :
2803 3649 2948 3714 Quia
2974 3648 3312 3722 principium
3340 3654 3399 3704 et
3425 3647 3554 3703 ﬁnis
3580 3647 3752 3702 timor

2151 3737 2376 3794 Domini
2404 3756 2418 3806 ;
2451 3738 2532 3793 sic
2560 3738 2712 3793 enim
2740 3737 3012 3810 scriptum
3041 3742 3126 3794 est
3155 3756 3168 3792 :
3201 3737 3435 3794 Initium
3463 3736 3750 3809 sapientiae

2152 3829 2324 3883 timor
2358 3827 2583 3884 Domini
2619 3829 2781 3898 (Psal.
2815 3829 2924 3897 cx).
2955 3829 3025 3883 Et
3051 3827 3279 3894 iterum,
3322 3826 3546 3900 quando
3573 3825 3748 3881 Abra-

2153 3918 2287 3972 ham
2326 3917 2560 3989 perfecit
2601 3917 2780 3972 altare
2817 3916 2959 3972 dixit
2999 3917 3052 3972 ei
3085 3917 3360 3974 Dominus
3391 3936 3403 3972 :
3439 3917 3600 3974 Nunc
3627 3915 3743 3971 scio

2157 4005 2423 4079 quoniam
2452 4007 2656 4062 timeas
2676 4007 2858 4061 Deum
2881 4007 3030 4077 (Gen.
3069 4007 3154 4076 II).

2225 4095 2315 4151 25.
2342 4091 2496 4152 Dixit
2521 4095 2760 4151 iterum:
2795 4095 3030 4150 Discede
3059 4095 3130 4150 ab
3152 4095 3306 4152 omni
3321 4094 3548 4151 homine
3569 4093 3667 4168 qui
3691 4093 3752 4150 in

2156 4184 2524 4241 collocutione
2552 4185 2900 4240 incessanter
2929 4185 3308 4241 contentiosus
3336 4189 3439 4242 est.

2229 4272 2321 4332 26.
2351 4274 2504 4330 Dixit
2531 4274 2740 4330 iterum
2751 4275 3017 4344 (Append.
3045 4277 3232 4342 Mart,
3264 4291 3324 4330 η.
3347 4273 3438 4343 25)
3462 4291 3474 4328 :
3502 4273 3751 4331 Interro-

2161 4364 2292 4435 gavi
2306 4363 2607 4436 aliquando
2630 4363 2892 4419 abbatem
2906 4360 3508 4436 Petrum,discipulum
3535 4357 3751 4419 abbatis

475 4451 728 4508 omnium
757 4456 1006 4507 vestrum
1036 4451 1182 4506 oculi
1213 4467 1410 4506 somno
1437 4451 1768 4522 gravissimo
1801 4448 2140 4511 teneban-D
2156 4454 2280 4522 Lot,
2295 4454 2512 4509 dicens:
2539 4453 2775 4518 Quando
2795 4470 2922 4509 sum
2949 4453 3010 4508 in
3039 4454 3197 4520 cella,
3222 4453 3282 4508 in
3297 4469 3432 4525 pace
3459 4457 3546 4508 est
3561 4452 3752 4508 anima

469 4545 596 4610 tur;
627 4539 852 4614 quando
906 4545 1098 4596 autem
1144 4557 1330 4596 sermo
1385 4541 1596 4597 otiosus
1650 4541 1910 4598 inventus
1968 4547 2071 4610 est,

463 4647 669 4700 omnes
697 4631 942 4704 prompti
970 4630 1167 4686 audire
1181 4630 1445 4702 ccepistis.
1471 4632 1710 4704 Propter
1739 4633 1886 4704 quod
1915 4648 2071 4703 rogo,

467 4718 789 4786 ,cbarissimi
842 4720 1064 4788 fratres,
1097 4725 1495 4792 cognoscentes
1545 4721 1778 4793 maligni
1807 4720 2076 4777 daemonis

465 4825 620 4888 vopus
650 4825 790 4876 esse,
821 4807 1096 4864 attendite
1121 4808 1548 4881 vobismetipsis,
1573 4809 1953 4867 custodientes
1981 4825 2077 4865 vos

473 4917 516 4962 .a
541 4915 740 4955 somno
771 4899 994 4971 quando
1051 4897 1263 4970 aliquid
1299 4899 1591 4971 spirituale
1620 4901 1704 4956 vel
1753 4901 1938 4957 facitis
1991 4901 2078 4955 vel

466 4985 708 5068 .auditis.

472 5139 477 5146 ,
549 5077 634 5143 19.
665 5075 820 5134 Abiit
842 5073 1146 5150 aliquando
1166 5077 1340 5134 abbas
1361 5079 1564 5136 Pastor
1599 5097 1728 5136 cum
1751 5085 1898 5136 esset
1913 5080 2078 5152 juve-

477 5164 568 5224 nis
596 5167 669 5223 ad
693 5167 996 5238 quemdam
1040 5183 1255 5235 senem,
1288 5173 1355 5223 ut
1382 5169 1764 5240 interrogaret
1800 5185 1928 5224 eum
1960 5175 2076 5225 tres

478 5254 786 5314 Sermones.
822 5258 963 5313 Cum
991 5263 1184 5313 autem
1212 5257 1556 5330 pervenisset
1583 5259 1654 5312 ad
1684 5274 1896 5326 senem,
1944 5258 2080 5316 obli-

475 5351 572 5404 tus
601 5350 688 5402 est
709 5363 888 5402 unum
919 5364 988 5401 ex
1013 5347 1197 5404 tribus
1225 5346 1600 5415 sermonibus,
1623 5353 1678 5402 et
1706 5362 1965 5404 reversus
1995 5354 2080 5404 est

474 5435 552 5502 ad
578 5434 778 5492 cellam
800 5452 990 5496 suam.
1024 5437 1094 5490 Et
1119 5453 1253 5491 cum
1282 5436 1617 5492 tetendisset
1638 5453 1888 5506 manum,
1919 5444 1984 5494 ut
2001 5443 2082 5495 te-

475 5530 644 5601 peret
662 5522 914 5595 clavem,
930 5526 1257 5583 recordatus
1286 5530 1374 5582 est
1400 5526 1676 5582 sermonis
1699 5512 1852 5582 illius
1911 5545 2081 5601 quem

469 5617 618 5699 ante
643 5613 829 5676 fuerat
855 5613 1060 5677 oblitus
1091 5621 1200 5690 ;.et
1225 5615 1454 5684 sustulit
1501 5632 1735 5690 manum
1771 5635 1805 5678 τι
1832 5617 1992 5694 clavi,
2025 5624 2083 5680 et

2157 4559 2322 4612 mea;
2354 4559 2484 4599 cum
2525 4547 2718 4598 autem
2760 4541 2976 4598 venerit
3003 4543 3182 4598 frater
3209 4542 3416 4614 aliquis
3449 4541 3523 4597 ad
3545 4557 3656 4609 me,
3695 4545 3754 4596 et

2143 4633 2418 4688 retulerit
2431 4631 2570 4687 mihi
2585 4631 2754 4688 verba
2778 4648 2974 4688 eorum
3004 4649 3128 4704 quae
3155 4631 3291 4688 foris
3312 4635 3462 4698 sunt,
3493 4629 3754 4686 turbatur

2157 4722 2350 4778 anima
2375 4738 2521 4780 mea.
2545 4722 2618 4776 Et
2645 4721 2792 4777 dixit
2827 4721 2966 4776 mihi
2993 4721 3165 4777 abbas
3193 4721 3416 4788 Petrus,
3443 4720 3575 4792 quia
3601 4719 3752 4776 dice-

2157 4811 2257 4867 bat
2283 4810 2455 4867 abbas
2477 4811 2614 4868 Lot:
2641 4810 2824 4866 Clavis
2848 4815 2950 4866 tua
2975 4811 3200 4883 aperuit
3225 4811 3434 4866 ostium
3461 4823 3672 4866 meum.
3687 4809 3754 4864 Et

2147 4915 2266 4972 ego
2295 4899 2408 4956 dixi
2421 4900 2472 4956 ei
2492 4917 2504 4954 :
2539 4900 2700 4966 Quod
2723 4904 2812 4955 est
2839 4899 3072 4955 verbum
3090 4898 3237 4956 hoc?
3257 4899 3328 4955 Et
3351 4899 3532 4955 dixit:
3557 4899 3618 4954 Si
3639 4897 3762 4970 quis

2159 4991 2312 5048 venit
2359 4991 2432 5046 ad
2476 4995 2553 5058 te,
2587 4993 2646 5044 et
2690 4989 3008 5061 interrogas
3048 5005 3200 5046 eum.
3244 4987 3534 5054 Quomodo
3561 4986 3754 5054 habes,

2159 5081 2309 5136 unde
2335 5079 2508 5148 venis,
2543 5080 2784 5152 qualiter
2811 5080 3000 5151 agitur
3026 5079 3177 5135 circa
3206 5078 3334 5134 illos
3361 5078 3448 5134 vel
3485 5077 3611 5133 illos
3630 5077 3756 5132 fra-

2151 5175 2294 5237 .tres,
2309 5174 2679 5242 susceperunt
2695 5175 2752 5224 te
2771 5186 2844 5226 an
2864 5186 3009 5226 non:
3033 5175 3168 5225 tunc
3192 5167 3376 5240 aperis
3393 5169 3630 5239 januam
3651 5167 3765 5221 oris

2154 5259 2320 5322 fratri
2349 5265 2467 5328 tuo,
2505 5263 2564 5314 et
2605 5259 2766 5315 audis
2795 5276 2918 5331 qua:
2940 5275 3054 5315 non
3083 5257 3186 5315 vis.
3215 5259 3285 5314 Et
3310 5273 3414 5328 ego
3436 5255 3548 5311 dixi
3567 5255 3620 5312 ei
3643 5273 3654 5309 :
3679 5256 3765 5311 Ita

2151 5353 2265 5405 .est.
2299 5349 2410 5404 Sed
2439 5348 2574 5420 quid
2618 5348 2793 5404 faciat
2836 5349 3026 5418 homo,
3062 5365 3192 5404 cum
3231 5345 3448 5402 venerit
3473 5345 3650 5401 frater
3690 5345 3764 5401 ad

2163 5439 2330 5495 eum?
2360 5439 2430 5494 Et
2455 5437 2596 5494 dixit
2621 5439 2674 5494 ei
2701 5455 2871 5495 senex
2901 5458 2914 5496 :
2950 5439 3018 5496 In
3047 5438 3201 5494 luctu
3231 5437 3462 5493 omnino
3508 5435 3764 5492 doctrina

2159 5534 2246 5585 est
2275 5547 2288 5598 ;
2324 5527 2417 5584 ubi
2447 5533 2641 5584 autem
2669 5529 2852 5585 luctus
2893 5545 3010 5585 non
3047 5533 3151 5597 est,
3183 5525 3526 5600 impossibile
3554 5529 3642 5580 est
3674 5540 3767 5580 cu-

2149 5586 2375 5679 stodire
2401 5623 2672 5679 mentem.
2707 5620 2779 5678 Et
2806 5618 2948 5679 dixit
2975 5619 3039 5691 ei
3065 5637 3078 5680 ;
3109 5586 3345 5690 Quando
3373 5617 3436 5684 in
3468 5613 3611 5679 cella
3640 5629 3768 5680 sum
