3934 6378
133 365 238 422 937
1436 364 1679 421 VERBA
1715 359 2110 420 SENIORUM.
3307 365 3415 424 938

135 506 352 548 mecum
381 496 468 548 est
494 491 713 547 luctus:
745 504 873 544 cum
899 493 1089 544 autem
1118 489 1320 562 aliquis
1350 492 1421 546 ad
1451 508 1540 546 me
1569 485 2174 546 vene-Asecuritatem
2202 505 2216 555 ;
2246 489 2456 544 etenim
2483 489 2749 561 Apostolo
2777 489 3016 557 dicente,
3039 489 3148 556 Qui
3176 496 3308 559 stat,
3337 492 3416 546 vi-

135 582 225 648 rit,
249 587 349 637 aut
370 599 500 637 cum
525 580 782 651 egredior
810 579 879 632 de
907 579 1064 645 cella,
1092 597 1205 634 non
1234 580 1455 635 invenio
1491 582 1724 636 luctum.
1811 575 1943 629 deat
1970 593 2040 630 ne
2064 575 2295 644 cadat(l
2314 579 2436 632 Cor.
2470 584 2526 645 x)
2553 598 2564 645 ;
2598 580 2655 633 in
2677 579 2888 634 incerto
2907 578 3416 651 siquidemnaviga—

134 671 207 727 Et
233 671 375 726 dixit
392 672 444 725 ei
482 687 684 725 senex:
726 668 975 723 Necdum
1011 669 1112 722 tibi
1151 669 1433 740 subjectus
1487 676 1589 733 est,
1631 671 1729 725 sed
1811 681 1973 732 mus;
2001 665 2133 736 quia
2149 666 2295 722 sicut
2318 667 2620 722 Psalmista
2643 667 2810 722 dicit:
2846 669 3014 722 Velut
3037 685 3192 723 mare
3208 676 3293 725 est
3306 671 3418 725 vita

133 762 284 816 velut
299 761 370 816 ad
386 777 553 816 usum
574 777 674 830 pro
699 763 951 829 tempore
979 758 1297 815 adhibetur.
1339 759 1411 814 Et
1455 759 1592 813 dixit
1639 759 1722 814 ei:
1812 759 2007 808 HOStra
2041 757 2206 826 (Psal.
2240 763 2380 826 CIII).
2435 757 2542 812 Sed
2585 762 2774 812 tamen
2821 762 2955 811 sunt
2992 757 3113 812 loca
3153 758 3211 813 in
3247 759 3412 827 mari,

134 851 269 917 Quis
295 856 381 906 est
409 850 497 904 hic
521 847 836 904 sermo?Et
859 848 1001 902 dixit
1027 849 1197 904 mihi:
1231 849 1288 904 Si
1318 848 1536 903 laborat
1565 850 1731 903 homo
1815 844 2070 914 quaedam
2100 861 2226 899 vero
2251 845 2512 916 periculis
2562 846 2750 918 plena,
2809 847 3064 918 quaedam
3120 853 3309 902 autem
3361 853 3420 903 et

133 957 234 1012 pro
259 955 320 994 re
348 939 539 1010 aliqua
567 937 876 993 secundum
904 937 1187 1004 virtutem,
1231 952 1564 1009 quacunque
1593 937 1733 992 liora
1815 932 2156 1003 tranquilla;
2191 950 2293 989 nos
2319 935 2469 990 enim
2487 935 2546 990 in
2559 935 2863 1006 tranquilla
2881 941 3039 1007 parte
3064 936 3238 991 maris
3256 937 3415 992 navi-

133 1028 417 1103 quaesierit
443 1044 566 1083 eam
599 1028 670 1082 ad
691 1027 993 1082 utilitatem
1022 1044 1203 1093 suam,
1221 1027 1434 1081 invenit
1461 1043 1608 1082 eam.

203 1112 294 1169 27.
337 1113 538 1169 Frater
582 1111 952 1183 interrogavit
989 1110 1248 1165 abbatem
1295 1111 1462 1177 Sisoi,
1509 1111 1729 1167 dicens:

133 1202 400 1260 Desidero
422 1201 703 1257 custodire
731 1217 826 1256 cor
863 1217 1072 1256 meum.
1125 1200 1273 1256 Dicit
1302 1201 1352 1257 ei
1400 1215 1606 1256 senex:
1664 1199 1738 1256 Et

134 1292 417 1364 quomodo
445 1309 742 1365 possumus
771 1291 1051 1347 custodire
1069 1306 1166 1346 cor
1185 1297 1460 1359 nostrum,
1479 1291 1526 1346 si
1545 1291 1737 1362 lingua

132 1387 330 1438 nostra
351 1383 587 1452 januam
615 1387 870 1454 apertam
896 1380 1203 1436 habuerit?

201 1469 294 1528 28.
329 1471 570 1527 Sedente
597 1471 899 1543 aliquando
929 1470 1130 1524 abbate
1177 1471 1398 1525 Silvano
1447 1470 1504 1524 in
1546 1475 1735 1525 monte

135 1561 290 1628 Sina,
316 1561 622 1632 discipulus
649 1562 770 1632 ejus
785 1561 974 1615 volens
994 1560 1149 1615 abire
1169 1560 1241 1614 ad
1271 1560 1553 1632 quoddam
1575 1559 1737 1614 mini-

132 1650 368 1708 sterium
396 1667 581 1718 suum,
613 1650 754 1705 dixit
779 1650 898 1705 seni
924 1669 937 1705 :
968 1649 1199 1705 Dimitte
1243 1666 1468 1720 aquam,
1519 1655 1575 1704 et
1611 1649 1737 1719 riga

133 1739 379 1795 hortum.
414 1740 513 1794 Ille
541 1745 731 1794 autem
761 1739 948 1794 exiens
986 1739 1057 1794 ad
1098 1739 1489 1793 dimittendam
1528 1755 1730 1810 aquam

1814 1038 1950 1090 gare
1981 1022 2253 1090 videmur,
2275 1025 2568 1079 sagculares
2592 1042 2723 1078 vero
2755 1025 3008 1079 homines
3035 1026 3092 1081 in
3118 1027 3254 1081 locis
3273 1026 3417 1098 peri-

1817 1110 2021 1164 culosis
2053 1112 2238 1179 (Ra/fi,
2275 1115 2314 1167 ι.
2347 1127 2430 1180 m,
2464 1130 2524 1168 η.
2553 1111 2692 1183 1‘23).
2735 1113 2810 1168 Et
2835 1113 3040 1170 iterum
3086 1130 3188 1170 nos
3227 1115 3286 1169 in
3324 1114 3417 1169 die

1818 1199 2167 1270 navigamus,
2199 1201 2315 1256 sole
2338 1202 2572 1272 justitiae
2599 1201 2758 1256 nobis
2800 1203 3082 1274 praebente
3129 1203 3414 1271 ducatum,

1817 1287 1899 1342 illi
1929 1294 2116 1343 autem
2148 1289 2207 1344 in
2233 1296 2396 1345 nocte
2425 1291 2758 1362 ignorantiae
2787 1291 3174 1362 deportantur.
3213 1294 3320 1348 Sed
3339 1299 3422 1349 ta-

1817 1393 1948 1431 men
1971 1378 2302 1449 plerumque
2331 1379 2691 1449 contingitut
2715 1380 3008 1435 saeculares
3029 1380 3112 1434 illi
3130 1381 3190 1434 in
3208 1385 3420 1454 tempe-

1817 1471 1964 1521 state
1993 1472 2051 1522 et
2077 1467 2136 1522 in
2158 1467 2395 1524 obscuro
2421 1469 2769 1538 navigantes,
2795 1485 2896 1539 pro
2923 1475 3079 1524 metu
3098 1470 3330 1541 periculi
3346 1471 3420 1526 ad

1817 1551 1995 1606 Deum
2025 1552 2321 1608 clamando
2351 1559 2408 1607 et
2443 1553 2727 1623 vigilando
2755 1553 2972 1608 salvent
3017 1554 3204 1609 navim
3235 1571 3419 1622 suam,

1816 1656 1922 1695 nos
1947 1645 2137 1696 autem
2167 1641 2227 1696 in
2257 1643 2667 1714 tranquillitate
2695 1643 2954 1714 neglectu
2982 1643 3105 1716 ipso
3137 1645 3420 1717 demergi-

1817 1745 1964 1797 mur,
1996 1731 2129 1786 dum
2159 1731 2540 1802 gubernacula
2565 1732 2802 1803 justitiae
2834 1733 3296 1805 derelinquimus.

131 1829 358 1902 tegebat
391 1828 590 1884 faciem
620 1845 780 1884 suam
809 1830 877 1884 de
895 1829 1111 1884 cucullo
1139 1845 1262 1895 suo,
1293 1833 1516 1883 tantum
1546 1804 1615 1882 ad
1637 1844 1737 1899 pe-
1755 1804 1806 1867 B
1888 1837 1978 1894 35,
2011 1837 2162 1893 Dixit
2180 1837 2352 1893 abbas
2384 1839 2785 1911 Hyperichius:
2819 1839 3100 1910 Cogitatio
3137 1845 3240 1896 tua
3277 1857 3423 1898 sem.

133 1919 228 1974 des
248 1936 383 1974 suos
399 1919 716 1973 intendens.
736 1919 987 1990 Contigit
1014 1923 1204 1973 autem
1229 1924 1294 1973 ut
1317 1918 1440 1989 ipsa
1461 1918 1600 1972 hora
1616 1918 1736 1990 qui-

132 2008 262 2064 dam
293 2008 680 2080 superveniret
707 2009 777 2062 ad
803 2025 951 2074 eum,
985 2013 1041 2062 et
1067 2008 1261 2062 videns
1290 2024 1417 2061 eum
1458 2024 1494 2060 a
1547 2009 1730 2078 longe,

132 2098 506 2153 consideravit
533 2098 670 2168 quid
711 2098 948 2152 fecisset.
994 2097 1070 2151 Et
1104 2115 1231 2152 cum
1280 2097 1621 2168 pervenisset
1661 2097 1732 2151 ad

132 2204 283 2255 eum,
315 2187 456 2242 dixit
479 2187 565 2242 ei:
600 2188 701 2242 Dic
729 2187 886 2253 mihi,
919 2187 1083 2253 abba,
1126 2191 1192 2240 ut
1219 2187 1353 2258 quid
1399 2186 1626 2257 tegebas
1663 2187 1731 2241 de

132 2278 350 2334 cucullo
379 2277 576 2332 faciem
605 2283 783 2344 tuam,
817 2283 873 2332 et
899 2277 978 2331 sic
1014 2276 1335 2348 adaquabas
1364 2277 1593 2330 hortum
1614 2275 1639 2330 ‘?
1659 2274 1733 2330 Et

131 2367 272 2423 dixit
291 2367 343 2422 ei
365 2382 535 2422 senex
557 2385 569 2420 :
603 2368 686 2421 Ne
707 2366 961 2421 viderent
974 2366 1118 2420 oculi
1139 2365 1250 2420 mei
1273 2365 1519 2432 arbores,
1536 2371 1650 2432 ιιι
1679 2371 1720 2432 ι

131 2461 188 2512 et
211 2461 584 2529 occuparetur
612 2472 771 2511 mens
797 2472 926 2511 mea
953 2455 1024 2510 ab
1053 2471 1220 2527 opere
1245 2471 1346 2510 suo
1393 2455 1452 2509 in
1483 2454 1731 2510 conside-

127 2546 348 2602 ratione
385 2563 598 2601 earum.
611 2535 626 2543 ’

196 2633 290 2693 29.
323 2635 697 2706 Interrogavit
707 2635 878 2690 abbas
897 2636 1116 2707 Moyses
1136 2633 1395 2689 abbatem
1420 2634 1727 2690 Silvanum.
1812 2633 1827 2707 ξ

129 2724 322 2781 dicens
345 2744 357 2780 :
384 2727 576 2780 Potest
602 2725 769 2780 homo
798 2742 899 2796 per
926 2742 1150 2780 omnem
1178 2724 1329 2778 diem
1375 2723 1602 2778 initium
1645 2724 1729 2778 fa-

128 2831 252 2870 cere
283 2815 761 2870 conversationis?
793 2815 1100 2886 Respondit
1138 2815 1188 2868 ei
1227 2813 1398 2868 abbas
1439 2814 1730 2870 Silvanus:

130 2905 188 2961 Si
219 2910 310 2960 est
335 2905 503 2960 homo
533 2904 840 2976 operarius,
856 2909 1151 2976 potestper
1171 2903 1319 2958 idem
1343 2908 1400 2957 et
1420 2903 1728 2974 perhoram

126 2993 394 3050 inchoare
419 2993 642 3049 initium
670 2993 1110 3049 conversationis
1141 3009 1255 3048 suae
1305 2994 1486 3063 (Ra/II,
1539 2996 1578 3048 ι.
1641 3006 1726 3058 m,

127 3099 186 3139 η.
222 3082 376 3149 175).

197 3171 288 3230 30.
323 3173 818 3244 Interrogaverunt
847 3172 1076 3244 quidam
1123 3171 1424 3243 aliquando
1467 3164 1791 3227 abbatemC

129 3261 440 3329 Silvanum,
473 3262 758 3317 dicentes:
784 3263 853 3318 In
880 3262 1032 3333 quali
1060 3261 1485 3316 conversatione
1528 3277 1727 3331 cpera-

125 3356 217 3407 tus
245 3368 330 3418 es,
359 3357 427 3406 ut
449 3352 727 3424 acciperes
751 3352 1110 3423 prudentiam
1136 3350 1347 3406 istam?
1379 3349 1451 3404 Et
1495 3350 1590 3404 ille
1635 3366 1727 3404 re-

123 3441 428 3512 spondens,
458 3441 622 3496 dixit:
659 3442 961 3512 Nunquam
980 3440 1208 3512 permisi
1227 3440 1286 3494 in
1307 3440 1472 3496 corde
1493 3456 1618 3494 meo
1639 3455 1727 3494 co-

122 3531 462 3601 gitationem
485 3530 712 3596 morari,
747 3547 868 3601 quae
897 3529 1284 3584 exacerbabat.

195 3619 288 3676 31.
321 3620 474 3675 Dixit
500 3619 674 3675 abbas
700 3620 968 3692 Serapion
993 3638 1004 3673 :
1039 3620 1184 3684 Quia
1211 3619 1356 3674 sicut
1378 3619 1584 3674 milites
1614 3619 1723 3673 im-

122 3709 402 3782 peratoris
427 3726 555 3765 cum
581 3714 712 3764 ante
741 3710 928 3781 ipsum
947 3714 1118 3777 stant,
1136 3725 1249 3764 non
1275 3708 1479 3763 debent
1496 3709 1727 3762 dextera

121 3806 222 3855 aut
247 3799 484 3855 sinistra
512 3800 823 3872 respicere;
848 3799 929 3854 ita
949 3805 1006 3854 et
1033 3799 1339 3853 monachus
1368 3815 1495 3852 cum
1525 3803 1638 3852 stat
1664 3798 1722 3852 in

120 3895 428 3970 conspectu
451 3890 570 3957 Dei,
604 3895 661 3944 et
686 3890 938 3944 intentus
967 3895 1052 3944 est
1080 3889 1233 3944 omni
1255 3889 1394 3943 hora
1418 3888 1476 3942 in
1521 3888 1723 3942 timore

121 3980 264 4050 ejus.
296 3978 440 4034 nihil
469 3984 554 4034 est
579 3979 727 4051 quod
755 3995 886 4034 eum
909 3978 980 4033 de
1004 3978 1309 4034 adversarii
1333 3979 1494 4033 malis
1513 3984 1725 4033 terrere

120 4069 323 4140 possit.

191 4156 286 4214 32.
322 4156 473 4211 Dixit
497 4161 694 4212 sancta
708 4157 1053 4230 Syncletica:
1083 4157 1278 4214 Sobrie
1307 4157 1725 4228 vivamus,quia

120 4262 224 4318 per
245 4263 451 4302 sensus
477 4247 726 4319 corporis
745 4248 942 4315 nostri,
975 4249 1060 4302 vel
1089 4248 1136 4302 si
1156 4265 1270 4302 non
1289 4248 1544 4313 velimus,
1574 4247 1725 4302 fures

118 4335 558 4408 ingrediuntur;
590 4338 871 4409 quomodo
891 4338 1039 4392 enim
1061 4343 1244 4410 potest
1265 4355 1379 4393 non
1406 4338 1612 4394 fuscari
1631 4337 1726 4391 do-

119 4440 268 4494 mus,
313 4426 364 4480 si
392 4425 580 4483 fumus
609 4427 855 4483 exterius
876 4427 1181 4482 ascendens
1198 4428 1472 4483 fenestras
1501 4433 1725 4500 apertas

117 4511 405 4570 invenerit
421 4515 446 4569 7

191 4602 284 4662 33.
317 4603 472 4660 Dixit
506 4605 713 4661 iterum
742 4623 865 4678 quae
893 4621 1090 4679 supra:
1125 4607 1360 4679 Oportet
1387 4622 1490 4662 nos
1532 4604 1724 4662 adver-

117 4709 248 4750 sum
268 4692 554 4750 daemones
580 4695 830 4767 undique
841 4701 1090 4751 armatos
1104 4696 1358 4762 existere,
1382 4696 1648 4767 quoniam
1668 4701 1726 4750 et

118 4783 374 4840 exterius
399 4782 810 4855 ingrediuntur,
846 4791 904 4840 et
928 4784 998 4840 de
1026 4785 1175 4840 intro
1201 4791 1515 4852 moventur,
1548 4785 1726 4856 siqui-

118 4872 251 4928 dem
269 4877 332 4927 et
343 4872 735 4929 animanostra
751 4874 808 4928 id
827 4873 1059 4946 patitur.
1076 4875 1232 4930 Sicut
1246 4875 1396 4930 enim
1407 4875 1581 4944 navis,
1599 4889 1724 4946 quae

119 4961 432 5035 aliquando
453 4963 698 5017 exterius
728 4963 1000 5018 fluctuum
1043 4964 1190 5018 mole
1230 4964 1582 5035 Opprimitur,
1619 4963 1724 5018 ali-

120 5051 354 5122 quando
365 5068 494 5106 vero
504 5052 740 5107 interius
751 5059 1034 5108 crescente
1044 5054 1266 5108 sentina
1275 5053 1725 5124 demergitur;sic

118 5145 176 5197 et
206 5158 316 5197 nos
345 5141 647 5213 aliquando
675 5159 906 5214 operum
928 5143 1170 5198 exterius
1188 5144 1610 5198 commissorum
1625 5144 1728 5198 ini-

119 5232 346 5302 quitate
373 5231 731 5301 damnamur,
755 5232 1197 5304 aliquandovero
1214 5233 1454 5288 interius
1475 5234 1728 5306 nequitia

121 5320 536 5392 cogitationum
557 5320 900 5387 addicimur;
930 5328 988 5376 et
1016 5321 1141 5377 ideo
1167 5328 1388 5394 Oportet
1403 5340 1516 5378 non
1545 5325 1728 5379 solum

121 5411 374 5466 exterius
398 5409 699 5482 spirituum
723 5411 1397 5484 immundorumimpetus
1411 5412 1722 5481 observare,

120 5515 328 5555 verum
347 5499 517 5554 etiam
537 5500 872 5556 interiorum
885 5501 1288 5572 cogitationum
1311 5501 1728 5559 immunditiam

120 5589 452 5646 exhaurire.

190 5677 290 5738 34.
323 5679 477 5736 Dixit
511 5680 720 5737 iterum
749 5698 762 5737 :
816 5681 945 5738 Non
975 5682 1250 5741 habemus
1275 5683 1336 5741 in
1380 5683 1488 5742 hoc
1528 5687 1730 5743 saaculo

506 5781 777 5844 PATROL.
805 5780 1080 5848 LXXIII.

1817 1944 1919 1998 per
1948 1928 2024 1983 sit
2049 1928 2106 1983 in
2131 1945 2304 1998 regno
2324 1929 2612 1998 caelorum,
2635 1934 2692 1984 et
2718 1929 2827 1984 cito
2855 1929 2914 1984 in
2933 1929 3317 1987 haereditatem
3332 1948 3420 1989 ae-

1815 2017 1985 2088 cipies
2014 2019 2171 2072 illud.

1885 2122 1954 2181 36
1968 2171 1980 2184 .
2010 2126 2161 2180 Dixit
2180 2127 2384 2182 iterum
2409 2145 2421 2180 :
2445 2125 2571 2181 Vita
2590 2127 2848 2181 monachi
2860 2128 3023 2198 juxta
3042 2127 3415 2185 imitationem

1815 2215 2145 2285 angelorum
2175 2217 2293 2284 ﬁat,
2327 2216 2663 2272 comburens
2692 2221 2861 2289 atque
2900 2233 3234 2273 consumens
3286 2235 3416 2291 pec-

1814 2309 1939 2358 cata
1951 2350 1964 2363 .

1885 2411 1971 2468 37.
2003 2413 2155 2468 Dixit
2184 2411 2354 2468 abbas
2393 2413 2640 2469 Orsisius
2669 2437 2683 2470 :
2714 2414 2880 2482 Puto,
2921 2415 3055 2488 quia
3099 2414 3210 2471 nisi
3245 2415 3414 2472 homo

1813 2502 2142 2556 custodierit
2164 2519 2259 2557 cor
2289 2519 2475 2571 suum,
2509 2503 2700 2558 omnia
2727 2521 2852 2574 quae
2872 2504 3031 2559 audit
3047 2511 3105 2560 et
3116 2505 3268 2560 videt
3280 2505 3418 2560 obli-

1814 2591 2056 2646 viscetur
2084 2597 2141 2646 et
2167 2592 2433 2662 negliget.
2466 2593 2721 2664 Denique
2743 2593 2822 2648 sic
2845 2593 3106 2649 inimicus
3127 2594 3416 2651 inveniens

1812 2681 1871 2735 in
1904 2697 1969 2734 eo
1999 2681 2201 2748 locum,
2235 2682 2559 2753 supplantat
2587 2699 2756 2751 eum;
2807 2682 2953 2738 sicut
2990 2683 3142 2739 enim
3189 2684 3418 2740 lucerna

1815 2770 1937 2824 oleo
1968 2775 2025 2823 et
2051 2770 2276 2842 lychino
2308 2769 2417 2840 (38)
2451 2777 2769 2843 praeparata
2797 2772 2964 2840 lucet,
2993 2773 3042 2827 si
3083 2778 3274 2828 autem
3315 2791 3418 2846 per
3480 2777 3483 2782 ’

1814 2859 2213 2928 negligentiam
2243 2876 2353 2914 non
2375 2861 2655 2932 acceperit
2684 2861 2888 2928 oleum,
2912 2862 3186 2933 paulatim
3212 2863 3416 2919 exstin-

1812 2948 2025 3019 guitur,
2057 2955 2226 3020 atque
2256 2949 2336 3004 ita
2357 2949 2703 3006 invalescunt
2714 2949 2959 3006 tenebrae
2974 2952 3240 3007 adversus
3251 2969 3376 3008 eam
3395 2971 3410 3022 ;

1811 3037 1910 3092 sed
1941 3043 1998 3092 et
2025 3054 2150 3092 mus
2180 3039 2407 3093 veniens
2423 3039 2494 3094 ad
2517 3055 2662 3107 eam,
2694 3040 2994 3112 volensque
3024 3057 3252 3113 myxum
3297 3040 3410 3113 (39)

1813 3128 1934 3198 ejus
1985 3128 2275 3183 comedere
2324 3128 2654 3200 priusquam
2710 3129 2954 3201 perfecte
3027 3131 3407 3201 extinguatur,

1811 3234 1925 3272 non
1954 3223 2140 3288 potest
2159 3223 2390 3289 propter
2415 3218 2655 3272 calorem
2678 3218 2826 3289 ignis
2851 3237 2864 3288 ;
2893 3219 2941 3273 si
2967 3224 3158 3274 autem
3206 3219 3410 3275 viderit

1811 3307 1961 3379 quod
1999 3323 2101 3361 nec
2147 3307 2338 3362 lumen
2376 3307 2564 3373 habet,
2610 3323 2712 3361 nec
2757 3308 3000 3364 calorem
3031 3309 3153 3379 jam
3199 3309 3407 3366 retinet

1809 3397 1973 3468 ignis,
2003 3402 2135 3451 tunc
2154 3397 2343 3451 volens
2361 3397 2586 3450 trahere
2607 3413 2835 3470 myxum
2859 3397 3000 3469 ejus,
3021 3397 3210 3469 dejicit
3233 3398 3404 3455 etiam

1806 3486 1986 3558 ipsam
2015 3487 2299 3546 lucernam
2317 3486 2377 3540 in
2395 3491 2604 3540 terram
2631 3505 2643 3540 :
2674 3503 2797 3558 quae
2825 3487 2872 3542 si
2884 3492 3064 3542 testea
3083 3487 3270 3556 fuerit,
3294 3489 3403 3543 mi-

1805 3581 2041 3630 nutatur
2063 3617 2076 3644 ,
2110 3577 2156 3630 si
2177 3592 2340 3644 aerea,
2374 3592 2408 3630 a
2425 3575 2650 3630 domino
2672 3593 2773 3631 suo
2803 3578 3219 3648 reparatur.lta
3229 3577 3402 3633 etiam

1806 3666 1853 3720 si
1885 3667 2195 3736 neglexerit
2222 3665 2433 3732 anima,
2461 3665 2735 3736 paulatim
2751 3666 2962 3721 recedit
2990 3665 3060 3721 ab
3076 3683 3142 3722 ea
3159 3667 3401 3738 Spiritus

1805 3761 2050 3823 sanctus,
2068 3756 2242 3810 donec
2257 3755 2497 3826 perfecte
2517 3755 3068 3826 exstinguaturcalor
3077 3757 3217 3827 ejus;
3231 3762 3400 3828 atque

1804 3845 1884 3900 ita
1914 3845 2171 3899 inimicus
2199 3845 2478 3899 consumit
2497 3850 2554 3898 et
2571 3844 2800 3899 devorat
2827 3845 3176 3916 propositum
3197 3845 3400 3901 animae

1807 3934 1977 4002 illius,
2012 3935 2110 3989 sed
2138 3939 2195 3988 et
2224 3951 2425 4006 corpus
2445 3933 2707 4005 nequitiae
2735 3935 3089 3990 exterminat.
3122 3935 3180 3990 Si
3210 3940 3398 3990 autem

1808 4025 1932 4098 quis
1957 4041 2058 4096 per
2074 4024 2336 4078 affectum
2367 4039 2534 4095 quem
2563 4022 2734 4078 habet
2758 4023 2817 4078 in
2837 4024 2972 4092 Deo,
3004 4023 3184 4079 bonus
3207 4025 3396 4092 fuerit,

1806 4115 2137 4187 simpliciter
2163 4119 2352 4168 autem
2399 4112 2471 4168 ad
2512 4113 2915 4184 negligentiam
2963 4119 3160 4186 raptus
3206 4113 3396 4182 fuerit,

1806 4206 1975 4273 Deus,
2001 4205 2095 4278 qui
2118 4204 2435 4260 misericors
2450 4208 2552 4271 est,
2566 4203 2770 4258 excitat
2791 4203 2850 4259 in
2871 4220 2936 4259 eo
2956 4210 3205 4260 mentem
3215 4221 3398 4274 suam,

1807 4304 1866 4352 et
1901 4295 2230 4352 memoriam
2260 4310 2572 4366 poenarum,
2605 4310 2728 4366 quae
2751 4293 2808 4349 in
2837 4294 3026 4350 futuro
3057 4297 3257 4351 saeculo
3276 4313 3401 4368 pec-

1807 4386 2086 4441 catoribus
2117 4389 2523 4457 praeparantur,
2556 4389 2614 4438 et
2639 4389 2801 4438 curat
2834 4389 2899 4438 ut
2938 4383 3159 4440 sobrius
3205 4385 3296 4452 sit,
3342 4391 3401 4443 et

1741 4476 2086 4545 Dcustodiat
2112 4493 2171 4529 se
2200 4475 2270 4529 de
2293 4479 2492 4528 caetero
2521 4489 2649 4528 cum
2694 4489 2902 4544 magna
2941 4474 3178 4543 cautela,
3220 4490 3399 4548 usque

1803 4567 1874 4621 ad
1905 4572 2125 4637 tempus
2153 4563 2485 4617 visitationis
2513 4579 2648 4619 suae.

1873 4671 1962 4730 38.
1995 4673 2163 4727 Venit
2186 4672 2416 4743 quidam
2444 4686 2614 4724 senex
2641 4670 2710 4724 ad
2737 4669 2910 4725 alium
2927 4685 3118 4726 senem
3141 4688 3154 4738 ;
3183 4675 3242 4726 et
3265 4685 3395 4728 cum

1805 4767 2188 4836 loquerentur,
2221 4777 2371 4816 unus
2398 4777 2464 4816 ex
2487 4760 2568 4814 eis
2598 4759 2734 4814 dicit
2763 4778 2775 4814 :
2803 4759 2924 4832 Ego
2966 4765 3224 4816 mortuus
3270 4777 3398 4816 sum

1805 4854 1935 4910 huic
1963 4852 2162 4907 saeculo
2177 4853 2361 4920 (Ilum,
2388 4854 2434 4908 ι.
2462 4865 2524 4918 II,
2550 4866 2609 4904 η.
2645 4849 2782 4917 116;
2813 4851 3024 4915 Pasch.,
3058 4868 3104 4906 c.
3141 4850 3226 4919 12,
3247 4854 3395 4924 η.5).

1803 4944 1962 4999 Alter
1989 4958 2118 4996 vero
2147 4940 2287 4995 dixit
2314 4939 2393 4994 ei:
2417 4941 2501 4995 Ne
2528 4939 2774 4995 confidas
2802 4939 3189 5014 intemetipso,
3222 4941 3399 4999 donec

1806 5050 1968 5088 exeas
1989 5033 2058 5086 de
2087 5047 2318 5101 corpore
2345 5030 2483 5097 isto;
2516 5045 2649 5084 nam
2676 5029 2725 5084 si
2749 5029 2888 5086 dicis
2912 5031 2981 5086 de
3012 5035 3068 5087 te
3095 5031 3227 5104 quia
3252 5047 3399 5087 mor-

1807 5130 1939 5180 tuus
1965 5139 2042 5189 es,
2075 5123 2312 5176 Satanas
2335 5114 2526 5175 autem
2554 5125 2810 5176 mortuus
2838 5136 2951 5176 non
2980 5127 3086 5176 est.

1877 5235 1963 5291 39.
1994 5235 2146 5290 Dixit
2171 5230 2400 5304 quidam
2427 5244 2596 5284 senex
2621 5247 2632 5281 :
2667 5227 2846 5284 Debet
2877 5227 3183 5283 monachus
3221 5228 3403 5300 quoti-

1809 5325 1899 5380 die
1922 5341 2106 5389 mane,
2141 5329 2198 5377 et
2225 5337 2349 5376 sero
2378 5318 2626 5389 cogitare
2653 5317 2713 5372 in
2743 5317 3061 5388 semetipso,
3092 5317 3228 5389 quid
3272 5317 3404 5374 fecit

1810 5431 2004 5470 eorum
2034 5429 2156 5484 quas
2183 5411 2304 5466 vult
2328 5411 2497 5476 Deus,
2523 5413 2580 5462 et
2599 5423 2721 5479 qua:
2732 5423 2842 5461 non
2878 5405 3024 5460 fecit.
3049 5404 3124 5460 Et
3170 5407 3251 5460 ita
3289 5412 3403 5462 tra-

1811 5509 2058 5559 ctantem
2083 5517 2308 5556 omnem
2335 5499 2510 5553 vitam
2547 5513 2707 5552 suam
2751 5494 3141 5567 paenitentiam
3185 5497 3404 5567 agendo

1811 5593 2148 5648 monachum
2179 5606 2301 5646 esse
2330 5591 2581 5660 oportet;
2614 5585 2695 5640 sic
2722 5584 2874 5639 enim
2911 5583 3083 5640 abbas
3120 5585 3404 5645 'Arsenius

1811 5684 1962 5740 vixit.

3012 5780 3092 5844 30
