3934 6394
561 377 668 438 939

1719 380 1812 435 DE
1849 377 2036 435 vms
2075 354 2369 433 rATRUM
2407 373 2621 433 LIBER
2658 377 2724 430 v.

3733 363 3837 433 941)

543 513 554 522 '
627 503 720 563 40.
751 483 903 560 Dixit
916 519 1084 558 senex
1112 502 1287 568 :Quia
1307 504 1354 559 si
1376 503 1501 576 quis
1524 521 1725 560 aurum
1743 505 1828 558 vel
1854 507 2149 573 argentum
2310 502 2396 556 50.
2423 501 2693 556 Dicebant
2717 517 2910 556 senes:
2942 499 3086 565 Quia
3110 498 3169 554 in
3199 506 3390 556 monte
3417 499 3632 556 abbatis
3662 502 3832 558 Anto-

539 594 820 668 'perdidit,
855 598 1037 664 potest
1064 593 1378 648 reinvenire
1399 612 1500 666 pro
1515 611 1580 649 eo
1607 595 1756 666 quod
1778 593 2044 665 perdidit.

2253 590 2330 645 nii
2347 591 2617 644 sedebant
2632 599 2848 662 septem
2864 589 3122 644 monachi
3135 595 3387 661 tempore
3399 591 3770 662 dactylorum,
3785 598 3837 647 et

629 681 718 740 41.
749 682 902 737 Dixit
929 698 1134 736 senex:
1170 682 1326 738 Sicut
1365 685 1528 738 miles
1561 690 1618 738 et
1663 690 1898 736 venator
1941 681 2165 753 proﬁci-
2248 695 2394 734 unus
2424 697 2488 734 ex
2519 681 2600 734 eis
2623 679 2884 750 abigebat
2912 677 2982 733 ab
2997 679 3078 732 eis
3105 679 3354 734 volucres
3377 698 3389 732 :
3411 686 3534 734 erat
3556 687 3746 736 autem
3763 681 3833 736 ibi

559 778 778 826 scentes
809 771 878 826 ad
908 772 1258 843 propositum
1289 771 1394 826 sibi
1431 772 1700 838 laborem,
1753 788 1864 825 non
1917 770 2166 840 cogitant
2247 785 2434 834 senex,
2469 769 2563 840 qui
2593 769 2651 823 in
2681 769 2770 822 die
2800 784 2912 839 qua
2941 784 3069 822 eum
3099 767 3349 839 dactylos
3377 769 3660 824 custodire
3707 786 3834 825 con-

557 868 752 916 utrum
781 862 1110 916 vulneretur
1133 861 1356 932 aliquis,
1385 877 1460 916 an
1485 861 1693 916 illaesus
1724 866 1951 914 maneat
1980 860 2159 926 alter;

2245 857 2514 928 tingebat,
2534 857 2831 924 clamabat,
2857 857 3048 912 dicens
3073 875 3084 910 :
3109 857 3390 912 Discedite
3403 857 3472 912 ab
3491 857 3663 927 intro,
3681 859 3835 914 male

537 950 654 1005 'sed
685 950 1073 1022 unusquisque
1101 967 1202 1022 pro
1231 967 1290 1005 se
1313 950 1430 1006 solo
1457 955 1670 1006 certat:
1717 949 1798 1004 ita
1839 953 2062 1020 oportet
2107 957 2165 1002 et
2244 947 2630 1018 cogitationes,
2655 953 2714 1001 et
2741 947 2810 1000 de
2835 947 2968 1000 foris
2993 963 3140 1000 aves.

537 1039 896 1095 'monachum
923 1056 1062 1094 esse.

2316 1037 2402 1091 5|.
2437 1035 2638 1090 Frater
2665 1036 2892 1107 quidam
2921 1036 2980 1090 in
3009 1035 3163 1090 cellis
3188 1024 3516 1091 infundebat
3561 1037 3834 1108 palmulas

538 1133 542 1138 ’
623 1131 802 1194 819
831 1127 921 1186 42.
946 1129 1106 1184 Dixit
1130 1146 1297 1184 senex
1325 1149 1336 1183 :
1372 1130 1528 1185 Sicut
1547 1145 1714 1184 nemo
1745 1133 1930 1200 potest
1955 1127 2159 1182 laedere
2241 1141 2402 1192 suas;
2437 1131 2496 1180 et
2522 1142 2650 1179 cum
2685 1125 2924 1180 sedisset
2941 1125 3122 1179 facere
3142 1125 3370 1196 plectas,
3395 1125 3530 1180 dicit
3565 1127 3616 1181 ei
3636 1127 3838 1207 cogita-

541 1234 685 1273 eum
711 1217 808 1290 qui
836 1218 907 1272 ad
935 1219 1084 1274 latus
1105 1219 1463 1290 imperatoris
1479 1225 1582 1285 est,
1617 1219 1698 1273 ita
1715 1235 1899 1288 neque
1917 1217 2158 1272 Satanas
2242 1213 2320 1268 tio
2359 1231 2478 1280 sua,
2509 1220 2571 1268 ut
2595 1215 2701 1269 iret
2721 1215 2792 1268 ad
2813 1215 3115 1285 quemdam
3137 1230 3328 1268 senem
3352 1215 3577 1269 visitare
3594 1231 3746 1270 eum.
3769 1217 3838 1272 Et

533 1311 742 1377 ’potest
766 1306 979 1378 aliquid
997 1323 1100 1362 nos
1120 1324 1338 1370 nocere,
1366 1307 1412 1360 si
1439 1307 1629 1362 anima
1657 1312 1851 1361 nostra
1871 1305 2160 1360 inhaeserit
2240 1303 2445 1358 iterum
2476 1303 2728 1374 cogitans
2757 1303 2816 1358 in
2847 1303 3166 1374 semetipso,
3192 1303 3412 1358 dicebat
3439 1321 3452 1357 ε
3477 1307 3608 1362 Post
3633 1321 3836 1376 paucos

535 1394 697 1449 ‘Deo:
721 1393 991 1466 scriptum
1029 1400 1116 1449 est
1135 1397 1313 1450 enim:
1341 1397 1800 1468 Appr0pinquate
1825 1395 1960 1450 mihi
1983 1400 2040 1448 et
2059 1411 2154 1466 ap-
2239 1392 2359 1446 dies
2383 1392 2604 1446 vadam.
2629 1394 2698 1447 Et
2726 1409 2951 1447 rursum
2985 1392 3206 1447 dicebat
3234 1393 3286 1447 ei
3331 1393 3606 1464 cogitatus
3651 1411 3792 1449 suus
3819 1413 3830 1448 :

546 1483 939 1556 propinquabo
967 1483 1122 1538 vobis
1153 1486 1356 1551 (Zach.,
1388 1487 1426 1555 1)
1461 1504 1472 1553 ;
1520 1485 1616 1540 sed
1654 1485 1786 1556 quia
1827 1485 2154 1555 frequenter
2239 1481 2298 1536 Si
2328 1481 2478 1536 inter
2497 1483 2613 1537 haec
2629 1483 2924 1549 moriatur,
2946 1483 3078 1553 quid
3098 1482 3424 1536 facies?Sed
3444 1483 3642 1537 vadam
3664 1484 3830 1540 modo

541 1571 891 1638 'extollimur,
922 1572 1084 1627 facile
1105 1573 1254 1644 rapit
1282 1573 1546 1628 inimicus
1587 1574 1852 1629 miseram
1901 1573 2152 1628 animam
2233 1576 2299 1625 ut
2320 1571 2520 1642 loquar
2548 1571 2619 1637 ei,
2669 1577 2899 1642 propter
2924 1571 3175 1626 aestivum
3204 1575 3442 1643 tempus.
3493 1571 3564 1626 Et
3606 1570 3820 1628 iterum

539 1664 804 1715 'nostram
833 1661 892 1714 in
920 1661 1230 1731 ignominia
1259 1663 1553 1734 passionis.
2125 1650 2128 1652 ⁷
2235 1659 2374 1714 dixit
2402 1660 2552 1714 intra
2579 1677 2674 1714 se:
2711 1660 2823 1715 Sed
2861 1677 2973 1715 non
3002 1667 3088 1714 est
3127 1661 3292 1714 modo
3333 1665 3572 1732 tempus.
3611 1649 3826 1717 Iterum

623 1747 712 1804 43.
743 1749 942 1804 Frater
968 1749 1108 1804 dixit
1135 1750 1357 1804 cuidam
1387 1751 1507 1806 seni
1537 1770 1549 1806 :
1579 1750 1734 1806 Nihil
1763 1768 1965 1824 pugnae
1992 1750 2152 1806 video
2173 1819 2207 1824 Α
2235 1755 2424 1804 autem
2456 1749 2738 1820 cogitavit,
2765 1750 2955 1804 dicens
2980 1767 2992 1804 :
3024 1749 3130 1804 Sed
3157 1766 3284 1804 cum
3311 1749 3572 1804 incideris
3587 1750 3834 1822 scirpum

532 1838 609 1893 -in
637 1837 804 1892 corde
831 1853 976 1894 meo.
1019 1838 1088 1892 Et
1135 1839 1275 1894 dixit
1302 1840 1353 1894 ei
1383 1857 1584 1895 senex:
1638 1841 1723 1896 Tu
1763 1819 1869 1894 “sic.
1901 1857 1961 1894 es
2003 1840 2160 1894 velut
2169 1819 2217 1880 Β
2236 1839 2308 1893 ad
2336 1819 2544 1894 mattas
2572 1841 2637 1893 fit
2651 1845 2894 1910 tempus.
2915 1838 2988 1892 Et
3001 1855 3224 1893 rursum
3248 1839 3418 1893 dixit:
3453 1819 3838 1912 Extendapal-

533 1927 980 1998 -quadrigemina
1007 1933 1188 2000 porta,
1220 1935 1288 1984 ut
1333 1930 1652 2002 quicunque
1703 1931 1942 1984 voluerit
1981 1929 2155 1984 intret
2235 1929 2418 1983 mulas
2446 1929 2582 1983 istas
2611 1935 2668 1982 et
2692 1935 2825 1982 tunc
2849 1928 3009 1982 vado.
3034 1929 3248 1982 Rursus
3267 1928 3411 1982 dixit
3429 1927 3488 1982 in
3513 1929 3832 2000 semetipso:

545 2017 696 2072 unde
717 2017 958 2072 voluerit
985 2017 1044 2072 in
1064 2023 1140 2083 te,
1172 2024 1232 2074 et
1256 2019 1407 2074 unde
1422 2020 1659 2074 voluerit
1680 2025 1859 2084 exeat,
1881 2025 1939 2074 et
1954 2025 2016 2074 tu
2037 2035 2151 2073 non
2236 2017 2346 2072 Sed
2375 2017 2538 2072 hodie
2568 2017 2778 2072 bonum
2808 2033 2995 2071 aerem
3026 2016 3176 2072 facit.
3211 2017 3278 2071 Et
3329 2033 3564 2087 surgens
3607 2019 3838 2090 reliquit

548 2105 820 2177 intelligis
847 2122 970 2178 qua:
1001 2113 1268 2178 aguntur.
1300 2109 1445 2163 Nam
1475 2108 1524 2163 si
1554 2108 1791 2163 haberes
1813 2109 2048 2178 januam
2097 2113 2155 2162 et
2234 2107 2450 2177 palmas
2479 2107 2711 2173 infusas,
2741 2111 2798 2160 et
2821 2107 3022 2160 tollens
3049 2106 3310 2160 melotem
3335 2123 3514 2174 suam,
3548 2107 3681 2162 ibat.
3697 2108 3836 2163 Erat

537 2194 842 2250 clauderes
883 2211 1030 2262 eam,
1080 2212 1182 2250 nec
1231 2197 1590 2267 permitteres
1633 2198 1846 2252 intrare
1891 2214 1992 2269 per
2027 2213 2151 2251 eam
2234 2201 2422 2250 autem
2453 2212 2619 2250 senex
2649 2195 2878 2266 quidam
2899 2195 3114 2250 vicinus
3143 2195 3214 2261 ei,
3255 2196 3339 2250 vir
3365 2197 3707 2268 praevidens;
3735 2197 3834 2269 qui

548 2284 916 2355 cogitationes
944 2285 1142 2352 malas,
1183 2293 1319 2340 tunc
1365 2286 1581 2342 videres
1627 2292 1841 2342 stantes
1882 2286 2037 2353 foris,
2095 2292 2153 2340 et
2233 2301 2359 2339 cum
2385 2285 2616 2339 vidisset
2639 2301 2766 2338 cum
2797 2285 3016 2356 impetu
3032 2283 3412 2340 ambulantem
3443 2285 3719 2352 clamavit,
3750 2287 3834 2341 di-

545 2379 864 2444 pugnantes
891 2373 1190 2428 adversum
1227 2379 1304 2430 te.
2232 2389 2392 2428 cens:
2427 2375 2676 2445 Captive,
2707 2374 2940 2445 captive,
2971 2373 3068 2428 ubi
3102 2374 3314 2429 curris?
3347 2374 3472 2429 veni
3501 2375 3609 2430 huc
3627 2375 3699 2430 ad
3714 2391 3830 2430 me.

532 2527 545 2537 _
615 2460 705 2518 44.
743 2461 1016 2518 Dicebant
1045 2463 1116 2518 de
1144 2464 1388 2535 quodam
1417 2481 1550 2519 sene
1579 2465 1713 2536 quia
1740 2465 1964 2537 quando
1980 2464 2032 2519 ei
2051 2480 2146 2520 co-
2229 2463 2336 2528 Qui
2365 2480 2488 2518 cum
2523 2463 2784 2529 venisset,
2817 2463 2958 2518 dixit
2987 2463 3037 2517 ei
3065 2480 3233 2518 senex
3257 2481 3269 2516 :
3299 2464 3595 2538 Revertere
3619 2463 3681 2518 in
3709 2465 3828 2520 cel-

546 2549 850 2622 gitationes
877 2569 992 2607 sua;
1021 2551 1316 2606 dicebant:
1359 2553 1591 2608 Dimitte
1632 2555 1818 2621 hodie,
1861 2555 1982 2624 jam
2029 2571 2148 2608 cra-
2228 2552 2340 2606 lam
2370 2557 2546 2606 tuam.
2581 2553 2680 2607 Ille
2702 2557 2890 2606 autem
2916 2551 3093 2607 frater
3120 2553 3368 2607 narravit
3386 2553 3437 2607 ei
3470 2554 3670 2608 ﬂuctus
3682 2569 3830 2625 quos

545 2639 693 2694 stino
723 2639 1020 2712 poenitebis
1044 2659 1058 2708 ;
1090 2641 1508 2697 contradicebat
1521 2643 1600 2696 eis
1616 2643 1709 2696 ille
1731 2643 1922 2698 dicens
1949 2661 1960 2696 :
1991 2641 2140 2709 Non,
2226 2641 2536 2711 pertulerat
2561 2641 2618 2694 in
2649 2640 3083 2712 cogitationibus
3113 2641 3249 2707 suis,
3277 2647 3334 2696 et
3358 2641 3438 2696 ita
3457 2657 3715 2696 reversus
3739 2648 3832 2697 est

539 2718 645 2807 sed
673 2726 840 2782 hodie
860 2728 1250 2798 penitentiam
1266 2746 1371 2800 ago
1397 2749 1409 2797 ;
1433 2731 1678 2786 crastino
1707 2737 1898 2786 autem
1929 2731 2028 2784 ﬁat
2053 2747 2146 2785 vo-
2227 2730 2297 2784 ad
2327 2731 2524 2784 cellam
2549 2745 2730 2784 suam.
2763 2731 2834 2785 Et
2859 2746 2986 2784 cum
3031 2729 3316 2801 ingressus
3345 2730 3542 2786 fuisset
3583 2731 3643 2786 in
3671 2723 3827 2798 eam,

537 2811 732 2892 luntas
760 2816 984 2871 Domini
1005 2819 1186 2886 (Ra/)2,
1221 2821 1260 2873 ι.
1287 2832 1370 2885 III,
1398 2835 1454 2873 η.
1477 2819 1626 2890 165).
2223 2819 2524 2890 prostravit
2555 2836 2632 2884 se,
2665 2823 2720 2872 et
2737 2818 3121 2890 paenitentiam
3147 2819 3280 2890 egit.
3313 2818 3428 2874 Hoc
3445 2825 3632 2874 autem
3648 2819 3822 2888 facte,

546 2963 553 2970 _
615 2903 712 2963 45.
745 2905 901 2960 Dixit
928 2923 1136 2962 senex:
1182 2907 1306 2961 Nisi
1353 2908 1594 2962 exterior
1637 2913 1829 2963 noster
1869 2909 2037 2964 homo
2083 2926 2142 2964 se
2225 2925 2357 2962 voce
2387 2924 2594 2978 magna
2625 2907 2808 2962 subito
2835 2907 3116 2962 daemones
3133 2909 3822 2976 clamaverunt,dicentes:

545 2992 733 3050 sobrie
751 2995 1010 3066 gesserit,
1035 2995 1381 3066 impossibile
1393 3001 1478 3051 est
1493 2997 1772 3052 custodire
1791 2998 2138 3054 interiorem.
2223 2997 2422 3050 Vicisti
2450 3013 2570 3063 nos,
2605 2997 2896 3062 monache,
2927 2997 3105 3052 vicisti
3133 3013 3254 3052 nos.
3289 2998 3357 3052 Et
3373 2997 3518 3052 facta
3544 3003 3830 3054 estmatta

616 3082 704 3140 46.
729 3083 962 3139 Dicebat
981 3101 1151 3139 senex
1170 3103 1181 3139 :
1211 3085 1354 3150 Quia
1372 3092 1488 3140 tres
1505 3086 1736 3142 virtutes
1758 3088 1999 3155 Satana‘,
2017 3106 2140 3160 quae

2223 3087 2344 3156 ejus
2369 3102 2539 3156 supra
2564 3103 2731 3158 quam
2743 3085 2986 3157 jacebat,
3015 3087 3168 3142 velut
3179 3085 3248 3140 ab
3264 3085 3391 3157 igne
3406 3088 3652 3142 ustulata
3676 3106 3692 3157 ;
3715 3089 3829 3144 da-

541 3169 867 3247 praecedunt
898 3173 1159 3228 universa
1185 3179 1412 3246 peccata
1443 3195 1455 3230 :
1491 3175 1674 3246 prima
1703 3176 2014 3241 oblivionis,
2050 3183 2200 3242 se-C
2223 3191 2418 3229 mones
2447 3181 2637 3229 autem
2662 3175 2816 3230 velut
2841 3175 3030 3230 fumus
3058 3175 3414 3230 exterminati
3440 3181 3589 3244 sunt,
3620 3177 3821 3249 sicque

540 3255 726 3318 cunda
749 3261 1124 3334 negligentiae,
1146 3264 1315 3318 tertia
1329 3265 1812 3336 concupiscentiae.
1849 3266 2070 3321 Etenim
2093 3267 2140 3321 si

539 3350 744 3408 oblivio
769 3351 1003 3416 venerit,
1029 3358 1264 3422 generat
1282 3353 1716 3425 negligentiam;
1753 3354 1823 3407 de
1854 3355 2141 3426 negligen-

538 3440 620 3518 tia
645 3457 776 3495 vero
796 3439 1243 3512 concupiscentia
1273 3442 1524 3497 nascitur
1553 3461 1564 3511 ;
1591 3443 1659 3498 de
1687 3443 2140 3515 concupiscentia

538 3547 670 3585 vero
697 3529 910 3584 corruit
931 3530 1122 3584 homo.
1154 3530 1213 3586 Si
1247 3531 1397 3586 enim
1427 3531 1510 3586 ita
1537 3537 1622 3587 est
1650 3531 1836 3588 sobria
1865 3549 2046 3602 mens,
2075 3539 2142 3590 ut

539 3619 872 3675 oblivionem
904 3625 1152 3692 respuat,
1185 3621 1252 3675 ad
1289 3622 1695 3694 negligentiam
1725 3640 1837 3678 non
1863 3624 2051 3692 venit;
2085 3631 2143 3679 et

538 3707 586 3763 si
599 3724 714 3763 non
734 3707 1044 3778 neglexerit
1055 3709 1561 3782 concupiscentiam
1587 3727 1699 3766 non
1714 3710 1935 3782 recipit;
1953 3712 2000 3766 si
2015 3729 2140 3768 vero

538 3796 1050 3869 concupiscentiam
1074 3815 1188 3853 non
1219 3799 1436 3871 recipit,
1482 3816 1774 3872 nunquam
1811 3799 1976 3854 cadet
2017 3802 2140 3874 opi-

536 3886 756 3942 tulante
784 3887 992 3942 Christi
1019 3885 1224 3958 gratia.

553 3969 557 3974 ”
605 3973 698 4030 47.
728 3975 882 4031 Dixit
899 3975 1127 4047 quidam
1151 3993 1346 4032 senex:
1365 3976 1761 4032 Taciturnitati
1792 3994 2020 4050 operam
2043 3977 2134 4045 da,

537 4067 597 4120 e't
619 4063 760 4118 nihil
786 4080 992 4119 vanum
1023 4064 1252 4136 cogites,
1282 4071 1340 4120 et
1367 4066 1595 4121 intende
1639 4067 1994 4122 meditationi
2025 4072 2136 4122 tuae

537 4151 656 4206 sive
685 4151 978 4224 quiescens
998 4153 1084 4207 vel
1112 4170 1349 4225 surgens
1379 4171 1506 4209 cum
1536 4155 1740 4210 timore
1759 4155 1886 4216 Dei.
1924 4157 1994 4210 Et
2021 4157 2139 4212 haec

535 4239 768 4308 faciens,
797 4241 1173 4312 malignorum
1211 4242 1456 4314 impetus
1485 4260 1598 4298 non
1627 4243 1872 4300 timebis.

548 4318 556 4328 ’
610 4326 700 4386 48.
733 4329 883 4385 Dixit
910 4347 1080 4385 senex
1108 4329 1329 4386 cuidam
1357 4331 1518 4386 fratri
1543 4351 1555 4386 :
1599 4332 1865 4388 Diabolus
1895 4339 1980 4389 est
2021 4334 2133 4389 ini-

537 4417 738 4486 micus,
769 4423 828 4473 et
847 4425 910 4474 tu
939 4419 1158 4474 domus.
1193 4419 1462 4475 Inimicus
1500 4437 1632 4492 ergo
1676 4438 1790 4476 non
1831 4431 2012 4478 cessat
2043 4425 2136 4494 ja-

2221 3265 2396 3318 frater
2425 3265 2517 3318 ille
2547 3263 2742 3318 didicit
2768 3265 3044 3319 versutias
3074 3281 3286 3320 eorum.

2294 3351 2380 3410 5'2.
2409 3352 2682 3408 Dicebant
2709 3353 2779 3407 de
2810 3353 3052 3424 quodam
3089 3369 3220 3408 sene
3241 3353 3373 3424 quia
3393 3353 3747 3410 moriebatur
3766 3355 3825 3411 in

2221 3442 2434 3514 Scythi,
2465 3447 2522 3496 et
2552 3441 3043 3496 circumdederunt
3087 3441 3287 3496 fratres
3329 3441 3532 3497 lectum
3569 3443 3712 3514 ejus,
3767 3450 3828 3498 et

2221 3531 2530 3585 vestierunt
2557 3547 2706 3597 eum,
2737 3536 2794 3585 et
2821 3535 3111 3602 coeperunt
3137 3531 3274 3584 flere
3297 3549 3310 3599 ;
3341 3530 3435 3584 ille
3459 3535 3650 3586 autem
3677 3547 3824 3604 ape-

2222 3619 2338 3674 ruit
2365 3620 2553 3674 oculos
2583 3636 2714 3674 suos
2743 3626 2800 3674 et
2827 3620 2971 3687 risit,
3021 3625 3078 3674 et
3119 3620 3326 3690 adjecit
3376 3619 3580 3674 iterum
3630 3621 3826 3676 ridere

2226 3711 2411 3777 (Ra/7.,
2443 3715 2480 3763 t.
2517 3723 2600 3776 In,
2631 3726 2698 3766 η.
2740 3708 2880 3779 159).
2913 3710 3031 3764 Hoc
3057 3715 3248 3765 autem
3275 3708 3483 3763 factum
3509 3713 3598 3764 est
3620 3711 3826 3766 tertio.

2223 3799 2383 3862 Quod
2412 3814 2541 3852 cum
2559 3798 2815 3853 viderent
2843 3798 3062 3865 fratres,
3095 3802 3434 3870 rogaverunt
3451 3813 3601 3860 eum,
3633 3797 3828 3855 dicen-

2222 3893 2306 3942 tes
2330 3905 2341 3940 :
2376 3887 2476 3943 Dic
2501 3887 2682 3954 nobis,
2713 3886 2874 3955 abba,
2907 3903 3080 3959 quare
3091 3887 3251 3942 nobis
3269 3886 3530 3942 ﬂentibus
3547 3892 3611 3942 tu
3625 3889 3788 3944 rides
3802 3888 3828 3942 ?

2222 3976 2290 4030 Et
2317 3976 2458 4030 dixit
2477 3976 2584 4030 eis:
2619 3976 2810 4031 Primo
2839 3976 2958 4043 risi,
2987 3975 3120 4048 quia
3143 3993 3240 4030 vos
3278 3975 3490 4030 timetis
3537 3981 3823 4043 mortem;

2219 4066 2463 4120 secundo
2493 4065 2611 4132 risi,
2637 4065 2769 4136 quia
2780 4082 2892 4120 non
2907 4065 3042 4120 estis
3053 4065 3237 4137 parati
3266 4087 3279 4136 ;
3300 4065 3468 4120 tertio
3489 4069 3684 4121 autem
3695 4067 3825 4134 risi,

2219 4154 2350 4226 quia
2371 4171 2438 4208 ex
2457 4153 2646 4208 labore
2660 4154 2731 4208 ad
2752 4154 3006 4226 requiem
3028 4153 3188 4221 vado,
3221 4159 3279 4208 et
3297 4171 3392 4208 vos
3419 4153 3676 4226 ploratis.
3704 4155 3828 4210 Hoc

2219 4258 2346 4297 cum
2375 4242 2624 4306 dixisset,
2655 4243 2848 4297 statim
2880 4247 3075 4314 utpote
3103 4242 3348 4297 moriens
3371 4242 3575 4297 clausit
3600 4243 3823 4299 oculos.

2291 4331 2378 4388 53.
2392 4333 2872 4403 Venitaliquando
2887 4333 3063 4386 frater
3073 4347 3308 4386 manens
3329 4331 3386 4384 in
3399 4331 3538 4385 cella
3551 4331 3624 4386 ad
3637 4347 3826 4388 unum

2218 4421 2288 4476 de
2317 4421 2598 4486 Patribus,
2624 4427 2682 4475 et
2699 4421 2838 4476 dixit
2859 4421 2929 4487 ei,
2956 4420 3087 4492 quia
3111 4438 3146 4476 a
3170 4420 3509 4490 cogitatione
3527 4437 3631 4476 sua
3665 4421 3827 4476 afﬂi-

537 4513 691 4563 ctare
717 4521 890 4580 super
904 4513 962 4564 te
991 4508 1263 4580 quidquid
1291 4509 1596 4564 sordidum‘
1627 4511 1921 4580 invenerit,
1955 4512 2134 4567 etlun-
2153 4503 2464 4581 Dgeretur.
2501 4511 2570 4564 Et
2597 4509 2738 4564 dixit
2764 4510 2815 4564 ei
2845 4526 3012 4564 senex
3036 4527 3047 4563 :
3080 4513 3273 4576 6'3
3302 4510 3387 4564 Tu
3438 4509 3727 4580 projecisti
3763 4511 3829 4566 in

533 4596 674 4652 dens
687 4597 747 4652 in
765 4601 824 4653 te
844 4597 1133 4653 universas
1162 4597 1572 4656 immunditias.
1605 4600 1786 4654 Tuum
1817 4607 1904 4654 est
1921 4606 2132 4669 autem,

533 4699 649 4741 non
669 4687 952 4758 negligere
983 4693 1047 4742 ut
1073 4687 1336 4759 projicias
1364 4687 1500 4742 foris
1527 4705 1649 4760 quae
1677 4689 1771 4743 ille
1795 4690 2094 4760 jactaverit
2118 4706 2132 4746 :

535 4789 668 4830 nam
694 4775 742 4830 si
770 4775 1099 4846 neglexeris,
1117 4775 1426 4848 replebitur
1445 4776 1545 4831 tibi
1563 4777 1763 4832 domus
1783 4778 2060 4844 sordibus,
2078 4783 2136 4833 et

534 4878 892 4936 nequaquam
920 4864 1128 4919 valebis
1151 4865 1366 4920 intrare
1410 4865 1469 4920 in
1501 4882 1648 4931 eam,
1696 4868 1794 4922 sed
1841 4867 1912 4922 ab
1947 4867 2130 4935 initio,

533 4956 660 5024 qua;
688 4953 782 5008 ille
803 4953 1119 5026 jactaverit,
1151 4959 1215 5008 tu
1255 4954 1394 5026 ejice
1437 4955 1734 5029 paulatim,
1783 4961 1841 5012 et
1887 4955 2136 5013 manebit

531 5042 735 5098 domus
761 5047 862 5099 tua
886 5043 1100 5098 munda
1120 5060 1220 5116 per
1245 5045 1488 5114 gratiam
1517 5044 1745 5101 Christi.

600 5129 692 5190 49.
724 5131 1128 5204 Dixit-quidam
1157 5149 1354 5188 senum
1388 5152 1400 5186 :
1453 5133 1690 5198 Quando
1735 5133 2136 5206 cooperiuntur

532 5221 680 5278 oculi
699 5221 982 5289 animalis,
1005 5227 1141 5278 tunc
1161 5221 1362 5278 circuit
1387 5221 1454 5277 ad
1476 5221 1864 5282 molendinum
1886 5241 1898 5277 :
1930 5223 2018 5278 sin
2037 5240 2135 5280 au-

529 5317 648 5367 tem
679 5310 1058 5384 discoopertos
1086 5310 1352 5366 habuerit
1379 5311 1588 5375 oculos,
1635 5327 1749 5368 non
1778 5311 2032 5368 ambulat
2073 5313 2134 5370 in

529 5399 768 5457 circuitu
799 5400 962 5456 molae
991 5416 1005 5455 :
1033 5399 1113 5454 sic
1137 5400 1286 5454 enim
1328 5405 1386 5454 et
1425 5399 1700 5467 diabolus,
1740 5401 1788 5456 si
1827 5402 2135 5459 occurrerit

531 5489 821 5564 cooperire
847 5488 1039 5545 oculos
1065 5487 1330 5554 hominis,
1360 5489 1418 5543 in
1445 5504 1612 5544 omne
1632 5494 1921 5560 peccatum
1949 5491 2133 5548 humi-

527 5577 632 5635 liat
659 5593 827 5646 eum;
859 5577 1011 5650 quod
1039 5577 1088 5632 si
1107 5593 1221 5633 non
1237 5572 1449 5634 fuerint
1475 5577 1652 5634 clausi
1669 5579 1815 5636 oculi
1838 5580 1981 5651 ejus,
2001 5581 2131 5636 faci-

526 5665 642 5728 lius
664 5671 852 5744 potest
874 5667 1123 5746 effugere
1151 5666 1222 5724 ab
1247 5683 1333 5724 eo.

2218 4605 2371 4654 terra
2392 4599 2796 4654 ferramentum
2817 4615 3106 4670 magnum,
3131 4597 3279 4670 quod
3309 4603 3394 4652 est
3413 4597 3588 4652 timor
3605 4599 3732 4667 Dei,
3767 4604 3832 4654 et

2217 4689 2479 4760 accepisti
2517 4689 2576 4743 in
2604 4705 2775 4743 manu
2796 4694 2990 4743 tenere
3017 4686 3384 4743 arundineam
3427 4687 3666 4758 virgam,
3709 4688 3830 4744 hoc

2219 4783 2305 4833 est
2330 4777 2697 4849 cogitationes
2707 4777 2902 4839 malas.
2921 4777 3123 4848 Accipe
3143 4793 3278 4848 ergo
3289 4775 3468 4848 magis
3481 4775 3586 4831 tibi
3597 4777 3824 4848 ignem,

2217 4867 2315 4939 qui
2345 4873 2431 4922 est
2447 4867 2618 4922 timor
2643 4867 2766 4922 Dei.
2792 4864 2868 4921 Et
2885 4865 3108 4938 quando
3131 4863 3541 4937 approximabit
3551 4864 3657 4920 tibi
3667 4867 3830 4939 cogi-

2217 4956 2358 5010 tatio
2387 4957 2555 5023 mala,
2576 4955 2729 5010 velut
2748 4955 2997 5010 calamus
3015 4954 3145 5026 igne
3164 4953 3382 5009 timoris
3404 4953 3504 5009 Dei
3521 4953 3828 5011 combure-

2216 5053 2347 5112 tur;
2381 5062 2563 5118 neque
2592 5045 2741 5100 enim
2775 5045 3038 5117 praevalet
3065 5043 3285 5100 malitia
3311 5043 3580 5099 adversus
3598 5060 3695 5100 eos
3717 5045 3828 5118 qui

2215 5133 2426 5188 habent
2461 5133 2723 5188 timorem
2748 5133 2868 5189 Dei.

2287 5221 2375 5280 54.
2408 5223 2558 5278 Dixit
2581 5223 2810 5296 quidam
2829 5223 3062 5278 Patrum
3087 5240 3098 5276 :
3127 5221 3250 5277 Nisi
3273 5220 3428 5292 prius
3447 5221 3575 5276 odio
3603 5222 3830 5281 habue~

2214 5311 2311 5380 ris,
2339 5329 2453 5368 non
2480 5318 2640 5384 potes
2665 5312 2920 5383 diligere.
2947 5311 3068 5367 Nisi
3099 5327 3232 5382 ergo
3273 5309 3460 5365 oderis
3496 5317 3822 5382 peccatum,

2213 5418 2327 5457 ncn
2354 5402 2524 5456 facies
2539 5401 2842 5472 justitiam,
2872 5401 3018 5456 sicut
3044 5400 3315 5472 scriptum
3343 5405 3428 5454 est
3453 5418 3465 5454 :
3515 5400 3760 5458 Declina
3787 5420 3825 5460 α

2213 5491 2380 5558 malo,
2409 5495 2466 5545 et
2493 5490 2580 5545 fac
2607 5491 2818 5546 bonum
2849 5493 3016 5559 (Psal.
3048 5498 3248 5554 XXXVI).
3299 5489 3708 5546 Verumtamen
3757 5495 3824 5549 in

2213 5579 2472 5635 omnibus
2499 5580 2584 5635 his
2604 5580 2956 5652 propositum
3009 5578 3186 5634 animi
3231 5576 3439 5650 ubique
3479 5578 3822 5651 requiritur.

2211 5669 2392 5726 Adam
2414 5669 2566 5726 enim
2583 5669 2642 5725 in
2661 5668 2924 5742 paradiso
2952 5665 3706 5743 consistens,.praevaricatus
3729 5677 3825 5734 est
