3934 6376
83 349 183 408 941

1391 356 1629 412 VERBA
1668 356 2058 416 SENIORUM.

3252 368 3357 433 942

83 475 414 534 mandatum
437 476 542 533 Dei
562 476 693 535 :Job
713 481 904 534 autem
929 477 989 533 in
1008 482 1251 535 stercore
1269 479 1681 547 sedens,custo-
1699 483 1745 541 A
1764 481 2132 553 loquerentur
2168 484 2274 540 sibi
2297 486 2368 541 ad
2397 486 2653 557 invicem,
2700 489 2995 563 increpans
3025 509 3120 548 eos
3163 494 3304 551 dixit
3337 515 3350 552 :

84 566 242 621 divit.
266 567 426 623 Unde
455 572 675 624 constat
703 568 838 640 quia
864 568 1213 641 propositum
1241 568 1451 624 bonum
1482 570 1683 641 quaerit
1763 572 1984 640 Tacete,
2014 574 2241 643 fratres;
2278 593 2380 646 ego
2405 577 2554 631 enim
2583 578 2696 633 scio
2717 596 2892 635 unum
2919 581 3152 638 fratrem
3192 600 3357 639 man-

84 656 235 712 Deus
254 656 325 712 ab
353 657 601 725 homine,
630 662 696 713 ut
722 674 946 729 semper
971 663 1165 713 teneat
1191 675 1341 715 eum.

458 783 803 840 LIBELLUS
840 782 1326 840 DUODECIMUS.

1764 660 2065 717 ducantem
2087 663 2393 731 vobiscum,
2418 672 2475 720 et
2510 668 2689 722 oratio
2714 669 2836 740 ejus
2864 672 3117 727 ascendit
3142 672 3201 727 in
3231 690 3361 729 con-

1765 758 1959 823 spectu
1982 753 2083 807 Dei
2099 754 2249 809 velut
2268 755 2434 826 ignis.

1836 838 1889 896 8.
1924 842 2090 897 Venit
2121 842 2294 897 abbas
2324 845 2428 899 Lot
2466 845 2537 900 ad
2569 845 2827 902 abbatem
2852 848 3077 921 Joseph,
3112 856 3169 906 et
3223 852 3363 909 dixit

86 908 161 965 De
182 925 241 964 eo
263 909 408 979 quod
432 912 551 964 sine
586 912 997 965 intermissione
1024 917 1073 966 et
1101 913 1277 966 sobrie
1311 913 1458 966 debet
1499 914 1676 967 orari.

1784 929 1812 983 ei
1838 948 1849 983 :
1875 929 2052 997 Abba,
2067 932 2372 988 secundum
2401 935 2669 990 virtutem
2693 954 2903 1005 meam,
2932 938 3361 997 faciomodicam

157 1017 186 1071 1
202 1057 215 1070 .
238 1016 511 1073 Dicebant
530 1017 601 1072 de
620 1016 821 1073 abbate
846 1017 1104 1086 Arsenio,
1131 1018 1265 1091 quia
1281 1035 1511 1090 vespere
1537 1019 1678 1076 Sab-

1764 1020 2039 1089 regulam,
2062 1026 2119 1075 et
2139 1039 2371 1093 parvum
2387 1024 2688 1094 jejunium,
2723 1031 2780 1080 et
2809 1027 3140 1095 orationem,
3166 1035 3224 1084 et
3249 1047 3363 1085 me-

83 1104 205 1161 bati
222 1106 534 1162 lucescenle
554 1106 864 1173 Dominica,
880 1107 1236 1179 relinquebat
1246 1114 1373 1179 post
1394 1126 1453 1163 se
1478 1109 1672 1176 solem,
1758 1108 2185 1176 ditationem,'et
2205 1111 2467 1183 quietem,
2488 1119 2545 1167 et
2562 1115 2868 1171 secundum
2896 1117 3159 1173 virtutem
3177 1134 3362 1175 meam

88 1200 149 1250 et
173 1194 509 1251 extendebat
535 1212 736 1251 manus
768 1212 899 1253 suas
931 1197 1002 1251 ad
1031 1198 1233 1252 coelum
1261 1214 1446 1263 orans,
1503 1198 1680 1254 donec

88 1299 257 1339 mane
285 1284 375 1339 die
405 1285 696 1341 Dominico
725 1286 1355 1343 illustraretascendens
1367 1288 1449 1341 sol
1484 1287 1684 1345 faciem

90 1374 236 1445 ejus,
267 1378 327 1429 et
353 1374 433 1429 sic
460 1374 742 1430 residebat
770 1376 952 1447 (Ilum,
976 1380 1014 1431 ι.
1040 1390 1122 1443 III,
1157 1394 1316 1432 num.
1348 1376 1460 1448 21).

160 1460 217 1519 2.
258 1460 757 1534 Interrogaverunt
797 1463 998 1520 fratres
1025 1464 1284 1537 abbatem
1312 1467 1684 1538 Agathonem,

90 1551 341 1607 dicentes
377 1571 392 1607 :
423 1553 611 1621 Pater,
642 1570 766 1625 qua:
807 1554 979 1609 virtus
1009 1555 1068 1609 in
1096 1557 1515 1611 conversatione
1562 1558 1688 1629 plus

90 1641 263 1696 habet
303 1640 556 1696 laboris?
585 1643 655 1697 Et
694 1643 834 1697 dixit
877 1644 956 1699 eis
990 1662 1001 1697 :
1031 1646 1306 1716 Ignoscite
1353 1646 1512 1714 mihi,
1556 1646 1688 1717 quia

1767 1198 1966 1252 studeo
1988 1216 2231 1270 purgare
2251 1202 2619 1271 cogitationes
2649 1220 2830 1273 meas;
2864 1206 2999 1277 quid
3028 1224 3160 1277 ergo
3191 1208 3366 1264 debeo

1769 1287 1838 1341 de
1859 1294 2058 1343 caetero
2074 1288 2294 1343 facere?
2313 1291 2559 1361 Surgens
2588 1309 2720 1362 ergo
2733 1310 2921 1361 senex,
2954 1297 3221 1367 expandit
3246 1314 3369 1352 ma-

1771 1393 1878 1431 nus
1899 1393 2029 1431 suas
2048 1377 2104 1431 in
2131 1378 2353 1445 ccelum,
2379 1385 2434 1433 et
2464 1380 2592 1434 facti
2614 1387 2747 1435 sunt
2761 1382 2921 1453 digiti
2952 1385 3074 1454 ejus
3103 1385 3255 1440 velut
3278 1386 3371 1440 de-

1771 1482 1891 1519 cem
1922 1466 2209 1537 lampades
2233 1466 2395 1538 ignis,
2430 1474 2487 1523 et
2516 1468 2657 1523 dixit
2683 1470 2733 1524 ei
2761 1487 2772 1524 :
2810 1470 2869 1525 Si
2897 1471 2998 1538 vis,
3030 1471 3270 1528 efliciere
3282 1479 3372 1528 to-

1772 1559 1862 1609 tus
1880 1555 2027 1609 sicut
2056 1556 2221 1627 ignis.

1842 1642 1896 1699 9.
1929 1644 2220 1700 Venerunt
2261 1630 2563 1717 aliquando
2595 1647 2666 1701 ad
2722 1647 2984 1702 abbatem
3042 1650 3276 1705 Lucium
3316 1651 3375 1706 in

92 1736 230 1802 puto
258 1747 370 1786 non
403 1748 523 1786 esse
552 1732 727 1787 alium
756 1732 1009 1788 laborem
1035 1735 1230 1801 talem,
1268 1735 1492 1805 qualem
1526 1752 1687 1791 orare
1714 1807 1726 1808 7
1772 1732 1990 1788 Ennato
2039 1735 2297 1789 monachi
2355 1735 2607 1807 quidam,
2636 1736 2732 1808 qui
2775 1736 3103 1792 dicebantur
3131 1739 3378 1796 Euchitaa

91 1820 274 1875 Deum
298 1840 311 1889 ;
340 1820 477 1875 dum
497 1822 901 1877 enimvoluerit
924 1824 1092 1878 homo
1109 1840 1270 1879 orare
1292 1825 1470 1880 Deum
1500 1842 1685 1890 suum,
1712 1807 1758 1866 Β
1778 1820 1905 1892 (40),
1930 1822 2036 1878 hoc
2064 1831 2149 1878 est
2178 1828 2404 1879 orantes
2428 1844 2441 1891 ;
2474 1830 2530 1879 et
2554 1825 2925 1895 interrogavit
2944 1843 3039 1881 eos
3071 1844 3260 1895 senex,
3292 1829 3378 1884 di-

91 1926 315 1981 semper
332 1909 546 1965 inimici
562 1911 1123 1968 daemonesfestinant
1140 1914 1552 1986 interrumpere
1570 1932 1692 1969 ora-
1773 1927 1937 1965 cens:
1973 1912 2133 1976 Quod
2162 1918 2248 1967 est
2293 1930 2432 1984 opus
2467 1930 2738 1969 manuum
2764 1920 3079 1970 vestrarum
3099 1918 3286 1985 (Rulli,
3329 1920 3374 1973 ι.

88 1998 304 2054 tionem
328 2000 470 2070 ejus,
489 1998 729 2055 scientes
758 2000 890 2073 quia
918 2018 983 2056 ex
1014 2003 1169 2057 nulla
1199 2020 1259 2057 re
1283 2004 1687 2075 impediuntur,
1774 2014 1834 2067 II,
1868 2019 1923 2055 η.
1955 2000 2129 2072 212)?
2165 2003 2235 2057 Et
2262 2003 2345 2057 illi
2390 2004 2651 2059 dixerunt
2682 2025 2692 2059 ε
2726 2006 2840 2060 Nos
2858 2023 2972 2061 non
3001 2008 3377 2078 contingimus

92 2087 205 2142 nisi
226 2089 649 2160 perorationem
662 2090 843 2145 fusam
863 2091 932 2145 ad
945 2091 1143 2147 Deum.
1161 2092 1448 2164 Siquidem
1466 2111 1692 2149 omnem
1775 2090 2001 2162 aliquod
2032 2108 2171 2163 opus
2216 2109 2509 2160 manuum,
2548 2095 2643 2149 sed
2673 2094 2817 2150 sicut
2843 2095 2979 2150 dicit
3008 2098 3307 2168 Apostolus
3334 2099 3381 2165 (1

94 2176 271 2232 alium
310 2177 579 2246 laborem,
615 2196 781 2252 quem
807 2180 975 2235 homo
1004 2181 1063 2235 in
1094 2181 1357 2253 religiosa
1411 2200 1699 2238 conversa-
1786 2181 1959 2234 Thess.
1995 2182 2065 2251 v),
2094 2181 2216 2235 sine
2244 2181 2660 2237 intermissione
2701 2200 2947 2239 oramus.
2998 2185 3145 2240 Dicit
3173 2186 3252 2241 eis
3296 2201 3382 2241 se-

96 2266 251 2322 tione
268 2268 486 2339 positus
496 2269 881 2341 assumpserit,
916 2271 1171 2342 quamvis
1194 2271 1469 2326 instanter
1488 2277 1544 2326 et
1562 2273 1699 2327 tole-

100 2361 298 2411 ranter
324 2362 474 2429 agat,
507 2357 674 2413 habet
703 2363 895 2413 tamen
944 2365 1001 2414 et
1036 2360 1284 2431 possidet
1329 2360 1576 2432 aliquam
1604 2378 1695 2417 re-

99 2446 291 2517 quiem
325 2465 337 2500 :
370 2448 552 2502 oratio
580 2453 770 2503 autem
810 2465 989 2520 usque
1018 2450 1088 2504 ad
1109 2450 1365 2504 ultimam
1388 2451 1695 2505 exhalatio-

97 2551 233 2591 nem
261 2553 403 2608 opus
430 2542 533 2605 est,
562 2542 627 2593 ut
654 2537 860 2593 habeat
882 2538 1131 2593 laborem
1149 2541 1339 2610 magni
1357 2540 1698 2595 certaminis.

168 2624 224 2681 3.
261 2625 709 2682 Narravitabbas
730 2627 923 2694 Dulas,
950 2628 1045 2700 qui
1060 2628 1167 2683 fuit
1196 2629 1500 2701 discipulus
1532 2628 1699 2684 abba-

96 2714 173 2770 tis
186 2715 522 2782 Besarionis,
546 2716 737 2771 dicens
770 2734 781 2770 :
804 2717 945 2772 Veni
967 2718 1270 2789 aliquando
1295 2719 1353 2772 in
1367 2719 1564 2773 cellam
1594 2718 1695 2773 ab-

88 2803 246 2859 batis
267 2804 399 2869 mei,
425 2809 483 2859 et
502 2805 691 2860 inveni
728 2822 857 2861 eum
893 2811 1137 2861 stantem
1165 2807 1235 2861 ad
1256 2807 1567 2861 orationem
1596 2826 1607 2861 :
1639 2812 1697 2862 et

95 2909 303 2948 manus
330 2894 455 2965 ejus
484 2901 646 2949 erant
662 2900 903 2950 extensae
926 2895 986 2950 in
1007 2896 1228 2951 caelum.
1248 2896 1567 2951 Permansit
1592 2913 1696 2951 au-

94 2989 214 3038 tem
239 2983 346 3038 hoc
385 2983 590 3039 faciens
611 2984 826 3056 jugiter
853 3001 956 3057 per
994 2986 1416 3057 quatuordecim
1455 2986 1593 3040 dies.
1628 2986 1697 3041 Et

91 3076 226 3144 post
242 3072 360 3127 hac
375 3073 590 3128 vocavit
600 3089 711 3140 me,
734 3079 792 3128 et
810 3074 974 3131 dixit:
993 3075 1241 3146 Sequere
1258 3090 1365 3128 me.
1391 3074 1460 3128 Et
1484 3090 1692 3129 exeun-

86 3166 180 3216 tes
200 3161 549 3233 perreximus
567 3162 624 3218 in
647 3179 835 3219 eremo
853 3183 864 3232 ;
880 3180 1006 3219 cum
1037 3163 1255 3219 sitirem
1268 3163 1382 3218 dixi
1403 3163 1453 3217 ei
1480 3187 1492 3219 ε
1511 3162 1687 3231 Abba,

89 3250 243 3306 sitio.
292 3251 394 3307 Ille
439 3257 627 3307 autem
658 3253 923 3308 melotem
961 3253 1163 3308 tollens
1201 3253 1458 3308 discessit
1500 3269 1535 3307 a
1578 3269 1689 3318 me,

90 3345 372 3411 quantum
386 3342 573 3413 jactus
592 3347 677 3397 est
694 3342 916 3414 lapidis,
954 3348 1011 3397 et
1040 3343 1187 3397 facta
1203 3342 1457 3397 oratione
1498 3342 1693 3397 attulit

88 3446 222 3485 eam
250 3429 474 3502 plenam
502 3432 745 3503 aqua.Et
762 3431 1038 3487 abivimus
1057 3432 1115 3487 in
1132 3432 1413 3487 civitatem
1435 3433 1602 3504 Lyco,
1634 3435 1693 3486 et

89 3519 347 3575 venimus
382 3519 452 3575 ad
480 3519 740 3575 abbatem
762 3522 1067 3589 Joannem;
1092 3527 1150 3576 et
1194 3522 1506 3577 salutantes
1535 3537 1686 3587 eum,

87 3606 327 3664 fecimus
338 3609 671 3665 orationem.
691 3611 906 3666 Deinde
936 3611 1194 3666 sedentes
1214 3615 1505 3683 coeperunt
1535 3610 1693 3681 loqui

84 3698 161 3753 de
191 3698 407 3754 visione
447 3716 617 3771 quam
663 3699 936 3755 viderant.
970 3700 1121 3756 Dixit
1167 3700 1339 3755 abbas
1380 3700 1689 3755 Besarion:

84 3788 240 3853 Quia
265 3788 436 3843 exivit
457 3794 796 3862 praeceptum
833 3807 869 3845 a
916 3789 1156 3846 Domino
1210 3796 1277 3845 ut
1328 3790 1695 3845 destruantur

82 3878 328 3949 templa.
358 3878 429 3933 Et
457 3877 667 3935 factum
698 3883 787 3935 est
812 3877 892 3935 sic
915 3898 928 3948 ;
949 3886 1007 3935 et
1033 3880 1320 3935 destructa
1342 3885 1493 3936 sunt.

157 3965 216 4023 4.
254 3967 410 4022 Dixit
453 3967 627 4024 abbas
655 3968 926 4040 Evagrius
955 3987 967 4023 :
1000 3969 1062 4025 Si
1097 3970 1290 4024 deﬁcis
1330 3969 1541 4036 animo,
1568 3985 1687 4024 ora.

86 4055 208 4113 Ora
225 4060 419 4112 autem
446 4073 575 4113 cum
594 4057 818 4126 timore,
846 4064 905 4113 et
921 4064 1186 4126 tremore,
1199 4063 1257 4114 et
1280 4057 1490 4126 labore,
1508 4056 1692 4114 sobrie

86 4150 150 4200 et
166 4145 486 4217 vigilanter.
515 4148 603 4203 Ita
620 4152 1031 4220 oportetorare,
1049 4148 1292 4203 maxime
1310 4154 1542 4221 propter
1567 4164 1690 4202 ma-

83 4234 274 4305 lignos
302 4240 361 4290 et
387 4236 459 4291 ad
486 4236 768 4308 nequitias
786 4243 1048 4293 vacantes
1088 4236 1393 4292 invisibiles
1432 4237 1690 4292 inimicos

81 4329 336 4391 nostros,
368 4325 582 4396 quinos
610 4325 669 4380 in
693 4326 797 4381 hoc
814 4326 1092 4398 praecipue
1110 4327 1384 4398 impedire
1404 4328 1682 4382 nituntur.

1780 2286 1886 2323 nex
1908 2288 1919 2323 :
1938 2270 2007 2324 Et
2019 2287 2131 2324 non
2149 2271 2500 2326 manducatis
2522 2272 2644 2327 ?llli
2666 2278 2853 2327 autem
2875 2273 3137 2329 dixerunt
3159 2293 3171 2328 :
3195 2275 3379 2331 Etiam

1780 2357 2201 2412 manducamus.
2235 2358 2305 2413 Et
2331 2359 2463 2414 dicit
2497 2360 2576 2414 eis
2609 2377 2778 2416 senex
2812 2376 2825 2411 :
2866 2362 3101 2426 Quando
3130 2379 3262 2434 ergo
3292 2379 3381 2419 co-

1778 2446 2021 2513 meditis,
2044 2447 2169 2518 quis
2191 2464 2291 2518 pro
2319 2448 2471 2502 vobis
2484 2454 2610 2503 orat
2629 2450 2654 2503 7
2676 2451 2746 2504 Et
2773 2449 2978 2505 iterum
3008 2450 3381 2523 interrogavit

1784 2553 1897 2602 eos,
1931 2535 2152 2591 dicens:
2187 2538 2313 2591 Non
2336 2538 2634 2593 dormitis?
2654 2545 2844 2605 6.4
2870 2540 2939 2595 Et
2967 2540 3049 2595 illi
3077 2540 3367 2597 dixerunt:

1785 2624 2132 2679 Dormimus.
2180 2625 2249 2679 Et
2283 2625 2423 2680 dixit
2445 2643 2612 2680 senex
2646 2646 2657 2680 :
2692 2627 2762 2681 Et
2789 2644 2919 2682 cum
2951 2628 3228 2696 dormitis,
3258 2629 3383 2701 quis

1780 2731 1882 2785 pro
1909 2713 2063 2768 vobis
2086 2714 2256 2768 orat?
2292 2715 2361 2769 Et
2382 2732 2495 2770 non
2524 2715 2861 2772 invenerunt
2885 2718 3019 2790 quid
3050 2718 3121 2773 ad
3150 2719 3268 2774 hinc
3297 2736 3383 2775 re-

1778 2804 2129 2874 sponderent
2149 2804 2220 2860 ei.
2253 2804 2323 2858 Et
2351 2804 2491 2859 dixit
2514 2804 2595 2859 eis
2620 2823 2630 2858 :
2656 2806 2938 2877 Ignoscite
2966 2806 3123 2875 mihi,
3156 2809 3378 2877 fratres,

1779 2892 1912 2963 quia
1940 2909 2066 2947 ecce
2087 2910 2197 2947 non
2214 2890 2394 2947 facitis
2412 2894 2558 2949 sicut
2578 2894 2796 2950 dixistis
2820 2915 2831 2950 :
2858 2913 2961 2967 ego
2992 2901 3180 2952 autem
3198 2904 3383 2954 osten-

1779 2982 1907 3035 dam
1933 2980 2104 3049 vobis,
2141 2981 2274 3053 quia
2297 2999 2537 3054 operans
2566 2982 2826 3038 manibus
2846 2985 3004 3052 meis,
3035 2986 3156 3040 sine
3209 2986 3382 3042 inter-

1779 3070 2043 3125 missione
2073 3087 2191 3125 oro.
2227 3071 2403 3126 Sedeo
2447 3071 2597 3126 enim
2636 3072 2868 3142 juvante
2914 3074 3049 3140 Deo,
3082 3073 3380 3130 infundens

1776 3159 1914 3213 mihi
1945 3176 2150 3231 paucas
2183 3159 2477 3231 palmulas,
2512 3165 2569 3214 et
2611 3160 2752 3214 facio
2783 3178 2848 3215 ex
2877 3162 2957 3215 eis
3011 3162 3270 3233 plectam,
3321 3170 3379 3221 et

1774 3249 1896 3304 dico
1924 3267 1936 3302 :
1963 3249 2228 3303 Miserere
2259 3249 2389 3316 mei,
2408 3249 2576 3315 Deus,
2592 3250 2899 3304 secundum
2922 3267 3187 3322 magnam
3205 3253 3376 3307 mise-

1774 3338 2073 3393 ricordiam
2094 3343 2268 3404 tuam,
2303 3343 2359 3392 et
2387 3337 2693 3393 secundum
2710 3339 3129 3395 multitudinem
3142 3341 3375 3397 misera-

1772 3428 1990 3483 tionum
2024 3433 2252 3483 tuarum
2271 3426 2394 3481 dele
2417 3427 2772 3499 iniquitatem
2795 3445 2980 3483 meam
3008 3431 3171 3497 (Psal.
3210 3429 3283 3501 L).
3305 3432 3375 3486 Et

1774 3517 1913 3572 dixit
1925 3517 2004 3572 eis
2021 3534 2034 3573 ε
2054 3517 2248 3573 Oratio
2286 3522 2389 3583 est,
2410 3534 2482 3571 an
2508 3517 2739 3572 nonTEt
2766 3518 3091 3573 dixeruntei
3116 3537 3127 3573 :
3161 3519 3366 3577 Etiam.

1775 3607 2129 3662 Etilledixit:
2172 3606 2407 3670 Quando
2432 3623 2795 3678 permansero
2824 3612 2945 3662 tota
2984 3607 3074 3664 die
3112 3608 3375 3667 laborans

1776 3702 1833 3750 et
1860 3713 2026 3750 orans
2072 3695 2237 3749 corde
2272 3695 2357 3748 vel
2397 3712 2511 3759 ore,
2538 3694 2677 3748 facio
2729 3695 2855 3766 plus
2886 3696 3074 3752 minus
3127 3698 3374 3754 sedecim

1775 3801 2037 3840 nummos
2059 3789 2137 3851 ,et
2153 3800 2298 3855 pono
2323 3800 2388 3837 ex
2417 3783 2497 3837 eis
2537 3784 2608 3837 ad
2629 3783 2833 3838 ostium
2855 3784 3014 3851 duos,
3034 3791 3093 3841 et
3118 3786 3372 3843 residuos

1775 3873 2070 3928 manduco.
2104 3872 2210 3937 Qui
2234 3872 2510 3942 acceperit
2528 3872 2653 3927 illos
2676 3872 2816 3927 duos
2836 3873 3115 3943 denarios,
3131 3881 3256 3931 orat
3268 3891 3370 3949 pro

1774 3981 1865 4018 me
1892 3967 2145 4034 tempore
2166 3977 2275 4033 quo
2291 3977 2394 4032 ego
2426 3961 2704 4016 manduco
2718 3963 2804 4016 vel
2833 3962 3048 4019 dormio
3074 3983 3085 4033 ;
3106 3970 3273 4037 atque
3292 3965 3373 4022 ita

1774 4070 1875 4125 per
1898 4052 2140 4125 gratiam
2166 4051 2267 4106 Dei
2286 4050 2553 4122 impletur
2581 4068 2613 4106 a
2642 4068 2731 4106 me
2760 4052 2910 4124 quod
2937 4054 3207 4127 scriptum
3238 4061 3325 4112 cst
3351 4072 3363 4111 :

1775 4143 1908 4198 Sine
1939 4140 2355 4196 intermissione
2388 4145 2547 4196 orate
2569 4141 2620 4211 (Ι
2653 4142 2822 4196 Thess.
2856 4142 2935 4213 v).

1842 4230 1932 4287 10.
1962 4231 2460 4301 Interrogaverunt
2490 4229 2720 4301 quidam
2748 4230 3009 4286 abbatem
3038 4232 3368 4306 Macarium,

1770 4319 2051 4374 dicentes:
2077 4318 2366 4383 Quomodo
2410 4316 2676 4373 debemus
2713 4335 2875 4374 orare
2903 4321 3089 4389 (Ra/7.,
3122 4325 3161 4377 l.
3192 4336 3272 4390 m,
3304 4308 3363 4379 n.

157 4412 216 4468 5.
248 4412 406 4468 Dixit
438 4414 643 4469 iterum
667 4433 681 4470 :
714 4415 950 4480 Quando
1006 4415 1269 4487 cogitatio
1307 4416 1591 4472 contraria
1626 4416 1687 4470 in
1706 4406 1893 4510 D207)
1917 4409 1941 4463 ?
1969 4409 2037 4510 ξι
2050 4408 2190 4463 dixit
2203 4408 2283 4510 eis
2305 4424 2490 4510 senex‘:
2515 4408 2641 4461 Non
2670 4424 2810 4479 Opus
2834 4414 2920 4510 est
2946 4410 3188 4510 multum
3214 4412 3368 4510 loqui

82 4501 258 4558 corde
286 4503 518 4571 venerit,
536 4503 652 4558 noli
664 4503 777 4558 alia
792 4520 894 4576 pro
936 4504 1064 4559 aliis
1078 4521 1181 4576 per
1193 4505 1505 4560 orationem
1544 4521 1690 4576 qua:-

82 4607 237 4657 rere,
272 4591 373 4646 sed
399 4591 664 4648 adversus
702 4610 832 4648 eum
853 4593 949 4665 qui
987 4598 1044 4648 te
1071 4593 1385 4665 impugnat,
1436 4594 1686 4665 gladium

83 4681 474 4753 lacrymarum
493 4698 718 4738 exacue.

156 4769 216 4826 6.
239 4771 570 4827 Mandatum
590 4778 677 4827 est
702 4777 907 4829 sanctae
934 4773 1217 4828 memoriae
1237 4772 1548 4845 Epiphanio
1576 4772 1691 4844 epi-

82 4876 260 4932 scOpo
285 4860 513 4933 Cyprio,
557 4861 628 4917 ab
668 4861 869 4917 abbate
905 4862 1232 4918 monasterii
1269 4862 1375 4931 sui,
1410 4862 1559 4934 quod
1587 4862 1690 4915 ha-

83 4948 217 5004 buit
238 4949 296 5003 in
311 4949 636 5006 Palaestina:
653 4951 799 5019 Quia
814 4952 1161 5007 orationibus
1175 4952 1288 5007 tuis
1308 4969 1421 5007 non
1441 4952 1689 5022 neglexi-

82 5051 218 5091 mus
246 5036 523 5106 regulam,
548 5037 652 5092 sed
668 5054 796 5093 cum
813 5037 1187 5093 sollicitudine
1200 5037 1684 5105 tertiam,sextam,

82 5140 303 5180 nonam
331 5130 500 5197 atque
521 5142 815 5198 vesperam
848 5126 1214 5181 celebramus.
1248 5127 1348 5181 llle
1376 5132 1567 5181 autem
1595 5142 1688 5180 rc-

83 5214 449 5285 prehendens
478 5231 630 5284 eum,
666 5216 955 5272 mandavit
982 5216 1034 5270 ei
1067 5235 1079 5269 :
1114 5217 1347 5271 Constat
1364 5233 1459 5271 vos
1494 5232 1693 5271 vacare

84 5302 160 5357 ab
185 5302 445 5359 oratione
472 5306 687 5361 caeteris
716 5306 870 5360 horis
885 5325 904 5378 ;
927 5322 1056 5361 eum
1086 5311 1277 5361 autem
1304 5304 1400 5377 qui
1428 5322 1592 5360 verus
1610 5310 1695 5359 est

84 5392 424 5457 monachus,
457 5399 680 5466 oportet
730 5394 850 5449 sine
904 5393 1318 5450 intermissione
1369 5410 1550 5462 orare,
1595 5402 1695 5450 aut

85 5485 246 5536 certe
272 5482 514 5553 psallere
543 5482 603 5538 in
624 5484 791 5538 corde
812 5500 933 5539 suo.

161 5569 221 5627 7.
252 5570 409 5626 Dixit
426 5570 598 5627 abbas
618 5573 827 5629 Isaias:
851 5574 997 5639 Quia
1015 5574 1308 5649 presbyter
1331 5574 1539 5630 Pelusii
1562 5592 1693 5630 cum

81 5657 314 5727 faceret
336 5676 594 5739 agapem,
614 5668 672 5720 et
696 5662 897 5721 fratres
920 5665 981 5723 in
995 5665 1228 5723 ecclesia
1252 5664 1610 5722 comederent
1637 5668 1695 5724 et

1771 4500 1829 4553 in
1862 4498 2133 4565 oratione,
2163 4497 2260 4551 sed
2283 4496 2581 4550 extendere
2613 4512 2814 4551 manus
2849 4496 3189 4569 frequenter,
3214 4506 3271 4555 et
3289 4500 3370 4556 di-

1772 4605 1897 4643 cere
1921 4586 2203 4651 :Domine,
2228 4584 2374 4639 sicut
2392 4584 2473 4643 vis
2494 4590 2550 4638 et
2577 4586 2701 4650 scis,
2737 4585 3004 4641 miserere
3035 4588 3165 4642 mei.
3191 4589 3249 4644 Si
3269 4607 3367 4645 au-

1772 4682 1886 4731 tem
1916 4676 2090 4730 instat
2114 4674 2321 4728 bellum
2346 4673 2403 4727 in
2433 4673 2646 4739 animo,
2673 4673 2858 4728 dicere
2884 4693 2895 4728 :
2927 4675 3143 4747 Adjuva
3168 4693 3277 4732 me.
3298 4678 3367 4733 Et

1773 4765 1907 4837 quia
1946 4764 2067 4836 ipse
2096 4762 2200 4817 scit
2230 4778 2352 4834 quae
2403 4760 2717 4832 expediant,
2744 4760 2877 4816 facit
2919 4763 3365 4821 misericordiam

1772 4854 2082 4910 nobiscum.

1846 4944 1932 4998 ll.
1960 4939 2231 4997 Dicebant
2259 4939 2328 4993 de
2362 4936 2562 4993 abbate
2583 4937 2746 5006 Sisoi,
2780 4939 2913 5011 quia
2938 4940 3048 4998 nisi
3069 4943 3179 4999 cito
3201 4943 3368 5018 depo-

1770 5038 1933 5089 neret
1962 5047 2162 5086 manus
2172 5046 2303 5084 suas
2329 5020 2552 5101 quando
2572 5027 2759 5083 stabat
2777 5028 3368 5106 adorationem,reple-

1772 5120 1940 5178 batur
1954 5138 2110 5176 mens
2128 5120 2249 5190 ejus
2268 5118 2326 5172 in
2357 5116 2755 5189 superioribus.
2788 5119 2845 5175 Si
2861 5138 2993 5191 ergo
3005 5123 3365 5193 contingebat

1775 5230 1899 5268 cum
1926 5228 1991 5267 eo
2012 5211 2255 5281 aliquem
2270 5207 2499 5261 fratrem
2531 5224 2715 5275 orare,
2737 5207 3042 5265 festinabat
3067 5212 3177 5266 cito
3199 5212 3366 5284 depo-

1774 5318 1927 5370 nere,
1961 5318 2032 5355 ne
2049 5302 2343 5371 raperetur
2372 5314 2530 5352 mens
2558 5298 2680 5368 ejus
2710 5303 2767 5352 et
2788 5306 3121 5355 moraretur.

1844 5391 1934 5446 12.
1967 5388 2202 5445 Dicebat
2244 5387 2447 5459 aliquis
2491 5404 2659 5442 senex
2692 5406 2704 5442 :
2745 5385 2888 5452 Quia
2929 5388 3154 5445 assidua
3184 5390 3364 5449 oratio

1776 5480 1886 5537 cito
1906 5478 2135 5549 corrigit
2153 5482 2420 5532 mentem.

1852 5566 1936 5626 13.
1965 5565 2203 5622 Dicebat
2232 5565 2461 5637 quidam
2482 5566 2711 5621 Patrum
2745 5584 2756 5619 :
2782 5566 2925 5631 Quia
2946 5566 3090 5623 sicut
3117 5570 3373 5643 impossi-

1775 5659 1885 5737 bile
1915 5662 2001 5714 est
2020 5661 2086 5712 ut
2109 5654 2297 5710 videat
2321 5652 2448 5728 quis
2480 5654 2537 5709 in
2558 5669 2703 5735 aqua
2721 5653 2947 5713 turbida
2966 5656 3163 5715 faciem
3186 5676 3369 5734 suam,
