3934 6402
613 402 722 463 943
1738 399 1832 454 DE
1870 397 2063 454 VITIS
2104 397 2172 452 Pl

2261 396 2403 453 RUM
2440 398 2656 455 LIBER
2694 399 2763 453 V.
3770 402 3846 462 944

610 531 690 585 sic
710 533 768 584 et
785 526 1086 596 anima,nis
1099 526 1358 600 purigata
1376 524 1547 581 fuerit
1564 541 1600 579 a
1618 523 2049 595 cogitationibus
2068 523 2200 578 alie-
2214 525 2265 584 A
2284 524 2432 579 stina
2454 524 2512 579 in
2534 525 2774 597 [Egypto
2792 524 2863 579 ad
2891 524 3189 597 quemdam
3206 524 3437 581 Patrum
3464 526 3744 593 (Cassium,
3770 531 3800 582 1.
3822 546 3845 582 γ

607 617 714 683 nis,
741 616 1169 693 copntemplative
1189 632 1302 671 non
1324 619 1510 687 potest
1528 630 1689 669 orare
1709 612 1915 668 Deum.
2285 616 2497 682 Instit,
2529 632 2577 668 ο.
2606 613 2719 684 24).
2736 615 2803 669 Et
2830 631 2955 669 cum
2972 614 3412 685 hospitalitatem
3428 615 3590 671 nobis
3605 615 3845 687 inpendis-

606 702 615 703 ί
673 705 765 761 14.
798 705 967 760 Venit
994 705 1223 777 quidam
1237 721 1406 760 senex
1427 703 1729 775 aliquando
1745 702 1803 757 in
1815 706 2006 758 monte
2022 701 2158 757 Sina
2185 720 2198 769 ;
2286 708 2391 767 set,
2405 703 2878 775 interrogavimus
2898 719 3060 758 eum:
3087 704 3272 768 Quare
3299 709 3555 776 tempore
3583 707 3844 778 susceptio-

603 798 661 850 et
687 810 818 850 cum
842 794 1020 850 exiret
1045 794 1196 862 inde,
1226 792 1472 849 occurrit
1497 792 1550 847 ei
1570 791 1744 847 frater
1769 791 1829 846 in
1846 791 2019 858 via,et
2038 792 2203 862 inge-
2283 791 2372 846 nis
2391 792 2631 848 fratrum
2643 792 2899 864 regulam
2905 793 2927 863 j
2934 793 2983 864 ej
2991 792 3111 847 unii
3122 808 3236 848 non
3247 793 3562 861 custoditis,
3580 793 3721 850 sicut
3740 800 3789 850 et
3801 796 3845 852 in

599 890 843 947 miscens
862 890 1082 947 dicebat
1100 891 1221 947 seni
1243 890 1325 945 iui
1359 909 1373 946 ε
1404 889 1743 961 Atius-imm,
1777 887 1939 957 abba,
1972 893 2203 961 propter
2282 879 2584 935 Palaestina
2606 881 2671 936 fit
2689 880 2799 936 ?Et
2811 881 3154 955 respondens
3170 880 3312 936 dixit
3333 882 3649 953 :Jejunium
3659 899 3844 955 semper

597 986 928 1055 siccitatem,
961 986 1096 1059 quia
1122 984 1283 1041 nobis
1300 1000 1415 1039 non
1455 982 1618 1056 pluit.
1643 982 1714 1037 Et
1736 981 1878 1036 dixit
1900 980 1952 1036 ei
1979 998 2147 1037 senex
2180 1000 2193 1036 :
2278 984 2498 1024 mecum
2527 973 2631 1037 est,
2657 986 2755 1059 V98
2779 974 2976 1037 815
2998 970 3089 1026 hic
3118 985 3341 1043 semper
3381 975 3577 1059 tenere
3613 986 3720 1027 non
3738 988 3844 1044 pos-

599 1075 786 1142 Quare
812 1092 927 1132 non
944 1075 1119 1131 oratis
1140 1079 1201 1131 et
1217 1073 1429 1146 rogatis
1457 1071 1679 1128 Deum?
1708 1071 1778 1126 Et
1803 1070 1897 1126 ille
1920 1069 2061 1125 dixit
2090 1089 2102 1125 :
2128 1070 2199 1125 Et

596 1165 910 1221 orationem
929 1164 1185 1233 facimus,
1197 1169 1257 1220 et
1273 1163 1650 1236 deprecamur
1660 1160 1885 1216 assidue
1904 1159 2107 1227 Deum,
2141 1165 2199 1215 et

592 1271 705 1311 non
740 1254 902 1328 pluit.
946 1255 1017 1310 Et
1031 1253 1173 1310 dixit
1191 1269 1360 1309 senex
1383 1271 1395 1306 :
1418 1251 1598 1307 Credo
1628 1250 1759 1322 quia
1778 1266 1892 1305 non
1912 1250 2085 1305 oratis
2116 1253 2198 1305 at-

589 1344 823 1415 tentius.
841 1344 939 1401 Vis
977 1349 1167 1399 autem
1190 1342 1333 1398 scire
1363 1340 1496 1414 quia
1514 1340 1596 1395 ita
1622 1344 1708 1395 est
1731 1340 1756 1394 7
1785 1339 1948 1408 Veni,
1982 1343 2196 1394 stemus

587 1433 806 1507 pariter
817 1433 889 1489 ad
919 1432 1230 1489 orationem
1255 1449 1267 1485 :
1294 1438 1352 1486 et
1375 1429 1679 1485 extendens
1696 1428 1755 1483 in
1770 1428 1973 1484 coelum
1993 1445 2194 1483 manus

591 1522 791 1589 oravit,
813 1527 871 1577 et
885 1521 1079 1576 statim
1098 1520 1288 1592 pluvia
1304 1517 1609 1573 descendit.
1634 1518 1795 1582 Quod
1814 1534 1942 1573 cum
1964 1517 2195 1573 vidisset

588 1610 766 1665 frater
790 1610 885 1665 ille
912 1609 1122 1677 timuit,
1155 1614 1215 1664 et
1239 1606 1534 1681 procidens
1555 1606 1811 1687 adoravit
1832 1623 1963 1663 eum
1984 1626 1996 1662 :
2019 1623 2188 1662 senex
2273 1609 2388 1649 ηοῐι
2413 1599 2650 1666 Possunt
2676 1594 2779 1650 ﬁlii
2813 1595 3003 1667 sponsi
3017 1595 3279 1687 jejunare
3308 1594 3558 1687 quandiu
3587 1611 3719 1687 cum
3744 1595 3836 1650 illis

589 1706 781 1758 autem
812 1700 1008 1756 statim
1036 1698 1182 1771 fugit
1206 1698 1382 1754 illinc.
1742 1683 1751 1687 ’
2271 1687 2360 1738 est
2388 1700 2643 1755 sponsus,
2681 1700 2809 1739 cum
2833 1689 3024 1740 autem
3054 1684 3275 1740 ablatus
3301 1684 3473 1740 fuerit
3498 1683 3570 1740 ab
3608 1684 3708 1752 eis,
3729 1689 3839 1740 tunc

660 1791 746 1847 t5.
773 1790 1162 1845 N‘arraverunt
1185 1787 1407 1855 fratres,
1442 1785 1693 1842 dicentes
1721 1804 1733 1841 :
1760 1785 1906 1851 Quia
1930 1785 2186 1842 venimus
2269 1788 2335 1827 ex
2364 1789 2469 1829 sua
2496 1778 2773 1845 P0teState
2805 1774 3297 1845 ieiunantwatth-
3322 1774 3422 1845 Ix)-

586 1876 891 1951 aliquando
911 1878 984 1934 ad
1012 1877 1284 1950 quosdam
1314 1891 1496 1944 senes,
1522 1880 1577 1931 et
1617 1892 1746 1931 cum
1769 1891 1836 1930 ex
1855 1892 2011 1931 more
2038 1875 2187 1931 facta
2209 1885 2253 1949 Β
2338 1879 2389 1935 3.
2421 1880 2573 1936 Dixit
2600 1880 2808 1937 iterum
2830 1881 2926 1953 qui
2952 1898 3124 1954 supra
3145 1880 3319 1946 :Quia
3336 1881 3588 1936 venimus
3608 1882 3681 1937 ad
3692 1882 3840 1936 alium

584 1967 784 2023 fuisset
811 1967 1012 2036 oratio,
1035 1967 1351 2022 salutantes
1372 1963 1609 2020 invicem
1634 1963 1902 2020 sedimus.
1934 1964 2004 2020 Et
2025 1969 2186 2037 post-
2267 1985 2482 2034 senem,
2510 1968 2642 2026 fecit
2667 1986 2768 2025 nos
2786 1974 3016 2041 gustare
3049 1988 3062 2024 :
3095 1976 3153 2025 et
3175 1969 3508 2025 hortabatur
3544 1986 3649 2027 nos
3698 1972 3842 2026 satia-

584 2073 754 2130 quam
780 2056 953 2113 locuti
982 2072 1200 2123 sumus,
1221 2071 1352 2111 cum
1371 2053 1806 2121 discederemus,
1826 2054 2182 2126 poposcimus
2264 2060 2354 2140 tos
2384 2057 2567 2113 adhuc
2591 2075 2814 2115 sumere
2831 2058 3048 2128 cibum;
3072 2065 3128 2114 et
3157 2076 3285 2115 cum
3304 2059 3567 2114 dixissem
3587 2060 3722 2132 quia
3741 2061 3841 2132 jam

580 2151 648 2203 ut
659 2146 819 2202 fieret
830 2162 1030 2203 rursus
1053 2144 1254 2200 oratio.
1282 2142 1435 2199 Dixit
1457 2146 1650 2198 autem
1685 2158 1832 2198 unus
1858 2142 2084 2198 illorum
2101 2160 2186 2198 se-
2265 2163 2379 2201 non
2409 2164 2656 2220 possum,
2687 2148 2782 2203 ille
2809 2148 3100 2221 respondit
3131 2168 3144 2204 :
3191 2149 3307 2221 Ego
3319 2150 3439 2221 jam
3466 2150 3841 2222 supervenien-

575 2235 802 2292 niorum
832 2234 903 2290 ad
922 2251 1027 2290 nos
1054 2250 1067 2286 :
1088 2232 1220 2306 quid
1233 2232 1405 2299 enim,
1432 2248 1546 2287 non
1561 2230 1764 2286 orastis
1777 2231 1803 2285 7
1823 2231 1892 2286 Et
1917 2248 2019 2287 nos
2043 2232 2184 2288 dixi-
2264 2235 2415 2292 tibus
2434 2237 2667 2293 diversis
2686 2237 2954 2294 fratribus
2975 2238 3152 2293 sexies
3170 2255 3423 2294 mensam
3444 2239 3605 2311 posui
3624 2259 3638 2309 ;
3654 2245 3711 2295 et
3727 2239 3838 2294 dum

576 2341 733 2381 mus:
766 2324 971 2380 Etiam.
1004 2323 1115 2380 Sed
1141 2321 1367 2396 quando
1409 2320 1761 2388 intravimus,
1812 2321 2000 2388 Pater,
2039 2326 2176 2378 tunc
2262 2324 2515 2396 singulos
2535 2327 2755 2393 hortor,
2782 2327 2954 2382 etiam
2981 2344 3085 2399 ego
3098 2327 3218 2400 ipse
3245 2327 3595 2395 manducavi,
3615 2328 3841 2384 etadhuc

575 2418 663 2470 est
681 2413 830 2469 facta
857 2412 1058 2480 oratio,
1089 2417 1148 2468 et
1175 2428 1244 2467 ex
1286 2409 1385 2465 illa
1406 2409 1548 2465 hora
1573 2425 1752 2481 usque
1795 2410 1962 2465 modo
2002 2410 2173 2466 locuti
2256 2414 2464 2484 esurio;
2485 2419 2549 2471 tu
2570 2432 2700 2471 vero
2729 2416 2821 2471 hic
2848 2418 3023 2472 semel
3039 2417 3383 2474 manducans
3412 2418 3490 2474 ita
3512 2419 3753 2475 satiatus
3771 2435 3835 2479 es.

571 2518 786 2560 sumus.
820 2503 892 2558 Et
914 2501 1010 2557 ille
1051 2500 1229 2557 dixit:
1262 2499 1539 2570 Ignoscite
1578 2498 1734 2565 mihi,
1769 2499 1990 2567 fratres,
2041 2500 2175 2572 quia
2255 2508 2321 2559 ut
2343 2505 2464 2576 jam
2485 2504 2831 2561 manducare
2860 2522 2972 2561 non
3002 2507 3217 2578 possis?

2278 1074 2404 1114 sum
2426 1077 2440 1114 :
2473 1063 2529 1114 et
2542 1058 2825 1131 jejunium
2841 1058 3069 1131 quidem
3090 1059 3344 1132 quamvis
3358 1058 3512 1115 utilis
3532 1063 3589 1116 et
3616 1076 3843 1116 necessa-

2277 1146 2365 1201 ria
2391 1164 2482 1203 res
2498 1148 2589 1215 sit,
2616 1148 2674 1205 in
2703 1153 2900 1204 nostra
2911 1148 3198 1205 voluntate
3213 1152 3332 1216 est;
3364 1149 3658 1205 charitatis
3683 1154 3843 1207 autem

2277 1236 2687 1308 plenitudinem
2715 1238 2803 1293 lex
2823 1237 2926 1293 Dei
2955 1237 3135 1310 exigit
3152 1236 3375 1294 anobis-
3394 1237 3554 1295 Unde
3565 1239 3842 1311 suscipiens

2276 1324 2336 1381 in
2364 1325 2518 1382 vobis
2560 1327 2869 1394 Christum,
2919 1325 3095 1383 debeo
3141 1325 3402 1382 exhibere
3432 1343 3555 1401 quae
3582 1327 3842 1384 charitatis

2277 1419 2413 1470 sunt
2437 1432 2565 1472 cum
2596 1416 2752 1471 omni
2782 1415 3156 1471 sollicitudine
3184 1436 3196 1471 :
3231 1433 3359 1472 cum
3385 1420 3574 1472 autem
3604 1417 3842 1472 dimisero

2273 1520 2391 1573 vos,
2423 1505 2679 1577 regulam
2721 1506 2799 1577 jej
2809 1505 2928 1560 unii
2955 1521 3183 1578 possum
3210 1521 3560 1578 recuperare,
3602 1506 3841 1578 quoniam

572 2585 861 2643 vobiscum
889 2586 1091 2642 sedens
1123 2584 1354 2657 quidam
1372 2582 1564 2650 frater,
1590 2588 1647 2638 et
1667 2583 1923 2655 loquens,
1948 2590 2173 2640 centum

578 2680 638 2731 et
662 2680 780 2731 tres
810 2675 1094 2731 orationes
1120 2673 1270 2730 fecit.
1302 2674 1421 2729 Hoc
1448 2688 1577 2728 cum
1607 2671 1854 2741 dixisset,
1887 2673 2036 2729 facta
2053 2690 2176 2729 ora-

590 2764 746 2822 tione
768 2764 1109 2821 dimiserunt
1125 2780 1247 2819 nos.
1841 2832 1845 2836 >

846 2853 1192 2909 LIBELLUS
1219 2851 1539 2908 DECIMUS
1567 2851 1893 2908 TERTIUS.

568 2941 644 2998 De
670 2958 727 2999 eo
747 2943 891 3013 quod
917 2946 1156 3013 oporteat
1183 2942 1507 3012 hospitalem
1544 2957 1649 2996 esse
1672 2946 1722 2996 et
1755 2942 2167 2997 misericordem

1173 3034 1238 3086 in
1256 3032 1564 3086 hilaritate.

634 3121 689 3220 ξ·
713 3121 1090 3220 Ρθςτθίθςιιξη
1110 3118 1419 3220 inqua-fido
1456 3120 1685 3220 ςιιξίᾷαω
1717 3119 1950 3220 Patr“?
1970 3118 2043 3175 ad
2063 3118 2166 3220 διδ·
2185 3128 2229 3191 α
2252 3118 2473 3220 Moyses
2501 3148 2668 3204 solvit
2689 3149 3042 3217 mandatum,

564 3206 755 3265 batem
783 3208 993 3282 Joseph
1022 3207 1081 3263 in
1109 3207 1395 3280 Panepho,
1416 3213 1484 3263 ut
1511 3207 1928 3279 interrogarent
1942 3223 2071 3264 eum
2099 3207 2168 3264 de

566 3298 926 3371 susceptione
970 3297 1231 3364 fratrum,
1269 3296 1367 3369 qui
1412 3298 1818 3370 superveniunt
1867 3296 1939 3352 ad
1972 3313 2085 3364 eos,
2119 3296 2168 3352 si

566 3387 839 3446 deberent
851 3386 959 3444 sibi
990 3387 1243 3443 relaxare
1256 3385 1656 3442 abstinentiam
1671 3403 1835 3443 suam
1859 3403 1989 3442 cum
2008 3385 2164 3458 ipsis,

566 3482 625 3534 et
642 3478 995 3552 congaudere
1015 3477 1097 3533 eis
1115 3478 1305 3550 (Ra/)1,
1327 3480 1365 3532 ι.
1399 3490 1486 3545 III,
1519 3493 1580 3532 η.
1610 3476 1726 3548 47).
1749 3477 1819 3532 Et
1837 3476 2167 3549 priusquam

564 3566 983 3639 interrogarent
1006 3583 1156 3633 eum,
1182 3565 1323 3621 dixit
1349 3582 1518 3622 senex
1538 3565 1814 3639 discipulo
1825 3582 1928 3621 suo
1948 3565 2168 3621 :Consi-

565 3654 703 3713 dera
730 3655 881 3730 quod
908 3655 1050 3711 facio
1091 3654 1280 3722 hodie,
1304 3662 1362 3710 et
1390 3661 1649 3728 exspecta
1679 3675 1692 3724 ;
1734 3660 1793 3710 et
1818 3655 2008 3728 posuit
2054 3655 2166 3710 duo

562 3746 765 3803 sedilia
790 3746 860 3802 de
886 3745 1071 3819 scirpo
1098 3745 1159 3800 in
1183 3744 1461 3800 fasciculis
1480 3745 1674 3816 ligata,
1706 3761 1885 3800 unum
1915 3762 1950 3799 a
1969 3744 2167 3800 dextra

564 3842 623 3890 et
648 3850 826 3892 unum
852 3852 885 3890 a
915 3833 1181 3903 sinistra;
1217 3838 1275 3889 et
1299 3833 1476 3889 dixit:
1502 3834 1723 3890 Sedete.
1750 3834 1820 3889 Et
1848 3834 2080 3889 intravit
2104 3834 2165 3890 in

563 3924 763 3980 cellam
791 3940 972 3990 suam,
997 3928 1056 3979 et
1090 3922 1314 3978 vestivit
1343 3940 1404 3978 se
1432 3939 1524 3977 res
1562 3927 1831 3978 vetustas.
1863 3921 1938 3977 Et
1973 3923 2163 3978 exiens

562 4012 822 4069 transivit
849 4012 910 4068 in
928 4012 1115 4067 medio
1129 4029 1326 4067 eorum
1353 4033 1367 4078 ;
1386 4018 1444 4067 et
1460 4012 1667 4067 iterum
1680 4011 1913 4068 intravit
1931 4016 1989 4067 et
1998 4012 2163 4068 vesti-

509 4109 521 4120 '
562 4102 644 4156 vit
671 4119 731 4157 se
743 4102 1004 4174 rescellas
1037 4118 1188 4166 suas,
1212 4117 1353 4173 quas
1390 4101 1547 4174 prius
1573 4101 1867 4156 habuerat.
1892 4102 2161 4172 Etegres-

563 4207 660 4247 sus
688 4191 895 4247 iterum
909 4189 1056 4245 sedit
1073 4190 1133 4245 in
1156 4190 1341 4244 medio
1357 4207 1574 4247 eorum.
1606 4191 1695 4245 Illi
1714 4196 1904 4246 autem
1933 4195 2159 4263 stupen-

562 4284 650 4336 tes
677 4280 737 4335 in
764 4279 823 4335 id
853 4279 1002 4351 quod
1054 4278 1264 4334 fecerat
1289 4295 1478 4346 senex,
1510 4279 2002 4351 interrogaverunt
2028 4297 2159 4337 eum

566 4368 700 4441 quid
722 4367 828 4424 hoc
839 4371 1003 4423 esset.
1020 4367 1240 4423 Etdixit
1268 4366 1380 4423 eis:
1405 4367 1637 4424 Vidistis
1658 4369 1793 4442 quid
1823 4368 1928 4425 feci
1949 4369 2160 4427 ?Dixe-

562 4457 941 4514 runtzEtiam.
973 4455 1151 4513 Etille
1169 4456 1311 4512 dixit
1344 4471 1357 4509 :
1389 4458 1474 4513 Ne
1507 4462 1758 4514 mutatus
1779 4475 1904 4514 sum
1933 4475 2036 4530 ego
2061 4476 2162 4532 pro

561 4545 969 4604 contumeliosa
986 4552 1141 4601 veste
1166 4546 1191 4600 ?
1214 4546 1282 4602 Et
1310 4546 1603 4602 dixerunt:
1625 4548 1770 4603 Non.
1796 4547 1865 4603 Et
1881 4548 2001 4620 ipse
2022 4548 2162 4605 dixit

560 4636 768 4694 iterum
808 4658 822 4693 :
863 4637 948 4692 Ne
967 4636 1132 4692 laesus
1159 4652 1287 4691 sum
1315 4635 1384 4691 de
1412 4636 1632 4692 meliori
1654 4642 1809 4692 veste
1836 4637 1861 4691 ’ἶ
1888 4637 1958 4692 Et
2012 4638 2161 4693 dixe-

558 4732 731 4785 runt:
761 4725 985 4783 Non.Et
1015 4726 1112 4781 ille
1140 4724 1279 4780 dixit
1308 4743 1321 4808 ξ
1351 4724 1443 4781 Sic
1471 4742 1575 4798 ego
1602 4725 1724 4799 ipse
1751 4743 1876 4782 sum
1900 4726 1960 4782 in
1987 4727 2161 4783 utris-

2326 2609 2379 2668 4.
2412 2612 2646 2668 Factum
2667 2618 2754 2668 est
2792 2613 3094 2685 aliquando
3121 2613 3181 2670 in
3212 2614 3307 2686 Sc}
3320 2613 3405 2671 thi
3431 2615 3765 2671 mandatum
3788 2622 3839 2671 ut

2249 2701 2576 2772 jejunarent
2589 2702 2687 2758 illa
2714 2701 3086 2771 hebdomade,
3109 2708 3167 2758 et
3180 2704 3428 2760 facerent
3453 2704 3679 2760 Pascha
3700 2721 3839 2774 ;con-

2254 2789 2386 2861 tigit
2413 2796 2604 2846 autem
2616 2796 2681 2846 ut
2707 2791 2767 2847 in
2786 2792 2909 2864 ipsa
2927 2791 3279 2848 hebdomada
3298 2793 3553 2848 venirent
3576 2794 3657 2850 ad
3678 2792 3836 2849 abba.

2256 2883 2373 2934 tem
2392 2880 2642 2952 Moysem
2656 2880 2859 2937 fratres
2889 2881 3119 2954 quidam
3145 2881 3216 2938 ab
3242 2882 3510 2955 Egypto;
3542 2888 3599 2938 et
3623 2883 3755 2939 fecit
3773 2882 3837 2938 eis

2248 2968 2534 3025 modicum
2563 2971 2916 3043 pulmentum
2948 2988 2963 3040 ;
2991 2976 3049 3026 et
3090 2988 3217 3026 cum
3262 2971 3530 3028 vidissent
3574 2972 3838 3029 vicinifu-

2256 3074 2433 3126 mum,
2467 3058 2732 3115 dixerunt
2759 3060 2975 3115 clericis
3008 3060 3251 3116 ecclesiae
3275 3078 3396 3133 quae
3423 3061 3536 3117 illic
3556 3067 3648 3117 est
3677 3080 3692 3118 :
3717 3062 3836 3117 Ecce

3065 3155 3123 3206 et
3150 3150 3297 3206 coxit
3326 3150 3475 3223 apud
3507 3168 3567 3206 se
3586 3151 3836 3223 pulmen-

2250 3240 2395 3291 tum.
2416 3237 2508 3293 llli
2530 3243 2722 3294 autem
2735 3238 3026 3294 dixerunt:
3052 3239 3287 3305 Quando
3310 3240 3835 3313 venerit,loquemur

2250 3325 2302 3381 ei
2347 3343 2471 3386 nos.
2503 3328 2673 3385 Facto
2702 3334 2894 3385 autem
2941 3328 3205 3397 Sabbato,
3234 3329 3487 3386 videntes
3510 3325 3705 3386 clerici
3736 3345 3836 3385 ma-

2246 3431 2417 3487 gnam
2454 3419 2933 3475 conversationem
2963 3418 3181 3475 abbatis
3199 3419 3430 3493 Moysis,
3457 3420 3658 3476 dicunt
3679 3419 3730 3475 ei
3753 3434 3834 3474 co-

2248 3520 2372 3560 ram
2413 3508 2568 3562 omni
2594 3508 2756 3580 plebe
2786 3528 2798 3564 :
2833 3509 2879 3565 Ο
2908 3507 3082 3565 abbas
3100 3509 3339 3582 Moyses,
3370 3509 3707 3565 mandatum
3729 3508 3835 3581 qui-

2248 3592 2378 3650 dem
2434 3596 2729 3654 hominum
2760 3598 2995 3668 solvisti,
3027 3598 3127 3655 sed
3154 3598 3257 3655 Dei
3307 3598 3575 3654 mandata
3620 3598 3834 3655 fortiter

2247 3683 2513 3757 alligasti.

2319 3808 2372 3866 5.
2404 3810 2603 3866 Frater
2630 3811 2858 3884 quidam
2890 3811 3041 3868 venit
3066 3811 3142 3868 ad
3168 3811 3429 3869 abbatem
3467 3812 3831 3869 Pastoremin

2245 3900 2492 3955 secunda
2520 3899 2882 3963 hebdomade
2929 3902 3403 3975 Quadragesimaz,
3445 3909 3503 3959 et
3546 3902 3741 3958 dicens
3786 3902 3830 3957 ei

2243 3989 2610 4060 cogitationes
2643 4008 2793 4059 suas,
2813 3998 2984 4064 atque
3012 3992 3377 4065 responsione
3403 3992 3524 4064 ejus
3548 3991 3830 4048 inveniens

2240 4077 2513 4151 requiem,
2566 4079 2703 4135 dicit
2745 4081 2798 4136 ei
2843 4080 3019 4137 frater
3044 4082 3141 4138 ille
3172 4100 3186 4137 :
3220 4083 3285 4137 In
3318 4081 3535 4137 modico
3572 4079 3830 4153 impediri

2237 4167 2430 4237 habui,
2448 4185 2520 4225 ne
2538 4170 2788 4226 venirem
2803 4172 2874 4226 ad
2893 4177 2951 4227 te
2973 4171 3140 4226 hodie
3155 4172 3413 4241 (Append.
3432 4171 3600 4228 Mart.
3635 4188 3698 4225 η.
3726 4168 3826 4239 43)-

2239 4255 2311 4312 Et
2338 4257 2482 4313 dixit
2506 4260 2560 4314 ei
2597 4276 2766 4315 senex
2796 4278 2809 4313 :
2843 4260 3070 4324 Quare?
3090 4261 3160 4315 Et
3185 4260 3280 4314 ille
3299 4260 3475 4315 dixit:
3514 4258 3830 4315 Metuebam

2242 4361 2315 4401 ne
2333 4352 2565 4420 propter
2591 4348 3093 4421 Quadragesimam
3114 4349 3251 4404 mihi
3266 4364 3381 4405 non
3409 4349 3747 4421 aperiretur.
3770 4346 3831 4403 Et

2246 4437 2537 4508 respondit
2577 4438 2630 4493 ei
2658 4438 2829 4494 abbas
2858 4439 3061 4494 Pastor
3091 4457 3104 4494 :
3138 4439 3255 4495 Nos
3289 4453 3405 4493 non
3430 4438 3736 4494 didicimus
3757 4439 3833 4509 ja-

2245 4540 2418 4581 nuam
2446 4526 2689 4598 ligneam
2710 4528 2988 4595 claudere,
3029 4528 3128 4584 sed
3155 4528 3337 4600 magis
3370 4527 3578 4600 linguae
3605 4529 3830 4597 ianuam

2242 4615 2504 4688 cupimus
2523 4617 2771 4673 clausam
2791 4617 3021 4674 habere.

2310 4721 2365 4777 6.
2397 4721 2597 4778 Frater
2624 4724 2851 4796 quidam
2873 4723 3012 4779 dixit
3038 4722 3226 4780 abbati
3248 4723 3467 4779 Pastori
3493 4742 3506 4780 :
3537 4721 3599 4779 Si
3625 4722 3828 4779 dedero

561 4833 704 4889 que;
736 4822 795 4871 et
812 4816 959 4870 sicut
1002 4814 1176 4888 priori
1191 4818 1342 4870 veste
1371 4820 1622 4871 mutatus
1644 4832 1758 4872 non
1788 4833 1935 4883 sum,
1965 4832 2069 4872 nec
2082 4833 2165 4872 se-
2244 4809 2406 4867 fratri
2418 4828 2544 4868 meo
2560 4812 2839 4868 modicum
2851 4812 3011 4885 panis
3024 4812 3342 4885 autaliquid
3353 4811 3524 4880 aliud,
3548 4811 3827 4868 daemones

563 4905 758 4978 quenti
786 4905 953 4959 laesus
980 4920 1107 4960 sum
1132 4923 1145 4972 ;
1168 4903 1249 4958 ita
1274 4903 1543 4959 debemus
1564 4904 1624 4960 in
1643 4906 1998 4979 susceptione
2045 4906 2162 4961 fra-
2245 4901 2507 4973 polluunt
2534 4902 2696 4968 illud,
2712 4901 3044 4958 utvideatur
3070 4902 3141 4958 ad
3152 4902 3485 4975 placendum
3510 4900 3829 4956 hominibus

559 5000 713 5050 trum
734 4993 934 5062 facere,
951 4993 1099 5048 sicut
1122 4993 1183 5048 in
1197 4997 1388 5049 sancto
1420 4994 1719 5066 Evangelio
1746 4996 1990 5067 legitur:
2016 4996 2157 5051 Date
2238 4989 2381 5045 ﬁeri.
2415 4990 2483 5046 Et
2514 4990 2655 5047 dixit
2677 4990 2728 5046 ei
2747 5008 2917 5047 senex
2948 5006 2961 5042 ε
2985 4992 3056 5047 Et
3082 4991 3129 5047 si
3150 4992 3220 5046 ad
3240 4991 3569 5064 placendum
3593 4992 3699 5045 ﬁat
3720 4991 3828 5045 tale

562 5096 687 5153 qua:
734 5083 870 5134 sunt
919 5077 1171 5145 Caesaris,
1205 5079 1448 5146 Caesari;
1475 5084 1532 5134 et
1575 5097 1700 5151 quae
1726 5085 1859 5134 sunt
1889 5080 2003 5147 Dei,
2037 5080 2154 5135 Deo
2238 5094 2397 5151 opus,
2430 5096 2533 5135 nos
2560 5086 2751 5136 tamen
2786 5080 3053 5136 fratribus
3106 5080 3374 5137 debemus
3415 5079 3664 5153 praebere
3711 5094 3828 5151 quae

560 5169 776 5240 (Matth.
810 5181 960 5237 xxII;
992 5169 1166 5224 Marc.
1191 5182 1268 5222 xu
1293 5186 1306 5236 ;
1338 5170 1491 5224 Lucae
1510 5170 1630 5241 xx).
1657 5168 1896 5233 Quando
1909 5185 2042 5241 ergo
2065 5174 2157 5225 est
2235 5169 2779 5239 egent.Dixitautem
2793 5171 2843 5226 ei
2859 5169 3186 5243 parabolam
3208 5171 3378 5228 talem
3401 5187 3413 5220 :
3438 5169 3560 5225 Duo
3571 5169 3828 5224 homines

561 5258 863 5333 pmsentia
897 5257 1159 5324 fratrum,
1188 5274 1316 5313 cum
1342 5257 1550 5329 gaudio
1574 5256 1843 5313 debemus
1871 5259 2154 5330 suscipere
2235 5263 2399 5313 erant
2425 5259 2702 5330 agricolae,
2723 5259 3042 5316 habitantes
3059 5260 3120 5315 in
3143 5276 3258 5316 una
3284 5259 3504 5314 civitate
3536 5277 3550 5326 ;
3591 5263 3649 5312 et
3679 5273 3827 5313 unus

557 5366 681 5419 eos;
709 5348 932 5421 quando
957 5364 1088 5403 vero
1116 5347 1222 5403 soli
1238 5363 1452 5413 sumus,
1472 5362 1613 5418 opus
1635 5346 1907 5403 habemus
1934 5348 2148 5420 lugere.
2234 5364 2300 5402 ex
2312 5347 2394 5402 eis
2421 5349 2724 5415 seminans,
2760 5350 2984 5421 collegit
3008 5365 3187 5423 pauca
3198 5354 3255 5405 et
3267 5347 3493 5404 sordida
3522 5366 3535 5415 ;
3566 5347 3717 5403 alius
3732 5363 3827 5402 au-

553 5439 645 5497 Illi
683 5444 874 5495 autem
904 5438 1216 5504 audientes,
1249 5435 1514 5490 admirati
1561 5441 1737 5492 sunt:
1791 5436 1925 5509 quia
1944 5454 2067 5510 quae
2091 5436 2152 5494 in
2231 5440 2352 5492 tem
2395 5438 2686 5510 negligens
2708 5438 3007 5507 seminare,
3048 5438 3189 5494 nihil
3235 5437 3461 5493 omnino
3490 5437 3736 5507 collegit.
3770 5436 3823 5491 Si

554 5527 722 5584 corde
762 5544 958 5583 eorum
1011 5530 1176 5581 erant
1222 5530 1290 5580 ut
1341 5524 1759 5596 interrogarent
1798 5542 1949 5595 eum,
1993 5527 2151 5599 prius
2233 5542 2367 5597 ergo
2396 5528 2708 5595 fiattames,
2733 5528 2858 5601 quis
2879 5528 3121 5583 duorum
3149 5532 3335 5600 potest
3346 5524 3824 5581 evadere?Etres-

556 5617 800 5689 agnovit,
831 5620 891 5672 et
913 5615 1368 5688 glorificaverunt
1394 5612 1593 5670 Deum.
2227 5615 2427 5690 pondit
2456 5615 2632 5672 frater
2657 5616 2780 5673 ille:
2815 5617 2924 5683 Qui
2944 5617 3091 5685 fecit,
3125 5615 3377 5689 quamvis
3406 5630 3605 5688 parum
3645 5618 3820 5686 atque

578 5698 581 5701 ’
623 5705 681 5765 2.
712 5705 871 5763 Dixit
887 5703 1059 5762 abbas
1085 5703 1387 5761 Cassianus
1418 5721 1433 5760 :
1463 5702 1610 5771 Quia
1630 5704 1883 5763 venimus
1904 5723 1939 5764 a
1964 5704 2145 5765 Palae-
2226 5706 2605 5764 immundum.
2643 5706 2715 5762 Et
2740 5705 2883 5764 dixit
2908 5706 2962 5764 ei
2989 5719 3160 5764 senex
3198 5724 3213 5762 :
3246 5706 3334 5763 Ita
3361 5709 3419 5763 et
3443 5719 3546 5761 nos
3564 5702 3820 5781 semine-
