3934 6412
83 334 195 398 945

1394 344 1635 400 VERBA
1671 345 2063 402 SENIORUM.

3262 344 3368 404 946

85 479 219 521 mus
250 480 447 538 pauca,
473 464 579 521 etsi
607 464 926 531 immunda,
949 480 1020 521 ne
1044 464 1469 539 famistempore
1491 468 2019 540 moria-Aquodam
2045 468 2184 537 vico,
2215 473 2282 524 ut
2325 469 2533 525 faceret
2572 485 2809 544 agapem
2836 487 2851 538 ;
2885 474 2944 526 et
2993 486 3123 533 ecce
3164 469 3371 527 mulier

84 569 239 611 mur.

160 641 213 700 7.
246 644 445 700 Frater
467 643 696 716 quidam
718 642 872 698 venit
898 643 969 698 ad
1000 644 1301 716 quemdam
1330 644 1684 701 solitarium:

84 738 145 789 et
170 750 303 790 cum
324 733 686 806 egrederetur
705 731 774 788 ab
795 749 880 800 eo,
895 732 1033 788 dixit
1052 751 1064 786 :
1085 733 1317 804 Ignosce
1340 734 1500 803 mihi,
1519 735 1680 804 abba,

84 822 223 896 quia
249 822 514 896 impedivi
543 822 794 894 regulam
816 828 993 877 tuam.
1016 821 1117 877 Ille
1144 823 1454 894 respondit,
1479 828 1532 879 et
1554 824 1695 880 dixit

82 911 171 968 ei:
192 913 323 969 Mea
348 913 547 984 regula
565 918 653 967 est
678 918 744 968 ut
771 911 1041 984 recipiam
1069 917 1125 967 te
1148 911 1207 967 in
1226 912 1693 985 hospitalitate,et

80 1017 212 1058 cum
254 1019 392 1074 pace
417 1001 717 1057 dimittam.

151 1088 208 1149 8.
238 1091 537 1147 Solitarius
567 1090 796 1163 quidam
842 1088 1134 1146 habitabat
1160 1106 1273 1146 non
1303 1090 1469 1163 longe
1494 1109 1529 1148 a
1555 1110 1689 1149 con-

78 1180 415 1253 gregatione
464 1181 725 1248 fratrum,
758 1179 1113 1252 operationes
1140 1180 1350 1235 faciens
1378 1181 1682 1254 plurimas:

78 1270 325 1343 contigit
366 1276 557 1327 autem
608 1269 882 1343 quosdam
909 1269 1100 1325 venire
1139 1269 1200 1325 in
1229 1271 1571 1327 monasterio
1591 1273 1689 1328 illo

81 1360 178 1415 ubi
207 1359 572 1432 congregatio
602 1362 747 1427 erat,
794 1363 853 1414 et
890 1358 1230 1415 divertentes
1255 1360 1327 1415 ad
1370 1360 1688 1417 solitarium

81 1449 265 1518 illum,
297 1449 552 1505 fecerunt
578 1464 709 1505 eum
739 1452 899 1503 extra
927 1448 1126 1504 horam
1156 1449 1515 1508 manducare.
1546 1451 1687 1507 Pos-

81 1543 177 1595 tea
218 1554 350 1596 vero
379 1537 642 1595 dixerunt
677 1537 729 1593 ei
773 1537 977 1592 fratres
1002 1536 1082 1592 illi
1115 1555 1126 1590 :
1158 1537 1285 1594 Non
1314 1539 1684 1609 contristaris,

83 1626 229 1683 abba
259 1628 286 1682 Ἰ
314 1628 386 1683 Et
410 1628 506 1682 ille
545 1625 835 1699 respondit
861 1625 977 1683 eis:
1029 1627 1156 1682 Mea
1199 1626 1432 1683 tristitia
1488 1633 1594 1697 est,
1639 1630 1688 1685 si

84 1716 373 1790 propriam
399 1716 582 1773 fecero
599 1716 944 1772 voluntatem
968 1717 1157 1785 (lia/ﬁ,
1187 1718 1225 1772 ι.
1250 1730 1336 1785 III,
1363 1733 1524 1772 num.
1557 1719 1682 1787 150;

82 1805 297 1871 Fascia,
321 1822 367 1859 ο.
405 1802 490 1873 18,
523 1821 582 1859 n.
612 1802 681 1871 1).

153 1891 206 1950 9.
234 1891 512 1949 Dicebant
536 1893 607 1948 de
636 1892 881 1965 quodam
910 1909 1046 1949 sene
1074 1893 1134 1948 in
1182 1894 1348 1966 Syria
1383 1894 1481 1968 qui
1524 1896 1689 1967 juxta

82 1980 229 2038 viam
259 1982 437 2039 eremi
464 1980 775 2048 habitabat,
806 1987 863 2038 et
880 1982 986 2038 hoc
1013 1987 1137 2038 erat
1147 1999 1286 2055 Opus
1306 1985 1448 2055 ejus,
1470 1987 1537 2039 ut
1555 2001 1689 2057 qua-

84 2061 305 2145 cunque
330 2072 472 2128 hora
500 2071 713 2127 veniret
741 2073 1050 2128 monachus
1088 2073 1157 2127 de
1199 2089 1409 2141 eremo,
1455 2090 1585 2129 cum
1616 2075 1685 2129 fl-

82 2159 248 2216 ducia
272 2158 516 2217 faciebat
541 2176 672 2215 eum
698 2160 947 2216 reficere.
990 2161 1162 2216 Venit
1201 2177 1335 2233 ergo
1382 2161 1684 2233 aliquando

82 2265 227 2306 unus
248 2249 558 2318 solitarius,
582 2249 742 2304 etille
762 2248 989 2321 petebat
1008 2249 1078 2305 ab
1099 2267 1164 2305 eo
1186 2255 1250 2305 ut
1267 2255 1543 2322 gustaret.
1575 2252 1684 2317 Qui

81 2356 206 2395 cum
221 2339 400 2395 nollet
410 2343 660 2411 gustare,
684 2338 875 2394 dicens
896 2354 908 2385 :
931 2339 1046 2411 Ego
1057 2340 1253 2411 jejuno
1265 2380 1277 2393 .
1304 2339 1683 2397 Contristatus

83 2445 267 2497 senex,
292 2428 436 2484 dixit
458 2428 541 2485 ei:
563 2429 649 2483 Ne
670 2428 1067 2500 praetermittas
1095 2446 1335 2500 puerum
1374 2434 1556 2498 tuum,
1590 2430 1686 2485 ob-

82 2534 233 2574 secro
263 2522 341 2585 te,
372 2533 446 2572 ne
487 2516 762 2590 despicias
789 2534 899 2584 me,
951 2517 1049 2572 sed
1094 2517 1220 2572 veni
1249 2534 1509 2586 oremus;
1558 2534 1684 2574 ecce

82 2603 228 2659 enim
256 2603 429 2658 arbor
453 2604 546 2659 hic
571 2608 674 2670 est,
709 2620 838 2658 cum
863 2620 973 2675 quo
995 2608 1262 2660 curvante
1275 2620 1426 2675 genu
1448 2609 1506 2660 et
1521 2621 1682 2660 oran-

82 2699 136 2749 te
158 2693 429 2749 inclinata
452 2692 643 2760 fuerit,
672 2692 855 2766 ipsum
887 2709 1211 2765 sequamur.
1257 2694 1520 2749 Curvavit
1546 2711 1681 2766 ergo

81 2783 171 2840 ille
199 2782 487 2838 solitarius
504 2799 652 2854 genu
693 2782 754 2837 in
784 2782 1056 2849 oratione,
1089 2788 1147 2837 et
1168 2782 1308 2837 nihil
1331 2783 1542 2839 factum
1571 2789 1677 2840 est.

1779 558 2037 630 quaedam
2079 558 2234 614 venit
2271 558 2343 614 ad
2382 575 2532 625 eum,
2584 564 2650 614 ut
2692 558 2987 632 acciperet,
3018 563 3077 616 et
3100 559 3219 616 haec
3246 563 3371 615 erat

1772 647 1975 702 vestita
1997 647 2404 703 vetustissimas
2432 663 2559 703 res:
2591 663 2760 720 quam
2773 665 2901 704 cum
2930 648 3158 705 vidisset
3183 649 3265 705 ita
3278 664 3377 705 ve-

1771 731 1939 788 tustis
1966 731 2134 788 rebus
2166 733 2443 801 indutam,
2473 732 2726 805 implevit
2758 749 2990 790 manum
3032 739 3101 790 ut
3125 734 3289 791 daret
3315 735 3369 793 ei

1773 821 2034 889 multum,
2065 822 2258 877 clausa
2304 827 2391 878 est
2433 837 2636 878 manus
2671 823 2812 893 ejus,
2845 828 2902 879 et
2926 824 3127 880 levavit
3143 840 3365 898 parum.

1771 909 1899 966 Alia
1915 927 2045 966 vero
2074 911 2229 966 venit
2257 911 2328 966 ad
2351 927 2501 980 eum,
2523 911 2726 967 vestita
2743 910 2916 980 bene;
2949 917 3008 969 et
3024 913 3218 970 videns
3243 914 3368 985 ejus

1772 1005 1971 1067 vestes,
1996 999 2152 1055 misit
2164 1016 2395 1056 manum
2409 1004 2474 1056 ut
2492 1000 2654 1056 daret
2668 1000 2719 1056 ei
2739 1017 2940 1073 parum
2956 1021 2969 1071 ;
2992 1008 3052 1059 et
3074 1007 3271 1076 aperta
3283 1008 3371 1059 est

1772 1102 1975 1143 manus
2016 1089 2157 1159 ejus,
2200 1092 2259 1143 et
2290 1088 2492 1143 levavit
2534 1090 2799 1147 multum.
2838 1090 2909 1146 Et
2951 1090 3246 1163 requisivit
3299 1090 3371 1147 de

1772 1175 2028 1248 utrisque
2054 1176 2382 1232 mulieribus
2410 1178 2540 1245 illis,
2575 1183 2633 1233 et
2666 1179 2925 1250 cognovit
2951 1180 3083 1252 quia
3105 1180 3206 1235 illa
3244 1196 3370 1253 qum

1770 1263 1933 1320 bonis
1970 1265 2218 1322 vestibus
2246 1265 2515 1322 utebatur
2541 1267 2612 1323 de
2639 1267 2894 1324 honestis
2930 1268 3260 1325 mulieribus
3296 1270 3369 1326 ad

1770 1358 2161 1427 paupertatem
2190 1355 2525 1428 pervenerit,
2547 1361 2605 1412 et
2631 1356 2765 1428 quia
2791 1374 2893 1430 pro
2923 1358 3187 1431 opinione
3213 1362 3373 1414 nata-

1772 1444 1911 1499 lium
1940 1460 2173 1499 suorum
2218 1443 2380 1500 bonis
2421 1444 2592 1501 fuerit
2639 1444 2810 1501 rebus
2836 1446 3073 1516 induta;
3113 1447 3212 1503 illa
3236 1464 3370 1504 vero

1769 1532 1885 1588 alia
1912 1533 2221 1606 accipiendi
2237 1550 2407 1589 causa
2434 1534 2687 1590 vestierit
2714 1551 2776 1590 se
2803 1552 2896 1591 res
2917 1540 3188 1593 vetustas.

1842 1622 1929 1678 l3.
1946 1622 2252 1678 Monachus
2281 1623 2511 1695 quidam
2539 1628 2663 1679 erat
2691 1624 2905 1681 habens
2930 1625 3165 1682 fratrem
3195 1642 3373 1694 saecu-

1768 1710 1945 1766 larem
1968 1711 2393 1784 pauperculum,
2417 1717 2476 1767 et
2489 1712 2762 1784 quidquid
2777 1712 3069 1770 laborabat
3086 1714 3375 1788 praebebat

1704 1792 1819 1855 Bei
1849 1818 1863 1868 ;
1897 1800 1994 1855 sed
2025 1805 2299 1872 quantum
2322 1800 2417 1856 ille
2444 1800 2746 1873 praebebat,
2776 1806 3000 1858 tantum
3028 1803 3124 1859 ille
3164 1821 3373 1878 paupe-

1768 1888 1885 1943 rior
1912 1888 2102 1945 fiebat.
2134 1890 2383 1962 Pergens
2412 1894 2604 1946 autem
2644 1891 2954 1948 monachus
2976 1891 3072 1947 ille
3101 1892 3373 1949 indicavit
3430 1950 3433 1951 ν

1769 1978 1888 2034 haec
1915 1978 2037 2034 seni
2077 1978 2320 2035 cuidam.
2370 1980 2550 2035 Senex
2578 1984 2769 2035 autem
2790 1979 2933 2036 dixit
2957 1980 3046 2037 ei:
3083 1981 3143 2038 Si
3166 1998 3259 2039 me
3286 1981 3370 2038 vis

1771 2067 1987 2135 audire,
2024 2068 2176 2123 ultra
2218 2068 2359 2123 nihil
2403 2068 2654 2141 praebeas
2679 2069 2751 2138 ei,
2798 2069 2897 2126 sed
2924 2069 3014 2126 dic
3041 2069 3094 2126 ei
3126 2088 3139 2125 :
3167 2071 3369 2127 Frater

1768 2158 1991 2229 quando
2017 2156 2190 2213 habui
2212 2156 2427 2229 praebui
2449 2156 2552 2213 tibi
2576 2169 2589 2207 :
2616 2164 2682 2214 tu
2705 2175 2839 2231 ergo
2863 2159 3031 2215 modo
3058 2158 3271 2228 labora,
3301 2165 3360 2217 et

1767 2262 1833 2301 ex
1855 2263 1920 2301 eo
1940 2247 2091 2318 quod
2124 2246 2483 2316 laboraveris,
2501 2246 2690 2320 pmbe
2709 2247 2867 2316 mihi,
2885 2253 2943 2304 et
2961 2248 3234 2322 quidquid
3260 2248 3367 2306 tibi

1765 2335 2039 2403 attulerit,
2071 2335 2257 2408 accipe
2297 2334 2369 2391 ab
2400 2352 2487 2403 eo,
2519 2340 2577 2391 et
2610 2334 2709 2391 ubi
2745 2336 2852 2391 scis
2879 2337 3241 2410 peregrinum
3267 2342 3369 2394 aut

1764 2441 1957 2479 senem
1990 2441 2316 2496 pauperem,
2339 2424 2413 2480 da
2432 2424 2592 2494 illud,
2617 2429 2675 2481 et
2695 2441 2835 2497 roga
2855 2442 2951 2482 eos
2977 2431 3043 2482 ut
3070 2432 3234 2483 orent
3263 2443 3366 2500 pro

1765 2514 1957 2570 eo.Ille
1976 2519 2168 2569 autem
2187 2514 2362 2569 frater
2384 2513 2503 2570 haec
2517 2513 2771 2584 audiens,
2791 2514 2921 2570 fecit
2937 2514 3046 2585 ita;
3062 2520 3122 2572 et
3141 2516 3366 2573 venien-

1763 2608 1821 2658 te
1851 2604 1922 2658 ad
1946 2621 2006 2659 se
2034 2603 2131 2658 illo
2176 2603 2430 2659 saeculari
2473 2603 2667 2671 fratre,
2719 2604 2941 2660 locutus
2967 2610 3052 2662 est
3080 2605 3133 2661 ei
3164 2622 3365 2678 quem-

1765 2693 2070 2748 admodum
2102 2693 2325 2749 dixerat
2368 2710 2555 2761 senex,
2577 2693 3110 2750 etdiscessittristis.
3134 2695 3207 2752 Et
3235 2711 3363 2752 ecce

1765 2783 2008 2855 quadam
2023 2783 2113 2838 die
2133 2783 2338 2838 tollens
2350 2783 2421 2838 de
2435 2783 2600 2838 horto
2619 2782 2842 2839 minuta
2861 2784 3036 2853 olera,
3050 2785 3244 2841 attulit
3269 2784 3323 2841 ei
3341 2802 3359 2843 :

81 2872 255 2929 Flexit
281 2872 451 2928 etiam
490 2872 608 2941 ille,
640 2870 737 2944 qui
757 2888 887 2927 eum
917 2876 1257 2944 susceperat,
1282 2889 1452 2944 genu,
1486 2878 1544 2928 et
1569 2879 1682 2929 sta-
1761 2872 2043 2944 accipiens
2065 2876 2256 2927 autem
2278 2872 2455 2928 frater
2475 2871 2590 2940 ille,
2614 2871 2769 2928 dedit
2795 2872 3041 2941 senibus,
3063 2878 3121 2929 et
3146 2874 3365 2946 rogavit

83 2961 179 3017 tim
195 2966 427 3018 curvata
446 2965 531 3017 est
550 2961 721 3016 etiam
752 2960 920 3015 arbor
939 2960 1038 3017 illa
1067 2978 1195 3016 cum
1215 2961 1335 3033 ipso
1359 2978 1371 3010 :
1390 2963 1539 3034 quod
1550 2980 1680 3019 cum
1760 2978 1857 3017 eos
1871 2966 1937 3017 ut
1950 2966 2178 3017 orarent
2195 2978 2297 3034 pro
2319 2961 2520 3027 eo.Qui
2533 2978 2657 3017 cum
2669 2962 3015 3035 accepissent
3023 2962 3364 3020 benedictio-

84 3050 360 3119 n'dissent,
392 3050 571 3122 gavisi
593 3054 744 3118 sunt,
771 3055 829 3105 et
843 3050 1058 3122 gratias
1074 3051 1440 3122 egeruntDeo
1456 3069 1679 3126 semper
1758 3068 2176 3119 nem,reversus
2195 3056 2283 3106 est
2312 3051 2373 3106 in
2391 3051 2624 3108 domum
2652 3062 2834 3109 suam.
2863 3050 3070 3108 Postea
3096 3068 3227 3108 vero
3248 3052 3357 3109 ite-

82 3140 356 3196 mirabilia
384 3139 631 3196 facienti.
1693 3152 1741 3215 C
1760 3157 1887 3196 rum
1916 3140 2108 3195 attulit
2136 3140 2291 3196 olera
2319 3144 2374 3195 et
2409 3146 2525 3196 tres
2548 3156 2724 3213 panes
2748 3160 2762 3209 ;
2793 3145 2853 3195 et
2877 3140 3159 3213 accipiens
3184 3139 3360 3197 frater

145 3229 229 3285 10.
252 3231 545 3286 Venerunt
573 3228 874 3301 aliquando
904 3228 1015 3284 duo
1045 3228 1248 3285 fratres
1274 3230 1344 3284 ad
1373 3230 1674 3302 quemdam
1757 3231 1902 3302 ejus,
1925 3229 2057 3284 fecit
2067 3229 2213 3284 sicut
2232 3228 2490 3301 prius.Et
2508 3233 2810 3285 consecuta
2828 3228 3221 3286 benedictione
3247 3230 3355 3286 ite-

82 3334 288 3374 senem:
312 3318 663 3375 consuetudo
679 3322 868 3373 autem
889 3322 1012 3373 erat
1025 3318 1165 3385 seni,
1201 3334 1316 3374 non
1334 3319 1674 3377 manducare
1754 3335 1884 3373 rum
1914 3318 2192 3374 discessit.
2218 3318 2408 3374 Tertio
2427 3318 2657 3374 veniens
2693 3318 2886 3373 attulit
2911 3318 3122 3375 multas
3149 3335 3356 3391 expen-

83 3409 341 3481 quotidie.
359 3408 469 3475 Qui
497 3425 626 3464 cum
653 3407 882 3463 vidisset
900 3407 1122 3476 fratres,
1154 3408 1408 3479 gaudens
1427 3410 1672 3483 suscepit
1754 3424 1866 3474 sas,
1900 3413 1959 3462 et
1983 3406 2196 3475 vinum,
2228 3412 2288 3462 et
2312 3407 2512 3479 pisces.
2560 3407 2722 3472 Quod
2752 3423 2883 3462 cum
2911 3406 3146 3463 vidisset
3173 3409 3352 3464 frater

82 3513 187 3565 eos,
212 3504 270 3554 et
296 3497 473 3554 dixit:
524 3496 810 3569 Jejunium
840 3514 1002 3552 suam
1030 3497 1349 3553 mercedem
1377 3497 1566 3554 habet.
1601 3501 1671 3555 Et
1752 3497 1893 3569 ejus,
1918 3496 2156 3552 miratus
2183 3500 2286 3563 est,
2310 3501 2368 3551 et
2394 3495 2613 3552 vocavit
2631 3511 2928 3569 pauperes.
2948 3499 3006 3551 et
3018 3495 3214 3553 refecit
3232 3512 3349 3553 eos.

80 3585 302 3642 iterum:
321 3586 433 3653 Qui
462 3587 767 3642 manducat
780 3590 1010 3658 propter
1025 3586 1496 3654 charitatem,duo
1513 3605 1669 3644 man-
1748 3586 1903 3641 Dixit
1929 3591 2119 3641 autem
2148 3585 2231 3639 illi
2260 3584 2512 3641 saeculari
2539 3584 2699 3640 fratri
2722 3598 2859 3641 suo:
2893 3586 2978 3641 Ne
3007 3602 3149 3658 opus
3177 3584 3352 3642 habes

81 3673 203 3731 data
224 3676 460 3749 implet;
493 3674 759 3747 quoniam
781 3675 1125 3729 voluntatem
1149 3675 1436 3747 propriam
1463 3676 1669 3732 dereli-
1751 3674 2070 3746 aliquantos
2098 3691 2272 3746 panes
2291 3673 2316 3726 ?
2334 3674 2406 3729 Et
2431 3673 2525 3728 ille
2553 3673 2694 3729 dixit
2713 3689 2726 3724 :
2745 3674 2893 3742 Non,
2937 3673 3192 3732 domine:
3214 3690 3350 3748 quo-

81 3764 212 3835 quit,
242 3770 300 3820 et
328 3764 661 3820 mandatum
680 3763 932 3836 implevit
956 3764 1213 3819 reficiens
1232 3764 1451 3820 fratres.
1750 3764 1903 3819 niam
1957 3762 2181 3836 quando
2225 3762 2439 3834 aliquid
2472 3761 2812 3835 accipiebam
2841 3779 2878 3817 a
2911 3767 2990 3831 te,
3022 3764 3175 3819 velut
3200 3763 3350 3835 ignis

149 3852 230 3910 11.
278 3854 413 3911 Erat
442 3854 672 3926 quidam
710 3868 908 3908 senum
937 3853 998 3907 in
1021 3854 1280 3926 Egypto,
1310 3853 1571 3909 habitans
1607 3854 1667 3910 in
1748 3853 1998 3908 intrabat
2015 3854 2074 3908 in
2095 3852 2324 3907 domum
2341 3857 2612 3919 meamet
2628 3850 2994 3907 consumebat
3008 3850 3168 3920 illud;
3194 3868 3348 3909 nunc

80 3941 287 3999 deserto
327 3944 487 3999 loco:
539 3947 663 3997 erat
709 3943 879 3997 etiam
927 3943 1071 3997 alter
1098 3942 1261 4014 longe
1291 3942 1361 3998 ab
1389 3960 1455 3998 eo
1484 3944 1666 3999 Mani-
1747 3947 1941 3998 autem
1991 3941 2214 4014 quando
2259 3958 2294 3996 a
2318 3946 2375 3996 te
2405 3940 2547 3996 nihil
2570 3941 2805 4014 accipio,
2837 3942 3254 4013 superabundo,
3287 3946 3348 3998 et

79 4030 270 4101 011831.18,
288 4037 346 4089 et
362 4031 457 4088 hic
475 4036 598 4087 erat
612 4030 906 4104 presbyter
923 4048 989 4086 ex
1009 4031 1098 4087 his
1115 4048 1253 4104 quos
1270 4032 1377 4104 ipsi
1396 4032 1668 4089 vocabant
1746 4033 1897 4088 Deus
1914 4031 2195 4087 benedicit
2208 4029 2368 4085 mihi.
2387 4030 2634 4102 Pergens
2645 4034 2837 4086 autem
2862 4030 3056 4098 frater,
3077 4030 3346 4087 indicavit

79 4120 443 4195 presbyteros.
476 4121 583 4187 Qui
616 4137 743 4176 cum
777 4121 944 4176 vellet
979 4137 1214 4193 pergere
1261 4122 1332 4177 ad
1362 4123 1663 4194 quemdam
1753 4121 1944 4177 omnia
1982 4137 2105 4193 quae
2138 4120 2287 4175 facta
2322 4119 2545 4175 fuerant
2575 4118 2718 4176 seni.
2774 4120 2840 4175 Et
2886 4119 3024 4176 dicit
3049 4119 3102 4174 ei
3134 4136 3339 4176 senex:

80 4209 317 4280 ejusdem
348 4211 556 4267 erroris
582 4210 889 4277 hominem,
925 4210 1350 4282 comprehendit
1378 4228 1508 4266 eum
1548 4229 1661 4267 nox
1744 4210 1936 4266 Nescis
1965 4210 2098 4282 quia
2120 4226 2260 4282 opus
2283 4207 2688 4264 monachorum
2714 4207 2864 4281 ignis
2877 4213 2982 4277 est,
3005 4214 3064 4264 et
3089 4208 3341 4265 ubicum-

79 4296 133 4352 in
151 4298 240 4354 illo
266 4301 525 4372 loco,quo
553 4304 677 4356 erat
705 4299 790 4353 vir
814 4298 909 4354 ille
937 4306 1165 4355 sanctus
1199 4306 1257 4354 et
1285 4301 1654 4369 orthodoxus,
1743 4316 1853 4372 que
1874 4299 2205 4371 ingreditur,
2228 4298 2551 4354 consumit?
2570 4298 2690 4353 Hoc
2708 4302 2900 4354 autem
2911 4298 3052 4355 utile
3072 4302 3159 4354 est
3177 4297 3343 4354 fratri

80 4391 131 4442 et
152 4389 480 4445 anxiabatur
494 4389 687 4445 volens
706 4389 949 4462 pulsare,
969 4393 1033 4443 ut
1050 4395 1305 4445 maneret
1315 4391 1463 4463 apud
1480 4407 1610 4446 eum
1643 4410 1726 4463 ;ῃ
1743 4395 1862 4458 tuo,
1893 4394 1958 4445 ut
1981 4389 2052 4444 de
2074 4387 2266 4444 labore
2301 4405 2404 4444 suo
2444 4388 2799 4455 misereatur,
2854 4393 2912 4444 et
2943 4387 3255 4444 orationem
3302 4406 3338 4445 a

81 4476 275 4533 sciebat
316 4479 469 4535 enim
509 4478 644 4551 quia
691 4483 1049 4550 cognosceret
1094 4479 1242 4551 quod
1286 4485 1436 4535 esset
1479 4480 1659 4535 Mani-
1678 4476 1951 4534 "sanctis
1979 4478 2113 4533 viris
2150 4477 2387 4549 accipiat
2419 4496 2433 4545 ;
2468 4482 2526 4532 et
2552 4476 2634 4532 ita
2660 4476 3105 4533 benedictionem
3144 4493 3336 4534 cense.

82 4564 270 4632 chzeus,
305 4571 364 4623 et
405 4567 771 4624 revocabatur
810 4584 845 4621 a
892 4567 1235 4638 cogitatione
1264 4584 1385 4635 sua,
1419 4585 1491 4624 ne
1519 4570 1661 4626 forte

81 4668 182 4711 non
204 4657 578 4730 acquiesceret
617 4661 814 4724 616
851 4655 1134 4729 suscipere
1165 4672 1313 4725 eum,
1342 4659 1663 4730 compulsus

82 4749 253 4801 autem
291 4746 626 4803 necessitate
670 4746 934 4818 pulsavit.
972 4745 1043 4801 Et
1079 4745 1336 4818 aperiens
1382 4763 1570 4812 senex,
1605 4754 1663 4804 et

82 4846 403 4903 cognoscens
433 4852 583 4902 eum,
617 4835 865 4907 suscepit
900 4852 1026 4890 cum
1056 4835 1359 4903 hilaritate,
1395 4841 1453 4892 et
1481 4837 1663 4909 coegit

84 4934 198 4978 eum
216 4938 395 4993 orare,
421 4930 479 4981 et
493 4923 746 4980 reficiens
766 4941 894 4979 eum
918 4924 1210 4979 collocavit
1227 4924 1322 4980 ubi
1345 4925 1617 4982 dormiret
1645 4947 1657 4983 :

83 5007 401 5070 Manichaeus
429 5018 620 5070 autem
644 5014 895 5086 cogitans
924 5014 983 5069 in
1027 5031 1086 5068 se
1114 5019 1295 5082 nocte,
1327 5014 1657 5085 mirabatur,

84 5097 282 5157 dicens:
325 5102 614 5169 Quomodo
623 5103 835 5159 nullam
852 5102 1226 5175 suspicionem
1240 5103 1439 5159 habuit
1455 5104 1513 5159 in
1534 5105 1661 5160 me?

82 5201 197 5244 vere
215 5190 317 5247 iste
336 5209 529 5248 servus
556 5191 659 5248 Dei
684 5197 788 5248 est.
830 5193 901 5248 Et
920 5209 1156 5264 surgens
1182 5209 1348 5249 mane
1365 5194 1565 5250 cecidit
1589 5193 1664 5249 ad

85 5277 237 5345 pedes
264 5282 402 5353 ejus,
435 5281 656 5337 dicens:
702 5281 788 5338 Ab
831 5281 998 5337 hodie
1043 5282 1388 5338 orthodoxus
1426 5300 1573 5351 sum,
1608 5289 1666 5339 et

85 5378 182 5421 non
207 5372 457 5426 recedam
483 5375 626 5430 ate.
664 5372 734 5426 Et
760 5370 1021 5443 deinceps
1065 5372 1376 5443 permansit
1419 5389 1546 5427 cum
1575 5389 1661 5430 eo.

92 5496 119 5517 ι
149 5455 226 5511 12.
255 5460 558 5517 Monachus
587 5460 817 5534 quidam
857 5460 1131 5517 Thebaeus
1178 5461 1394 5533 accepit
1418 5462 1661 5533 gratiam

88 5542 361 5604 ministerii
379 5566 414 5605 a
431 5550 640 5618 Deo,ut
659 5550 896 5623 singulis
911 5549 1292 5622 indigentibus
1313 5550 1663 5607 ministraret

93 5635 225 5703 quod
243 5639 622 5698 necessarium
635 5639 1062 5713 esset.Contigit
1071 5644 1260 5696 autem
1277 5639 1580 5712 aliquando
1598 5640 1659 5697 in

1744 4585 1941 4641 quens,
1978 4565 2444 4639 multiplicabitur
2469 4564 2629 4621 labor
2657 4567 2800 4637 ejus.

1819 4656 1910 4715 14.
1938 4656 2171 4713 Dicebat
2204 4655 2435 4727 quidam
2468 4671 2692 4709 senum:
2725 4653 2870 4719 Quia
2897 4659 2986 4710 est
3007 4654 3235 4727 quidam
3259 4655 3340 4711 fa-

1741 4747 1894 4802 ciens
1922 4746 2100 4801 multa
2136 4744 2285 4801 bona
2319 4744 2663 4816 frequenter,
2710 4747 2769 4798 et
2792 4742 3048 4799 diabolus
3070 4744 3247 4800 mittit
3277 4750 3337 4801 et

1741 4835 2231 4908 scrupulositatem
2253 4833 2313 4889 in
2342 4833 2531 4889 animo
2559 4849 2658 4905 pro
2683 4833 2868 4906 parvis
2897 4832 3085 4903 rebus,
3117 4839 3183 4891 ut
3198 4835 3337 4893 alio-

1741 4942 1870 4982 rum
1888 4925 2160 4991 omnium,
2181 4940 2303 4995 quae
2316 4923 2467 4989 facit,
2491 4922 2809 4979 mercedem
2822 4923 3066 4982 amittat.
3095 4924 3337 4982 Sedente

1743 5016 1893 5071 enim
1914 5031 2005 5070 me
2024 5013 2325 5086 aliquando
2349 5013 2409 5068 in
2440 5012 2757 5085 Oxyrincho
2792 5029 2920 5069 cum
2938 5014 3181 5087 quodam
3204 5032 3336 5089 pre-

1743 5105 1967 5181 sbytero
1983 5105 2077 5179 qui
2100 5103 2339 5160 faciebat
2359 5104 2565 5160 multas
2585 5104 2997 5177 eleemosynas,
3020 5106 3174 5162 venit
3191 5123 3340 5190 qug-

1744 5197 1874 5252 dam
1906 5195 2112 5252 mulier
2137 5194 2306 5250 vidua
2333 5193 2625 5266 postulans
2655 5193 2726 5249 ab
2752 5210 2819 5250 eo
2845 5194 3126 5250 modicum
3142 5195 3337 5251 tritici.

1745 5288 1816 5343 Et
1829 5285 1969 5341 dixit
1986 5286 2038 5341 ei
2063 5304 2076 5339 :
2106 5283 2429 5352 Vade,aﬁ'er
2477 5283 2747 5351 modium,
2773 5289 2833 5339 et
2860 5300 3124 5340 mensuro
3139 5282 3339 5341 tibi.Et

1746 5375 1939 5431 attulit
1967 5376 2037 5430 ei.
2052 5375 2151 5430 Ille
2173 5379 2362 5430 autem
2379 5389 2715 5428 mensurans
2734 5372 2983 5427 modium
2996 5373 3063 5428 ad
3082 5389 3333 5438 manum,

1746 5464 1885 5519 dixit
1909 5463 1960 5518 ei
1985 5484 1998 5519 :
2040 5465 2222 5535 Major
2238 5468 2324 5517 est
2346 5481 2358 5529 ;
2381 5467 2439 5517 et
2467 5461 2597 5517 fecit
2616 5459 3002 5516 verecundiam
3035 5460 3213 5516 vidua;
3231 5460 3335 5516 illi.

1743 5554 1886 5610 Cum
1918 5569 2045 5608 vero
2091 5552 2440 5608 discessisset
2484 5550 2666 5606 vidua
2705 5548 2822 5616 illa,
2866 5548 2981 5605 dixi
2999 5566 3130 5621 ego:
3159 5548 3340 5619 Abba;

1741 5640 2013 5699 mutuasti
2032 5641 2213 5697 vidua:
2241 5640 2334 5696 isti
2352 5638 2725 5705 triticum,aut
2753 5636 2888 5710 quid
2901 5636 2930 5693 ?
2953 5638 3026 5697 Et
3049 5638 3144 5695 ille
3160 5637 3303 5697 dixit
3325 5651 3337 5687 ε
