3934 6378
558 297 680 404 θέτ’

1677 351 1772 408 DE
1809 351 2000 408 VITIS
2037 348 2337 407 PATRUM
2373 346 2590 404 LIBER
2623 345 2694 402 V.

3724 344 3828 409 948

560 473 707 542 Non,
743 475 843 531 sed
864 475 1066 532 donavi
1079 476 1180 532 illi.
1206 475 1322 548 Ego
1351 480 1545 532 autem
1559 476 1704 532 dixi:
1735 478 1882 550 Ergo
1899 479 1947 534 si
1971 479 2220 539 totumA
2242 491 2405 548 spere
2437 473 2719 529 manduca
2745 487 2951 545 panem
2979 475 3037 528 et
3065 471 3149 527 sal
3174 490 3188 541 ;
3221 478 3281 528 et
3323 472 3448 528 veni
3493 473 3722 541 iterum,
3774 480 3828 530 et

556 564 736 635 gratis
771 565 994 632 dedisti,
1026 567 1304 638 quomodo
1332 565 1388 622 in
1421 567 1641 622 modico
1681 567 1760 622 sic
1795 569 2155 640 scrupulosus

558 669 681 709 esse
699 653 942 722 voluisti,
961 660 1018 710 et
1035 655 1215 711 fecisti
1231 656 1627 712 verecundiam
1657 655 1925 711 mulieri?

635 740 718 800 l5.
768 743 950 799 Senex
997 745 1228 816 quidam
1256 761 1384 800 cum
1421 745 1532 800 alio
1572 761 1684 800 uno
1717 745 1892 801 fratre
1915 745 2159 802 habebat

555 848 914 888 communem
945 833 1136 903 vitam,
1167 840 1291 890 erat
1315 833 1465 889 enim
1497 851 1668 889 senex
1691 834 1785 889 ille
1815 835 2153 891 misericors.

557 921 810 992 Contigit
833 928 1024 978 autem
1054 929 1120 978 ut
1142 924 1305 978 ﬂeret
1319 923 1514 990 fames,
1533 929 1591 978 et
1611 931 1903 996 coeperunt
1928 925 2157 996 quidam

555 1010 744 1066 venire
757 1012 828 1068 ad
842 1012 1146 1085 hospitium
1161 1013 1210 1084 ej
1218 1018 1374 1078 us,ut
1390 1013 1710 1085 acciperent
1727 1029 2156 1085 agapem;senex

553 1117 685 1156 vero
721 1101 984 1157 omnibus
1022 1101 1374 1157 venientibus
1421 1101 1782 1158 ministrabat
1809 1119 2034 1175 panem.
2069 1101 2158 1156 Vi-

552 1189 692 1245 dens
717 1195 910 1245 autem
938 1189 1113 1246 frater
1143 1191 1293 1262 quod
1320 1189 1509 1258 ﬁebat,
1553 1191 1692 1247 dic1t
1719 1191 1839 1247 seni
1863 1209 1875 1246 :
1908 1193 1994 1246 Da
2015 1191 2156 1246 mihi

550 1284 772 1351 partem
796 1296 980 1335 meam
1009 1280 1078 1335 de
1116 1280 1375 1352 panibus,
1410 1287 1468 1336 et
1495 1281 1646 1353 quod
1675 1281 1756 1336 vis
1787 1281 1873 1336 fac
1897 1281 1967 1335 de
1995 1285 2155 1352 parte

553 1373 674 1423 tua.
695 1369 878 1424 Senex
899 1386 1031 1424 vero
1060 1369 1248 1424 divisit
1272 1387 1468 1442 panes,
1487 1376 1544 1425 et
1557 1369 1796 1425 faciebat
1809 1387 1964 1425 more
1989 1369 2154 1425 solito

553 1457 972 1530 eleemosynam
999 1457 1069 1513 de
1099 1464 1260 1530 parte
1288 1475 1416 1518 sua.
1459 1459 1620 1514 Multi
1647 1465 1835 1514 autem
1864 1475 2157 1514 concurre-

2237 566 2439 638 loquor
2465 563 2589 618 tibi.
2614 562 2721 627 Qui
2751 577 2992 634 pergens
3015 561 3147 616 fecit
3173 561 3272 617 ita.
3319 563 3611 635 Completo
3640 567 3846 620 autem'

2238 671 2406 722 anno,
2439 653 2814 708 venititerum
2828 651 3003 706 frater
3015 651 3088 706 ad
3107 649 3366 706 abbatem
3383 651 3830 724 Arem.Contigit

2239 750 2430 800 autem
2450 749 2515 798 ut
2541 759 2738 797 rursus
2766 741 3114 796 inveniretur
3141 741 3291 812 apud
3312 756 3441 796 eum
3455 739 3630 798 abbas
3652 741 3832 798 Abra.

2240 833 2392 888 ham.
2418 833 2486 887 Et
2512 831 2720 886 iterum
2746 847 2915 885 senex
2941 829 3103 884 fratri
3123 829 3206 884 illi
3234 849 3246 884 :
3271 829 3443 897 Vade,
3457 831 3657 901 jejuna
3682 847 3831 887 anno

2237 921 2366 988 isto,
2399 926 2457 976 et
2481 926 2607 992 post
2627 919 2862 975 biduum
2875 919 3173 974 manduca.
3193 918 3446 984 Quicum
3464 919 3830 988 discessisset,

2239 1011 2380 1066 dixit
2403 1009 2578 1065 abbas
2603 1008 2892 1068 Abraham
2915 1007 3105 1064 abbati
3127 1009 3296 1063 Arem
3318 1027 3332 1064 :
3352 1009 3538 1074 Quare
3567 1009 3833 1066 omnibus

2235 1099 2505 1156 fratribus
2533 1099 2653 1154 leve
2671 1099 2874 1170 jugum
2920 1097 3184 1170 imponis,
3231 1097 3402 1152 istum
3443 1114 3573 1154 vero
3601 1097 3834 1155 fratrem

2235 1191 2392 1266 gravi
2420 1188 2642 1244 sarcina
2659 1186 2934 1242 onerasti?
2953 1186 3024 1240 Et
3045 1186 3186 1242 dixit
3203 1186 3256 1242 ei
3276 1203 3442 1242 senex
3465 1205 3478 1242 :
3502 1187 3614 1243 Alii
3631 1187 3837 1244 fratres

2238 1279 2518 1354 quomodo
2544 1277 2777 1333 veniunt
2796 1293 3046 1348 quaerere
3065 1276 3147 1331 ita
3165 1281 3223 1331 et
3241 1276 3536 1332 discedunt
3556 1296 3574 1344 ;
3597 1277 3689 1333 hic
3703 1295 3835 1334 vero

2237 1368 2370 1440 quia
2396 1372 2624 1440 propter
2650 1367 2832 1422 Deum
2859 1365 3011 1420 venit
3038 1365 3238 1421 audire
3262 1365 3511 1434 verbum,
3543 1367 3836 1439 operarius

2237 1462 2427 1512 autem
2457 1461 2543 1512 est
2569 1473 2828 1527 magnus,
2861 1461 2919 1510 et
2946 1454 3218 1527 quidquid
3231 1455 3284 1510 ei
3303 1455 3513 1524 dixero,
3533 1472 3659 1512 cum
3677 1457 3838 1514 omni

552 1545 692 1602 bant
717 1547 789 1602 ad
818 1564 1028 1614 senem,
1059 1547 1353 1602 audientes
1382 1548 1516 1620 quia
1556 1547 1815 1604 omnibus
1849 1549 2028 1602 daret.
2058 1547 2156 1602 Vi-
2237 1545 2611 1602 sollicitudine
2627 1545 2776 1612 facit,
2801 1549 3101 1618 propterea
3127 1550 3184 1601 et
3201 1561 3304 1618 ego
3317 1545 3580 1618 loquorei
3599 1545 3834 1603 verbum

553 1635 693 1691 dens
721 1640 914 1690 autem
941 1635 1090 1690 Deus
1120 1637 1468 1708 propositum
1488 1638 1792 1692 voluntatis
1820 1638 1961 1708 ejus,
1985 1637 2159 1692 bene-
2237 1635 2360 1691 Dei.

551 1724 693 1780 dixit
705 1741 898 1797 panes.
921 1725 1120 1780 Frater
1147 1730 1337 1780 autem
1357 1726 1470 1793 ille,
1499 1727 1596 1798 qui
1627 1732 1919 1798 acceperat
1937 1732 2210 1798 partem_
2312 1723 2365 1782 3.
2396 1725 2783 1780 Narraverunt
2805 1724 2875 1779 de
2908 1723 3110 1779 abbate
3137 1723 3352 1780 Joanne
3393 1723 3574 1780 brevis
3602 1731 3836 1782 staturae

553 1793 734 1882 suam,
759 1819 818 1868 et
830 1813 970 1868 nulli
999 1813 1188 1881 dabat,
1213 1793 1560 1887 consumpsit
1573 1793 1915 1888 panessuos,
1937 1793 1997 1871 et
2013 1815 2158 1871 dixit
2173 1793 2220 1854 Β
2239 1814 2373 1887 quia
2399 1814 2647 1886 perrexit
2674 1815 2746 1868 ad
2767 1813 3068 1886 quemdam
3086 1830 3277 1868 senem
3287 1813 3586 1870 Thebeum
3603 1831 3834 1886 genere,

551 1903 706 1958 seni:
737 1903 1015 1973 Quoniam
1045 1903 1325 1959 modicum
1355 1910 1459 1973 est,
1498 1905 1647 1976 quod
1675 1905 1860 1960 adhuc
1878 1904 2057 1959 habeo
2085 1905 2156 1959 de
2237 1909 2682 1959 commorantem
2712 1903 2771 1958 in
2799 1903 3012 1976 Scythi,
3045 1903 3140 1976 qui
3167 1903 3398 1959 sedebat
3423 1904 3483 1958 in
3509 1921 3697 1960 eremo
3729 1906 3838 1973 (Si-

549 1990 789 2064 panibus
810 1992 969 2059 meis,
1008 1991 1174 2060 abba,
1203 1993 1422 2066 suscipe
1464 2011 1555 2049 me
1586 1995 1657 2049 ad
1694 2011 2053 2049 communem
2081 1993 2157 2048 vi-
2237 1997 2371 2048 mile
2389 1994 2478 2048 hic
2507 1995 2603 2049 lib.
2635 2011 2704 2060 1v,
2757 2010 2803 2046 c.
2857 1991 2942 2060 1‘2,
2977 2009 3040 2048 ea:
3065 1991 3351 2064 Sulpicio).
3382 1993 3604 2050 Tollens
3639 1999 3834 2050 autem

549 2081 766 2136 tam.Et
783 2081 924 2136 dixit
943 2081 996 2136 ei
1032 2095 1234 2136 senex:
1260 2083 1553 2147 Quomodo
1575 2083 1674 2150 vis,
1690 2083 1851 2138 facio.
1876 2084 1946 2139 Et
1976 2100 2154 2155 coepe-
2237 2082 2540 2154 aliquando
2571 2080 2744 2136 abbas
2770 2082 2894 2153 ejus
2922 2081 3141 2154 lignum
3185 2082 3414 2150 siccum,
3448 2083 3742 2156 plantavit,
3777 2091 3834 2141 et

551 2175 687 2226 runt
702 2170 912 2226 iterum
939 2170 1111 2225 simul
1142 2187 1264 2226 esse
1291 2177 1350 2228 et
1377 2173 1756 2228 communiter
1773 2173 2158 2228 vivere.Facta
2239 2171 2381 2226 dixit
2409 2171 2460 2226 ei
2485 2188 2497 2228 :
2543 2171 2652 2226 Per
2679 2171 2798 2226 dies
2825 2171 3079 2242 singulos
3106 2171 3268 2226 mitte
3298 2171 3352 2226 ei
3376 2171 3445 2226 ad
3474 2171 3674 2244 pedem
3705 2175 3831 2246 ejus

551 2265 741 2317 autem
765 2259 976 2314 iterum
999 2265 1248 2331 egestate
1273 2260 1618 2330 victualium,
1638 2262 1937 2318 veniebant
1947 2262 2155 2318 iterum
2238 2261 2496 2331 lagenam
2515 2277 2694 2332 aquae,
2715 2249 2891 2315 donec
2903 2260 3148 2316 fructum
3166 2260 3354 2316 faciat.
3378 2261 3510 2316 Erat
3529 2278 3656 2316 vero
3668 2262 3832 2335 longe

552 2349 887 2420 indigentes,
920 2354 985 2404 ut
1021 2349 1340 2421 acciperent
1379 2368 1641 2424 agapem.
1676 2352 1929 2423 Contigit
1955 2357 2150 2406 autem
2238 2349 2309 2404 ab
2335 2350 2414 2404 eis
2444 2367 2611 2422 aqua,
2644 2355 2709 2404 ut
2751 2366 2788 2404 a
2838 2366 2964 2404 sero
2994 2355 3272 2422 pergeret,
3300 2355 3362 2405 et
3388 2366 3554 2406 mane
3582 2351 3831 2420 rediret;

550 2455 667 2495 una
694 2439 786 2494 die
809 2443 875 2494 ut
901 2437 1142 2494 intraret
1163 2439 1338 2494 frater
1368 2441 1480 2508 ille,
1521 2446 1578 2496 et
1601 2440 1816 2496 videret
1841 2441 1975 2512 quia
2003 2441 2158 2495 defe-
2238 2445 2366 2512 post
2383 2445 2498 2494 tres
2514 2444 2703 2494 autem
2723 2455 2902 2494 annos
2920 2439 3092 2494 viruit
3105 2439 3320 2511 lignum
3342 2439 3498 2508 illud,
3516 2445 3574 2496 et
3589 2443 3833 2497 fructum

549 2527 1131 2600 cerantpanes.Venit
1149 2536 1342 2584 autem
1370 2535 1428 2584 et
1447 2547 1660 2602 pauper
1673 2531 2083 2602 postulansﬁ]
2101 2536 2152 2597 ιτ
2239 2529 2387 2583 fecit.
2417 2529 2655 2584 Sumens
2690 2534 2878 2583 autem
2909 2543 2976 2582 ex
2987 2528 3175 2584 fructu
3193 2530 3314 2600 ejus
3333 2545 3520 2596 senex,
3544 2529 3734 2587 attulit
3763 2531 3833 2586 ad

555 2632 813 2688 agapem.
847 2617 1028 2672 Senex
1056 2633 1190 2688 ergo
1215 2617 1356 2674 dixit
1382 2619 1543 2674 fratri
1572 2621 1655 2675 illi
1681 2637 1694 2672 :
1733 2621 1818 2674 Da
1846 2620 1898 2674 ei
1929 2637 2152 2691 panem.
2241 2619 2552 2684 ecclesiam,
2581 2624 2638 2672 et
2665 2617 2806 2672 dixit
2823 2617 3118 2673 fratribus:
3145 2618 3392 2691 Accipite
3426 2624 3483 2674 et
3501 2619 3833 2678 manducata

554 2705 627 2761 Et
657 2705 834 2761 dixit:
885 2709 1012 2763 Jam
1053 2723 1167 2762 non
1220 2707 1420 2776 habeo,
1455 2710 1643 2764 Pater.
1677 2709 1748 2764 Et
1774 2709 1916 2764 dixit
1943 2726 2151 2768 senex:
2239 2707 2484 2762 fructum
2512 2706 2861 2762 obedientiaa.

553 2794 804 2863 Intra,et
831 2813 1036 2868 quaere.
1061 2799 1352 2870 Ingressus
1372 2804 1564 2853 autem
1594 2799 1786 2865 frater,
1827 2799 2068 2853 attendit
2099 2803 2156 2854 et
2312 2796 2364 2854 4.
2396 2796 2668 2852 Dicebant
2694 2797 2763 2852 de
2790 2798 3024 2863 Joanne,
3043 2797 3140 2870 qui
3160 2797 3265 2853 fuit
3291 2797 3592 2870 discipulus
3618 2797 3835 2856 abbatis

555 2881 698 2938 vidit
741 2885 1160 2955 repositionem,
1200 2887 1260 2942 in
1289 2905 1402 2958 qua
1447 2905 1621 2960 panes
1643 2887 1838 2943 haberi
1881 2887 2155 2956 solebant,
2241 2886 2423 2953 Pauli,
2483 2886 2616 2958 quia
2663 2903 2881 2957 magnae
2920 2885 3252 2942 obedientiaa
3279 2887 3449 2943 fuerit
3471 2888 3636 2956 (Ra/7‘.
3673 2892 3712 2944 ι.
3747 2904 3829 2956 III,

561 2972 838 3044 repletam
888 2975 1148 3046 panibus.
1197 2977 1358 3041 Quod
1413 2993 1542 3031 cum
1570 2977 1818 3045 vidisset;
1850 2977 2074 3045 timuit;
2103 2983 2161 3032 et
2243 2992 2401 3030 num.
2427 2974 2496 3032 67
2520 2994 2532 3043 ;
2558 2977 2769 3042 Pasch.,
2797 2993 2842 3030 c.
2873 2973 2928 3043 2,
2953 2991 3012 3032 η.
3038 2975 3111 3048 1).
3133 2976 3269 3030 Erat
3295 2982 3484 3031 autem
3510 2976 3569 3032 in
3595 2977 3836 3049 quodam

559 3061 766 3116 tollens
791 3061 948 3118 dedit
965 3065 1226 3137 pauperi;
1251 3070 1421 3137 atque
1447 3053 1541 3120 ita.
1555 3083 1894 3137 cognoscens
1912 3067 2080 3122 ﬁdem
2101 3071 2160 3121 et
2177 3127 2215 3138 __
2241 3065 2360 3120 loco
2393 3064 2683 3132 memoria,
2734 3070 2792 3119 et
2840 3063 3131 3120 habitabat
3156 3064 3216 3120 in
3253 3082 3322 3120 ea
3351 3065 3526 3121 leaena
3571 3067 3833 3138 pessima,

562 3149 829 3222 virtutem
859 3153 1031 3220 senis,
1061 3154 1396 3224 glorificavit
1423 3154 1626 3210 Deum.
2173 3127 2216 3188 Ο
2238 3153 2446 3209 Videns
2494 3159 2688 3209 autem
2725 3170 2894 3208 senex
2940 3153 3090 3208 circa
3139 3154 3324 3226 ipsum
3365 3155 3551 3210 locum
3589 3161 3836 3212 stercora

801 3241 1147 3298 LIBELLUS
1194 3243 1510 3299 DECIMUS
1552 3243 1904 3312 QUARTUS,

1125 3333 1200 3388 De
1249 3334 1574 3388 obedz'cnu'a.

629 3419 659 3475 1
673 3461 685 3475 .
701 3421 886 3477 Beatse
904 3421 1189 3477 memoriae
1211 3421 1383 3476 abbas
1403 3421 1674 3477 Arsenius
1687 3421 1828 3477 dixit
1854 3423 2158 3495 aliquando

561 3509 752 3566 abbati
781 3512 1134 3567 Alexandro:
1167 3512 1403 3578 Quando
1434 3512 1865 3584 perexpenderis
1881 3513 2159 3584 palmulas

551 3604 711 3669 tuas,
736 3605 870 3655 tunc
888 3602 1014 3656 veni
1040 3607 1098 3656 et
1131 3607 1459 3672 gustomus;
1492 3601 1539 3655 si
1573 3607 1764 3656 autem
1793 3601 1968 3673 aliqui
1997 3619 2161 3674 pere-

561 3689 714 3762 grini
741 3690 1188 3762 supervenerint,
1219 3691 1448 3746 comede
1485 3707 1613 3746 cum
1635 3691 1734 3746 eis.
1757 3690 1943 3745 Abbas
1967 3697 2158 3747 autem

561 3780 879 3834 Alexander
918 3780 1100 3836 lenius
1144 3785 1200 3834 et
1245 3781 1495 3836 modeste
1539 3781 1898 3852 operabatur.
1935 3781 2005 3836 Et
2031 3799 2161 3837 cum

564 3868 714 3924 facta
739 3869 936 3924 fuisset
963 3870 1104 3924 hora
1130 3870 1526 3931 manducandi.
1558 3874 1856 3942 supererat
1883 3869 2066 3924 adhuc
2093 3870 2162 3926 de

565 3957 830 4030 palmulis
870 3957 988 4013 suis
1013 3976 1024 4012 :
1079 3959 1273 4014 volens
1302 3964 1493 4014 autem
1522 3959 1805 4014 custodire
1831 3958 2166 4014 mandatum

565 4045 736 4112 senis,
769 4047 1038 4102 sustinuit
1065 4047 1239 4102 donec
1270 4047 1578 4119 explicaret
1593 4049 1840 4119 palmas;
1872 4047 2043 4104 abbas
2070 4065 2167 4103 au-

565 4139 682 4188 tem
714 4135 984 4190 Arsenius
1011 4152 1140 4190 cum
1168 4135 1384 4191 videret
1425 4123 1559 4208 quia
1593 4136 1866 4204 tardaret,
1896 4137 2162 4208 gustavit,

567 4223 898 4298 existimans
927 4224 1060 4294 quia
1082 4224 1224 4279 forte
1253 4226 1307 4279 ei
1329 4224 1608 4297 peregrini
1633 4226 2080 4298 supervenerint,
2109 4232 2166 4282 et

567 4328 697 4368 cum
715 4311 853 4384 ipsis
871 4313 1202 4384 gustaverit.
1215 4314 1404 4369 Abbas
1415 4322 1604 4370 autem
1621 4316 1938 4371 Alexander
1949 4323 2165 4388 postea-

2239 3243 2430 3299 leaenae
2458 3243 2655 3316 ipsius,
2689 3243 2831 3298 dixit
2873 3243 3110 3299 Joanni:
3150 3244 3304 3299 Vade
3341 3249 3399 3300 et
3425 3244 3564 3299 affer
3588 3250 3836 3301 stercora

2239 3331 2355 3390 illa.
2391 3333 2462 3388 Et
2490 3333 2584 3388 ille
2613 3333 2754 3388 dixit
2802 3332 2891 3388 ei:
2935 3333 3005 3388 Et
3031 3333 3164 3405 quid
3204 3333 3366 3400 facio,
3401 3331 3562 3401 abba,
3607 3341 3838 3408 propter

2242 3421 2478 3477 leaenam
2507 3422 2705 3476 illam?
2735 3423 2915 3478 Senex
2938 3428 3129 3477 autem
3166 3421 3461 3478 subridens
3499 3423 3639 3478 dixit
3657 3423 3708 3479 ei
3732 3443 3745 3478 :
3780 3424 3837 3480 Si

2244 3510 2462 3566 venerit
2487 3516 2684 3566 contra
2711 3516 2788 3578 te,
2820 3511 2934 3583 liga
2974 3511 3150 3579 illam,
3185 3516 3243 3566 et
3269 3512 3407 3566 afi‘er
3433 3512 3558 3568 huc.
3587 3513 3840 3568 Perrexit

2241 3617 2376 3672 ergo
2425 3601 2600 3656 frater
2622 3601 2738 3655 illic
2769 3618 3018 3672 vespere,
3047 3606 3106 3657 et
3131 3618 3258 3656 ecce
3288 3601 3440 3656 venit
3465 3602 3640 3658 leaena
3669 3618 3838 3676 super

2241 3690 2426 3762 ipsum
2447 3708 2460 3757 ;
2479 3690 2572 3744 ille
2599 3695 2790 3745 autem
2819 3690 3125 3746 secundum
3146 3689 3374 3746 verbum
3395 3691 3545 3746 senis
3565 3691 3837 3764 impetum

2243 3779 2376 3835 feeit
2395 3797 2566 3852 super
2585 3797 2730 3846 eam,
2751 3784 2816 3834 ut
2835 3785 3050 3835 teneret
3062 3781 3236 3834 illam.
3255 3781 3421 3853 Fugit
3433 3786 3622 3836 autem
3641 3782 3835 3849 leaena,

2245 3875 2304 3924 et
2328 3869 2672 3941 sequebatur
2699 3885 2823 3924 eam
2837 3869 2949 3937 ille,
2973 3869 3193 3925 dicens:
3215 3871 3502 3943 Exspecta,
3521 3870 3654 3943 quia
3669 3869 3840 3926 abbas

2246 3976 2406 4014 meus
2438 3959 2596 4027 dixit,
2623 3963 2687 4014 ut
2707 3959 2974 4030 ligemte;
3005 3963 3062 4014 et
3077 3964 3276 4015 tenens
3295 3977 3418 4016 eam
3439 3959 3712 4032 alligavit.
3748 3962 3842 4018 Se-

2247 4065 2356 4103 nex
2385 4053 2575 4103 autem
2605 4049 2978 4120 exspectando
2999 4066 3130 4104 eum
3156 4048 3367 4104 diutius
3383 4048 3631 4116 sedebat,
3663 4053 3722 4106 et
3745 4050 3843 4105 tri-

2248 4137 2538 4192 bulatione
2565 4136 2961 4207 affligebatur;
2988 4143 3046 4193 et
3071 4154 3194 4194 ecce
3225 4139 3384 4194 tarde
3411 4138 3645 4206 venit,et
3669 4137 3842 4194 habe-

2249 4226 2348 4282 bat
2389 4227 2625 4281 lezenam
2668 4227 2822 4282 illam
2868 4227 3122 4298 ligatam.
3159 4227 3319 4292 Quod
3347 4244 3474 4283 cum
3505 4227 3738 4282 vidisset
3763 4245 3844 4282 se-

2250 4333 2374 4384 nex,
2408 4316 2719 4372 admiratus
2751 4322 2861 4372 est:
2900 4317 3086 4372 volens
3115 4321 3304 4372 autem
3335 4316 3631 4372 humiliare
3659 4318 3840 4386 illum,

570 4418 740 4474 quam
769 4401 1065 4474 explicavit
1107 4419 1356 4475 vespere,
1390 4404 1635 4476 perrexit
1658 4406 1729 4459 ad
1774 4404 2035 4460 abbatem
2063 4408 2166 4460 Ar-
2184 4449 2231 4476 η
2251 4406 2450 4460 cecidit
2477 4423 2624 4471 eum,
2677 4410 2735 4461 et
2773 4405 2913 4461 dixit
2944 4424 2956 4460 :
3016 4407 3226 4462 Bavose
3245 4406 3370 4475 (41),
3400 4422 3597 4462 canem
3625 4406 3842 4463 fatuum

2183 4449 2231 4508 D

570 4491 810 4547 senium.
843 4493 914 4547 Et
943 4491 1083 4546 dixit
1103 4492 1155 4546 ei
1183 4492 1355 4548 abbas
1376 4481 1645 4549 Arsenius
1671 4520 1682 4554 :
1715 4495 2048 4566 Peregrinos
2069 4481 2231 4550 ali-u
2250 4495 2530 4550 adduxisti
2556 4495 2694 4550 mihi
2719 4494 2747 4549 ?
2778 4496 2958 4550 Solvit
2975 4499 3167 4551 autem
3195 4512 3319 4551 eam
3337 4495 3529 4551 statim
3561 4513 3753 4566 senex,
3788 4504 3844 4554 et

573 4596 714 4653 quos
742 4580 1031 4636 habuisti?
1062 4580 1137 4636 Et
1166 4582 1329 4638 dixit:
1361 4583 1507 4638 Non.
1541 4584 1610 4638 Et
1631 4584 1723 4638 ille
1761 4585 1907 4639 dixit
1933 4602 1945 4638 :
1979 4585 2165 4648 Quare

569 4687 705 4742 ergo
731 4687 846 4726 non
876 4671 1072 4726 venisti
1099 4671 1123 4725 Ἰ
1152 4672 1222 4726 Et
1249 4673 1566 4744 respondit;
1613 4673 1756 4738 Quia
1783 4673 1971 4728 dixisti
2001 4674 2162 4741 mihi,

576 4760 812 4824 Quando
841 4760 1148 4816 defecerint
1169 4762 1367 4832 palmae
1398 4768 1532 4817 tunc
1562 4762 1706 4818 veni.
1725 4763 1838 4834 Ego
1861 4769 2052 4818 autem
2074 4763 2170 4817 lia-

570 4847 711 4904 bens
737 4865 1054 4904 sermonem
1084 4857 1244 4906 tuum
1271 4851 1326 4906 in
1347 4852 1556 4919 animo,
1591 4869 1704 4907 non
1729 4852 1874 4919 veni,
1899 4853 2035 4923 quia
2047 4869 2165 4908 mo-

574 4936 646 4992 do
675 4938 947 5010 complevi
977 4956 1135 5011 opus.
1169 4941 1240 4994 Et
1280 4941 1592 4996 admiratus
1624 4948 1710 4996 est
1737 4959 1905 4996 senex
1928 4959 2164 5013 scrupu-

573 5026 855 5082 lositatem
882 5026 1210 5086 obedientia:
1238 5031 1380 5102 ejus,
1397 5037 1456 5086 et
1473 5031 1617 5088 dixit
1636 5031 1907 5087 ei:Citius
1943 5031 2162 5102 disjun—

567 5133 705 5188 gere
732 5113 803 5172 ab
831 5134 999 5189 opere
1030 5125 1146 5180 tuo.
1196 5126 1260 5175 ut
1287 5125 1344 5174 et
1373 5121 1744 5176 ministerium
1773 5121 2045 5192 psallendi
2079 5121 2161 5175 fa-

570 5205 702 5272 cias,
737 5210 795 5260 et
819 5223 1026 5278 aquam
1055 5207 1154 5262 tibi
1187 5208 1421 5280 implere
1455 5225 1713 5263 occurras
1748 5229 1761 5278 ;
1801 5209 2052 5280 alioquin
2089 5209 2162 5264 ci-

568 5294 682 5352 tius
709 5295 1098 5375 debilitabitur
1125 5312 1328 5370 corpus
1357 5304 1540 5352 tuum.
1651 5346 1654 5352 .

577 5375 586 5384 ’
639 5384 694 5441 2.
728 5384 897 5441 Venit
925 5385 1100 5442 abbas
1125 5386 1413 5442 Abraham
1456 5387 1527 5442 ad
1566 5387 1827 5442 abbatem
1857 5388 2026 5442 Arem
2061 5408 2073 5457 ;
2108 5395 2167 5444 et

567 5487 697 5528 cum
723 5473 982 5528 sederent
1013 5475 1202 5541 simul,
1237 5476 1561 5547 supervenit
1604 5477 1832 5548 quidam
1866 5478 2060 5544 frater,
2113 5483 2171 5534 et

569 5559 709 5616 dixit
733 5561 922 5617 abbati
944 5565 1146 5622 Arem:
1177 5565 1276 5620 Dic
1298 5565 1455 5632 mihi,
1481 5567 1615 5638 quid
1643 5566 1842 5622 faciam
1875 5577 1938 5623 ut
1967 5568 2170 5623 salvari

581 5649 810 5722 possim.
833 5651 904 5708 Et
937 5653 1073 5710 dicit
1099 5654 1151 5712 ei
1179 5667 1374 5714 senex:
1398 5656 1572 5726 Vade,
1605 5661 1724 5714 toto
1757 5675 1905 5716 anno
1935 5658 2045 5716 isto
2075 5676 2170 5714 ve-

2249 4585 2465 4640 dimisit
2491 4585 2674 4640 redire
2701 4585 2772 4639 ad
2803 4586 2990 4640 locum
3019 4603 3207 4642 suum.

2323 4675 2373 4729 5.
2409 4674 2682 4730 Dicebant
2709 4675 2777 4729 de
2807 4674 3010 4730 abbate
3040 4676 3286 4742 Silvano,
3327 4675 3476 4747 quod
3496 4674 3762 4732 habuerit
3787 4677 3843 4732 in

2253 4764 2444 4836 Scythi
2475 4764 2832 4836 discipulum,
2880 4763 3107 4820 nomine
3148 4767 3415 4830 Marcum,
3475 4771 3533 4819 et
3559 4765 3651 4820 hic
3678 4766 3844 4822 fuerit

2250 4871 2467 4924 magum
2482 4853 3044 4926 obedientiamquique
3055 4853 3225 4909 etiam
3238 4854 3476 4926 scriptor
3490 4855 3844 4927 antiquarius

2249 4949 2386 4997 erat:
2408 4942 2678 5013 diligebat
2693 4948 2882 4998 autem
2897 4961 3026 4998 eum
3043 4961 3209 4999 senex
3228 4949 3456 5016 propter
3468 4943 3846 5000 obedientiam

2245 5049 2407 5086 suam
2431 5034 2616 5100 (lla/)2,
2651 5037 2689 5088 ι.
2720 5047 2804 5100 Ili,
2840 5049 2897 5088 η.
2935 5032 3080 5104 143).
3109 5032 3362 5088 Habebat
3389 5032 3559 5087 etiam
3587 5033 3730 5088 alios
3748 5051 3847 5088 un-

2243 5121 2423 5176 decim
2450 5121 2768 5194 discipulos,
2799 5122 2893 5194 qui
2915 5122 3391 5178 contristabantur
3412 5122 3559 5194 quod
3580 5122 3849 5195 diligebat

2245 5228 2374 5268 eum
2404 5211 2531 5283 plus
2560 5212 2660 5267 eis.
2695 5212 2856 5277 Quod
2884 5229 3012 5267 cum
3037 5212 3327 5268 audissent
3341 5211 3504 5266 vicini
3532 5228 3700 5267 senes
3720 5213 3848 5285 quia

2245 5317 2412 5355 senex
2438 5301 2564 5373 plus
2583 5319 2716 5357 eum
2745 5302 2965 5356 caeteris
2995 5301 3280 5373 diligebat,
3307 5301 3538 5356 moleste
3565 5301 3840 5357 tulerunt.

2252 5390 2376 5446 Una
2403 5397 2594 5445 autem
2641 5391 2730 5446 die
2764 5396 3038 5446 venerunt
3063 5391 3134 5446 ad
3177 5407 3344 5446 eum:
3378 5407 3516 5463 quos
3555 5407 3844 5446 assumens

2253 5497 2441 5534 secum
2472 5479 2646 5534 abbas
2677 5481 2954 5547 Silvanus,
2981 5497 3238 5552 egressus
3259 5485 3344 5535 est
3364 5480 3433 5534 de
3453 5479 3597 5534 cella
3636 5496 3762 5547 sua,
3793 5485 3844 5534 et

2253 5569 2422 5640 coepit
2451 5570 2804 5641 singulorum
2833 5571 3233 5644 discipulorum
3262 5586 3491 5624 suorum
3521 5569 3699 5624 cellas
3725 5570 3844 5642 pul-

2255 5676 2399 5728 sare,
2431 5659 2648 5718 dicens:
2684 5661 2882 5718 Frater
2909 5661 3024 5730 ille,
3059 5659 3200 5729 veni,
3224 5659 3356 5734 quia
3384 5675 3522 5735 opus
3557 5663 3614 5716 te
3643 5658 3839 5716 habeo.
