3934 6436
197 344 321 407 949.

1514 354 1753 409 VERBA
1792 354 2181 410 SENIORUM.

3376 356 3489 416 950

190 473 278 529 Et
306 487 455 529 unus
492 487 559 527 ex
577 472 664 527 his
684 487 798 527 non
813 476 901 527 est
917 488 1046 527 mox
1065 480 1289 531 secutus
1318 493 1468 532 eum.
1503 478 1672 532 Venit
1699 480 1860 538 au—A
1878 484 2167 532 manentes
2195 478 2423 534 cuilibet
2458 480 2815 555 continentiae
2865 478 3243 537 obedientiam
3288 483 3489 555 magis"

193 564 323 616 tem
344 561 415 616 ad
427 561 626 617 cellam
657 560 853 627 Marci,
878 566 935 615 et
950 562 1210 632 pulsavit,
1234 564 1422 620 dicens
1444 585 1455 621 :
1479 567 1682 621 Marce.
1702 567 1803 621 Ille

191 656 399 706 autem
429 666 557 705 cum
587 650 837 705 audisset
860 667 1050 706 vocem
1078 653 1229 707 senis
1251 655 1442 709 statim
1463 656 1628 709 exivit
1646 656 1797 722 foris,

191 745 262 795 et
275 740 437 795 misit
453 745 521 805 ο
537 745 570 805 Ι
589 746 646 805 8
669 756 798 793 eum
819 740 888 794 ad
901 741 1182 811 quoddam
1201 743 1598 799 ministerium.
1617 744 1802 800 Abbas

190 846 340 900 ergo
357 829 614 884 Silvanus
633 828 774 883 dixit
786 829 1012 884 senibus
1036 848 1047 884 :
1074 831 1181 885 Ubi
1211 838 1344 887 sunt
1371 834 1557 888 caeteri
1576 835 1801 889 fratres?

189 918 275 973 Et
300 918 589 989 ingressus
611 924 696 973 est
724 918 782 972 in
799 919 998 972 cellam
1020 919 1204 987 Marci,
1232 927 1288 976 et
1324 922 1537 978 invenit
1574 929 1802 994 quater-

188 1007 450 1073 nionem,
485 1024 652 1079 quem
679 1007 875 1062 eadem
902 1008 1041 1062 hora
1070 1008 1444 1078 inchoaverat,
1478 1012 1536 1066 in
1568 1029 1677 1083 quo
1708 1013 1802 1067 lit-

187 1100 386 1150 teram
417 1096 462 1152 Ο
487 1095 742 1151 faciebat.
775 1092 1054 1150 Etaudita
1079 1114 1209 1151 voce
1230 1100 1395 1164 senis,
1422 1116 1533 1154 non
1548 1100 1683 1167 ﬁxit,
1699 1118 1802 1154 nec

187 1185 428 1255 gyravit
441 1186 719 1239 calamum
739 1184 906 1251 ultra,
931 1185 1265 1256 utimpleret
1277 1193 1333 1241 et
1350 1189 1636 1243 clauderet
1656 1189 1801 1245 litte-

188 1290 322 1328 ram
352 1291 522 1344 quam
550 1274 608 1328 in
636 1290 837 1328 manus
868 1273 1126 1330 habebat.
1176 1276 1243 1329 Et
1289 1277 1551 1332 dixerunt
1595 1295 1756 1332 senes
1785 1298 1796 1334 :

190 1362 365 1429 Vere,
397 1362 558 1428 abba,
594 1379 761 1434 quem
789 1369 853 1417 tu
883 1363 1112 1433 dilligis,
1146 1371 1202 1417 et
1227 1381 1327 1419 nos
1356 1366 1642 1436 diligimus
1669 1385 1803 1439 quo-

190 1451 355 1511 niam
382 1457 436 1507 et
468 1453 617 1506 Deus
645 1452 832 1522 diligit
862 1469 1012 1507 eum.

270 1539 325 1595 6.
359 1541 529 1596 Venit
556 1541 857 1612 aliquando
877 1547 1058 1596 mater
1082 1543 1385 1614 supradicti
1404 1545 1595 1611 Marci,
1629 1551 1694 1600 ut
1719 1546 1798 1600 vi-

190 1631 363 1685 deret
381 1647 531 1696 eum,
546 1636 604 1685 et
624 1629 866 1685 habebat
888 1648 1078 1685 secum
1098 1632 1400 1703 plurimum
1425 1633 1754 1705 obsequium
1780 1655 1792 1690 :

189 1718 270 1774 ad
300 1735 472 1790 quam
497 1736 624 1773 cum
649 1719 853 1773 exisset
875 1737 1062 1787 senex,
1094 1721 1229 1775 dicit
1256 1722 1309 1776 ei
1332 1722 1459 1776 illa:
1492 1722 1674 1789 Abba,
1707 1725 1796 1779 die

1883 567 2262 638 praeponimus
2286 587 2298 635 ;
2327 569 2593 640 quoniam
2620 570 2966 624 continentia
2983 571 3368 642 arrogantiam
3384 572 3483 627 ha~

1884 654 1995 722 bet,
2027 656 2346 712 obedie'itia
2373 664 2565 714 autem
2590 659 2967 714 humilitatem
2995 676 3302 730 congruam
3322 661 3483 733 polli-

1883 750 2058 799 cetur.

1966 849 2042 907 I0.
2074 851 2227 907 Dixit
2248 854 2452 908 iterum
2497 869 2620 925 quae
2658 870 2863 925 supra:
2922 854 3156 927 Oportet
3202 873 3304 912 nos
3348 874 3481 914 cum

1883 939 2217 995 discretione
2248 942 2496 996 animam
2523 942 2857 1013 gubernare,
2894 944 3023 999 etin
3049 946 3481 1017 congregatione

1882 1035 2191 1096 manentes,
2217 1047 2328 1085 non
2350 1048 2473 1102 quae
2501 1037 2694 1086 nostra
2716 1037 2850 1086 sunt
2877 1049 3144 1103 quaerere,
3167 1051 3351 1105 neque
3370 1053 3483 1091 ser-

1881 1116 1997 1171 vire
2021 1119 2259 1189 propria}
2285 1120 2557 1174 voluntati
2582 1139 2594 1187 ;
2626 1121 2889 1191 quoniam
2922 1122 3078 1176 velut
3105 1123 3298 1178 exsilio
3334 1125 3480 1179 rele-

1879 1212 2080 1276 gantes
2102 1224 2205 1262 nos
2233 1209 2569 1263 tradidimus
2599 1209 2697 1263 uni
2728 1210 3036 1265 secundum
3065 1210 3232 1266 ﬁdem
3264 1213 3420 1269 Patri
3446 1230 3482 1268 a

1884 1294 2052 1349 rebus
2068 1296 2425 1351 saecularibus
2461 1298 2710 1352 alienati.
2724 1299 2882 1353 Unde
2898 1316 3031 1369 ergo
3043 1301 3251 1369 egressi
3263 1318 3477 1369 sumus,

1883 1384 2023 1438 nihil
2047 1386 2282 1439 ulterius
2312 1387 2666 1456 requiramus
2690 1405 2702 1451 ;
2731 1386 2845 1440 illic
2858 1387 3008 1441 enim
3029 1388 3267 1457 gloriam
3282 1389 3478 1445 habui-

1884 1490 2026 1536 mus,
2059 1473 2173 1527 illic
2200 1473 2605 1529 abundantiam
2634 1474 2906 1542 ciborum,
2955 1476 3044 1531 hic
3074 1482 3266 1532 autem
3304 1478 3474 1534 etiam

1882 1562 2043 1632 panis
2066 1562 2244 1633 ipsius
2273 1562 2541 1634 inopiam.
3229 1576 3235 1585 '

1947 1666 2038 1724 11.
2072 1668 2223 1722 Dixit
2250 1668 2425 1723 abbas
2454 1669 2862 1741 Hyperichius:
2908 1671 3053 1735 Quia
3098 1672 3479 1729 ministerium

1879 1758 2135 1811 monachi
2156 1764 2243 1812 est
2270 1758 2606 1823 obedientia,
2656 1775 2825 1830 quam
2865 1760 2961 1831 qui
3002 1760 3269 1831 possidet,
3325 1762 3474 1833 quod

262 1807 274 1818 .
1091 1810 1101 1820 .
1679 1813 1689 1824 .
1881 1807 2135 1811 -'-'---"'--
2161 1807 2239 1812 *η
2275 1807 2606 1823 νν-ττ-νν--νἾ
2660 1807 2825 1830 “ιν·-“--
2869 1807 2961 1831 “ι’·-
3005 1807 3269 1831 l""‘"“"1
3327 1807 3474 1833 1“"-

189 1807 958 1919 {iBFAT‘if’fffxE‘f‘ffdj’feg
1470 1813 1794 1919 I‘n‘gredl‘fns
1815 1832 2063 1916 Bposcit
2093 1846 2440 1913 exaudietur,
2466 1852 2523 1901 et
2545 1864 2673 1902 cum
2705 1847 2911 1903 ﬁducia
2936 1848 3212 1903 Crucifixo
3238 1850 3479 1919 astabit;

189 1902 390 1952 autem
419 1913 607 1963 senex,
640 1898 782 1951 dixit
807 1898 855 1951 ei
883 1897 1213 1968 :Egredere,
1246 1905 1310 1954 ut
1328 1900 1514 1955 videat
1539 1908 1594 1955 te
1618 1908 1798 1958 mater

188 1990 318 2041 tua.
353 1986 452 2040 Ille
481 1992 672 2041 autem
698 1987 931 2041 vestitus
947 1993 1067 2041 erat
1087 2005 1307 2043 saccum
1324 1990 1555 2044 scissum
1576 1997 1632 2045 et
1644 2009 1797 2047 recu-

187 2080 387 2129 sutum
417 2075 637 2146 pannis,
656 2082 713 2131 et
730 2082 899 2147 caput
917 2082 1084 2148 atque
1102 2077 1268 2132 facies
1289 2079 1409 2148 ejus
1440 2080 1615 2134 tincta
1638 2081 1791 2135 fumo

188 2169 256 2219 et
278 2164 513 2235 fuligine
543 2165 795 2236 coquinae
820 2185 831 2219 :
858 2166 954 2237 qui
981 2172 1209 2238 propter
1228 2167 1603 2224 obedientiam
1634 2170 1798 2224 abba-

189 2252 271 2306 tis
299 2269 558 2323 egressus
590 2260 677 2308 est
705 2254 952 2325 quidem,
985 2256 1082 2309 sed
1108 2256 1311 2310 clausit
1340 2258 1530 2311 oculos
1557 2275 1706 2325 suos,
1742 2265 1798 2314 et

188 2341 278 2396 ita
302 2342 568 2397 salutavit
586 2348 823 2397 matrem
847 2361 1006 2398 suam
1038 2346 1118 2398 vel
1139 2362 1232 2398 eos
1253 2345 1349 2416 qui
1380 2354 1648 2401 venerant
1666 2365 1794 2403 cum

185 2430 338 2502 ipsa,
364 2431 554 2486 dicens
578 2451 589 2485 :
626 2433 758 2487 Sani
786 2439 983 2490 estote.
1010 2433 1083 2487 Et
1098 2451 1262 2488 nemo
1284 2452 1350 2487 ex
1373 2436 1471 2500 eis,
1493 2452 1594 2490 nec
1612 2442 1793 2490 mater

188 2536 300 2574 sua
327 2520 585 2591 cognovit
611 2522 743 2592 quia
767 2522 889 2592 ipse
922 2528 1069 2576 esset
1095 2542 1107 2586 ;
1143 2540 1264 2593 quae
1294 2524 1497 2578 iterum
1537 2525 1691 2579 misit
1719 2526 1789 2580 ad

186 2625 407 2679 senem,
443 2609 664 2664 dicens:
696 2610 1046 2677 Abba,mitte
1061 2612 1236 2666 ﬁlium
1269 2629 1475 2678 meum,
1497 2614 1788 2669 utvideam

1881 1936 2087 1989 etenim
2114 1936 2385 1990 Dominus
2407 1936 2487 1990 sic
2516 1937 2668 1990 venit
2692 1937 2763 1991 ad
2791 1953 3033 2006 crucem,
3063 1937 3242 1993 factus
3272 1939 3484 1995 scilicet

1881 2023 2146 2079 obediens
2174 2041 2351 2096 usque
2377 2025 2447 2079 ad
2477 2032 2735 2080 mortem.
3134 2032 3137 2041 '

1956 2130 2039 2188 1?.
2069 2131 2340 2186 Dicebant
2367 2149 2528 2186 senes
2553 2151 2563 2185 :
2599 2133 2744 2197 Quia
2771 2132 2818 2187 si
2841 2132 3011 2187 habet
3039 2133 3165 2204 quis
3193 2134 3252 2189 in
3289 2135 3477 2207 aliquo

1881 2221 2067 2287 ﬁdem,
2103 2227 2159 2275 et
2185 2221 2359 2275 tradit
2387 2238 2445 2275 se
2472 2222 2523 2275 ei
2571 2222 2642 2275 ad
2684 2221 3103 2292 subjectionem,
3154 2240 3267 2277 non
3312 2224 3482 2280 debet

1877 2310 2166 2364 attendere
2194 2310 2253 2363 in
2284 2310 2567 2365 mandatis
2596 2311 2716 2376 Dei,
2757 2312 2853 2365 sed
2890 2311 3044 2366 Patri
3071 2328 3174 2366 suo
3200 2312 3478 2384 spirituali

1876 2415 2099 2453 omnem
2126 2400 2470 2453 voluntatem
2500 2416 2659 2453 suam
2682 2400 3067 2468 committere;
3098 2400 3233 2472 quia
3260 2401 3342 2456 illi
3371 2419 3475 2474 per

1875 2488 2066 2542 omnia
2087 2487 2370 2555 obediens,
2401 2505 2513 2542 non
2534 2488 2784 2543 incurret
2799 2494 3090 2560 peccatum
3108 2490 3255 2561 apud
3270 2491 3470 2546 Deum.

1954 2592 2028 2651 l3.
2053 2595 2285 2650 Dicebat
2308 2613 2474 2650 senex
2503 2614 2514 2649 :
2550 2595 2691 2660 Quia
2727 2596 2840 2650 ista
2866 2596 3067 2668 quierit
3085 2597 3236 2652 Deus
3266 2598 3472 2653 aChri—

187 2714 345 2753 eum.
378 2697 452 2753 Et
480 2699 622 2753 dixit
647 2701 873 2754 Marco:
911 2702 1037 2755 Non
1067 2701 1178 2755 dixi
1206 2701 1329 2767 tibi,
1376 2701 1679 2772 Egredere,
1726 2710 1792 2759 ut
1872 2685 2088 2744 stianiS~
2123 2690 2187 2739 ut
2210 2684 2435 2739 obediat
2464 2686 2589 2756 quis
2615 2685 2916 2756 Scripturis
2943 2685 3163 2753 divinis.
3199 2687 3467 2758 quoniam

187 2787 379 2842 videat
402 2794 457 2843 te
488 2793 668 2842 mater
695 2794 793 2843 tua
818 2790 841 2842 7
870 2791 939 2844 Et
972 2790 1114 2844 dixit
1142 2790 1192 2844 ei
1223 2791 1442 2845 Marcus
1473 2812 1485 2845 :
1519 2794 1788 2864 Egressus
1871 2775 2002 2829 inde
2027 2774 2688 2845 aCCiPietloquendowm
2705 2779 2762 2828 et
2776 2774 3121 2864 δεθηάοινιιω
3141 2774 3476 2843 formamset

185 2892 318 2931 sum
340 2878 504 2945 juxta
526 2877 756 2932 verbum
789 2883 971 2942 tuum,
1005 2880 1210 2946 pater;
1239 2863 1627 2934 γριςηηηειιηέη
1653 2897 1787 2951 rogo
1872 2869 1935 2918 ut
1962 2864 2275 2918 consentiat
2301 2864 2615 2935 praepositis
2646 2869 2701 2917 et
2730 2863 2991 2918 Patribus
3017 2864 3362 2920 orthodoxis.

185 2971 266 3030 te,
300 2981 371 3019 ne
400 2966 539 3019 mihi
566 2967 706 3021 illud
726 2967 898 3033 dicas,
932 2973 996 3022 ut
1023 2984 1237 3033 exeam,
1262 2985 1333 3022 ne
1349 2968 1789 3024 inobedienstibi
1947 2969 2029 3027 14.
2060 2972 2258 3025 Frater
2283 2971 2513 3040 quidam
2542 2971 2609 3025 de
2633 2970 2827 3041 Scythi
2855 2971 3064 3026 vadens
3092 2972 3163 3026 ad
3208 2989 3468 3040 messem,

178 3054 383 3129 _videar
411 3071 549 3109 esse.
582 3055 857 3127 Egressus
886 3074 1075 3122 senex,
1107 3057 1249 3111 dixit
1278 3058 1446 3112 matri
1484 3060 1635 3128 ejus:
1663 3061 1788 3130 Ipse
1870 3060 2140 3131 applicuit
2168 3060 2239 3113 ad
2262 3059 2560 3130 quemdam
2589 3075 2779 3113 senem
2825 3076 3113 3135 magnum,
3147 3065 3205 3114 et
3222 3061 3357 3115 dicit
3384 3061 3467 3115 ei:

184 3149 276 3197 est
303 3144 401 3215 qui
430 3144 602 3199 exivit
627 3146 699 3200 ad
719 3163 833 3211 vos,
860 3152 918 3199 et
949 3146 1213 3199 salutavit
1239 3163 1352 3207 vos,
1386 3148 1576 3201 dicens
1602 3148 1777 3202 :Salvi
1800 3154 1843 3213 C
1860 3150 1960 3205 Dic
1988 3149 2144 3215 mihi,
2169 3148 2329 3214 abba,
2353 3148 2487 3219 quid
2517 3148 2717 3203 faciam
2749 3165 2987 3219 pergens
3012 3149 3083 3202 ad
3095 3150 3465 3204 metendum?

183 3238 383 3287 estote.
414 3232 487 3287 Et
510 3235 829 3289 consolatus
859 3240 945 3288 est
973 3252 1116 3299 eam,
1148 3241 1205 3289 et
1218 3236 1298 3289 ita
1318 3236 1601 3290 discedere
1630 3237 1775 3292 fecit.

260 3318 311 3375 7.
344 3321 635 3376 Venerunt
662 3323 964 3394 aliquando
992 3330 1233 3394 quatuor
1258 3326 1458 3377 fratres
1495 3325 1563 3378 de
1591 3326 1782 3396 Scythi

183 3410 257 3464 ad
285 3409 548 3465 abbatem
577 3412 788 3467 Pambo
818 3414 1002 3467 vestiti
1021 3414 1282 3484 pelliceas
1310 3413 1547 3480 tunicas,
1573 3415 1781 3468 etindi—

183 3501 724 3572 cavitunusquisque
742 3502 1002 3556 virtutem
1026 3503 1276 3567 alterius,
1302 3520 1412 3557 non
1425 3510 1695 3574 praesente
1717 3521 1780 3559 eo

183 3589 255 3645 de
283 3606 393 3660 quo
422 3589 775 3661 loquebatur.
811 3592 966 3645 Unus
989 3608 1232 3662 namque
1267 3609 1333 3645 ex
1362 3594 1442 3646 eis
1485 3593 1783 3663 jejunabat

180 3679 448 3744 multum,
471 3680 615 3734 alter
643 3696 771 3733 vero
810 3680 949 3733 nihil
983 3681 1323 3751 possidebat,
1351 3681 1553 3735 tertius
1591 3688 1781 3736 autem

180 3766 427 3827 habebat
452 3769 783 3823 charitatem
804 3769 1106 3840 plurimam
1133 3788 1145 3837 ;
1176 3770 1244 3823 de
1264 3776 1463 3841 quarto
1485 3787 1613 3824 vero
1633 3771 1783 3825 dixe-

182 3862 319 3911 runt
346 3857 480 3928 quia
508 3858 704 3929 viginti
731 3858 871 3913 duos
902 3876 1079 3913 annos
1116 3859 1347 3913 haberet
1376 3859 1429 3912 in
1464 3859 1783 3914 obedientia

180 3962 519 4019 permanens
565 3948 870 4003 seniorum.
925 3947 1235 4018 Respondit
1279 3955 1471 4001 autem
1507 3954 1562 4001 ct
1608 3948 1780 4002 abbas

182 4034 392 4089 Pambo
416 4053 428 4088 :
455 4036 588 4090 Dico
605 4036 759 4091 vobis
781 4036 1084 4108 quiaistius
1106 4037 1279 4091 virtus
1301 4038 1482 4107 major
1502 4043 1587 4091 est
1609 4055 1777 4108 quam

180 4131 507 4181 caiterorum
531 4146 541 4180 :
574 4127 838 4198 quoniam
853 4127 1237 4198 unusquisque
1252 4136 1501 4180 vestrum
1515 4127 1779 4182 virtutem

180 4232 351 4288 quam
379 4216 647 4288 possidet,
680 4217 965 4271 voluntate
993 4216 1223 4287 propria
1262 4234 1385 4271 eam
1416 4216 1666 4283 retinuit;
1691 4217 1781 4270 hic

174 4311 372 4364 autem
388 4321 549 4359 suam
568 4306 911 4359 voluntatem
934 4305 1287 4371 abscindens,
1314 4305 1509 4359 aliena:
1530 4306 1780 4360 volunta-

172 4394 255 4453 tis
299 4411 360 4448 se
402 4411 625 4449 servum
668 4395 815 4449 fecit.
869 4394 1032 4448 Tales
1086 4395 1234 4448 enim
1278 4395 1379 4448 viri
1434 4394 1778 4450 confessorcs

181 4489 331 4548 sunt,
351 4483 410 4538 isi
438 4500 616 4555 usque
645 4485 716 4538 ad
746 4486 915 4538 finem
944 4484 1025 4538 ita
1048 4484 1479 4555 permanserint.

252 4573 304 4627 8.
339 4573 507 4628 Venit
530 4573 757 4644 quidam
784 4574 854 4628 ad
879 4573 1136 4627 abbatem
1168 4572 1311 4627 Sisoi
1336 4573 1656 4639 Thebaeum,
1688 4590 1779 4628 vo-

181 4664 301 4718 lens
326 4663 447 4717 ﬁeri
471 4663 798 4717 monachus.
830 4661 904 4716 Et
932 4662 1299 4732 interrogavit
1328 4679 1456 4716 eum
1495 4680 1681 4723 senex,
1730 4664 1777 4717 si

182 4752 314 4824 quid
342 4751 575 4807 haberet
602 4755 661 4807 in
690 4752 910 4807 saeculo.
945 4750 1018 4806 Et
1046 4751 1139 4805 ille
1168 4751 1307 4804 dixit
1334 4770 1343 4804 :
1380 4750 1568 4805 Habeo
1600 4768 1777 4804 unum

180 4841 375 4897 ﬁlium.
403 4842 472 4897 Et
491 4841 626 4896 dicit
641 4840 690 4896 ei
708 4858 902 4895 senex:
930 4841 1103 4904 Vade,
1123 4841 1277 4910 jacta
1297 4856 1425 4893 eum
1442 4840 1499 4893 in
1523 4840 1772 4905 ﬂumine,

166 4936 240 4991 et
264 4937 401 4985 tunc
434 4932 534 4984 ﬁes
566 4930 893 4985 monachus.
928 4928 1035 4993 Qui
1064 4945 1191 4983 cum
1236 4928 1469 4981 abiisset
1502 4928 1774 4999 projicere

180 5020 490 5088 eum,misit
519 5036 688 5074 senex
710 5034 884 5073 unum
916 5018 986 5072 de
1014 5018 1302 5082 fratribus,
1327 5017 1422 5087 qui
1454 5016 1776 5087 prohiberet

166 5126 328 5169 eum.
361 5108 468 5174 Qui
497 5125 629 5164 cum
651 5108 928 5163 tenuisset
966 5108 1182 5177 jactare
1231 5124 1488 5177 puerum,
1539 5105 1676 5159 dicit
1722 5106 1775 5159 ei

178 5197 352 5253 frater
374 5217 385 5251 :
420 5198 672 5263 Quiesce,
692 5196 825 5268 quid
854 5196 987 5250 facis
1008 5195 1117 5249 ?Et
1141 5196 1233 5249 ille
1254 5195 1542 5266 respondit
1561 5193 1776 5248 :Al‘bas

181 5286 316 5342 mihi
343 5286 484 5341 dixit
508 5292 573 5341 ut
593 5286 886 5358 projiciam
903 5302 1051 5339 eum.
1086 5284 1161 5339 Et
1190 5284 1330 5338 dixit
1356 5284 1409 5338 ei
1438 5284 1636 5337 frater:
1666 5283 1775 5337 Sed

170 5359 382 5432 iterum
411 5375 583 5429 abbas
608 5375 779 5429 dicit:
813 5376 896 5429 Ne
928 5374 1188 5445 projicias
1236 5391 1385 5428 eum.
1428 5374 1528 5429 Ille
1585 5377 1775 5426 autem

181 5466 501 5537 relinquens
529 5465 708 5519 ﬁlium
729 5480 895 5518 suum
925 5463 1076 5517 venit
1101 5464 1171 5517 ad
1193 5479 1404 5527 senem,
1430 5467 1486 5516 et
1505 5462 1778 5516 factusest

165 5536 606 5629 .probatissimus
638 5553 944 5608 monachus
972 5570 1072 5624 per
1099 5552 1496 5606 obedientiam.

162 5678 171 5725 .'
248 5644 305 5723 9..
340 5644 496 5721 Dixit
515 5648 709 5719 sancta
727 5643 1072 5720 Syncletica:
1100 5642 1244 5709 Quia
1263 5642 1321 5696 in
1345 5639 1776 5713 congregatione

1864 3238 2011 3293 Dicit
2040 3238 2090 3291 ei
2120 3254 2324 3291 senex:
2357 3238 2424 3290 Et
2457 3237 2503 3289 si
2531 3237 2632 3290 tibi
2654 3236 2864 3298 dixero,
2914 3237 3234 3307 acquiesces
3285 3237 3467 3309 mihi?

1864 3326 2173 3397 Respondit
2196 3326 2247 3379 ei
2294 3325 2510 3379 frater:
2555 3325 2757 3387 Etiam,
2810 3324 3010 3379 obedio
3044 3324 3169 3379 tibi.
3219 3325 3372 3380 Dixit
3412 3326 3465 3399 ei

1864 3432 2032 3469 senex
2059 3433 2069 3467 :
2105 3415 2162 3469 Si
2184 3414 2321 3467 mihi
2340 3413 2667 3483 acquiescis,
2693 3430 2931 3484 surgens
2946 3414 3103 3479 vade,
3125 3418 3183 3468 et
3203 3415 3469 3470 renuntia

1865 3504 2131 3558 messioni
2163 3503 2326 3569 huic;
2357 3509 2413 3557 et
2439 3503 2582 3567 veni,
2623 3508 2681 3556 et
2708 3502 2831 3556 dico
2859 3502 2961 3556 tibi
2992 3503 3127 3574 quid
3154 3503 3464 3558 facias.Ille

1864 3600 2055 3648 autem
2079 3594 2252 3646 frater
2266 3592 2611 3647 renuntiavit
2623 3608 2906 3657 messurm,
2924 3598 2981 3646 et
2992 3592 3145 3646 venit
3158 3593 3227 3647 ad
3249 3609 3461 3647 senem.

1864 3683 2016 3738 Dixit
2044 3688 2233 3736 autem
2265 3682 2315 3735 ei
2338 3696 2504 3735 senex
2533 3700 2543 3734 :
2579 3682 2734 3735 Intra
2762 3680 2820 3735 in
2849 3681 3047 3735 cellam
3076 3686 3254 3748 tuam,
3291 3688 3349 3736 et
3375 3682 3466 3735 fac

1865 3771 2274 3842 quinquaginta
2293 3770 2411 3824 dies
2431 3769 2724 3823 continuos
2747 3789 2759 3836 ;
2783 3770 2955 3823 semel
2974 3770 3271 3825 comedens
3290 3769 3351 3824 in
3371 3770 3463 3825 die

1863 3877 2066 3932 panem
2098 3877 2224 3913 eum
2247 3860 2382 3925 sale,
2416 3865 2471 3912 et
2499 3859 2702 3913 iterum
2724 3857 2979 3936 indicabo
2999 3858 3101 3913 tibi
3121 3858 3292 3912 aliam
3316 3875 3460 3936 rem.

1864 3951 1933 4003 Et
1957 3949 2085 4003 fecit
2105 3950 2204 4013 sic,
2231 3954 2287 4002 et
2307 3948 2513 4002 iterum
2532 3947 2684 4001 venit
2703 3948 2773 4001 ad
2807 3934 3018 4001 Senem.
3051 3948 3229 4002 Senex
3272 3934 3462 4002 autem

1863 4039 2042 4092 sciens
2062 4045 2124 4103 6
2141 4043 2256 4102 :9
2274 4037 2413 4108 quia-
2434 4037 2519 4090 vir
2547 4036 2835 4107 operarius
2866 4042 3032 4102 esset,
3064 4036 3202 4090 dixit
3230 4036 3283 4090 ei
3329 4021 3464 4108 quo-

1862 4128 2028 4181 modo
2060 4132 2345 4198 eporteret
2384 4142 2507 4180 esse
2549 4125 2608 4179 in
2646 4125 2786 4179 cella
2839 4142 2960 4180 sua.
2991 4126 3059 4180 Et
3115 4126 3459 4180 descendens

1860 4217 2035 4270 frater
2062 4216 2118 4269 in
2157 4216 2294 4269 cella
2321 4232 2441 4279 sua,
2487 4214 2790 4286 prostravit
2824 4231 2884 4268 se
2920 4230 3130 4286 pronus
3158 4215 3218 4269 in
3249 4220 3460 4271 terram

1858 4291 1976 4357 tres
2007 4304 2128 4358 dies
2158 4309 2214 4358 et
2245 4308 2360 4358 tres
2390 4310 2599 4370 noctes,
2628 4303 2853 4374 plorans
2887 4303 2947 4358 in
2990 4309 3290 4375 conspectu
3334 4304 3458 4358 Dei.

1861 4394 1994 4447 Post
2023 4394 2139 4447 haec
2170 4410 2300 4447 vero
2331 4410 2460 4447 cum
2508 4393 2760 4448 dicerent
2806 4392 2857 4447 ei
2890 4393 3257 4464 cogitationes
3303 4409 3456 4448 suae:

1799 4475 1842 4532 D
1860 4481 2150 4536 Exaltatus
2180 4500 2259 4546 es,
2284 4498 2524 4551 magnus
2535 4482 2714 4536 factus
2734 4499 2814 4548 es,
2836 4482 2956 4552 ipse
2981 4486 3300 4553 temperans
3326 4481 3465 4536 vitia

1860 4571 2263 4641 cogitationum
2292 4587 2543 4636 suarum,
2600 4571 2890 4625 humiliter
2935 4569 3230 4623 revocabat
3267 4570 3460 4640 culpas

1860 4677 1989 4713 suas
2022 4660 2080 4713 in
2114 4664 2413 4730 conspectu
2444 4675 2564 4723 suo,
2592 4658 2781 4713 dicens
2813 4678 2824 4712 :
2857 4656 2932 4712 Et
2956 4656 3052 4711 ubi
3102 4662 3234 4712 sunt
3269 4658 3463 4712 omnia

1860 4749 1957 4801 illa
1982 4755 2209 4818 peccata
2234 4764 2358 4800 mea
2381 4763 2505 4817 quae
2537 4747 2686 4800 feci?
2722 4747 2779 4801 Si
2810 4750 2999 4800 autem
3031 4745 3089 4799 in
3119 4745 3460 4815 cogitatione

1859 4838 1980 4907 ejus
1997 4835 2351 4900 ascendebat,
2377 4836 2509 4906 quia
2520 4836 2757 4890 multum
2784 4835 3090 4905 neglexerit
3100 4834 3168 4889 de
3189 4835 3457 4889 mandato

1856 4926 1977 4992 Dei,
2008 4925 2229 4979 dicebat
2249 4931 2305 4978 et
2333 4925 2451 4996 ipse
2473 4924 2622 4978 intra
2644 4941 2708 4978 se
2735 4944 2746 4978 :
2781 4924 2889 4979 Sed
2918 4923 3190 4979 exhibebo
3220 4938 3453 4996 parvum

1857 5015 2143 5070 servitium
2175 5015 2289 5068 Deo
2320 5031 2463 5079 meo,
2493 5020 2550 5067 et
2569 5014 2735 5068 credo
2765 5014 2898 5084 quia
2916 5013 3084 5068 faciet
3105 5030 3323 5068 mecum
3347 5012 3456 5068 mi-

1857 5103 2238 5157 sericordiam.
2270 5103 2386 5155 Hoc
2418 5100 2594 5172 igitur
2623 5102 2788 5156 modo
2816 5101 3315 5172 evincensspiritus
3332 5118 3455 5156 ma-

1858 5194 2040 5248 larum
2071 5192 2495 5263 cogitationum,
2516 5196 2646 5262 post
2665 5209 2732 5245 ea
2745 5199 3131 5263 apparuerunt
3156 5190 3207 5243 ei
3229 5188 3457 5244 visibili-

1858 5290 1963 5348 ter,
2000 5282 2285 5336 dicentes:
2318 5279 2551 5335 Turbati
2596 5297 2792 5335 sumus
2839 5297 2874 5333 a
2922 5285 2995 5333 te.
3047 5277 3120 5333 Et
3159 5277 3296 5332 dicit
3332 5279 3449 5332 eis:

1859 5372 2086 5435 Quare?
2111 5372 2178 5425 Et
2208 5371 2470 5424 dixerunt
2493 5387 2504 5423 :
2538 5370 2679 5434 Quia
2706 5369 2751 5422 si
2778 5374 2832 5422 te
2863 5368 3190 5433 exaltamus,
3210 5365 3453 5421 recurris

1859 5461 1927 5514 ad
1959 5460 2371 5527 humilitatem;
2414 5458 2460 5513 si
2491 5476 2621 5519 vero
2651 5475 2752 5512 nos
2777 5462 2833 5510 te
2871 5454 3251 5522 humiliamus,
3295 5461 3359 5510 tu
3395 5459 3453 5511 te

1859 5550 2029 5619 erigis
2056 5551 2112 5603 in
2140 5550 2336 5602 altum.

1927 5638 2016 5697 15.
2052 5637 2323 5694 Dicebant
2350 5653 2510 5693 senes
2534 5655 2545 5690 :
2582 5634 2725 5705 Quia
2743 5633 2883 5694 nihil
2908 5634 2988 5693 sic
3001 5633 3201 5710 quaerit
3215 5634 3363 5695 Deus
3384 5633 3453 5693 ab
