3934 6408
484 337 586 399 951

1615 347 1710 405 DE
1745 347 1937 405 vms
1972 344 2272 432 parum
2307 342 2525 402 LIBER
2560 341 2629 395 v.

3647 328 3763 391 52

483 465 574 523 his
600 467 696 540 qui
722 468 1003 540 primitias
1041 469 1251 528 habent
1292 473 1748 542 conversationis,
1792 472 2071 546 quomodo
2092 473 2145 533 A
2163 472 2267 528 via.
2296 471 2366 526 Et
2393 468 2536 524 dixit
2547 465 2834 522 abstinens
2849 462 2947 519 ille
2965 461 3037 517 ad
3056 459 3291 517 fratrem
3309 473 3511 515 suum:
3544 458 3607 515 Si
3651 457 3762 513 ha-

484 554 814 612 obedientiae
836 557 1105 616 laborem.

562 643 647 703 16.
677 646 859 703 Senex
878 649 1107 720 quidam
1133 650 1421 707 solitarius
1440 651 1639 708 habuit
1667 652 1967 725 quemdam
1980 652 2083 707 mi-

487 736 730 791 nistrum
763 743 1088 794 manentem
1118 739 1177 795 in
1206 741 1577 812 possessione.
1609 742 1857 813 Contigit
1892 748 2083 796 autem

486 826 661 881 semel
679 830 762 893 ut,
794 828 1056 884 tardante
1103 830 1381 895 ministro,
1427 830 1734 885 deﬁcerent
1768 831 2085 886 necessaria

487 917 610 971 seni
636 915 839 985 (Hum,
874 920 913 972 ι.
950 931 1032 984 m,
1055 934 1114 973 η.
1147 917 1294 985 144).
1328 919 1542 974 Etcum
1573 924 1798 992 tempus
1819 921 2086 976 interces-

488 1004 672 1073 sisset,
711 1010 770 1061 et
800 1022 914 1061 non
944 1006 1160 1062 veniret
1184 1008 1442 1064 minister
1467 1010 1581 1075 ille,
1614 1009 1939 1065 defecerunt
1954 1025 2077 1081 quae

489 1094 807 1149 necessaria
834 1094 1077 1150 habebat
1100 1113 1269 1152 senex
1287 1097 1359 1152 ad
1378 1097 1608 1166 victum,
1635 1103 1693 1153 et
1716 1099 1860 1170 quod
1893 1114 2086 1170 opera-

489 1187 649 1238 retur
666 1182 926 1238 manibus
938 1183 1075 1239 suis.
1094 1184 1203 1250 Qui
1219 1202 1347 1241 cum
1365 1186 1715 1257 aﬂligeretur
1735 1203 1848 1242 non
1878 1187 2087 1241 haben-

492 1272 563 1328 do
594 1272 743 1344 quod
772 1271 1072 1340 laboraret,
1088 1289 1270 1345 neque
1295 1275 1447 1330 unde
1474 1275 1700 1337 viveret.
1741 1276 1883 1331 dixit
1922 1276 2090 1331 disci-

491 1361 627 1434 pulo
656 1377 758 1416 suo
785 1380 798 1417 :
825 1362 927 1416 Vis
950 1366 1016 1418 ut
1038 1363 1209 1418 vadas
1252 1364 1325 1418 ad
1369 1366 1784 1436 possessionem
1824 1366 1998 1433 illam,
2035 1371 2090 1420 et

493 1466 655 1505 voces
683 1450 844 1506 nobis
873 1450 1215 1520 ministrum,
1248 1453 1346 1525 qui
1375 1454 1519 1509 solet
1546 1454 1747 1510 afferre
1778 1471 1900 1526 quae
1949 1471 2090 1527 opus

495 1543 631 1594 sunt
656 1537 860 1594 nobis?
889 1538 963 1595 Et
989 1540 1083 1595 ille
1101 1543 1418 1613 respondit:
1441 1542 1730 1608 Quomodo
1747 1543 2085 1615 jubesfacio.

495 1627 802 1684 Diﬁ‘erebat
818 1628 1010 1684 adhuc
1027 1646 1227 1699 senex;
1256 1647 1369 1686 non
1384 1649 1729 1703 priesumens
1752 1633 2093 1688 mitterefra-

495 1722 663 1773 trem.
695 1716 771 1773 Et
805 1734 935 1773 cum
957 1718 1054 1774 diu
1079 1720 1422 1776 sustinerent
1467 1726 1521 1777 et
1548 1722 1954 1778 tribularentur
1974 1739 2089 1778 non

2166 560 2478 615 buissemus
2507 554 2720 627 aliquid
2745 556 3049 617 vetustum,
3077 550 3420 621 jactaremus
3438 562 3611 620 super
3632 562 3767 603 cor-

2164 664 2269 721 pus
2297 647 2455 703 illud.
2481 646 2551 700 Et
2569 641 2915 714 respondens
2942 638 3038 693 ille
3057 637 3321 692 obediens
3353 637 3547 704 frater,
3581 635 3763 691 dixit:

2164 738 2345 809 Magis
2374 751 2619 801 oremus,
2648 736 2706 787 et
2728 730 2970 785 forsitan
3000 732 3276 799 resurget.
3310 727 3380 781 Et
3426 730 3644 781 stantes
3690 724 3770 781 ad

2167 826 2502 890 orationem,
2537 828 2706 894 atque
2730 824 2957 875 orantes
2984 818 3219 884 intente,
3242 815 3484 871 surrexit
3508 820 3772 870 mortuus

2166 916 2280 970 ille.
2313 916 2434 980 Quo
2477 913 2623 968 facto
2651 909 3001 982 gloriabatur
3025 906 3121 961 ille
3154 904 3441 960 abstinens
3482 905 3683 971 frater,
3709 908 3774 959 et

2167 1005 2339 1059 dixit:
2370 1005 2478 1058 Pro
2508 999 2858 1057 continentia
2887 1012 3016 1051 mea
3051 995 3353 1050 suscitatus
3391 999 3478 1049 est
3506 998 3771 1049 mortuus

2166 1095 2275 1151 hic.
2306 1093 2511 1150 Omnia
2530 1095 2722 1147 autem
2757 1089 2874 1143 haec
2903 1085 3167 1141 revelavit
3192 1085 3342 1140 Deus
3356 1082 3542 1139 abbati
3568 1098 3768 1138 mona-

2167 1182 2324 1238 sterii
2345 1198 2562 1247 eorum,
2585 1184 2644 1235 et
2662 1177 2905 1251 qualiter
2922 1174 3223 1230 tentaverit
3240 1173 3471 1228 fratrem
3484 1188 3653 1228 suum
3692 1172 3770 1227 de

2172 1271 2484 1337 crocodilis,
2520 1273 2578 1324 et
2602 1266 2882 1340 quomodo
2919 1264 3220 1319 suscitatus
3246 1266 3333 1317 est
3374 1266 3651 1319 mortuus.
3698 1261 3773 1317 Et

2172 1377 2300 1417 cum
2310 1359 2593 1415 venissent
2606 1358 2665 1413 in
2677 1353 3083 1412 monasterium
3091 1393 3105 1421 ,
3122 1351 3263 1407 dixit
3275 1350 3445 1406 abbas
3458 1349 3772 1407 abstinenti

2170 1454 2254 1509 illi
2278 1473 2290 1508 :
2316 1454 2501 1519 Quare
2525 1453 2605 1507 ita
2628 1449 2809 1505 fecisti
2834 1447 2995 1503 fratri
3020 1452 3117 1501 tuo
3141 1445 3168 1500 ’ἲ
3194 1446 3265 1501 Et
3292 1460 3417 1501 ecce
3442 1449 3634 1500 tamen
3663 1461 3773 1517 pro

2173 1542 2493 1599 obedientia
2529 1542 2652 1613 ejus
2688 1543 2945 1594 mortuus
2970 1537 3065 1591 ille
3090 1534 3350 1591 surrexit.

2249 1632 2333 1689 18.
2368 1632 2527 1687 Alter
2540 1629 2767 1702 quidam
2783 1625 3066 1683 saecularis
3073 1624 3218 1690 vitae,
3237 1623 3450 1679 habens
3467 1628 3583 1679 tres
3596 1623 3768 1691 ﬁlios,

2174 1721 2521 1777 renuntiavit
2549 1718 2769 1785 saeculo,
2802 1721 2861 1772 et
2885 1715 3038 1772 venit
3064 1713 3137 1769 ad
3156 1714 3575 1777 monasterium,
3608 1712 3777 1768 relin-

497 1805 754 1862 veniente
781 1806 1059 1875 ministro,
1082 1809 1228 1864 dixit
1245 1810 1452 1865 iterum
1469 1828 1639 1866 senex
1656 1812 1729 1867 ad
1756 1812 2092 1884 discipulum
2106 1795 2153 1856 Β
2179 1827 2358 1883 quens
2385 1809 2530 1865 ﬁlios
2554 1825 2686 1864 suos
2702 1808 2759 1862 in
2782 1805 3023 1861 civitate.
3048 1805 3118 1859 Et
3142 1819 3271 1858 cum
3299 1803 3520 1858 fecisset
3536 1807 3653 1858 tres
3673 1819 3777 1857 an-

500 1911 704 1950 suum:
734 1895 830 1949 Vis
865 1894 949 1950 ire
980 1897 1246 1968 usquead
1273 1898 1705 1970 possessionem,
1739 1905 1796 1955 et
1818 1900 2096 1955 adducere

500 1983 671 2038 eum?
698 1984 769 2039 Et
803 1984 898 2039 ille
927 1986 1252 2057 respondit:
1300 1987 1448 2052 Quid
1492 1988 1576 2043 vis
1621 1989 1782 2043 facio.
1841 1989 2100 2045 Timebat

501 2072 675 2129 etiam
703 2077 761 2127 et
778 2073 1086 2146 discipulus
1104 2075 1199 2131 ille
1213 2075 1551 2133 descendere
1570 2078 1643 2132 ad
1662 2078 2094 2149 possessionem,

501 2177 575 2217 ne
603 2161 1077 2217 scandalizaretur
1094 2163 1355 2233 aliunde;
1384 2166 1483 2219 sed
1512 2183 1583 2220 ne
1608 2166 1937 2221 inobcdiens
1952 2174 2103 2222 esset

503 2250 660 2305 Patri
687 2267 808 2318 suo,
838 2252 1119 2323 acquievit
1145 2252 1319 2312 abire.
1348 2254 1501 2309 Dixit
1534 2255 1587 2309 ei
1619 2271 1788 2310 senex
1818 2274 1830 2310 :
1864 2257 2018 2311 Vade
2044 2262 2101 2312 et

505 2340 670 2394 crede
692 2339 754 2395 in
780 2340 959 2395 Deum
987 2347 1215 2413 patrum
1242 2347 1489 2409 tuorum,
1517 2344 1649 2416 quia
1669 2350 1926 2416 proteget
1954 2351 2010 2400 te
2030 2345 2100 2400 ab

506 2428 659 2484 omni
689 2430 1003 2485 tentatione
1027 2449 1040 2498 ;
1076 2436 1134 2486 et
1160 2431 1309 2487 facta
1332 2433 1585 2487 oratione
1606 2434 1810 2489 direxit
1829 2451 1979 2489 eum.
2000 2436 2106 2490 Ve-

504 2520 667 2573 niens
691 2523 883 2573 autem
909 2518 1085 2574 frater
1114 2520 1173 2574 in
1203 2521 1634 2592 possessionem,
1668 2523 1960 2594 requisivit
2007 2523 2103 2578 ubi

506 2612 766 2662 maneret
786 2607 1042 2663 minister
1068 2608 1200 2677 ille;
1251 2615 1309 2664 et
1346 2610 1558 2666 invenit
1608 2612 1913 2684 hospitium
1959 2614 2100 2683 ejus.

508 2695 839 2768 Contigerat
879 2702 1072 2752 autem
1118 2714 1248 2753 eum
1291 2715 1419 2754 cum
1466 2700 1583 2755 suis
1640 2700 1899 2756 omnibus
1950 2707 2103 2757 extra

516 2784 923 2857 possessionem
955 2785 1213 2856 inveniri,
1243 2793 1474 2860 excepta
1497 2806 1610 2844 una
1638 2790 1755 2844 ﬁlia
1784 2792 1924 2862 ejus.
1968 2791 2104 2856 Quae

512 2874 834 2947 pulsantem
855 2875 1085 2931 fratrem
1106 2881 1171 2932 ut
1184 2877 1415 2945 audivit,
1440 2878 1591 2934 venit
1602 2879 1672 2934 ad
1689 2880 1896 2934 ostium
1910 2884 1966 2934 et
1983 2898 2111 2952 ape-

513 2962 631 3019 ruit
656 2963 726 3017 ei.
761 2962 838 3019 Et
864 2981 991 3019 cum
1020 2964 1398 3037 interrogaret
1417 2984 1541 3022 eam
1570 2968 1638 3022 de
1667 2973 1827 3041 patre
1859 2986 1976 3032 suo,
2016 2970 2113 3025 illa

509 3053 737 3108 hortata
763 3051 1007 3125 estﬁeum
1033 3059 1099 3109 ut
1124 3054 1363 3111 intraret
1389 3056 1712 3129 hospitium,
1745 3058 1913 3113 simul
1941 3058 2112 3113 etiam

513 3142 572 3198 et
597 3115 1027 3198 trahebatweum.
1057 3144 1158 3199 Ille
1184 3161 1312 3199 vero
1330 3162 1443 3200 non
1467 3115 1855 3218 acquiescebat
1872 3148 2106 3202 intrare.
2127 3115 2170 3176 ϐ

514 3231 625 3288 Sed
649 3248 778 3287 cum
824 3232 922 3287 diu
966 3249 1095 3288 eum
1142 3239 1385 3305 cogeret,
1424 3236 1717 3308 praevaluit
1756 3237 2111 3292 introducere

513 3336 643 3376 eum
673 3320 746 3376 ad
773 3338 853 3377 se.
887 3322 955 3377 Et
983 3324 1272 3395 complexa
1300 3341 1430 3379 eum
1460 3325 1629 3396 coepit
1662 3326 2022 3381 eumillicere
2036 3327 2108 3381 ad

514 3410 965 3467 commistionem
998 3412 1246 3484 corporis
1273 3414 1362 3468 sui
1385 3432 1397 3480 ;
1430 3413 1525 3468 ille
1541 3419 1734 3470 autem
1753 3415 1947 3470 videns
1962 3416 2111 3471 trahi

515 3517 576 3556 se
596 3500 669 3555 ad
696 3500 995 3569 luxuriam,
1029 3507 1087 3557 et
1116 3501 1547 3573 cogitationibus
1570 3503 2111 3577 confundi,ingemi-

517 3605 679 3644 scens
706 3589 984 3645 clamabat
1014 3591 1085 3645 ad
1113 3591 1315 3659 Deum,
1336 3592 1560 3647 dicens:
1593 3592 1850 3661 Domine,
1882 3600 2113 3666 propter

518 3678 800 3733 orationes
819 3678 1005 3734 Patris
1019 3680 1133 3735 mei
1161 3679 1339 3735 libera
1366 3698 1456 3735 me
1485 3681 1542 3736 in
1567 3681 1708 3737 hora
1735 3682 1862 3737 ista.
1896 3683 1965 3737 Et
1983 3700 2113 3738 cum

517 3768 623 3824 hoc
649 3768 901 3835 dixisset,
934 3768 1120 3825 subito
1142 3769 1400 3825 inventus
1428 3775 1516 3825 est
1538 3771 1610 3825 ad
1639 3773 1850 3826 ﬂumen
1874 3789 2113 3844 pergens

518 3857 590 3913 ad
635 3859 1064 3927 monasterium,
1109 3864 1167 3914 et
1209 3860 1441 3916 restitns
1486 3860 1692 3915 illaesus
1734 3860 1805 3915 ad
1852 3860 2112 3918 abbatem

518 3964 683 4005 suum
691 3983 704 3995 ο
1362 3960 1365 3965 ’

593 4035 678 4096 17.
701 4038 825 4094 Duo
844 4038 1048 4094 fratres
1067 4040 1318 4095 carnales
1336 4044 1609 4094 venerunt
1629 4038 1885 4096 habitare
1905 4041 1963 4095 in
1999 4057 2115 4096 mo-

521 4127 768 4183 nasterio
785 4128 1028 4199 quodam
1052 4148 1065 4183 :
1086 4145 1151 4183 ex
1172 4128 1374 4200 quibus
1394 4145 1540 4184 unus
1554 4134 1677 4184 erat
1692 4129 1969 4200 praeclarae
1990 4145 2116 4184 con-

521 4217 794 4283 tinentiae,
826 4217 970 4271 alter
988 4216 1317 4274 obedientiae
1342 4235 1559 4289 magna:
1585 4219 1776 4290 (Rulli,
1831 4222 1871 4273 ι.
1922 4233 2007 4285 m,
2054 4235 2112 4274 η.

523 4303 673 4377 145).
709 4305 813 4361 Cui
844 4305 1064 4360 dicebat
1090 4307 1293 4361 Pater:
1324 4307 1433 4362 Fac
1460 4308 1585 4375 hoc,
1612 4312 1670 4361 et
1709 4306 1980 4374 faciebat;
2017 4312 2075 4362 et
2100 4326 2112 4362 :

525 4396 635 4451 Fac
662 4394 826 4465 illud,
856 4400 914 4450 et
927 4394 1196 4463 faciebat;
1230 4397 1509 4451 Manduca
1534 4412 1717 4464 mane,
1742 4402 1800 4451 et
1819 4397 2120 4452 manduca-

2176 1917 2281 1973 nos
2310 1899 2369 1954 in
2390 1898 2752 1963 monasterio,
2784 1898 3076 1967 coeperunt
3101 1893 3153 1948 ei
3175 1892 3539 1964 cogitationes
3565 1909 3683 1949 sua:
3702 1893 3775 1947 ﬁ-

2178 1988 2284 2045 lios
2304 1989 2375 2044 ad
2386 1988 2717 2043 memoriam
2730 1986 3056 2056 frequenter
3064 1982 3358 2049 adducere,
3379 1987 3438 2037 et
3449 1982 3777 2037 constrista-

2178 2079 2347 2134 batur
2369 2094 2471 2150 pro
2497 2077 2579 2132 eis
2606 2075 2785 2141 valde,
2816 2088 3000 2145 neque
3030 2072 3181 2127 enim
3196 2071 3413 2127 dixerat
3429 2071 3775 2127 abbatiﬁlios

2180 2183 2240 2223 se
2268 2167 2494 2222 habere.
2524 2165 2735 2220 Videns
2763 2168 2951 2219 autem
2981 2178 3112 2217 eum
3151 2160 3323 2215 abbas
3356 2161 3595 2227 tristem,
3633 2160 3777 2216 dicit

2182 2256 2234 2311 ei
2258 2278 2269 2313 :
2302 2255 2448 2321 Quid
2472 2254 2642 2309 habes
2667 2254 2815 2325 quod
2835 2250 3015 2306 tristis
3040 2250 3141 2305 es?
3167 2250 3238 2305 Et
3262 2249 3513 2304 narravit
3539 2249 3591 2304 ei
3635 2249 3776 2322 quia

2182 2350 2297 2400 tres
2317 2350 2511 2410 620
2528 2344 2672 2398 ﬁlios
2692 2342 2925 2397 haberet
2941 2341 2999 2395 in
3010 2340 3250 2407 civitate,
3270 2344 3329 2394 et
3348 2339 3479 2411 quia
3491 2339 3657 2394 vellet
3674 2355 3774 2395 eos

2185 2435 2255 2489 ad
2281 2433 2686 2488 monasterium
2701 2432 2823 2503 ejus
2851 2430 3128 2485 adducere
3150 2448 3167 2483 :
3197 2429 3460 2501 praecepit
3478 2427 3776 2483 autemab—

2185 2522 2284 2577 bas
2296 2527 2361 2577 ut
2379 2522 2684 2577 adduceret
2709 2537 2822 2575 eos.
2848 2519 2953 2585 Qui
2986 2535 3112 2574 cum
3129 2518 3463 2590 perrexisset
3490 2518 3560 2573 ad
3586 2516 3778 2572 civita-

2186 2616 2321 2679 tem,
2348 2610 2563 2666 invenit
2588 2611 2730 2665 duos
2760 2626 2828 2664 ex
2855 2609 2936 2664 eis
2960 2609 3079 2680 jam
3109 2624 3228 2663 esse
3249 2607 3554 2675 defunctos,
3597 2623 3778 2663 unum

2186 2717 2315 2756 vero
2346 2700 2695 2756 solummodo
2724 2698 3085 2755 remansisse.
3115 2698 3295 2763 Quem
3324 2713 3612 2752 assumens
3623 2698 3781 2753 venit

2187 2790 2259 2845 ad
2286 2790 2692 2845 monasterium
2720 2807 2733 2857 ;
2765 2794 2824 2843 et
2850 2788 3143 2860 requirens
3171 2786 3449 2853 abbatem,
3498 2802 3609 2841 non
3644 2802 3780 2842 eum

2190 2879 2404 2934 invenit
2424 2879 2556 2933 illic.
2589 2877 2963 2949 Interrogavit
2987 2882 3176 2931 autem
3192 2876 3393 2931 fratres
3412 2875 3507 2930 ubi
3527 2880 3672 2931 esset
3687 2875 3782 2931 ab-

2191 2967 2311 3023 bas.
2336 2969 2405 3024 Et
2424 2968 2504 3023 illi
2534 2967 2827 3023 dixerunt:
2853 2968 3040 3039 Usque
3069 2966 3139 3020 ad
3172 2965 3473 3037 pistrinum
3517 2965 3777 3037 perrexit.

2193 3058 2293 3114 Ille
2316 3074 2447 3113 vero
2467 3058 2669 3113 tollens
2699 3057 2879 3112 ﬁlium
2906 3072 3075 3111 suum
3103 3071 3269 3127 quem
3290 3055 3612 3121 adduxerat,
3641 3054 3781 3112 abiit

2192 3148 2253 3203 in
2280 3147 2602 3220 pistrinum.
2628 3148 2699 3202 Et
2723 3146 2918 3201 videns
2938 3162 3067 3201 eum
3078 3144 3248 3200 abbas
3275 3144 3608 3211 venientem,
3631 3144 3779 3200 salu-

2193 3237 2350 3292 tavit.
2383 3237 2453 3292 Et
2474 3241 2675 3291 tenens
2701 3235 2971 3291 infantem
3000 3251 3165 3306 quem
3188 3233 3512 3301 adduxerat,
3562 3233 3777 3306 ample-

2190 3330 2354 3381 xatus
2374 3331 2460 3380 est
2488 3342 2635 3381 eum.
2656 3326 2727 3380 Et
2757 3324 2893 3380 dicit
2914 3324 3059 3397 patri
3097 3324 3253 3394 ejus:
3301 3324 3473 3378 Amas
3502 3323 3666 3377 eum?
3708 3324 3778 3379 Et

2192 3416 2287 3471 ille
2311 3415 2487 3470 dixit:
2510 3414 2981 3470 Etiam.Rursum
3008 3412 3147 3467 dixit
3188 3412 3273 3466 ei:
3306 3412 3546 3468 Omnino

2192 3521 2323 3560 eum
2342 3505 2368 3559 ?
2395 3504 2470 3559 Et
2495 3503 2820 3576 respondit:
2843 3502 3046 3558 Etiam.
3069 3502 3201 3557 Haec
3219 3501 3454 3557 audiens
3472 3499 3658 3567 abbas,
3682 3517 3779 3573 po-

2193 3598 2317 3647 stea
2343 3592 2487 3647 dixit
2513 3592 2599 3647 ei:
2627 3591 2783 3647 Tolle
2811 3607 2967 3662 ergo,
3000 3591 3050 3645 si
3077 3606 3235 3645 amas
3266 3605 3414 3657 eum,
3445 3594 3504 3644 et
3531 3588 3688 3643 mitte
3718 3587 3778 3644 in

2193 3682 2441 3749 furnum,
2461 3681 2541 3736 sic
2559 3680 2724 3736 modo
2744 3695 2872 3735 cum
2891 3680 3054 3735 ardet
3079 3680 3296 3734 furnus.
3315 3679 3384 3734 Et
3405 3684 3601 3734 tenens
3620 3682 3780 3751 pater

2195 3771 2375 3826 ﬁlium
2403 3787 2589 3833 suum,
2602 3769 2837 3841 jactavit
2854 3768 3053 3824 eumin
3081 3768 3309 3824 furnum
3330 3768 3636 3823 ardentem.
3659 3767 3782 3823 Sta-

2193 3860 2299 3915 tim
2329 3867 2518 3916 autem
2545 3859 2727 3915 factus
2757 3864 2841 3914 est
2863 3859 3063 3914 furnus
3102 3858 3254 3913 velut
3283 3873 3409 3925 ros;
3452 3874 3517 3912 ex
3562 3872 3673 3928 qua
3720 3873 3780 3912 re

2194 3950 2489 4022 acquisivit
2512 3950 2752 4021 gloriam
2780 3948 2840 4004 in
2878 3953 3130 4020 tempore
3162 3947 3280 4015 illo,
3312 3945 3781 4019 quemadmodum

2196 4038 2482 4094 Abraham
2510 4038 2849 4112 patriarcha.

2267 4128 2359 4186 19.
2382 4128 2533 4183 Dixit
2561 4129 2789 4201 quidam
2814 4144 2987 4183 senex
3013 4146 3025 4183 :
3062 4127 3205 4193 Quia
3232 4126 3408 4182 frater
3434 4126 3530 4198 qui
3556 4125 3629 4181 ad
3658 4124 3783 4181 obe-

2199 4217 2471 4271 dientiam
2487 4217 2669 4272 Patris
2698 4216 2967 4288 spiritalis
2986 4215 3236 4271 animum
3256 4215 3490 4282 dederit,
3514 4216 3785 4286 majorem

2199 4307 2513 4361 mercedem
2530 4305 2701 4361 habet
2721 4322 2889 4378 quam
2910 4306 3006 4360 ille
3023 4305 3118 4378 qui
3147 4304 3298 4360 solus
3326 4303 3385 4359 in
3413 4320 3599 4359 eremo
3610 4319 3787 4359 reces-

2200 4396 2339 4451 serit
2369 4398 2609 4465 (Ru/I‘.,l.
2633 4410 2718 4461 III,
2749 4412 2806 4450 η.
2841 4394 2982 4464 HI).
3013 4393 3244 4449 Dicebat
3263 4399 3477 4448 autem:
3501 4393 3646 4458 Quia
3662 4409 3788 4448 nar-

522 4483 639 4539 bat.
673 4484 753 4539 De
791 4501 903 4557 qua
930 4501 991 4539 re
1021 4501 1285 4556 magnam
1324 4485 1646 4557 opinionem
1673 4486 1732 4541 in
1776 4487 2118 4542 monasterio
2141 4477 2350 4539 Dravit
2379 4484 2582 4557 aliquis
2619 4485 2852 4539 Patrum
2871 4484 3074 4539 vidisse
3096 4500 3156 4539 se
3196 4489 3436 4555 quatuor
3480 4483 3702 4538 ordines
3728 4482 3789 4538 in

522 4572 784 4642 habebat,
809 4574 943 4646 quia
966 4574 1045 4629 ita
1063 4574 1328 4630 obediens
1349 4574 1637 4630 existebat.
1667 4575 1915 4630 Punctus
1930 4581 2118 4631 autem

525 4662 747 4719 invidiae
777 4681 1042 4719 mucrone
1069 4664 1244 4719 frater
1271 4666 1393 4737 ejus
1421 4665 1513 4719 ille
1530 4664 1823 4720 continens
1851 4665 2122 4721 adversus

529 4769 677 4820 eum,
708 4754 851 4808 dixit
875 4753 935 4808 in
964 4753 1300 4826 semetipso:
1337 4754 1450 4825 Ego
1480 4753 1654 4826 probo
1680 4754 1851 4809 istum
1882 4755 1929 4808 si
1954 4754 2125 4810 habet

530 4841 924 4897 obedientiam.
952 4843 1021 4898 Et
1067 4844 1335 4899 accedens
1385 4844 1457 4898 ad
1504 4844 1732 4898 Patrem
1774 4843 2121 4911 monasterii,

531 4930 670 4986 dixit
698 4932 749 4986 ei
773 4949 785 4985 :
821 4931 986 4986 Mitte
1003 4948 1223 4987 mecum
1249 4932 1483 4987 fratrem
1504 4949 1713 5000 meum,
1737 4937 1803 4987 ut
1817 4949 2013 4987 eamus
2028 4931 2122 4987 ali-

532 5019 678 5076 cubi.
709 5020 786 5076 Et
806 5021 1018 5076 dimisit
1042 5038 1137 5076 eos
1165 5021 1337 5076 abbas
1364 5022 1541 5077 abire.
1572 5021 1647 5077 Et
1674 5038 1966 5077 assumens
1996 5038 2126 5077 eum

534 5110 628 5165 ille
655 5109 830 5166 frater
847 5108 1153 5177 abstinens,
1184 5111 1362 5166 voluit
1383 5128 1512 5166 eum
1532 5117 1773 5167 tentare.
1805 5109 1880 5165 Et
1898 5128 2025 5166 cum
2041 5128 2127 5166 ve-

533 5199 748 5256 nissent
777 5199 849 5254 ad
876 5200 1106 5268 ﬂumen,
1138 5199 1235 5255 ubi
1253 5199 1686 5255 eratmultitudo
1699 5200 2121 5266 crocodilorum,

532 5288 671 5344 dicit
696 5290 781 5344 ei:
813 5289 1099 5345 Descende
1122 5290 1181 5344 in
1212 5290 1423 5344 ﬁumen
1453 5294 1511 5344 et
1536 5289 1733 5343 transi.
1765 5288 1841 5342 Et
1879 5289 1972 5343 ille
1998 5306 2127 5343 mox

534 5379 823 5435 descendit
853 5399 868 5435 :
901 5384 1173 5435 venerunt
1203 5384 1389 5433 autem
1423 5377 1705 5444 crocodili,
1735 5382 1792 5432 et
1840 5378 2131 5449 lingcbant

536 5484 736 5542 corpus
766 5470 906 5540 ejus,
940 5469 999 5523 in
1029 5469 1183 5523 nullo
1202 5468 1467 5522 laedentes
1492 5467 1955 5530 eum.Quodcum
1970 5468 2131 5522 vidis-

541 5564 627 5613 set
642 5558 817 5613 frater
845 5559 986 5630 ejus,
1008 5558 1147 5612 dixit
1170 5556 1222 5611 ei
1245 5575 1256 5610 :
1290 5556 1542 5611 Ascende
1568 5557 1637 5610 de
1657 5556 1984 5612 ﬂumine.Et
2002 5574 2132 5612 cum

543 5645 651 5701 iter
676 5650 927 5720 agerent,
960 5646 1294 5703 invenerunt
1311 5661 1513 5719 corpus
1538 5645 1847 5702 humanum
1856 5647 2050 5719 jacens
2069 5646 2128 5702 in

2200 4575 2370 4629 ccelo:
2405 4590 2644 4645 quorum
2672 4574 2889 4645 primus
2915 4573 3051 4628 ordo
3080 4579 3204 4628 erat
3228 4572 3515 4627 hominum
3544 4571 3789 4627 inﬁrmo-

2202 4679 2329 4718 rum
2355 4669 2412 4718 et
2430 4663 2642 4734 gratias
2666 4663 2953 4735 agentium
2972 4663 3087 4717 Deo
3112 4680 3125 4730 ;
3154 4661 3428 4717 secundus
3449 4662 3586 4716 ordo
3605 4660 3790 4733 hospi-

2206 4752 2483 4808 talitatem
2503 4752 2837 4808 sectantium
2852 4758 2909 4807 et
2935 4752 3211 4806 instanter
3237 4750 3675 4805 ministrantium
3688 4750 3786 4818 eis;

2207 4842 2409 4903 tertius
2426 4842 2562 4896 ordo
2574 4841 2630 4895 in
2644 4841 2946 4897 solitudine
2962 4840 3409 4896 conversantium
3419 4846 3477 4895 et
3485 4857 3596 4895 non
3609 4840 3793 4895 viden-

2207 4931 2352 4987 tium
2370 4932 2626 4987 homines
2655 4950 2668 4999 ;
2701 4936 2933 5002 quartus
2960 4930 3096 4985 ordo
3117 4946 3311 4986 eorum
3327 4929 3522 5001 qui-ad
3539 4928 3793 4985 obedien-

2208 5019 2341 5075 dum
2371 5020 2757 5092 spiritualibus
2807 5019 3068 5074 Patribus
3109 5036 3168 5074 se
3218 5018 3522 5091 subjiciunt
3568 5023 3795 5091 propter

2208 5110 2407 5165 Deum.
2441 5109 2916 5165 Utebaturautem
2934 5108 3070 5164 ordo
3085 5107 3464 5163 obedientium
3483 5113 3682 5180 torque
3700 5123 3795 5163 au-

2208 5216 2306 5254 rea
2334 5204 2391 5253 et
2417 5214 2643 5265 corona,
2678 5203 2735 5254 et
2764 5199 3036 5269 majorem
3058 5214 3227 5269 quam
3247 5197 3343 5252 alii
3369 5195 3605 5267 gloriam
3631 5195 3794 5251 habe-

2207 5289 2323 5345 bat.
2352 5288 2425 5344 Et
2450 5307 2553 5360 ego
2583 5290 2693 5344 dixi
2719 5290 2771 5345 ei
2799 5288 2896 5361 qui
2915 5287 3055 5342 mihi
3069 5286 3398 5343 ostendebat
3428 5288 3617 5342 omnia
3644 5288 3789 5343 haec:

2211 5380 2500 5444 Quomodo
2521 5380 2629 5433 iste
2652 5380 2806 5447 ordo,
2842 5377 2937 5450 qui
2962 5394 3165 5449 parvus
3193 5381 3296 5444 est,
3329 5377 3600 5447 majorem
3629 5394 3794 5449 quam

2212 5469 2307 5523 alii
2334 5469 2573 5539 gloriam
2593 5468 2806 5523 habet?
2837 5469 2906 5522 Et
2932 5467 3023 5521 ille
3064 5466 3409 5538 respondens
3454 5466 3593 5521 dixit
3620 5465 3789 5521 mihi:

2213 5558 2358 5622 Quia
2378 5557 2473 5629 qui
2495 5558 2939 5630 hospitalitatem
2978 5560 3285 5623 sectantur,
3335 5556 3640 5611 secundum
3674 5572 3792 5628 pm-

2209 5647 2391 5720 priam
2419 5648 2766 5705 voluntatem
2794 5647 3038 5720 idipsum
3063 5646 3291 5703 faciunt.
3327 5645 3594 5703 Similiter
3619 5650 3677 5701 et
3700 5645 3789 5718 qui
