3934 6382
195 347 305 407 ωϐ

1499 351 1740 408 VERBA
1777 349 2170 407 SENIORUM.

3376 346 3483 407 954

197 473 261 529 in
288 489 479 531 eremo
499 492 560 531 se
585 477 863 547 relegant,
888 476 1121 532 arbitrio
1151 493 1252 535 suo
1288 479 1357 533 de
1389 480 1591 534 saeculo
1615 494 1801 533 reces-
1818 477 2111 539 Aedoctus
2142 493 2220 543 es,
2245 475 2517 530 rusticum
2544 474 2715 529 istum
2737 475 2806 529 de
2825 473 3387 545 cogitationibustuis
3404 473 3491 531 in-

197 569 416 619 serunt.
434 565 539 620 Hic
560 571 752 620 autem
769 567 925 633 ordo,
947 568 1041 638 qui
1064 585 1122 622 se
1137 568 1206 622 ad
1228 568 1601 623 obediendum
1623 569 1796 635 dedit,

199 667 397 709 omnes
416 654 734 710 voluntates
764 672 895 710 suas
921 656 1210 727 adjiciens,
1233 658 1441 728 pendet
1459 658 1719 711 adDeum
1743 663 1801 713 et

198 743 271 798 ad
298 743 614 814 jussionem
636 745 820 799 Patris
849 745 1174 816 spiritualis,
1207 752 1504 818 propterea
1539 752 1596 801 et
1619 749 1799 818 majo-

196 847 322 888 rem
345 832 584 903 gloriam
612 834 736 888 aliis
765 833 950 889 habet.
981 836 1350 907 Quapropter,
1384 853 1416 891 o
1446 836 1699 902 ﬁli,bona
1717 842 1802 892 est

205 920 550 989 obedientia,
584 939 705 993 quae
733 929 964 995 propter
991 926 1170 979 Deum
1207 927 1288 979 tit.
1326 927 1606 981 Intendite
1643 944 1795 997 ergo,

198 1010 327 1075 ﬁlii,
360 1011 584 1066 virtutis
605 1011 776 1083 hujus
798 1013 1025 1083 aliquod
1048 1031 1111 1068 ex
1132 1020 1292 1085 parte
1318 1016 1634 1085 vestigium.
1659 1016 1800 1071 Obe-

196 1098 416 1154 dientia
443 1101 596 1155 salus
624 1106 711 1155 est
732 1103 984 1157 omnium
1013 1104 1282 1158 ﬁdelium.
1326 1104 1659 1163 Obedientia
1695 1124 1798 1176 ge-

198 1187 374 1244 nitrix
394 1194 481 1245 est
508 1190 761 1245 omnium
780 1192 1071 1247 virtutum.
1093 1192 1425 1248 Obedientia
1452 1194 1612 1266 regni
1631 1197 1800 1251 coelo-

197 1293 328 1333 rum
360 1278 639 1333 inventrix
685 1285 789 1334 est.
842 1281 1175 1337 Obedientia
1212 1284 1380 1338 caelos
1416 1285 1693 1355 aperiens,
1744 1291 1802 1340 et

198 1365 460 1422 homines
492 1368 563 1422 de
582 1373 738 1423 terra
753 1370 976 1425 elevans
1005 1377 1110 1425 est.
1143 1371 1477 1427 Obedientia
1511 1373 1799 1429 cohabita-

196 1456 315 1511 trix
338 1457 672 1527 angelorum
703 1464 806 1513 est.
841 1459 1175 1515 Obedientia
1190 1467 1514 1517 sanctorum
1545 1463 1799 1519 omnium

200 1544 363 1601 cibus
392 1551 495 1600 est.
530 1547 606 1601 Ex
642 1547 749 1601 hac
778 1547 924 1602 enim
966 1549 1228 1605 ablactati
1255 1556 1405 1617 sunt,
1447 1556 1505 1606 et
1531 1569 1631 1624 per
1657 1553 1802 1609 hanc

199 1633 277 1690 ad
296 1635 697 1708 perfectionem
724 1646 1019 1695 venerunt.

471 1726 816 1784 LIBELLUS
853 1730 1168 1785 DECIMUS
1206 1730 1539 1794 QUINTUS.

785 1820 859 1873 De
886 1820 1220 1873 humilitate.

1882 564 2180 636 terrogas?
2228 565 2297 619 Et
2336 564 2431 618 ille
2481 563 2811 634 respondit:
2855 564 3116 619 Latinam
3159 564 3387 636 quidem
3429 567 3488 622 et

1884 660 2134 715 Graecam
2164 658 2556 723 eruditionem,
2577 663 2849 728 quantum
2870 658 2941 712 ad
2970 659 3241 726 seculum,
3278 673 3485 730 appre-

1883 750 2074 817 hendi;
2094 750 2191 803 sed
2222 746 2581 819 alphabetum
2599 747 2792 801 rustici
2823 746 2985 802 istius
3007 748 3246 803 necdum
3270 748 3486 804 discere

1881 838 2059 911 potui.

1951 927 2004 984 8.
2036 928 2308 982 Dicebant
2327 943 2487 981 senes
2507 926 2639 997 quia
2655 926 2913 980 dederint
2933 926 3161 997 quidam
3182 926 3485 997 aliquando

1880 1017 1940 1071 in
1970 1017 2161 1089 Scythi
2188 1016 2457 1088 fratribus
2486 1032 2692 1086 paucas
2722 1015 2950 1082 caricas,
2984 1021 3041 1069 et
3062 1031 3162 1086 pro
3191 1015 3298 1069 hoc
3328 1014 3482 1086 quod

1882 1123 2074 1178 paucae
2096 1111 2396 1173 erant,non
2425 1104 2869 1160 transmiserunt
2895 1121 2961 1158 ex
2992 1105 3075 1157 eis
3103 1102 3293 1158 abbati
3311 1105 3482 1159 Arse-

1882 1196 1995 1261 nio,
2020 1211 2091 1249 ne
2114 1196 2267 1250 velut
2292 1194 2561 1264 injuriam
2572 1198 2878 1265 pateretur.
2895 1193 2994 1249 Ille
3014 1199 3206 1248 autem
3225 1209 3354 1247 cum
3373 1193 3482 1247 hoc

1882 1285 2149 1350 audisset,
2178 1300 2291 1338 non
2312 1289 2398 1337 est
2431 1299 2689 1353 egressus
2708 1284 2872 1353 juxta
2891 1298 3105 1337 morem
3132 1282 3203 1336 ad
3223 1297 3364 1353 opus
3383 1280 3480 1336 Dei

1881 1390 2010 1429 cum
2031 1372 2300 1428 fratribus
2321 1371 2737 1438 celebrandum,
2768 1370 2995 1425 dicens:
3030 1370 3482 1425 Excommunica-

1882 1465 1982 1519 stis
2012 1480 2121 1530 me,
2152 1469 2215 1517 ut
2244 1478 2357 1516 non
2386 1460 2525 1515 mihi
2550 1460 2762 1515 daretis
2794 1459 3092 1530 eulogiam,
3113 1476 3283 1531 quam
3301 1464 3484 1514 trans-

1881 1550 2038 1606 misit
2055 1551 2328 1606 Dominus
2357 1549 2645 1613 fratribus,
2670 1566 2735 1603 ex
2757 1565 2869 1621 qua
2898 1565 3005 1619 ego
3035 1564 3149 1602 non
3168 1547 3250 1602 fui
3276 1547 3482 1618 dignus

1883 1641 2151 1712 accipere.
2176 1639 2338 1703 Quod
2367 1655 2494 1693 cum
2522 1638 2814 1692 audissent
2839 1654 3052 1704 omnes,
3073 1635 3334 1692 aediﬁcati
3350 1640 3487 1691 sunt

1883 1730 1943 1784 in
1969 1728 2290 1784 humilitate
2318 1727 2499 1795 senis;
2533 1732 2590 1781 et
2606 1727 2815 1781 vadens
2845 1726 3137 1798 presbyter
3162 1725 3404 1797 portavit
3432 1725 3487 1780 ei

1816 1798 1952 1874 Bde
1979 1819 2177 1873 caricis
2207 1818 2338 1885 illis,
2383 1821 2441 1871 et
2474 1816 2707 1871 adduxit
2753 1832 2883 1871 eum
2931 1815 2993 1870 in
3047 1814 3485 1886 congregatione

272 1902 333 1958 1.
368 1902 554 1959 Abbas
591 1906 889 1974 Antonius,
937 1908 1200 1963 deficiens
1252 1910 1311 1964 in
1355 1909 1801 1966 consideratione
1880 1909 2240 1979 gaudentem.

195 1991 601 2064 profunditatis
615 1996 957 2065 judiciorum
974 1998 1093 2065 Dei,
1114 1999 1631 2069 postulavit,dicens
1656 2019 1666 2053 :
1687 2000 1802 2054 Do-

197 2080 663 2153 mine,quomodo
686 2085 861 2156 aliqui
882 2086 940 2140 in
958 2103 1128 2157 parvo
1146 2093 1399 2158 tempore
1418 2088 1539 2142 vitae
1555 2106 1668 2143 suae
1688 2106 1804 2143 mo-

195 2169 446 2238 riuntur,
480 2178 538 2226 et
566 2173 741 2244 aliqui
768 2175 919 2229 ultra
946 2176 1289 2248 decrepitam
1308 2179 1540 2233 veniunt
1554 2184 1805 2233 senectu-

196 2264 355 2329 tem;
388 2266 445 2315 et
472 2277 644 2332 quare
670 2264 901 2334 quidam
930 2267 1211 2335 egestuosi
1233 2272 1384 2333 sunt,
1399 2268 1496 2321 alii
1513 2274 1702 2322 autem
1718 2268 1803 2322 fa-

196 2350 509 2406 cultatibus
528 2352 799 2420 ditantur;
815 2359 869 2409 et
883 2356 1161 2425 quomodo
1179 2357 1235 2409 in
1235 2358 1256 2426 j
1266 2357 1374 2411 usti
1390 2357 1639 2427 opulenti
1650 2362 1801 2424 sunt,

190 2440 344 2511 justi
363 2456 491 2495 vero
519 2448 850 2513 paupertate
879 2450 1215 2514 premuntur
1236 2446 1259 2498 ‘?
1306 2447 1376 2500 Et
1402 2445 1555 2500 venit
1589 2446 1640 2500 ei
1679 2463 1801 2514 vox,

199 2529 401 2584 dicens
433 2548 444 2583 :
470 2531 699 2597 Antoni,
723 2533 795 2586 ad
818 2534 1065 2605 teipsum
1094 2535 1322 2589 intende
1346 2553 1358 2603 ;
1396 2536 1513 2589 hare
1541 2535 1691 2590 enim
1716 2537 1805 2607 ju-

209 2618 367 2673 dicia
390 2619 490 2673 Dei
520 2625 672 2688 sunt,
702 2626 760 2676 et
777 2626 834 2676 te
863 2623 1005 2677 scire
1025 2608 1093 2677 Ea
1120 2641 1234 2679 non
1262 2625 1538 2679 convenit.

279 2706 336 2765 2.
368 2707 528 2763 Dixit
553 2709 725 2764 abbas
752 2712 1031 2767 Antonius
1058 2713 1247 2768 abbati
1276 2714 1494 2774 Pastori
1527 2732 1538 2768 :
1571 2716 1688 2769 Hoc
1724 2720 1811 2769 est

203 2812 483 2868 magnum
512 2815 653 2870 opus
680 2801 943 2867 hominis,
982 2807 1047 2856 ut
1078 2803 1303 2873 culpam
1341 2821 1501 2858 suam
1531 2822 1700 2876 super
1727 2822 1811 2859 se-

203 2885 398 2958 ipsum
423 2889 808 2961 unusquisque
838 2896 1010 2961 ponat
1029 2908 1218 2945 coram
1249 2893 1505 2960 Domino,
1532 2899 1588 2948 et
1615 2911 1810 2966 exspe-

203 2979 330 3030 ctet
347 2976 717 3032 tentationem
735 2995 913 3049 usque
927 2981 997 3034 ad
1016 2981 1280 3035 ultimum
1292 2982 1419 3036 vitae
1437 3000 1550 3037 sua:
1564 2988 1806 3054 tempus.

284 3062 340 3122 3.
372 3065 523 3121 Dixit
552 3067 762 3122 iterum
791 3068 962 3123 abbas
992 3071 1269 3125 Antonius
1300 3089 1312 3125 :
1348 3072 1476 3125 Vidi
1503 3089 1697 3127 omnes
1734 3074 1812 3126 la-

1955 1998 2007 2054 9.
2028 1997 2292 2053 Dicebant
2309 2000 2500 2051 autem
2525 1996 2595 2050 de
2623 2012 2688 2050 eo
2711 1995 2845 2066 quia
2870 2011 3037 2050 nemo
3067 1993 3315 2066 potuerit
3335 2009 3486 2049 com-

1885 2088 2231 2160 prehendere
2277 2086 2508 2140 modum
2554 2084 2993 2139 conversationis
3049 2085 3191 2154 ejus.
3243 2082 3485 2139 Sedente

1886 2178 2082 2232 eodem
2106 2176 2307 2231 abbate
2334 2174 2569 2229 Arsenio
2594 2173 2897 2245 aliquando
2913 2174 2972 2227 in
2987 2171 3345 2228 inferioribus
3355 2186 3483 2243 par-

1885 2267 2035 2321 tibus
2048 2266 2293 2337 }Egypti,
2313 2281 2441 2318 cum
2461 2264 2575 2317 illic
2594 2263 3051 2335 importunitates
3071 2266 3384 2333 pateretur,
3405 2260 3483 2314 vi-

1886 2372 2011 2410 sum
2028 2361 2112 2410 est
2140 2355 2190 2408 ei
2218 2354 2606 2423 derelinquere
2644 2354 2843 2407 cellam
2868 2369 3049 2420 suam;
3073 2356 3132 2406 et
3158 2351 3303 2405 nihil
3325 2367 3392 2405 ex
3419 2366 3488 2405 ea

1886 2446 2088 2499 tollens
2116 2442 2476 2509 secum,dixit
2493 2442 2781 2513 disripulis
2802 2442 2920 2496 suis
2941 2441 3259 2496 Alexandro
3278 2444 3337 2494 et
3361 2438 3487 2494 Zoi-

1888 2535 1940 2589 lo
1963 2551 1975 2586 :
2002 2535 2104 2600 Tu,
2131 2534 2463 2597 Alexander,
2479 2532 2715 2587 ascende
2736 2532 2942 2598 navim,
2960 2536 3018 2585 et
3047 2536 3127 2596 tu,
3163 2529 3334 2595 Zoile,
3360 2527 3488 2582 veni

1888 2640 2111 2678 mecum
2140 2640 2316 2694 usque
2334 2623 2404 2677 ad
2424 2625 2655 2689 ﬂumen,
2675 2626 2732 2676 et
2746 2637 2933 2692 qumre
2945 2619 3082 2674 mihi
3095 2618 3409 2673 naviculam
3428 2616 3489 2673 in

1889 2713 2285 2769 Alexandriam
2315 2714 2693 2781 navigantem,
2727 2716 2784 2764 et
2814 2710 2893 2764 ita
2917 2708 3205 2780 navigabis
3233 2706 3406 2762 etiam
3424 2710 3491 2762 tu

1891 2804 1963 2859 ad
1999 2803 2231 2857 fratrem
2262 2808 2445 2857 tuum.
2478 2800 2758 2856 Turbatus
2787 2805 2980 2854 autem
3008 2798 3192 2853 Zoilus
3228 2797 3288 2850 in
3323 2794 3492 2851 verbo

1891 2894 2020 2959 isto,
2052 2893 2246 2959 tacuit,
2265 2897 2434 2963 atque
2453 2892 2535 2946 ita
2552 2890 2717 2945 divisi
2739 2894 2872 2945 sunt
2890 2888 2959 2943 ab
2974 2888 3229 2942 invicem.
3248 2885 3490 2941 Descen-

1892 2982 1976 3037 dit
1988 2988 2179 3037 autem
2201 2996 2370 3035 senex
2391 2981 2540 3034 circa
2555 2984 2744 3051 partes
2774 2977 3146 3044 Alexandriae,
3172 2980 3230 3031 et
3256 2978 3492 3046 aegrota-

1892 3072 1971 3125 vit
1982 3071 2313 3141 aegritudine
2338 3086 2561 3139 magna.
2580 3068 2850 3138 Discipuli
2870 3073 3061 3122 autem
3082 3066 3204 3136 ejus
3234 3062 3497 3120 dicebant

210 3169 393 3225 queos
420 3154 531 3225 (42)
565 3155 778 3212 inimici
806 3164 997 3213 tensos
1037 3159 1096 3213 in
1134 3165 1305 3223 terra,
1356 3168 1411 3214 et
1438 3158 1962 3231 ingemiscensCad
1988 3160 2227 3214 invicem
2273 3177 2284 3212 :
2322 3159 2571 3213 Putasne
2601 3157 2805 3227 aliquis
2833 3160 3092 3211 nostrum
3141 3151 3495 3208 contristavit

205 3242 372 3298 dixi:
400 3244 535 3308 Quis
577 3250 743 3316 putas
790 3248 1029 3302 transiet
1069 3250 1248 3304 istos?
1291 3250 1359 3305 Et
1402 3250 1590 3305 audivi
1619 3268 1810 3306 vocem

205 3331 491 3387 dicentem
528 3353 539 3387 :
572 3336 894 3392 Humilitas.

281 3419 341 3475 4.
385 3422 674 3479 Venerunt
699 3426 1001 3497 aliquando
1029 3444 1189 3482 senes
1218 3429 1290 3483 ad
1337 3428 1597 3483 abbatem
1634 3431 1812 3485 Anto-

209 3510 396 3577 nium,
429 3516 486 3566 et
507 3518 630 3568 erat
655 3531 782 3569 cum
811 3516 892 3570 eis
921 3518 1093 3571 etiam
1140 3516 1312 3572 abbas
1341 3519 1568 3590 Joseph.
1608 3519 1814 3575 Volens

210 3604 409 3656 autem
430 3601 604 3657 abbas
620 3605 897 3659 Antonius
910 3605 1147 3676 probare
1168 3624 1280 3673 eos,
1306 3609 1480 3661 movit
1497 3625 1814 3664 sermonem

213 3689 292 3744 de
305 3689 606 3761 Scripturis
630 3694 855 3748 sanctis.
880 3696 948 3749 Et
966 3696 1135 3767 capit
1151 3697 1503 3768 interrogare
1523 3715 1557 3752 a
1571 3698 1815 3769 juniori-

215 3777 488 3851 bus,quid
508 3787 656 3836 esset
675 3783 781 3837 hoc
791 3784 877 3838 vel
895 3784 1036 3839 illud
1056 3785 1303 3841 verbum.
1326 3788 1394 3840 Et
1428 3787 1635 3857 singuli
1662 3788 1813 3842 dice-

218 3866 364 3923 bant
379 3874 547 3940 prout
557 3876 836 3942 poterant.
861 3874 961 3928 Ille
990 3880 1181 3930 autem
1203 3875 1422 3930 dicebat
1439 3877 1545 3930 eis:
1567 3878 1820 3932 Necdum

218 3956 532 4014 invenistis.
564 3961 701 4015 Post
743 3978 838 4017 eos
882 3980 1011 4018 vero
1038 3964 1177 4019 dixit
1218 3964 1406 4019 abbati
1451 3967 1659 4037 Joseph
1690 3984 1702 4020 :
1734 3967 1819 4021 Tu

221 4048 505 4119 quomodo
524 4049 663 4105 dicis
685 4068 804 4105 esse
823 4052 1053 4107 verbum
1072 4054 1209 4108 hoc?
1230 4055 1330 4109 Ille
1351 4056 1643 4126 respondit
1665 4073 1676 4109 :
1704 4057 1817 4110 Ne-

219 4136 362 4192 scio.
392 4137 461 4192 Et
492 4138 635 4193 dixit
667 4140 839 4196 abbas
865 4143 1142 4197 Antonius
1179 4161 1190 4197 :
1225 4145 1369 4198 Vere
1398 4144 1571 4199 abbas
1611 4145 1818 4216 Joseph

221 4225 380 4281 solus
398 4226 610 4283 invenit
636 4229 803 4297 viam,
835 4232 932 4302 qui
956 4248 1015 4286 se
1045 4233 1261 4287 nescire
1281 4234 1588 4304 respondit.

299 4313 352 4370 5.
374 4317 694 4373 Astiterunt
730 4320 1032 4391 aliquando
1061 4322 1252 4377 abbati
1279 4323 1514 4377 Arsenio
1541 4324 1823 4379 daemones

1891 3267 2042 3317 eum,
2060 3255 2117 3304 et
2144 3253 2442 3320 propterea
2465 3247 2675 3301 divisus
2704 3252 2790 3300 est
2809 3262 2844 3300 a
2870 3244 3075 3300 nobis?
3104 3243 3174 3297 Et
3199 3258 3310 3297 non
3342 3241 3495 3297 inve-

1892 3339 2125 3394 niebant
2151 3339 2211 3392 in
2230 3355 2289 3392 se
2309 3335 2730 3406 ingratitudinis
2752 3350 3001 3401 causam,
3016 3348 3198 3403 neque
3222 3331 3358 3402 quia
3375 3330 3497 3386 ino-

1894 3428 2182 3484 bedientes
2209 3427 2261 3483 ei
2289 3424 2592 3497 aliquando
2612 3424 2867 3479 fuissent.
2899 3422 3042 3477 Cum
3063 3437 3193 3476 vero
3208 3436 3383 3475 sanus
3408 3418 3495 3474 fa-
3596 3426 3609 3437 '

1896 3523 2019 3573 ctus
2046 3518 2246 3572 fuisset
2273 3532 2460 3583 senex,
2476 3515 2616 3569 dixit
2644 3514 2715 3568 ad
2741 3513 2989 3585 seipsum
3022 3530 3033 3565 :
3065 3510 3283 3567 Vadam
3302 3509 3373 3565 ad
3393 3510 3499 3564 Pan

1896 3613 2011 3663 tres
2032 3606 2374 3662 meos.Etita
2386 3604 2610 3659 venitin
2630 3604 2818 3658 locum
2836 3602 2933 3674 qui
2950 3601 3157 3657 dicitur
3184 3601 3372 3666 Petra,
3396 3597 3496 3655 ubi

1898 3704 2063 3753 erant
2078 3695 2384 3768 supradicti
2404 3693 2648 3749 ministri
2665 3694 2713 3764 ej
2721 3692 2956 3747 us.Cum
2968 3708 3098 3746 vero
3107 3692 3271 3762 juxta
3283 3690 3496 3745 ﬂumen

1895 3794 2044 3843 esset
2069 3788 2258 3859 puella
2285 3785 2539 3857 quaedam
2558 3782 3151 3855 zEthiopissa,veniens
3173 3779 3364 3850 tetigit
3381 3794 3499 3833 me-

1900 3878 2074 3933 lotem
2101 3878 2223 3947 ejus
2256 3894 2266 3928 :
2300 3891 2470 3930 senex
2499 3879 2690 3928 autem
2734 3872 3044 3943 increpavit
3073 3869 3341 3924 eam.llla
3366 3883 3498 3922 vero

1901 3968 2075 4023 dixit:
2104 3967 2163 4021 Si
2178 3965 2483 4020 monachus
2496 3962 2727 4029 es,vade
2749 3962 2808 4017 in
2835 3960 3496 4030 montem.Compunctus

1901 4063 2094 4113 autem
2121 4056 2179 4110 in
2206 4056 2313 4109 hoc
2335 4052 2503 4109 verbo
2531 4069 2720 4116 senex,
2740 4051 2962 4106 dicebat
2989 4050 3061 4105 ad
3091 4049 3372 4121 seipsum:
3396 4048 3498 4102 Ar-

1902 4146 2043 4213 seni,
2075 4146 2123 4201 si
2151 4144 2459 4200 monachus
2488 4160 2567 4209 es,
2594 4142 2735 4196 vade
2754 4141 2814 4195 in
2841 4145 3111 4195 montem.
3140 4139 3209 4193 Et
3223 4138 3372 4192 inter
3384 4136 3503 4190 haec

1904 4240 2269 4292 occurrerunt
2296 4234 2348 4288 ei
2376 4232 2690 4288 Alexander
2714 4236 2771 4286 et
2798 4230 2982 4285 Zoilus
3007 4228 3265 4299 discipuli
3295 4225 3403 4283 sui.
3433 4224 3504 4280 Et

1904 4343 2033 4382 cum
2061 4324 2392 4379 cecidissent
2418 4323 2489 4377 ad
2518 4322 2688 4393 pedes
2716 4321 2857 4391 ejus,
2891 4319 3129 4390 projecit
3157 4333 3217 4371 se
3246 4331 3415 4370 senex
3441 4312 3503 4369 in

221 4406 286 4463 in
316 4409 455 4463 cella
483 4410 791 4477 sedenti,ct
804 4411 1150 4467 tribulabant
1170 4430 1299 4468 eum
1330 4432 1340 4466 :
1376 4422 1820 4486 supervenerunt
1899 4422 2071 4481 terra,
2104 4420 2162 4469 et
2189 4412 2400 4468 flebant
2419 4411 2607 4466 simul.
2632 4410 2784 4465 Dixit
2803 4414 2994 4463 autem
3009 4423 3180 4461 senex
3209 4424 3221 4458 :
3246 4406 3373 4460 Non
3398 4418 3502 4457 au-

222 4500 419 4552 autem
448 4498 668 4566 fratres,
692 4500 788 4571 qui
808 4502 1130 4557 ministrare
1159 4503 1415 4558 solebant
1440 4505 1510 4572 ei;
1533 4510 1589 4558 et
1607 4510 1820 4560 stantes
1836 4521 1885 4580 D
1908 4505 2069 4561 distis
2091 4504 2224 4574 quia
2246 4500 2545 4572 aegrotavi?
2574 4501 2645 4554 Et
2671 4499 2935 4553 dixerunt
2963 4497 3016 4551 ei
3053 4515 3064 4549 :
3099 4494 3302 4560 Etiam,
3339 4490 3505 4580 audif

222 4591 388 4642 extra
404 4588 598 4643 cellam
609 4589 912 4646 audiebant
923 4608 1050 4646 eum
1067 4593 1818 4662 clamantemadDominum,
1838 4577 1872 4580 —
1904 4596 2105 4649 vimus.
2140 4593 2211 4646 Et
2233 4592 2325 4644 ille
2347 4589 2521 4643 dixit:
2546 4589 2731 4652 Quare
2759 4603 2872 4641 non
2900 4583 3131 4640 venistis
3159 4582 3346 4636 videre
3367 4595 3459 4634 me
3475 4577 3505 4634 ‘l

223 4680 287 4731 et
316 4675 628 4732 dicentem:
661 4678 914 4746 Domine,
946 4697 1061 4734 non
1088 4696 1179 4735 me
1204 4681 1718 4753 derclinquas,quia
1736 4683 1824 4737 ni-
1907 4686 1977 4739 Et
2014 4681 2159 4737 dixit
2194 4678 2548 4734 Alexander:
2584 4676 2729 4741 Quia
2766 4674 2962 4729 divisio
2987 4678 3090 4728 tua
3133 4688 3168 4725 a
3196 4669 3357 4725 nobis
3385 4684 3502 4724 non

224 4766 314 4821 hil
349 4765 481 4821 boni
520 4768 624 4822 feci
661 4786 849 4823 coram
877 4775 952 4824 te.
985 4770 1095 4825 Sed
1124 4776 1329 4842 praesta
1357 4771 1517 4838 mihi,
1562 4772 1819 4841 Domine,
1906 4772 2014 4828 fuit
2035 4770 2196 4825 nobis
2217 4766 2541 4832 tolerabilis,
2559 4764 2824 4837 quoniam
2845 4769 2901 4818 et
2924 4762 3090 4818 multi
3119 4778 3185 4816 ex
3205 4776 3273 4815 ea
3298 4757 3506 4819 contri-

222 4856 541 4912 secundum
572 4856 975 4930 benignitatem
1002 4864 1181 4929 tuam,
1205 4861 1404 4915 saltem
1429 4861 1596 4916 modo
1620 4862 1828 4917 habere
1910 4860 2044 4917 stati
2072 4864 2222 4924 sunt,
2244 4858 2521 4912 dicentes:
2546 4854 2670 4911 Nisi
2699 4852 3084 4909 inobedientes
3111 4846 3500 4916 fuissentseni,

222 4945 378 5002 bene
405 4947 623 5002 vivendi
652 4949 949 5021 principia.
1909 4965 2199 5021 nunquam
2229 4965 2286 5002 se
2311 4950 2627 5018 separasset
2645 4943 2716 4998 ab
2746 4943 2848 5000 eis.
2892 4944 2961 4998 Et
3002 4942 3143 4997 dixit
3170 4941 3252 4995 eis
3285 4954 3455 4994 senex
3487 4958 3501 4993 :

303 5034 356 5090 6.
390 5036 661 5092 Dicebant
699 5044 889 5093 autem
930 5039 999 5093 de
1040 5056 1105 5094 eo
1149 5040 1245 5111 qui
1288 5056 1475 5112 supra,
1511 5042 1643 5111 quia
1686 5041 1831 5096 sicut
1912 5042 1983 5096 Et
2026 5055 2127 5110 ego
2164 5036 2396 5107 cognovi
2427 5035 2559 5107 quia
2596 5035 2703 5089 hoc
2732 5031 3173 5099 diceretur;sed
3198 5035 3391 5084 tamen
3406 5027 3511 5082 ite-

226 5125 370 5181 dum
394 5125 453 5180 in
482 5126 689 5198 palatio
710 5133 878 5195 esset,
920 5144 1086 5183 nemo
1126 5129 1453 5184 melioribus
1479 5129 1726 5185 vestibus
1764 5147 1830 5185 eo
1912 5142 2041 5180 rum
2069 5122 2274 5178 dicturi
2307 5124 2441 5175 snnt
2468 5119 2725 5173 homines
2756 5136 2768 5172 :
2795 5118 2940 5182 Qnia
2963 5133 3076 5171 non
3105 5113 3392 5212 ίηνθῐξίεξξιε

225 5213 531 5282 utebatur;
563 5216 645 5270 ita
686 5222 743 5271 et
777 5218 913 5272 dum
941 5217 1001 5271 in
1039 5218 1461 5273 conversatione
1489 5223 1827 5285 moraretur,
1911 5214 2104 5270 lumba
2130 5211 2383 5283 requiem
2412 5209 2647 5282 pedibus
2675 5209 2809 5275 suis,
2843 5223 3069 5301 reversa
3096 5210 3180 5259 est
3205 5202 3276 5257 ad
3302 5202 3422 5301 Noe
3449 5202 3511 5301 in

227 5319 403 5361 nemo
431 5321 498 5359 eo
516 5306 680 5360 vilius
707 5307 1004 5377 tegebatur
1025 5309 1207 5374 (Ra/72,
1234 5311 1271 5362 ι.
1304 5322 1388 5375 1n,
1422 5324 1481 5364 η.
1505 5306 1614 5376 37).
1915 5320 2105 5360 arcam
2144 5304 2296 5373 (Gen.
2331 5304 2471 5368 vin).
2513 5300 2578 5355 In
2607 5299 2716 5353 hoc
2742 5297 2917 5369 igitur
2958 5293 3125 5349 verbo
3168 5292 3348 5347 curati
3376 5292 3512 5345 sunt

310 5394 364 5448 7.
409 5396 551 5449 Cum
588 5396 964 5467 interrogaret
1011 5398 1312 5468 aliquando
1359 5397 1533 5451 abbas
1564 5397 1833 5450 Arsenius
1921 5394 2096 5449 animi
2136 5391 2536 5463 discipulorum
2572 5390 2713 5459 ejus,
2752 5391 2810 5440 et
2836 5385 3266 5456 permanserunt
3286 5395 3416 5434 cum
3443 5394 3511 5434 eo

231 5485 541 5556 quemdam
571 5502 762 5540 senem
778 5486 1103 5558 {Egyptium
1118 5488 1186 5541 de
1205 5493 1332 5552 θέε
1352 5486 1837 5557 [cogitationibus
1922 5500 2102 5553 usque
2130 5483 2201 5536 ad
2229 5482 2496 5536 ultimum
2515 5479 2640 5533 vitae
2670 5476 2847 5548 ipsius
2874 5480 3117 5545 tempus.

231 5573 378 5641 suis,
400 5574 547 5629 alius
574 5574 767 5630 videns
788 5592 919 5630 eum
939 5576 1080 5631 dixit
1102 5596 1113 5631 :
1134 5575 1291 5630 Abba
1310 5577 1535 5645 Arseni,
1557 5575 1835 5646 quomodo
1992 5572 2100 5637 Qui
2116 5588 2243 5627 cum
2254 5564 2806 5635 moreretur,turbati
2824 5568 2961 5619 sunt
2982 5561 3142 5617 valde
3165 5561 3350 5633 (Rulli,
3368 5562 3407 5615 ι.
3423 5571 3507 5625 In,

215 5670 327 5733 ιω,
359 5665 458 5736 qui
486 5669 657 5721 tantae
693 5665 1025 5723 eruditionis
1044 5666 1105 5722 in
1128 5666 1328 5723 Latina
1348 5670 1405 5722 et
1428 5666 1622 5721 Grmca
1644 5665 1839 5735 lingua
1924 5679 1981 5722 η.
2008 5661 2155 5732 163).
2184 5662 2253 5717 Et
2282 5659 2423 5716 dixit
2448 5659 2556 5714 eis:
2584 5654 2854 5713 Nondum
2877 5652 3029 5711 venit
3052 5653 3225 5722 hora;
3257 5666 3388 5710 cum
3416 5664 3515 5707 auv
