3934 6376
479 335 590 398 955

1615 353 1710 409 DE
1747 351 1938 408 VITIS
1976 349 2273 407 PATRUM
2310 350 2527 407 LIBER
2561 350 2629 404 V.

3647 341 3755 408 956

473 474 592 526 tem
621 475 855 545 venerit,
887 478 1068 534 dicam
1098 478 1273 534 vobis.
1299 475 1545 534 Judicari
1565 482 1756 532 autem
1775 475 1954 531 habeo
1974 491 2065 530 vo-
2081 475 2306 544 Aabba,
2339 475 2692 530 hebdomada
2714 474 2825 530 ista
2843 475 3187 546 lapidantem
3210 473 3408 530 faciem
3421 479 3624 532 statuae
3639 475 3753 531 hu-

475 556 690 616 biscum
710 569 841 620 ante
858 567 1107 623 tribunal
1127 567 1411 635 Christi,si
1427 565 1794 638 permiseritis
1813 565 2077 636 cuiquam

475 647 545 703 de
595 667 828 724 corpore
869 672 996 711 meo
1037 657 1250 729 aliquid
1295 658 1494 711 facere.
1537 657 1606 710 Et
1641 655 1723 708 illi
1769 654 2076 719 dixerunt;

474 737 619 802 Quid
649 757 782 812 ergo
814 743 1244 818 faciemus,quia
1264 745 1546 801 nescimus
1565 749 1853 798 mortuum
1871 743 2077 798 vestire

471 827 557 882 vel
585 831 822 901 sepelire
840 834 953 890 ?Et
981 834 1122 890 dixit
1149 852 1317 890 senex
1345 853 1356 888 :
1382 833 1621 889 Nescitis
1641 832 1865 886 mittere
1884 831 2076 886 funem

472 915 532 972 in
551 918 692 988 pede
711 927 923 991 meo,et
945 925 1172 980 trahere
1198 941 1288 979 me
1307 925 1367 979 in
1395 921 1684 977 montem?
1715 923 1857 977 Cum
1887 927 2076 976 autem

476 1007 792 1066 traditurus
820 1017 970 1068 esset
994 1013 1276 1085 spiritum,
1309 1013 1574 1068 viderunt
1601 1028 1729 1066 eum
1750 1012 2000 1078 flentem,
2019 1017 2076 1066 et

471 1094 667 1152 dicunt
693 1099 772 1154 ei:
803 1101 868 1156 In
891 1103 1126 1158 veritate
1159 1108 1216 1159 et
1235 1108 1297 1158 tu
1316 1103 1484 1158 times
1509 1101 1981 1166 mortem,Pater?
2005 1101 2076 1156 Et

472 1184 616 1240 dixit
634 1187 750 1242 eis:
786 1191 852 1244 In
875 1192 1129 1247 veritate.
1163 1192 1358 1248 Timor
1387 1191 1535 1246 enim
1563 1191 1659 1263 qui
1701 1190 1758 1244 in
1790 1191 1893 1245 hac
1929 1190 2070 1244 hora

471 1279 558 1330 est
587 1275 727 1331 mihi
760 1294 984 1351 semper
1008 1280 1117 1335 fuit
1141 1281 1199 1335 in
1213 1297 1396 1347 me,ex
1409 1297 1518 1352 quo
1533 1280 1712 1334 factus
1727 1296 1852 1334 sum
1872 1295 2059 1334 mona-

471 1363 629 1430 chus,
648 1369 706 1420 et
733 1367 908 1422 timeo
928 1369 1118 1438 valde;
1143 1375 1312 1441 atque
1341 1371 1421 1424 ita
1439 1369 1496 1424 in
1523 1385 1659 1442 pace
1677 1356 2066 1424 dormivit.llle

470 1457 665 1508 autem
699 1472 883 1511 sermo
925 1474 1151 1531 semper
1175 1463 1298 1514 erat
1324 1459 1384 1513 in
1408 1475 1504 1513 ore
1550 1458 1792 1524 Arsenii,
1835 1458 2072 1530 Propter

469 1541 606 1613 quid
635 1543 836 1598 existi?
863 1545 1019 1617 loqui
1051 1563 1142 1600 me
1170 1563 1392 1618 semper
1411 1547 1688 1618 paenituit,
1717 1553 1902 1601 tacere
1921 1563 2070 1602 nun-

470 1645 662 1702 quam.
691 1632 942 1688 Audiens
971 1640 1160 1690 autem
1189 1635 1360 1690 abbas
1379 1637 1598 1702 Pastor,
1607 1635 1738 1707 quia
1753 1653 1818 1690 ex
1837 1637 1942 1690 hac
1955 1635 2071 1690 vita

469 1718 786 1778 discesserit
805 1723 1094 1791 Arsenius,
1110 1724 1454 1796 lacrymatus
1473 1729 1576 1791 est,
1599 1730 1652 1779 et
1665 1725 1832 1780 dixit:
1861 1726 2068 1780 Beatus

2153 567 2270 637 jus,
2285 570 2342 619 et
2365 565 2572 620 iterum
2584 564 2972 636 paenitentiam
2997 569 3257 634 agentem
3278 565 3426 636 apud
3447 581 3572 620 eam
3577 583 3595 630 ;
3619 565 3754 619 ﬁde-

2161 655 2232 710 lis
2268 658 2460 710 autem
2483 654 2653 709 homo
2673 654 2790 709 haec
2827 670 2940 708 non
2970 652 3119 708 facit.
3147 653 3216 708 Et
3243 654 3534 726 respondit
3551 669 3746 710 senex:

2162 745 2322 799 Hanc
2349 761 2466 799 rem
2503 760 2606 814 ego
2635 748 2864 816 propter
2888 760 2985 797 vos
3025 741 3151 796 feci.
3191 743 3424 807 Quando
3452 759 3544 798 me
3567 743 3751 798 vidisti

2157 833 2500 905 lapidantem
2520 833 2716 887 faciem
2733 836 2932 886 statuae
2953 831 3290 904 ipsius,num
3306 832 3490 887 locuta
3505 837 3753 898 est,num

2158 923 2371 978 furuit?
2391 923 2460 977 Et
2489 922 2630 976 dixit
2650 921 2822 976 abbas
2842 922 3042 976 Pastor
3067 939 3079 976 :
3104 922 3254 976 Non.
3285 922 3498 977 Iterum
3528 922 3750 994 quando

2155 1012 2306 1084 apud
2349 1027 2472 1066 eam
2497 1010 2887 1083 paenitentiam
2906 1010 3018 1081 egi,
3047 1027 3184 1064 num
3211 1009 3437 1065 turbata
3455 1012 3586 1066 est?
3613 1028 3748 1067 num

2155 1101 2298 1156 dixit
2315 1119 2326 1154 :
2352 1101 2476 1155 Non
2497 1099 2724 1172 ignosco
2735 1099 2760 1152 Ἰ
2770 1100 2840 1154 Et
2858 1099 3146 1171 respondit
3173 1097 3345 1153 abbas
3358 1099 3583 1154 Pastor:
3602 1101 3746 1155 Non.

2131 1189 2223 1245 .Et
2245 1189 2338 1244 ille
2371 1189 2510 1243 dixit
2533 1206 2547 1243 :
2579 1189 2728 1260 Ergo
2749 1193 2808 1242 et
2825 1204 2926 1242 nos
2939 1187 3036 1259 qui
3065 1205 3262 1242 sumus
3286 1193 3500 1260 septem
3527 1189 3752 1256 fratres,-

2149 1279 2198 1333 si
2226 1279 2394 1333 vultis
2421 1281 2487 1332 ut
2512 1293 2841 1332 maneamus
2863 1277 3052 1342 simul,
3075 1276 3388 1332 efﬁciamur
3403 1277 3549 1334 sicut
3564 1283 3754 1333 statua

2149 1369 2284 1434 hazc,
2312 1384 2434 1439 quae
2455 1366 2812 1422 contumeliis
2841 1366 3039 1420 affecta
3058 1382 3172 1420 non
3191 1365 3468 1422 turbatur:
3493 1367 3540 1422 si
3561 1372 3750 1422 autem

2150 1473 2263 1512 non
2283 1457 2452 1511 vultis
2482 1457 2592 1511 ista
2623 1455 2764 1522 ﬁeri,
2797 1471 2922 1510 ecce
2953 1460 3197 1526 quatuor
3217 1455 3499 1526 ingressus
3520 1461 3651 1511 sunt
3675 1456 3750 1510 ad

2151 1547 2368 1601 aditum
2394 1546 2591 1616 templi
2620 1545 2806 1616 hujus,
2831 1544 3218 1616 unusquisque
3237 1561 3346 1616 quo
3357 1545 3475 1599 vult
3497 1551 3670 1611 exeat,
3688 1551 3752 1600 et

2152 1652 2262 1707 quo
2283 1636 2403 1690 vult
2428 1635 2615 1689 vadat.
2647 1634 2734 1689 Illi
2765 1639 2960 1688 autem
2977 1633 3094 1688 haec
3121 1634 3754 1706 audientes,prostrave-

2149 1729 2286 1779 runt
2296 1741 2356 1779 se
2385 1725 2443 1778 in
2468 1729 2678 1778 terram
2701 1721 2890 1778 abbati
2919 1721 3103 1790 Anub,
3127 1728 3185 1777 et
3203 1722 3466 1778 dixerunt
3485 1723 3537 1778 ei
3563 1724 3752 1790 :Quo-

469 1825 548 1876 es,
581 1809 726 1865 abba
751 1811 973 1880 Arseni,
1006 1813 1104 1884 qui
1151 1813 1352 1868 flevisti
1382 1814 1745 1886 temetipsum
1777 1815 1835 1868 in
1864 1817 2066 1870 saeculo
2089 1815 2318 1895 Bmodo
2351 1813 2535 1885 jubes,
2587 1813 2773 1878 Pater,
2806 1811 2888 1866 ita
2914 1813 3015 1874 ﬁt;
3050 1811 3320 1866 faciemus
3351 1812 3498 1884 quod
3535 1812 3748 1868 dixeris

470 1897 609 1967 isto;
645 1899 741 1971 qui
769 1901 920 1956 enim
950 1919 1011 1956 se
1040 1903 1100 1958 in
1121 1903 1227 1958 hoc
1255 1905 1457 1960 saeculo
1485 1921 1598 1960 non
1626 1904 2069 1977 ﬂeverit,sempi-

469 1991 630 2042 teme
655 1988 901 2060 plorabit
943 1990 1085 2059 illic;
1119 1992 1236 2047 sive
1278 1993 1455 2064 igitur
1482 1993 1573 2048 hic
1590 1993 1923 2059 voluntarie,
1955 1993 2070 2049 sive

471 2075 586 2134 illic
610 2078 908 2134 tormentis
935 2080 1634 2154 cogentibus,impossibile
1656 2089 1743 2138 est
1765 2099 1878 2138 non
1908 2084 2062 2138 ﬂere.

532 2165 621 2222 10.
652 2167 917 2223 Narravit
944 2169 1116 2224 abbas
1137 2171 1333 2226 Daniel
1363 2172 1433 2226 de
1461 2170 1662 2226 abbate
1674 2171 2070 2244 Arsenio,quia

462 2269 755 2328 nunquam
767 2258 1008 2314 voluerit
1027 2259 1181 2330 loqui
1201 2259 1271 2314 de
1293 2260 1599 2330 quaestione
1619 2261 1809 2332 aliqua
1823 2261 2070 2332 Scriptu-

462 2359 811 2412 rarum,cum
828 2351 1022 2418 posset
1042 2348 1338 2419 magnifice
1359 2349 1405 2403 si
1419 2351 1602 2416 vellet,
1621 2349 1717 2403 sed
1738 2365 1921 2422 neque
1955 2349 2070 2420 epi-

462 2433 665 2488 stolam
693 2435 804 2490 cito
831 2435 1056 2508 scripsit
1083 2437 1154 2492 ad
1174 2437 1418 2508 aliquem
1441 2441 1627 2508 (Ra/7.,
1655 2442 1694 2493 ι.
1724 2453 1806 2505 In,
1827 2455 1884 2492 η.
1924 2436 2065 2506 198).

465 2522 702 2586 Quando
722 2529 911 2579 autem
943 2525 1014 2580 ad
1029 2531 1366 2582 conventum
1396 2533 1524 2598 post
1552 2528 1905 2599 aliquantum
1929 2533 2069 2582 tem-

467 2611 622 2684 poris
646 2612 922 2680 veniebat,
940 2619 1068 2685 post
1085 2615 1406 2670 columnam
1426 2616 1752 2683 sedebat,ne
1768 2617 1894 2689 quis
1913 2617 2069 2671 vide-

461 2704 554 2754 ret
580 2699 780 2756 faciem
806 2701 998 2773 hujus,
1031 2708 1089 2756 et
1115 2720 1186 2758 ne
1224 2704 1344 2775 ipse
1367 2706 1686 2760 attenderet
1713 2706 1906 2760 alium.
1931 2706 2070 2760 Erat

463 2787 615 2844 enim
645 2789 783 2844 visio
813 2791 936 2861 ejus
955 2792 1382 2862 angelica,sicut
1408 2795 1596 2860 Jacob,
1631 2795 1786 2849 canis
1813 2800 2064 2862 ornatus,

405 2889 411 2896 '
466 2877 700 2947 elegans
731 2894 980 2950 corpore,
998 2879 1177 2935 siccus
1197 2886 1408 2936 tamen.
1433 2882 1687 2938 Habebat
1715 2889 1904 2938 autem
1935 2883 2068 2938 bar-

464 2964 594 3020 bam
606 2967 1137 3039 prolixam,omnino
1157 2971 1524 3042 attingentem
1541 2989 1719 3044 usque
1735 2973 1806 3028 ad
1817 2978 2068 3028 ventrem

461 3055 585 3126 ejus
617 3075 630 3110 :
665 3055 764 3128 pili
794 3062 984 3112 autem
1012 3059 1298 3115 oculorum
1332 3061 1454 3132 ejus
1484 3061 1658 3116 nimio
1690 3063 1825 3116 ﬂetu
1854 3063 2068 3117 cecide-

2152 1903 2332 1959 nobis.
2363 1903 2566 1957 Postea
2591 1906 2782 1956 autem
2813 1901 3009 1955 retulit
3047 1899 3220 1955 abbas
3255 1901 3473 1968 Pastor,
3505 1901 3693 1956 dicens
3729 1919 3744 1956 :

2151 1992 2296 2058 Quia
2316 1991 2627 2046 mansimus
2648 1990 2816 2045 simul
2843 2006 2947 2062 per
2971 2005 3139 2044 omne
3149 1995 3374 2062 tempus
3392 1990 3518 2046 vitm
3535 1995 3744 2047 nostra

2152 2097 2276 2154 oper
2289 2087 2448 2136 antes
2474 2087 2534 2135 et
2562 2080 2832 2134 facientes
2853 2079 3046 2134 omnia
3071 2079 3380 2134 secundum
3407 2079 3638 2136 verbum
3662 2097 3752 2135 se-

2149 2171 2238 2224 nis
2258 2170 2408 2242 quod
2424 2169 2564 2223 dixit
2595 2167 2778 2223 nobis.
2810 2167 3119 2222 Constituit
3147 2172 3334 2222 autem
3355 2183 3532 2223 unum
3552 2185 3617 2222 ex
3643 2184 3752 2223 no-

2149 2257 2234 2313 bis
2263 2258 2725 2330 dispensatorem,
2751 2257 2848 2328 qui
2879 2257 3249 2328 quodcunque
3276 2257 3438 2312 nobis
3457 2257 3754 2329 apposuis-

2150 2353 2253 2414 set,
2285 2347 2742 2412 comedebamus,
2777 2353 2835 2400 et
2884 2345 3229 2418 impossibile
3274 2351 3396 2400 erat
3432 2352 3498 2401 ut
3534 2347 3752 2401 diceret

2150 2437 2354 2508 aliquis
2385 2452 2452 2491 ex
2480 2436 2640 2491 nobis
2671 2455 2682 2490 :
2715 2437 2868 2490 Affer
2895 2435 3318 2516 aliud‘aliquid,
3353 2440 3452 2491 aut
3477 2434 3684 2491 diceret
3717 2453 3733 2488 :

2149 2527 2293 2582 Nolo
2341 2527 2492 2580 istud
2541 2525 2898 2580 manducare.
2943 2525 3012 2580 Et
3045 2525 3123 2580 sic
3166 2524 3529 2580 transivimus
3579 2541 3750 2580 omne

2148 2621 2374 2687 tempus
2401 2615 2528 2670 vita:
2557 2619 2764 2669 nostrae
2787 2631 2913 2668 cum
2946 2614 3134 2685 quiete
3162 2619 3221 2668 et
3246 2630 3400 2684 pace.

2224 2703 2308 2762 12.
2340 2703 2612 2760 Dicebant
2638 2703 2707 2757 de
2718 2702 2919 2758 abbate
2947 2703 3224 2758 Ammone
3245 2702 3378 2774 quia
3389 2703 3750 2758 veneruntad

2149 2811 2276 2849 eum
2300 2793 2527 2865 quidam
2557 2797 2812 2864 petentes
2844 2797 2912 2846 ut
2931 2791 3214 2862 judicaret
3237 2791 3386 2846 inter
3409 2807 3544 2860 eos;
3574 2807 3748 2846 senex

2148 2889 2338 2938 autem
2351 2881 2840 2937 dissimulabat.Et
2857 2898 2984 2936 ecce
3007 2881 3261 2952 quadam
3283 2880 3484 2936 mulier
3493 2880 3563 2936 ad
3573 2881 3746 2936 aliam

2149 2971 2442 3026 mulierem
2460 2973 2623 3041 juxta
2659 2987 2718 3024 se
2741 2975 2984 3024 stantem
3031 2969 3253 3024 dicebat
3283 2987 3296 3022 :
3321 2969 3501 3025 Senex
3522 2969 3626 3024 iste
3655 2969 3748 3024 fa-

2149 3067 2282 3116 tuus
2303 3066 2406 3116 est.
2440 3059 2669 3114 Audivit
2695 3064 2884 3114 autem
2906 3076 3030 3113 eam
3055 3075 3224 3114 senex
3247 3078 3260 3126 ;
3293 3063 3350 3113 et
3368 3074 3570 3114 vocans
3587 3057 3748 3112 illam

460 3150 610 3214 rant;
633 3145 834 3217 longus
855 3152 1046 3202 autem
1059 3150 1303 3214 erat,sed
1329 3151 1484 3206 senio
1505 3151 1750 3222 longaevo
1771 3159 2052 3208 curvatus.
2075 3154 2118 3215 Ο
2136 3153 2210 3206 ad
2237 3169 2297 3205 se
2321 3149 2462 3204 dixit
2489 3150 2541 3204 ei
2576 3168 2588 3203 :
2621 3149 2873 3214 Quantos
2887 3147 3109 3204 labores
3128 3155 3292 3220 putas
3324 3147 3566 3202 sustinui
3585 3147 3744 3202 inso-

458 3233 704 3290 moritur
730 3240 920 3291 autem
949 3253 1227 3292 annorum
1257 3240 1569 3310 nonaginta
1587 3241 1964 3312 quinque.Hic
1982 3242 2059 3296 fe-

458 3323 538 3378 cit
565 3324 624 3379 in
656 3325 866 3396 palatio
895 3326 1034 3380 divae
1058 3321 1349 3384 memorias
1377 3330 1674 3387 Theodosii
1703 3330 2058 3402 imperatoris

455 3413 812 3486 majoris,qui
839 3415 947 3470 fuit
961 3425 1126 3487 pater
1151 3418 1375 3473 Arcadii
1401 3423 1458 3472 et
1478 3419 1915 3484 Honorii,annos
1925 3436 2060 3492 qua-

456 3500 739 3574 draginta,
772 3509 830 3558 et
851 3503 910 3558 in
941 3505 1134 3577 Scythi
1177 3507 1307 3562 fecit
1351 3524 1528 3562 annos
1559 3509 1953 3580 quadraginta,
2003 3515 2060 3564 et

455 3594 650 3658 (ηπ
679 3591 873 3647 decem
905 3609 1082 3648 annos
1109 3594 1170 3649 in
1198 3596 1318 3650 loco
1349 3597 1444 3668 qui
1475 3597 1680 3652 dicitur
1705 3598 1948 3663 Trohen,
1971 3614 2061 3652 su-

455 3695 559 3751 pra
588 3679 978 3754 Babyloniam,
1009 3689 1206 3738 contra
1232 3685 1512 3740 civitatem
1538 3687 1836 3758 Memphis,
1863 3692 1920 3742 et
1946 3692 2062 3742 tres

454 3783 634 3825 annos
663 3769 722 3824 in
753 3771 980 3844 Conopo
1011 3773 1389 3843 Alexandriae;
1423 3775 1564 3830 alios
1593 3776 1736 3830 duos
1761 3793 1940 3830 annos
1968 3793 2062 3831 re-

453 3863 676 3914 vertens
700 3859 906 3916 iterum
927 3861 988 3916 in
1006 3863 1229 3917 Trohen
1249 3864 1397 3932 fecit,
1420 3881 1816 3920 consummans
1839 3865 1898 3920 in
1925 3882 2062 3936 pace

453 3951 511 4003 et
537 3947 744 4004 timore
763 3950 868 4004 Dei
892 3967 1121 4006 cursum
1152 3969 1337 4018 suum,
1376 3953 1507 4025 quia
1531 3959 1656 4009 erat
1677 3953 1762 4008 vir
1795 3953 1976 4010 bonus
2004 3959 2062 4009 et

345 4062 354 4069 ~
452 4037 654 4109 plenus
684 4038 897 4110 Spiritu
925 4047 1118 4096 sancto
1140 4047 1198 4097 et
1217 4043 1328 4098 ﬁde
1359 4045 1494 4112 (Act.
1530 4046 1638 4111 x1).

521 4125 614 4182 11.
646 4127 910 4184 Narravit
939 4129 1110 4186 abbas
1138 4132 1384 4187 Joannes
1418 4132 1598 4197 :Quia
1623 4131 1798 4188 abbas
1818 4132 1984 4188 Anub
2003 4139 2062 4188 et

452 4215 627 4271 abbas
654 4217 856 4273 Pastor
878 4223 936 4274 et
959 4221 1182 4277 residui
1205 4221 1408 4277 fratres
1433 4237 1626 4278 eorum
1649 4239 1716 4276 ex
1743 4238 1856 4276 uno
1892 4227 2056 4277 utero

451 4305 593 4374 nati,
629 4308 889 4364 monachi
919 4310 1153 4365 fuerunt
1180 4310 1239 4365 in
1271 4311 1464 4382 Scythi
1489 4312 1672 4378 (Ra/ﬁ,
1699 4315 1737 4366 ι.
1765 4325 1848 4376 III,
1865 4311 2055 4377 11.199;

454 4396 663 4464 Pasch,
699 4413 743 4451 ο.
777 4395 869 4465 42,
921 4415 979 4454 η.
1030 4400 1105 4470 4);
1141 4404 1198 4454 et
1218 4400 1444 4470 quando
1464 4399 1577 4454 illic
1599 4400 1754 4454 venit
1778 4416 1916 4470 gens
1938 4401 2058 4455 Ma-

2136 3239 2471 3294 litudinibus
2498 3239 2750 3304 diversis,
2767 3243 2832 3292 ut
2843 3238 3191 3308 acquirerem
3204 3237 3524 3292 fatuitatem
3541 3236 3732 3301 istam,

2139 3335 2197 3384 et
2230 3333 2461 3401 propter
2480 3333 2535 3382 te
2554 3327 2720 3382 hodie
2749 3343 2874 3381 eam
2903 3327 3222 3399 perditurus
3253 3325 3419 3380 sum?

2211 3417 2301 3473 13.
2335 3419 2722 3472 Narraverunt
2748 3417 2817 3470 de
2847 3416 3105 3488 episcOpo
3129 3414 3388 3481 civitatis,
3421 3430 3544 3485 qum
3575 3427 3732 3470 voca-

2140 3513 2238 3562 tur
2267 3505 2870 3578 Oxyrinchus,nomine
2888 3503 3176 3576 Atl‘y,quia
3199 3521 3326 3558 cum
3355 3508 3502 3558 esset
3532 3518 3738 3557 mona-

2141 3597 2298 3663 chus,
2317 3595 2484 3650 nimis
2513 3595 2652 3648 dure
2679 3593 3004 3648 tractaverit
3029 3593 3202 3647 vitam
3227 3608 3407 3652 suam;
3427 3596 3485 3646 et
3503 3608 3631 3645 cum
3647 3591 3738 3644 fa-

2145 3689 2268 3740 ctus
2296 3684 2498 3738 fuisset
2526 3683 2840 3754 episcopus,
2869 3681 3046 3736 voluit
3079 3681 3205 3752 ipsa
3231 3680 3440 3735 duritia
3465 3679 3550 3734 uti
3576 3679 3637 3733 in
3656 3677 3742 3734 ci-

2143 3774 2313 3828 vitate
2339 3790 2508 3844 quam
2535 3772 2594 3826 in
2623 3788 2813 3827 eremo
2842 3770 3134 3836 habuerat,
3178 3775 3236 3824 et
3277 3785 3390 3824 non
3427 3767 3734 3840 pmvaluit.

2142 3863 2356 3919 Idcirco
2384 3861 2688 3933 prostravit
2713 3877 2773 3915 se
2803 3861 2863 3915 in
2888 3864 3188 3931 conspectu
3217 3858 3462 3924 Domini,
3491 3857 3681 3912 dicens
3711 3874 3728 3910 :

2141 3953 2406 4018 Putasne,
2427 3950 2674 4017 Domine,
2727 3955 2958 4022 prOpter
2987 3949 3368 4020 episcopatum
3411 3945 3667 4002 discessit
3701 3962 3739 4001 a

2140 4058 2232 4096 me
2260 4041 2446 4111 gratia
2473 4039 2610 4095 tua?
2635 4041 2706 4094 Et
2733 4040 3042 4094 revelatum
3070 4042 3158 4092 est
3175 4037 3227 4092 ei
3253 4055 3264 4090 :
3297 4037 3442 4102 Quia
3464 4052 3606 4103 non;
3639 4035 3736 4090 sed

2141 4131 2274 4202 quia
2323 4135 2460 4185 tunc
2511 4127 2753 4184 solitudo
2783 4132 2924 4194 erat,
2959 4132 3017 4181 et
3049 4143 3178 4182 cum
3218 4142 3331 4181 non
3368 4130 3515 4180 esset
3546 4125 3732 4190 homo,

2144 4220 2296 4275 Deus
2317 4225 2450 4274 tuus
2479 4223 2772 4288 susceptor
2798 4222 2921 4272 erat
2948 4221 3082 4272 tuus
3112 4233 3124 4269 :
3157 4231 3307 4270 nunc
3336 4220 3526 4270 autem
3552 4213 3644 4268 hic
3679 4212 3740 4267 in

2140 4309 2346 4364 saeculo
2375 4325 2455 4374 es,
2481 4307 2579 4362 ubi
2606 4307 2863 4362 homines
2891 4305 3233 4360 auxiliantur
3259 4303 3382 4359 tibi.
3610 4348 3617 4353 .

2219 4396 2460 4454 14.Dixit
2477 4395 2650 4452 abbas
2682 4395 3040 4474 Daniel,quia
3053 4400 3174 4449 erat
3203 4393 3262 4448 in
3291 4391 3598 4464 Babylonia
3619 4390 3736 4445 ﬁlia

448 4482 776 4552 zicarum,et
789 4487 1182 4542 desolaverunt
1205 4489 1390 4544 locum
1408 4489 1594 4561 ipsum
1615 4488 1818 4561 ,primo
1841 4489 2050 4544 disces-
2072 4481 2120 4540 D
2137 4486 2429 4556 cujusdam
2465 4483 2742 4556 primarii,
2755 4482 3093 4538 daemonium
3111 4481 3344 4549 habens;
3368 4484 3527 4552 pater
3543 4484 3734 4534 autem

448 4579 646 4629 serunt
672 4575 844 4641 illinc,
880 4581 940 4631 et
957 4582 1235 4634 venerunt
1253 4578 1308 4632 in
1339 4579 1524 4632 locum
1547 4579 1644 4650 qui
1669 4584 1898 4634 vocatur
1911 4579 2053 4634 The-

446 4663 696 4732 renuthi,
729 4665 907 4722 done'c
933 4665 1316 4723 deliberarent
1344 4667 1440 4723 ubi
1463 4666 1720 4722 habitare
1744 4668 2046 4736 deberent;

447 4755 506 4806 et
527 4760 862 4809 manserunt
887 4754 1002 4810 illic
1019 4756 1079 4810 in
1098 4757 1310 4829 templo
1330 4757 1573 4828 quodam
1601 4758 1836 4829 antiquo
1858 4757 2051 4830 paucis

449 4839 669 4896 diebus.
703 4842 854 4898 Dixit
897 4849 1089 4900 autem
1117 4845 1288 4900 abbas
1331 4845 1497 4901 Anub
1545 4846 1734 4901 abbati
1781 4847 2002 4902 Pastori
2035 4864 2046 4900 :

447 4927 696 4985 Ostende
727 4930 1060 4987 charitatem
1088 4938 1145 4988 et
1171 4939 1236 4988 tu
1279 4939 1336 4989 et
1363 4935 1565 4990 fratres
1608 4937 1714 5003 tui,
1748 4942 1806 4991 et
1845 4935 2054 5006 singuli

445 5017 684 5073 seorsim
713 5017 1049 5088 habitemus,
1075 5027 1132 5078 et
1150 5039 1263 5078 non
1285 5024 1576 5080 veniamus
1605 5025 1676 5080 ad
1697 5042 1800 5080 nos
1815 5025 2053 5079 invicem

440 5106 796 5163 hebdomada
815 5108 938 5164 hac.
977 5111 1049 5166 Et
1075 5113 1364 5184 respondit
1390 5114 1562 5170 abbas
1591 5115 1790 5170 Pastor
1821 5135 1834 5171 :
1863 5113 2053 5169 Facia-

441 5211 569 5252 mus
595 5196 840 5268 qualiter
865 5199 982 5267 vis;
1015 5206 1072 5255 et
1099 5201 1352 5257 fecerunt
1379 5203 1480 5257 sic.
1516 5203 1652 5258 Erat
1671 5207 1860 5256 autem
1889 5201 1967 5256 ibi
1993 5201 2052 5256 in

443 5286 656 5358 templo
674 5291 864 5342 statua
891 5289 1208 5360 lapidea.Et
1228 5291 1496 5362 surgebat
1514 5291 1762 5363 quotidie
1779 5307 1944 5346 mane
1959 5290 2053 5346 ab-

439 5373 540 5430 bas
568 5375 756 5442 Anub,
789 5382 846 5432 et
895 5378 1095 5435 faciem
1124 5385 1327 5436 statuae
1374 5381 1525 5436 illius
1581 5379 1904 5452 lapidabat;
1956 5397 2052 5435 ve-

443 5479 604 5534 spere
643 5470 833 5521 autem
861 5467 1083 5524 dicebat
1115 5487 1127 5524 :
1162 5471 1394 5541 Ignosce
1423 5468 1581 5525 mihi.
1606 5470 1676 5524 Et
1701 5474 1823 5524 tota
1848 5469 2055 5525 hebdo-

443 5552 613 5607 mada
637 5553 721 5608 ita
741 5553 901 5624 fecit;
949 5557 1039 5612 die
1068 5565 1260 5614 autem
1289 5557 1519 5614 Sabbati
1546 5564 1912 5614 occurrerunt
1947 5559 2054 5614 sibi

443 5638 778 5702 invicem.Et
795 5644 934 5704 dixit
953 5645 1128 5705 abbas
1145 5649 1350 5707 Pastor
1369 5647 1562 5706 abbati
1581 5649 1748 5707 Anub
1770 5667 1782 5704 :
1818 5649 1947 5706 Vidi
1972 5653 2051 5718 te,

2133 4577 2256 4646 ejus
2275 4573 2542 4646 diligebat
2563 4573 2900 4628 monachum
2915 4569 3392 4642 quemdam.Dixit
3406 4573 3596 4624 autem
3617 4584 3740 4623 mo-

2133 4665 2347 4720 nachus
2370 4664 2490 4736 ipse
2510 4663 2590 4719 ei:
2622 4663 2800 4718 Nemo
2819 4665 3005 4734 potest
3021 4676 3218 4715 curare
3240 4659 3414 4713 tiliam
3425 4663 3604 4724 tuam,
3626 4656 3736 4712 nisi

2135 4770 2274 4826 quos
2303 4752 2417 4808 scio
2437 4751 2736 4811 solitarios:
2769 4756 2827 4805 et
2854 4750 2901 4805 si
2919 4747 3230 4822 perrexeris
3256 4747 3327 4802 ad
3356 4763 3470 4814 eos,
3502 4763 3614 4802 non
3638 4761 3728 4800 ac-

2134 4843 2426 4914 quiescent
2453 4843 2557 4896 hoc
2582 4841 2764 4896 facere
2803 4844 3035 4910 propter
3064 4837 3462 4892 humilitatem.
3497 4835 3606 4890 Sed
3629 4835 3736 4890 hoc

2134 4933 2423 4998 faciamus,
2441 4937 2498 4986 et
2526 4931 2750 5002 quando
2779 4929 3012 4984 veniunt
3031 4928 3330 4981 afferentes
3358 4924 3582 4980 venalia
3608 4939 3735 4996 que

2135 5027 2461 5094 operantur,
2486 5020 2654 5075 dicite
2685 5036 2778 5074 vos
2795 5035 2982 5073 emere
3010 5017 3151 5071 velle
3173 5016 3323 5087 quod
3350 5015 3624 5071 vendunt.
3665 5013 3736 5068 Et

2134 5112 2269 5167 dum
2299 5110 2556 5166 venerint
2572 5109 2632 5164 in
2662 5109 2830 5163 domo
2859 5107 3104 5179 pretium
3137 5104 3438 5176 accepturi,
3471 5103 3729 5158 dicemus

2135 5201 2216 5256 eis
2240 5206 2308 5256 ut
2330 5199 2540 5254 faciant
2567 5199 2899 5262 orationem,
2908 5201 2965 5251 et
2976 5196 3141 5250 credo
3153 5195 3286 5266 quia
3301 5191 3606 5249 salvabitur
3617 5190 3738 5247 tilia

2132 5295 2252 5344 tua.
2274 5290 2550 5344 Exeuntes
2570 5303 2702 5357 ergo
2715 5286 2773 5340 in
2798 5284 3348 5357 platea,invenerunt
3365 5297 3540 5336 unum
3567 5278 3738 5334 disci-

2135 5379 2329 5452 pulum
2341 5393 2540 5432 senum
2566 5377 2857 5430 sedentem
2878 5379 2944 5430 ut
2962 5373 3234 5428 venderet
3251 5371 3549 5443 sportellas
3579 5384 3734 5434 suas;

2135 5473 2194 5524 et
2227 5468 2483 5523 tulerunt
2507 5483 2639 5521 eum
2669 5481 2862 5520 secum
2894 5465 2954 5519 in
2982 5463 3148 5518 domo
3195 5466 3261 5516 ut
3290 5459 3450 5532 quasi
3488 5457 3737 5530 pretium

2135 5563 2454 5630 sportarum
2467 5555 2840 5627 acciperet.Et
2867 5569 2996 5609 cum
3025 5553 3294 5607 intrasset
3307 5548 3615 5604 monachus
3640 5546 3738 5601 ille

2133 5645 2196 5704 in
2221 5647 2410 5716 domo,
2431 5645 2586 5703 venit
2611 5645 2800 5718 puella
2821 5643 2920 5701 illa
2936 5659 3058 5716 quae
3071 5659 3106 5699 a
3123 5639 3398 5698 daemonio
3409 5640 3736 5707 vexabatur,
