3934 6384
275 374 386 436 957

1541 372 1785 430 VERBA
1826 370 2216 428 SENIORUM.

3449 355 3559 419 958

276 504 341 556 et
368 498 524 555 dedit
541 497 763 571 alapam
791 497 1064 554 monacho
1093 494 1303 551 illi.llle
1321 500 1511 552 autem
1530 496 1806 551 convertit
1824 495 1875 550 ei
1892 494 2015 558 ASi
2047 512 2135 551 me
2156 512 2269 551 non
2297 495 2596 564 dimittitis,
2618 495 2839 553 discedo
2857 494 2928 550 de
2952 494 3083 562 loco
3105 488 3310 545 isto.Et
3340 485 3423 542 ita
3448 483 3560 539 dis-

275 594 342 646 et
365 590 538 644 aliam
566 588 874 655 maxillam,
899 588 1207 642 secundum
1231 586 1481 641 divinum
1514 591 1873 657 praeceptum.

274 679 514 735 Daemon
543 684 735 733 autem
767 682 992 732 coactus
1022 677 1264 731 clamare
1286 676 1487 747 coepit:
1522 675 1568 731 Ο
1590 674 1873 729 violentia!

275 769 553 825 mandata
578 769 711 822 Iesu
738 766 948 821 Christi
979 766 1264 836 expellunt
1290 781 1379 819 me
1409 765 1542 819 hinc
1566 783 1577 831 ;
1604 769 1659 819 et
1686 763 1877 818 statim

276 857 557 913 mundata
580 862 666 911 est
691 856 879 928 puella
898 855 1165 909 illa.Cum
1195 859 1387 908 autem
1403 853 1687 908 venissent
1703 852 1773 906 ad
1797 869 1881 906 se-

274 964 404 1015 nes,
428 946 821 1001 indicaverunt
843 945 923 999 eis
944 944 1091 1015 quod
1120 942 1305 998 fuerat
1330 942 1557 1009 factum,
1582 947 1638 996 et
1664 941 1881 1011 glorifi-

280 1039 563 1093 caverunt
614 1035 815 1101 Deum,
849 1038 907 1087 et
934 1033 1198 1089 dixerunt
1229 1050 1240 1085 :
1294 1032 1651 1087 Consuetudo
1680 1036 1766 1085 est
1794 1046 1884 1084 su-

274 1124 490 1198 perbiae
529 1123 837 1188 diabolicae,
874 1121 1197 1178 humilitate
1246 1122 1641 1177 mandatorum
1672 1119 1882 1175 Christi

274 1208 312 1271 Ι
316 1230 418 1270 esu
445 1229 729 1269 corruere.

362 1303 447 1361 15.
474 1302 627 1358 Dixit
655 1302 827 1358 abbas
858 1301 1153 1373 Evagrius:
1191 1299 1535 1372 Principium
1554 1300 1751 1356 salutis
1774 1305 1875 1367 est,

277 1393 337 1450 si
362 1392 606 1465 teipsum
629 1392 958 1463 redarguas.

364 1481 449 1539 16.
479 1481 632 1536 Dixit
660 1480 831 1536 abbas
862 1479 1133 1553 Serapion
1172 1498 1183 1533 :
1227 1479 1370 1545 Quia
1414 1480 1619 1534 multos
1663 1478 1882 1533 labores

278 1570 606 1644 corporales
634 1570 759 1642 plus
788 1585 957 1641 quam
986 1568 1133 1623 filius
1162 1584 1320 1621 meus
1348 1567 1643 1621 Zacharias
1674 1567 1801 1635 feci,
1829 1574 1885 1622 et

279 1677 403 1717 non
432 1658 658 1733 perveni
686 1658 757 1714 ad
787 1673 1110 1714 mensuram
1139 1656 1477 1712 humilitatis
1508 1662 1566 1711 et
1585 1655 1887 1711 taciturni-

278 1749 424 1806 tatis
446 1750 588 1821 ejus.

1959 592 2249 641 cesserunt
2276 585 2346 641 ab
2376 602 2460 641 eo.

2028 675 2117 732 ‘22.
2140 676 2292 731 Dixit
2319 675 2490 731 abbas
2519 677 2761 731 Joannes
2789 673 2980 729 Brevis
3011 689 3022 725 :
3057 669 3202 735 Quia
3225 669 3405 740 janua
3451 662 3557 720 Dei

1961 771 2047 821 est
2071 766 2390 833 humilitas;
2446 770 2504 821 et
2531 770 2718 838 patres
2748 763 2925 820 nostri
2956 777 3058 834 per
3102 759 3313 813 multas
3360 758 3560 810 contu-

1962 855 2157 909 melias
2180 856 2308 922 acti,
2327 856 2637 925 gaudentes
2664 855 3015 909 intraverunt
3034 850 3093 904 in
3122 847 3403 902 civitatem
3431 841 3558 899 Dei.

1963 944 2115 999 Dixit
2133 944 2339 1000 iterum
2372 945 2490 1016 ipse
2513 945 2661 999 idem
2684 961 2695 997 :
2726 944 2870 1007 Quia
2880 940 3171 996 humilitas
3191 942 3248 992 et
3266 934 3438 991 timor
3456 930 3560 989 Dei

1966 1040 2237 1106 superant
2262 1034 2550 1089 universas
2580 1033 2835 1087 virtutes.

2035 1121 2125 1179 23.
2166 1122 2319 1177 Dixit
2346 1123 2517 1177 abbas
2547 1124 2795 1178 Joannes
2821 1119 3093 1176 Thebaeus
3126 1135 3138 1170 :
3207 1113 3353 1180 Quia
3396 1108 3565 1167 debet

1966 1212 2277 1267 monachus
2331 1217 2461 1267 ante
2514 1212 2706 1266 omnia
2747 1209 3124 1264 humilitatem
3171 1203 3419 1260 habere:
3457 1201 3561 1254 hoc

1968 1301 2118 1355 enim
2156 1307 2242 1355 est
2284 1302 2532 1374 primum
2564 1300 2866 1355 Salvatoris
2894 1296 3246 1360 mandatum,
3279 1289 3512 1346 dicentis
3546 1305 3560 1344 :

1965 1390 2124 1445 Beati
2150 1407 2423 1463 pauperes
2440 1387 2933 1462 spiritu,quoniam
2950 1385 3200 1459 ipsorum
3221 1385 3306 1436 est
3328 1392 3564 1451 regnum

1965 1481 2232 1534 calorum
2263 1481 2472 1549 (Matth.
2506 1484 2582 1543 v).

2037 1568 2362 1626 2-l.Collecti
2388 1572 2519 1623 sunt
2552 1567 2854 1639 aliquando
2883 1566 3086 1619 fratres
3118 1560 3215 1634 qui
3237 1556 3568 1614 habitabant

1966 1658 2026 1713 in
2058 1658 2270 1730 Scythi,
2304 1664 2360 1712 et
2380 1662 2675 1729 cmperunt
2694 1657 2845 1711 intra
2872 1671 2931 1709 se
2962 1668 3214 1725 quaerere
3239 1649 3309 1704 de
3330 1645 3563 1703 Melchi-

1968 1748 2171 1803 sedech
2190 1747 2478 1802 sacerdote
2503 1746 2692 1803 :obliti
2704 1750 2838 1800 sunt
2866 1748 3058 1799 autem
3084 1755 3282 1795 vocare
3304 1736 3565 1791 abbatem

359 1811 553 1905 θέε
586 1834 669 1895 17.
717 1835 905 1892 Abbas
937 1835 1161 1907 Moyses
1189 1836 1330 1891 dixit
1360 1835 1521 1891 fratri
1554 1836 1831 1893 Zachariae
1867 1811 1947 1890 :B
1969 1838 2228 1909 Coprem.
2260 1837 2462 1892 Postea
2482 1840 2672 1891 autem
2691 1839 2951 1889 vocantes
2981 1824 3567 1897 eum,interrogabant

279 1927 391 1985 Dic
415 1926 555 1982 mihi
577 1925 711 1999 quid
739 1925 978 1980 faciam?
1001 1926 1101 1981 Ille
1130 1931 1323 1981 autem
1370 1926 1485 1980 haec
1518 1926 1773 1992 audiens,
1802 1927 1887 1997 ja-

287 2016 469 2073 ctavit
506 2032 566 2070 se
594 2031 805 2088 pronus
834 2014 894 2069 in
933 2021 1147 2069 terram
1173 2016 1245 2069 ad
1276 2015 1445 2087 pedes
1473 2016 1614 2085 ejus,
1651 2016 1840 2069 dicens
1869 2033 1881 2069 :

283 2106 378 2162 Tu
413 2121 504 2159 me
534 2105 872 2176 interrogas,
899 2105 1305 2171 Pater(Ru/]‘.,l.
1344 2118 1425 2170 III,
1459 2121 1618 2159 num.
1652 2102 1720 2161 86
1745 2123 1758 2171 ;
1781 2104 1890 2173 Ap-

284 2196 656 2265 pendJlarL,
694 2210 752 2247 η.
782 2193 913 2263 49)Ί
941 2193 1093 2248 Dixit
1124 2198 1315 2248 autem
1350 2194 1401 2248 ei
1442 2210 1610 2248 senex
1645 2212 1656 2247 :
1709 2193 1885 2248 Crede

284 2282 453 2352 mihi,
478 2283 556 2338 fili
575 2282 862 2349 Zacharia,
896 2282 1028 2354 quia
1056 2282 1168 2337 vidi
1200 2282 1474 2354 Spiritum
1504 2286 1763 2337 sanctum
1795 2283 1888 2337 de-

282 2372 652 2428 scendentem
682 2372 741 2427 in
769 2377 846 2439 te,
883 2377 940 2426 et
967 2376 1266 2443 prepterea
1312 2372 1616 2443 compellor
1644 2371 1885 2426 interro-

281 2478 427 2534 gare
453 2466 530 2517 te.
562 2462 717 2517 Tunc
744 2461 946 2515 tollens
971 2461 1264 2515 Zacharias
1294 2461 1574 2515 cucullum
1605 2477 1765 2515 suum
1818 2461 1887 2515 de

285 2551 476 2624 capite
505 2567 625 2618 suo,
659 2551 814 2605 misit
840 2551 978 2605 illud
1007 2550 1111 2605 sub
1140 2550 1376 2621 pedibus
1416 2551 1553 2615 suis,
1585 2556 1639 2603 et
1668 2550 1887 2605 concul-

285 2656 428 2697 cans
451 2657 601 2706 eum,
636 2639 781 2693 dixit
814 2657 825 2693 :
858 2639 981 2694 Nisi
1006 2640 1087 2693 ita
1114 2640 1469 2693 conculcatus
1498 2639 1669 2694 fuerit
1695 2640 1883 2707 homo,

284 2745 407 2786 non
432 2734 620 2802 potest
648 2729 955 2783 monachus
984 2745 1125 2783 esse.

369 2818 451 2876 l8.
486 2818 637 2873 Dixit
664 2817 835 2872 abbas
865 2818 1065 2872 Pastor
1101 2836 1113 2872 :
1138 2817 1283 2882 Quia
1312 2817 1683 2889 interrogavit
1713 2818 1887 2873 abbas

287 2908 516 2980 Moyses
531 2908 761 2963 fratrem
780 2907 1384 2978 Zachariam,tempore
1400 2924 1508 2978 quo
1522 2906 1884 2974 moriebatur,

294 2997 492 3053 dicens
532 3015 547 3053 :
592 2997 738 3061 Quid
769 2996 960 3051 vides?
989 2998 1058 3051 Et
1086 2996 1179 3049 ille
1206 2995 1347 3050 dixit
1374 2996 1424 3049 ei
1458 3014 1469 3049 :
1503 2996 1657 3050 Nihil
1687 2996 1889 3050 melius

294 3103 472 3160 quam
489 3086 967 3152 tacere,Pater.Et
992 3085 1131 3139 dixit
1156 3084 1207 3139 ei
1233 3103 1245 3138 :
1281 3085 1491 3139 Verum
1513 3085 1722 3151 estﬁli,
1744 3090 1887 3139 tace.

1969 1944 2098 1983 eum
2128 1927 2197 1981 de
2225 1927 2422 1980 eadem
2440 1925 2766 1997 quaestione.
2800 1924 2903 1979 Ille
2922 1926 3111 1977 autem
3130 1916 3376 1973 tundens
3397 1912 3567 1968 tertio

1970 2034 2031 2071 os
2053 2033 2237 2082 suum,
2261 2015 2401 2069 dixit
2426 2034 2436 2069 :
2469 2016 2565 2070 Vae
2593 2014 2713 2081 tibi,
2734 2014 2965 2085 Copres,
2983 2009 3118 2082 quia
3129 2023 3255 2081 quae
3277 2001 3566 2060 mandavit

1971 2105 2073 2160 tibi
2102 2106 2252 2160 Deus
2275 2110 2338 2160 ut
2357 2105 2591 2168 faceres,
2621 2101 3004 2174 dereliquisti;
3038 2103 3096 2153 et
3143 2113 3266 2169 quae
3293 2111 3329 2149 a
3362 2098 3420 2147 te
3448 2106 3563 2147 non

1972 2194 2230 2268 requirit,
2256 2194 2353 2249 illa
2382 2193 2620 2249 scrutari
2648 2190 3095 2265 praesumisHaac
3123 2190 3313 2241 autem
3327 2180 3565 2239 audien-

1969 2290 2056 2340 tes
2085 2285 2307 2351 fratres,
2342 2283 2609 2354 fugerunt
2632 2281 2838 2354 singuli
2863 2280 2924 2335 in
2953 2278 3107 2334 cellis
3137 2275 3275 2331 suis.

2039 2375 2128 2430 25.
2147 2374 2411 2428 Narravit
2432 2372 2737 2443 aliquando
2763 2371 2832 2425 de
2862 2369 3046 2440 seipse
3065 2364 3236 2420 abbas
3258 2359 3559 2425 Macarius,

1971 2462 2162 2518 dicens
2196 2482 2207 2517 :
2235 2463 2469 2528 Quando
2495 2478 2649 2515 eram
2675 2460 2920 2531 juvenis,
2956 2462 3014 2512 et
3043 2454 3306 2510 sedebam
3336 2451 3396 2506 in
3426 2448 3568 2505 cella

1968 2553 2167 2607 meain
2188 2553 2450 2624 .IEgypto,
2466 2553 2837 2605 tenueruntet
2848 2548 3103 2602 fecerunt
3122 2559 3210 2597 me
3220 2540 3484 2596 clericum
3503 2537 3564 2592 in

1968 2642 2088 2696 vico
2121 2644 2306 2709 (Ru/f.,
2343 2645 2381 2696 ι.
2414 2656 2498 2706 ιιι,
2534 2639 2718 2707 η.99).
2750 2639 2820 2693 Et
2842 2634 3189 2691 cumnollem
3213 2630 3567 2701 acquiescere

1971 2732 2043 2786 ad
2064 2728 2645 2800 ministmndum,fugi
2660 2728 2730 2782 ad
2742 2727 2913 2781 alium
2929 2723 3210 2780 locum.Et
3226 2718 3379 2774 venit
3394 2718 3465 2772 ad
3479 2731 3568 2771 me

1971 2821 2201 2893 quidam
2227 2820 2510 2875 saecularis
2524 2820 2712 2884 homo,
2733 2817 2831 2871 sed
2858 2815 2973 2869 vita
2989 2812 3303 2884 religiosus,
3321 2812 3379 2863 et
3404 2806 3568 2862 tolle-

1971 2914 2067 2969 bat
2096 2933 2130 2968 a
2160 2931 2249 2968 me
2273 2931 2413 2985 Opus
2430 2912 2578 2984 quod
2608 2909 2881 2965 faciebam
2908 2905 3167 2962 manibus
3196 2902 3355 2967 meis,
3381 2904 3438 2955 et
3468 2896 3570 2952 mi-

1973 3004 2251 3059 nistrabat
2271 3003 2409 3057 mihi
2433 3019 2555 3073 quae
2567 2998 2884 3055 necessaria
2898 2992 3337 3063 erant.Contigit
3354 2993 3567 3051 autem,

1974 3096 2225 3148 tentante
2248 3092 2559 3158 diabolo,ut
2571 3089 2825 3161 quaedam
2846 3086 3002 3157 virgo
3022 3084 3081 3138 in
3104 3083 3223 3136 vico
3248 3081 3345 3159 illo
3374 3077 3571 3132 vitiata

290 3175 454 3232 110m
478 3179 668 3230 autem
696 3175 895 3229 mortis
924 3175 1046 3245 ejus
1079 3175 1279 3228 sedens
1307 3173 1476 3228 abbas
1506 3174 1772 3240 IsidorUS,
1806 3191 1891 3228 re-
1910 3170 1954 3233 C
1976 3183 2197 3254 lapsum
2225 3182 2450 3235 faceret.
2486 3181 2555 3234 Et
2600 3195 2729 3234 cum
2758 3177 2816 3230 in
2844 3181 3007 3230 utero
3050 3171 3257 3226 habere
3284 3166 3562 3239 coepisset,

289 3262 477 3338 spexit
513 3264 571 3319 in
599 3264 895 3331 cwlum,et
921 3264 1097 3319 dixit:
1129 3265 1363 3330 Laetare,
1388 3264 1468 3318 fili
1498 3264 1577 3317 mi
1602 3264 1887 3331 Zacharia,

291 3354 565 3428 quoniam
593 3360 800 3426 apertae
835 3359 969 3409 sunt
992 3354 1099 3408 tibi
1122 3354 1311 3424 januaa
1332 3354 1490 3425 regni
1524 3354 1817 3409 caelorum.

378 3439 462 3499 19.
488 3442 706 3498 Sanctae
731 3442 1015 3497 memoriae
1056 3442 1398 3514 Theophilus
1433 3442 1723 3514 episcopus
1758 3443 1893 3496 Ale-

294 3531 608 3588 xandrinus
626 3532 780 3586 venit
816 3531 1118 3602 aliquando
1140 3532 1211 3585 ad
1240 3537 1490 3586 montem
1512 3531 1787 3598 Nitriae,et
1806 3547 1890 3584 ve-

294 3618 391 3677 nit
416 3619 487 3674 ad
516 3636 645 3674 eum
671 3619 842 3674 abbas
872 3619 1079 3675 montis
1109 3619 1279 3684 illius,
1296 3625 1353 3673 et
1377 3619 1517 3673 dixit
1532 3620 1601 3673 ad
1623 3636 1752 3673 eum
1774 3619 1893 3689 epi-

294 3724 502 3781 scopus
533 3728 544 3763 :
581 3709 727 3774 Quid
747 3709 989 3781 amplius
1013 3709 1276 3762 invenisti
1315 3708 1375 3762 in
1405 3708 1494 3761 via
1528 3708 1656 3774 ista,
1686 3708 1895 3763 Pater?

295 3798 375 3855 Et
392 3798 678 3871 respondit
702 3798 753 3852 ei
777 3815 970 3854 senex:
998 3799 1237 3869 Culpare
1266 3803 1323 3852 et
1352 3798 1761 3869 reprehendere
1781 3814 1895 3852 me-

293 3888 489 3960 ipsum
527 3888 648 3944 sine
679 3888 1007 3943 cessatione.
1040 3889 1110 3943 Et
1139 3888 1278 3942 dixit
1320 3887 1370 3941 ei
1396 3888 1686 3958 episcopus
1722 3905 1733 3940 :
1767 3887 1893 3942 Non

297 3983 392 4034 est
414 3977 525 4032 alia
552 3978 643 4032 via
661 3977 951 4048 sequenda
977 3976 1087 4032 nisi
1116 3978 1252 4031 haec.

374 4064 465 4123 20.
501 4066 735 4131 Quando
750 4066 921 4122 abbas
937 4066 1264 4122 Theodorus
1290 4082 1419 4120 cum
1446 4064 1714 4121 fratribus
1741 4082 1899 4120 man-

297 4155 564 4224 ducabat,
584 4154 932 4227 accipiebant
958 4156 1158 4210 calices
1188 4171 1316 4209 cum
1346 4155 1661 4209 reverentia
1689 4160 1746 4209 et
1767 4155 1901 4210 taci-

296 4245 596 4311 turnitate,
630 4262 732 4300 nec
753 4245 1030 4312 dicebant,
1054 4245 1199 4299 sicut
1226 4262 1347 4299 mos
1374 4250 1478 4311 est,
1505 4245 1755 4315 Ignosce.

375 4332 468 4392 21.
512 4333 787 4389 Dicebant
807 4335 877 4389 de
904 4352 969 4389 eo
1011 4335 1133 4405 ipso
1163 4333 1364 4389 abbate
1402 4334 1713 4401 Theodoro,
1769 4334 1903 4406 quia

301 4440 438 4480 cum
461 4423 641 4479 factus
667 4428 813 4479 esset
834 4424 1102 4479 diaconus
1132 4424 1192 4477 in
1222 4424 1436 4495 Scythi,
1457 4440 1571 4478 non
1592 4423 1904 4494 acquiesce-

1974 3272 2356 3341 interrogatur
2384 3267 2509 3341 quis
2539 3273 2684 3322 esset
2706 3266 2775 3320 de
2791 3281 2901 3336 quo
2928 3264 2989 3317 in
3013 3267 3175 3317 utero
3201 3257 3453 3321 haberet;
3473 3254 3572 3309 illa

1976 3366 2167 3417 autem
2196 3360 2336 3414 dixit
2355 3377 2365 3411 :
2388 3358 2533 3422 Quia
2546 3357 2637 3411 hic
2648 3354 2934 3410 solitarius
2955 3357 3058 3419 est,
3084 3350 3179 3421 qui
3203 3362 3422 3402 mecum
3436 3345 3570 3399 dor-

1976 3450 2439 3507 mivit.Exeuntes
2456 3452 2646 3501 autem
2661 3446 2729 3499 de
2746 3444 2864 3498 vico
2880 3443 2996 3508 illo,
3021 3435 3572 3511 comprehenderunt

1976 3556 2087 3605 me,
2122 3544 2177 3592 et
2206 3538 2565 3592 adduxerunt
2582 3535 2654 3589 ad
2672 3534 2874 3600 vicum,
2894 3536 2951 3586 et
2968 3528 3359 3602 appenderunt
3385 3524 3445 3578 in
3464 3521 3573 3578 col-

1976 3629 2095 3682 lum
2125 3643 2313 3681 meum
2343 3626 2637 3680 cacabatas
2665 3624 2803 3677 ollas
2834 3627 2890 3676 et
2917 3636 3083 3675 ansas
3111 3618 3458 3681 vasorum,et
3470 3611 3573 3666 mi-

1978 3722 2173 3772 serunt
2192 3733 2281 3770 me
2306 3714 2627 3769 circituram
2655 3713 2713 3766 in
2742 3711 2861 3765 vico
2877 3711 2993 3773 illo,
3007 3724 3109 3781 per
3130 3707 3279 3761 viam
3296 3702 3573 3758 caedentes

1975 3812 2145 3878 atque
2169 3806 2417 3859 dicentes
2449 3822 2461 3857 :
2495 3804 2600 3858 Hic
2627 3801 2934 3856 monachus
2978 3795 3229 3868 corrupit
3268 3793 3443 3848 filiam
3467 3805 3573 3845 no-

1981 3902 2156 3951 strain
2187 3913 2198 3948 :
2235 3896 2433 3961 tollite,
2462 3893 2641 3948 tollite
2668 3909 2816 3946 eum.
2848 3891 2920 3945 Et
2958 3887 3281 3943 ceciderunt
3308 3898 3398 3937 me
3429 3894 3573 3952 pene

1980 4002 2159 4057 usque
2188 3985 2258 4039 ad
2288 3988 2546 4039 mortem.
2583 3979 2993 4053 Superveniens
3023 3980 3213 4031 autem
3231 3971 3462 4045 quidam
3490 3984 3575 4023 sev

1982 4092 2121 4130 num
2145 4074 2309 4129 dixit:
2334 4072 2595 4137 Quandiu
2617 4070 2826 4126 caeditis
2853 4068 3192 4123 monachum
3218 4064 3391 4119 istum
3418 4074 3576 4132 pere-

1981 4164 2250 4237 grinum?
2279 4164 2378 4218 Ille
2400 4167 2611 4229 autem,
2627 4161 2721 4233 qui
2747 4159 2887 4214 mihi
2905 4156 3121 4213 solebat
3147 4152 3470 4209 ministrare
3484 4163 3577 4202 ne-

1983 4254 2243 4321 cessaria,
2278 4252 2619 4324 sequebatur
2644 4255 2793 4305 retro
2821 4265 2948 4304 cum
2966 4243 3335 4301 verecundia:
3368 4237 3578 4294 etenim

1985 4343 2157 4397 etiam
2178 4342 2363 4414 ipsum
2394 4340 2746 4397 contumeliis
2769 4337 2960 4393 multis
2975 4330 3571 4398 aﬂ'ecerant,dicentes:

1987 4433 2125 4487 Ecce
2152 4432 2437 4486 solitarius
2468 4427 2892 4495 monachus,cui
2920 4432 2985 4480 tu
3019 4418 3414 4479 testiﬁcabaris
3444 4414 3574 4489 quid

302 4513 407 4568 bat
432 4512 770 4580 ministrare,
803 4519 860 4568 et
879 4514 989 4569 huc
1008 4513 1320 4584 atqueilluc
1342 4512 1687 4583 fugiebat.Et
1698 4513 1905 4567 iterum
1926 4522 2153 4592 Dfocit?
2181 4522 2251 4575 Et
2279 4519 2541 4574 dixerunt
2561 4524 2823 4589 parentes
2844 4515 3042 4587 puellm
3066 4512 3221 4566 illius
3250 4535 3261 4568 :
3296 4507 3441 4572 Quia
3464 4519 3579 4592 non

304 4618 473 4658 senes
501 4602 852 4657 adducebant
881 4619 1029 4669 eum,
1063 4603 1313 4657 dicentes
1344 4620 1356 4654 :
1391 4603 1516 4656 Non
1548 4602 1906 4673 derelinquas
1926 4586 1968 4592 —
1988 4606 2323 4660 dimittimus
2344 4620 2493 4669 eum,
2524 4586 2699 4658 donec
2730 4586 3119 4671 fidejussorem
3146 4593 3412 4667 praebeat,
3447 4586 3583 4662 quia

309 4691 689 4747 ministerium
718 4697 897 4747 tuum.
933 4692 1084 4746 Dixit
1111 4697 1302 4746 autem
1331 4691 1412 4745 eis
1450 4690 1621 4745 abbas
1649 4691 1905 4746 Theodo-

303 4797 410 4837 rus
449 4798 462 4835 :
496 4781 775 4836 Dimittite
805 4798 915 4861 mp,
942 4787 999 4835 et
1019 4782 1291 4854 deprecor
1316 4781 1515 4835 Deum.
1541 4781 1610 4835 Et
1639 4780 1685 4834 si
1715 4785 1905 4834 osten-

306 4869 459 4926 derit
477 4869 639 4939 mihi,
671 4870 801 4941 quia
823 4869 997 4925 debeo
1019 4875 1173 4924 stare
1197 4870 1255 4924 in
1278 4870 1463 4924 locum
1484 4869 1784 4923 ministerii
1809 4870 1907 4923 hu-

299 4959 421 5032 jus,
452 4958 615 5013 facio.
644 4960 714 5013 Et
734 4976 862 5014 cum
892 4960 1294 5030 deprecaretur
1317 4960 1517 5025 Deum,
1553 4957 1812 5014 dicebat:
1848 4957 1906 5013 Si

309 5047 567 5103 voluntas
593 5053 693 5103 tua
732 5054 836 5115 est,
852 5048 1106 5115 Domine,
1124 5054 1190 5103 ut
1208 5054 1353 5103 stem
1373 5048 1431 5103 in
1452 5048 1557 5102 hoc
1569 5047 1905 5113 ministerio,

307 5136 641 5192 demonstra
666 5137 830 5192 mihi.
884 5136 955 5191 Et
982 5143 1208 5192 ostensa
1236 5142 1324 5191 est
1358 5137 1623 5192 columna
1648 5136 1794 5207 ignis
1840 5136 1910 5192 de

1987 4699 2177 4766 pascet
2204 4710 2349 4747 eam.
2383 4693 2451 4747 Et
2481 4692 2594 4746 dixi
2624 4691 2707 4745 illi
2728 4689 2824 4761 qui
2844 4687 2981 4742 mihi
2995 4684 3212 4740 solebat
3233 4681 3576 4744 ministrare,

1988 4789 2055 4838 ut
2063 4784 2191 4854 fidej
2199 4799 2359 4837 ussor
2375 4781 2513 4836 mihi
2529 4783 2706 4847 ﬁeret,
2732 4785 2789 4834 et
2807 4776 3065 4833 ﬁdedixit
3081 4773 3316 4829 mihi.Et
3324 4784 3583 4826 reversus

1988 4890 2113 4927 sum
2139 4873 2208 4926 ad
2239 4872 2436 4926 cellam
2458 4886 2662 4934 meam,
2678 4875 2736 4923 et
2761 4868 2889 4923 dedi
2916 4867 2967 4920 ei
2982 4869 3223 4937 quantas
3242 4860 3415 4916 habui
3430 4874 3585 4931 spor-

1988 4963 2171 5028 tellas,
2224 4961 2414 5015 dicens
2445 4975 2457 5008 :
2516 4960 2708 5014 Vende
2747 4975 2832 5024 ea,
2864 4963 2923 5012 et
2950 4956 3022 5011 da
3062 4954 3143 5009 illi
3191 4969 3330 5008 meae
3361 4949 3585 5005 mulieri

1992 5052 2351 5105 manducare.
2380 5047 2645 5105 Dicebam
2668 5054 2859 5103 autem
2878 5047 2938 5102 in
2962 5045 3152 5101 animo
3176 5059 3330 5098 meo:
3354 5039 3583 5106 Macari,

1993 5138 2502 5195 ecceinvenistitibi
2517 5134 3155 5208 mulierem,opushabes
3170 5131 3336 5187 modo
3347 5128 3588 5200 amplius

307 5231 467 5282 terra
492 5242 671 5299 usque
717 5227 790 5281 ad
835 5228 1056 5294 coelum,
1107 5234 1165 5281 et
1193 5245 1294 5282 vox
1340 5227 1547 5294 sonuit,
1580 5226 1770 5282 dicens
1804 5244 1816 5280 :
1854 5227 1914 5283 Si
1992 5228 2480 5296 024laborare.
2508 5235 2572 5283 ut
2587 5244 2783 5301 pascas
2802 5242 2947 5281 eam.
2972 5225 3043 5279 Et
3066 5219 3343 5293 operabar
3366 5234 3482 5273 non
3503 5233 3590 5273 so-

313 5320 477 5390 potes
504 5317 627 5372 ﬁeri
650 5317 798 5372 sicut
822 5318 1086 5372 columna
1121 5317 1257 5383 haec,
1293 5318 1451 5384 vade,
1488 5317 1768 5371 ministra.
1813 5317 1914 5372 Ille
1996 5319 2114 5372 lum
2142 5317 2201 5371 in
2226 5317 2334 5384 die,
2368 5316 2467 5371 sed
2497 5317 2669 5371 etiam
2688 5316 2746 5370 in
2765 5319 2945 5378 nocte,
2968 5317 3025 5366 et
3039 5305 3494 5364 transmittebam
3513 5304 3586 5363 ei.

316 5409 512 5461 autem
550 5405 669 5461 haec
687 5406 1157 5473 audiens,statuit
1188 5407 1337 5478 apud
1368 5424 1428 5461 se
1459 5408 1782 5461 nullatenus
1803 5407 1911 5460 mi-

315 5494 577 5551 nistrare.
614 5495 721 5560 Qui
760 5513 888 5551 cum
912 5497 1156 5551 venisset
1193 5497 1263 5550 ad
1293 5495 1603 5563 ecclesiam,
1637 5496 1915 5567 poeniten-

1999 5407 2143 5462 Cum
2174 5412 2365 5461 autem
2396 5407 2641 5461 venisset
2658 5410 2881 5475 tempus
2902 5398 3108 5455 infelici
3133 5397 3234 5465 illi,
3257 5402 3324 5451 ut
3341 5399 3588 5468 pareret,

1996 5496 2170 5550 traxit
2195 5495 2454 5567 plurimis
2477 5495 2673 5550 diebus
2693 5494 2751 5547 in
2772 5492 2981 5555 dolore,
3001 5494 3058 5544 et
3069 5504 3180 5543 non
3206 5484 3479 5559 pariebat.
3494 5483 3595 5541 Di-

317 5584 461 5640 tiam
490 5591 729 5657 egerunt
756 5587 906 5657 apud
935 5603 1085 5653 eum,
1117 5585 1367 5640 dicentes
1393 5603 1405 5638 :
1432 5585 1491 5640 Si
1520 5602 1623 5640 nos
1642 5585 1725 5639 vis
1744 5585 1915 5640 mini-
1997 5597 2133 5639 cunt
2164 5601 2298 5655 ergo
2328 5584 2380 5638 ei
2405 5602 2416 5637 :
2442 5584 2586 5649 Quid
2622 5587 2709 5636 est
2735 5580 2878 5635 hoc?
2913 5579 2982 5633 Et
3000 5577 3096 5632 illa
3117 5576 3291 5631 dixit:
3320 5576 3436 5647 Ego
3456 5573 3591 5641 scio,

320 5676 527 5744 strare,
559 5674 647 5731 vel
671 5675 901 5732 calicem
928 5680 1080 5733 tene.
1114 5676 1183 5733 Et
1211 5691 1326 5731 non
1352 5673 1650 5746 acquievit,
1680 5674 1869 5731 dicens
1898 5688 1912 5730 :

2000 5690 2179 5746 quare
2227 5678 2497 5744 torqueor
2544 5671 2664 5729 diu.
2709 5671 2780 5728 Et
2819 5668 3166 5742 interrogata
3202 5682 3238 5723 a
3270 5663 3601 5741 parentibus
