3934 6388
391 313 495 376 959

1532 325 1626 382 DE
1663 327 1851 384 VITIS
1888 328 2185 385 PATRUM
2221 327 2437 384 LIBER
2471 326 2538 380 V.

3551 323 3662 386 960

391 442 532 512 suis,
565 445 786 510 Quare?
811 447 1100 518 respondit
1129 460 1144 504 :
1177 449 1322 512 Quia
1349 450 1432 504 illi
1467 454 1741 508 monacho
1771 455 2047 518 crimenA
2066 472 2218 524 eum,
2247 454 2386 510 dixit
2414 452 2661 508 clericis:
2697 451 2934 516 Quando
2951 450 3130 506 intrat
3155 449 3327 507 abbas
3349 451 3660 525 Moysesad

393 531 658 604 imposui,
688 540 746 590 et
773 535 970 590 fallens
997 536 1276 609 implicavi
1301 556 1450 607 eum,
1475 542 1723 597 cumiste
1754 560 1867 598 non
1887 545 1984 598 ha-

393 618 525 676 beat
551 639 806 691 causam;
837 625 934 679 sed
947 626 1170 696 juvenis
1191 627 1286 682 ille
1309 629 1436 683 talis
1456 630 1561 685 hoc
1580 631 1984 688 fecit.Audiens

391 713 582 766 autem
630 712 799 768 verba
848 714 966 770 hzec
1010 715 1106 770 ille
1180 717 1439 774 minister
1492 737 1671 790 meus,
1728 723 1981 792 gaudens

392 799 548 855 venit
575 801 647 856 ad
669 819 776 866 me,
809 807 864 858 et
895 804 1034 860 dixit
1064 825 1076 860 :
1112 806 1258 870 Quia
1282 824 1395 862 non
1423 809 1611 880 potuit
1646 827 1844 882 parere
1883 813 1984 868 illa

389 889 598 960 puella,
632 891 810 947 donec
835 894 1198 950 conﬁteretur
1223 895 1358 968 quia
1401 902 1464 952 tu
1494 899 1706 954 nullam
1753 917 1983 956 causam

394 977 458 1034 in
485 986 787 1052 conspectu
817 983 941 1053 ejus
972 983 1281 1053 habuisses,
1329 985 1425 1040 sed
1457 987 1590 1058 quia
1627 989 1867 1044 mentita
1909 991 1986 1046 sit

392 1067 690 1125 adversum
719 1076 796 1126 te.
830 1072 901 1127 Et
928 1089 1054 1128 ecce
1081 1091 1274 1130 omnes
1305 1075 1650 1132 habitatores
1685 1079 1791 1134 vici
1830 1080 1982 1135 illius

389 1156 586 1213 volunt
595 1160 785 1215 venire
807 1161 900 1216 hic
921 1163 994 1216 ad
1014 1163 1212 1220 cellam
1230 1170 1386 1220 tuam
1398 1167 1955 1238 gloriﬁcaturiDeum
1969 1215 1983 1241 ,

387 1249 448 1302 et
472 1248 864 1319 paenitentiam
894 1253 1040 1325 apud
1069 1258 1127 1308 te
1159 1255 1358 1309 acturi.
1390 1257 1508 1327 Ego
1535 1261 1727 1312 autem
1751 1259 1985 1314 audiens

390 1333 502 1390 ista
548 1354 584 1392 a
623 1339 882 1396 ministro
936 1359 1084 1408 meo,
1113 1359 1184 1398 ne
1229 1343 1550 1416 affligerent
1586 1363 1678 1402 me
1707 1348 1981 1413 homines,

393 1426 630 1495 surrexi,
657 1433 716 1483 ct
763 1429 880 1501 fugi
926 1429 1018 1486 hic
1057 1431 1118 1486 in
1148 1433 1378 1504 Scythi;
1431 1439 1486 1489 et
1515 1435 1620 1490 hoc
1647 1436 1985 1510 principium

391 1529 574 1570 causae
599 1523 832 1590 propter
859 1536 1030 1592 quam
1057 1520 1150 1576 hic
1173 1521 1427 1578 habitare
1457 1524 1617 1596 coepi.

461 1601 892 1664 26.Praateriens
914 1609 1218 1682 aliquando
1233 1611 1405 1667 abbas
1425 1614 1763 1683 Macarius,a
1779 1615 1986 1687 palude

390 1691 464 1748 ad
492 1694 690 1750 cellam
739 1714 902 1752 suam
945 1704 1252 1768 revertens,
1279 1701 1544 1773 portabat
1579 1704 1884 1776 palmulas;
1929 1710 1987 1760 et

2064 545 2262 610 altare,
2287 542 2545 615 expellite
2573 545 2793 607 eum,et
2816 539 3133 612 sequimini,
3165 545 3226 596 ut
3249 540 3490 598 audiatis
3522 542 3661 616 quid

2065 635 2236 690 dicat.
2261 634 2409 688 Dum
2437 637 2629 686 autem
2658 629 2956 702 ccepissent
2983 646 3112 685 eum
3133 629 3358 685 mittere
3382 631 3553 699 foras,
3577 631 3662 688 di-

2067 725 2270 780 cebant
2296 723 2349 778 ei
2379 737 2394 773 :
2425 723 2524 778 Exi
2552 722 2720 788 foras,
2751 719 3028 791 1Ethiops.
3058 719 3158 775 Ille
3185 737 3314 775 vero
3338 721 3654 793 egrediens,

2065 813 2462 870 dicebatzBene
2475 811 2578 867 tibi
2595 811 2848 866 fecerunt
2856 809 3143 864 cinerente
3158 814 3215 864 et
3225 809 3629 883 caccabate(43)
3639 851 3654 866 .

2066 905 2176 970 Qui
2195 920 2324 959 cum
2351 903 2518 957 homo
2547 917 2662 956 non
2687 899 2784 968 sis,
2806 915 2980 972 quare
2999 903 3056 954 te
3081 897 3140 954 in
3160 899 3345 955 medio
3363 899 3658 956 hominum

2067 995 2202 1049 dare
2235 988 2686 1065 praesumpsisti‘?

2141 1081 2228 1140 30.
2279 1083 2427 1139 Dum
2475 1081 2646 1136 abbas
2673 1081 2876 1134 Pastor
2909 1078 2970 1134 in
3015 1078 3447 1150 congregatione
3485 1083 3654 1148 esset,

2067 1174 2304 1230 audiens
2331 1173 2402 1227 de
2422 1169 2624 1226 abbate
2654 1169 2988 1236 Nesterone,
3039 1167 3378 1224 desideravit
3404 1185 3534 1225 eum
3572 1169 3660 1224 vi-

2067 1265 2221 1331 dere,
2260 1267 2318 1318 et
2363 1259 2654 1316 mandavit
2680 1257 2870 1314 abbati
2897 1259 3022 1330 ejus
3053 1262 3120 1314 ut
3146 1257 3395 1314 mitteret
3427 1274 3556 1314 eum
3583 1258 3658 1313 ad

2066 1353 2273 1425 ipsum.
2299 1350 2407 1417 Qui
2436 1366 2564 1405 cum
2592 1348 2770 1402 nollet
2814 1363 2944 1402 eum
2973 1346 3157 1402 solum
3185 1346 3489 1415 dimittere,
3539 1363 3656 1402 non

2067 1441 2271 1498 direxit
2298 1457 2450 1497 eum.
2500 1439 2636 1493 Post
2673 1452 2882 1509 paucos
2917 1441 3108 1491 autem
3145 1435 3265 1492 dies
3305 1435 3658 1508 dispensator

2067 1529 2396 1588 monasterii
2419 1527 2634 1600 rogavit
2655 1526 2917 1582 abbatem
2943 1530 3010 1580 ut
3041 1525 3394 1598 permitteret
3418 1541 3548 1582 eum
3572 1525 3657 1581 ire

2067 1620 2140 1676 ad
2169 1618 2429 1675 abbatem
2443 1618 2826 1684 Pastorem,ut
2837 1614 3049 1670 diceret
3061 1614 3113 1668 ei
3123 1613 3490 1686 cogitationes
3501 1631 3652 1670 suas.

2065 1709 2257 1765 Abbas
2287 1713 2479 1764 autem
2507 1707 2651 1778 ejus,
2685 1721 2814 1768 cum
2841 1720 2974 1760 eum
3015 1703 3348 1774 dimitteret,
3375 1703 3515 1758 dixit
3553 1704 3606 1760 ei
3637 1722 3651 1759 :

395 1797 523 1838 ecce
551 1785 795 1841 occurrit
811 1786 862 1842 ei
893 1787 1150 1844 diabolus
1178 1789 1238 1844 in
1268 1789 1360 1844 via
1387 1808 1514 1846 cum
1547 1774 1686 1848 falce
1714 1795 1987 1848 messoria
2006 1774 2222 1855 BTolle
2245 1803 2434 1853 tecum
2471 1800 2529 1852 et
2555 1795 2791 1851 fratrem
2820 1793 3015 1861 istum,
3046 1793 3182 1866 quia
3203 1792 3490 1848 mandavit
3517 1791 3658 1850 mihi

395 1871 582 1941 (Ra/)2,
605 1877 644 1930 ι.
670 1888 757 1941 ιιι⁹
781 1892 840 1930 η.
866 1875 966 1934 124
995 1895 1008 1946 ;
1039 1879 1251 1947 Pasch.,
1286 1897 1330 1938 ο.
1368 1879 1452 1948 13,
1488 1897 1544 1938 η.
1571 1881 1640 1952 6).
1673 1883 1864 1938 Voluit
1889 1901 1986 1940 au-

389 1965 505 2016 tem
525 1978 656 2018 eum
684 1970 975 2036 percutere
1005 1967 1075 2022 de
1092 1967 1234 2023 falce
1261 1968 1378 2037 illa,
1395 1975 1454 2024 et
1472 1987 1583 2026 non
1603 1973 1806 2044 potuit,
1824 1979 1881 2029 et
1897 1974 1985 2028 di-

392 2049 472 2106 xit
495 2051 546 2106 ei
577 2069 590 2105 :
625 2053 860 2110 Multam
892 2055 1214 2112 violentiam
1240 2059 1427 2130 patior
1458 2076 1493 2114 a
1539 2065 1616 2128 te,
1671 2078 1704 2116 o
1751 2063 1980 2131 Macari,

389 2140 522 2212 quia
551 2157 664 2196 non
691 2143 994 2214 praevalere
1021 2146 1290 2202 adversus
1319 2159 1376 2203 te
1403 2165 1652 2221 possum.
1678 2151 1814 2206 Ecce
1833 2151 1985 2207 enim

391 2229 666 2302 quidquid
694 2237 759 2287 tu
795 2233 952 2302 facis,
983 2239 1039 2290 et
1068 2253 1170 2307 ego
1199 2237 1369 2306 facio;
1407 2239 1636 2310 jejunas
1663 2245 1746 2308 tu,
1780 2246 1838 2296 et
1881 2257 1983 2313 ego

387 2319 612 2390 penitus
639 2337 754 2376 non
773 2324 1022 2392 comedo,
1047 2325 1244 2396 vigilas
1271 2332 1354 2395 tu,
1385 2333 1442 2382 et
1470 2345 1574 2400 ego
1613 2329 1841 2385 omnino
1869 2347 1984 2386 non

387 2405 626 2464 dormio.
653 2410 842 2468 Unum
875 2419 962 2468 est
983 2419 1174 2470 autem
1203 2416 1384 2472 solum
1413 2417 1472 2472 in
1495 2435 1604 2490 quo
1621 2435 1712 2474 me
1728 2436 1978 2492 superas.

389 2497 460 2552 Et
487 2498 624 2554 dicit
669 2500 722 2554 ei
767 2501 940 2557 abbas
975 2503 1252 2560 Macarius
1281 2523 1293 2558 :
1326 2506 1487 2571 Quod
1517 2513 1603 2562 est
1645 2508 1834 2564 illud?
1880 2510 1986 2564 Re-

388 2588 617 2660 spondit
637 2589 892 2647 diabolus
915 2610 926 2646 :
953 2593 1256 2649 Humilitas
1267 2600 1383 2664 tua,
1405 2614 1506 2668 per
1525 2614 1696 2670 quam
1717 2615 1830 2654 non
1847 2615 1986 2670 prae-

387 2676 547 2732 valeo
579 2677 876 2735 adversum
905 2686 980 2736 te.

463 2762 554 2821 27.
587 2766 843 2823 Perrexit
870 2769 1173 2842 aliquando
1194 2773 1366 2828 abbas
1397 2776 1638 2831 Mathois
1661 2776 1731 2831 de
1758 2777 1985 2850 Raythu

388 2851 450 2908 in
476 2854 735 2926 partibus
765 2857 1016 2914 Gcbalon
1037 2878 1048 2913 :
1068 2867 1191 2916 erat
1213 2868 1404 2918 autem
1425 2881 1551 2919 cum
1573 2881 1638 2920 eo
1667 2865 1842 2921 frater
1859 2868 1985 2938 ejus

389 2941 590 3014 (Ruf/2,
622 2947 660 2999 ι.
693 2960 774 3014 ιιι,
805 2964 865 3004 η.
914 2947 1039 3018 188;
1083 2953 1296 3019 Fascia,
1330 2969 1374 3008 c.
1400 2951 1488 3022 33,
1526 2971 1583 3009 η.
1617 2953 1695 3024 3).
1726 2956 1796 3010 Et
1826 2956 1979 3011 venit

389 3031 684 3106 episcopus
712 3035 819 3091 loci
838 3037 989 3093 illius
1015 3039 1087 3094 ad
1115 3047 1489 3097 memoratum
1510 3060 1724 3112 senem,
1760 3051 1818 3100 et
1853 3045 1984 3100 fecit

390 3210 712 3284 episcopus:
736 3217 969 3286 Ignosce
999 3219 1159 3288 mihi,
1191 3219 1352 3289 abba,
1391 3223 1526 3294 quia
1565 3223 1677 3278 scio
1707 3224 1856 3295 quod
1884 3241 1982 3279 no-

385 3299 560 3356 lueris
587 3319 706 3358 rem
735 3305 915 3374 hanc;
943 3308 1041 3363 sed
1063 3314 1128 3364 ut
1147 3309 1599 3367 benedictionem
1634 3317 1794 3368 tuam
1833 3313 1981 3368 acci-

382 3405 596 3462 perem,
610 3397 943 3468 praesumpsi
970 3397 1076 3452 hoc
1094 3399 1299 3456 facere.
1332 3400 1486 3456 Dixit
1509 3409 1701 3457 autem
1731 3402 1782 3456 ci
1810 3419 1978 3458 senex

381 3493 512 3535 cum
531 3481 852 3539 humilitate
877 3503 889 3539 :
915 3487 984 3542 Et
1011 3489 1235 3544 animus
1261 3506 1420 3544 meus
1448 3491 1730 3546 modicum
1757 3491 1980 3546 volebat

380 3567 506 3636 hoc,
535 3577 924 3630 verumtamen
953 3575 1012 3631 in
1039 3576 1145 3632 hoc
1161 3579 1410 3649 graviter
1431 3579 1548 3634 fero
1577 3581 1710 3652 quia
1729 3581 1980 3652 compel-

381 3657 470 3712 lor
494 3662 744 3732 separari
783 3680 818 3718 a
853 3664 1028 3720 fratre
1053 3684 1200 3734 meo,
1226 3668 1323 3740 qui
1373 3685 1594 3724 mecum
1638 3675 1759 3738 est;
1793 3687 1976 3742 neque

383 3747 532 3803 enim
556 3750 774 3808 sufficio
819 3770 1014 3810 omnes
1044 3757 1328 3812 orationes
1368 3775 1509 3830 quas
1541 3759 1711 3813 simul
1739 3758 1978 3816 facieba-

380 3853 526 3906 mus,
549 3839 804 3914 implere.
829 3844 1050 3900 Etdixit
1067 3847 1363 3918 episcopus
1387 3865 1398 3901 :
1425 3848 1483 3903 Si
1497 3849 1603 3903 scis
1625 3849 1758 3920 quia
1773 3849 1978 3920 dignus

377 3931 482 3995 est,
511 3945 614 4001 ego
643 3937 700 3986 et
719 3931 906 4005 ipsum
931 3935 1148 3990 ordino.
1171 3937 1240 3991 Et
1261 3936 1398 3991 dixit
1425 3937 1477 3992 ei
1507 3936 1678 3992 abbas
1693 3939 1934 3994 Mathois
1960 3959 1972 3994 :

378 4017 653 4090 Equidem
701 4022 748 4076 si
793 4023 996 4094 dignus
1037 4029 1124 4079 est
1168 4025 1378 4093 nescio,
1411 4042 1588 4080 unum
1617 4032 1807 4082 autem
1833 4028 1968 4096 scio,

378 4105 514 4178 quia
541 4109 742 4166 melior
765 4127 856 4166 me
885 4118 998 4172 est.
1033 4113 1326 4168 Ordinavit
1351 4119 1542 4170 autem
1573 4120 1630 4170 et
1646 4117 1832 4187 ipsum
1861 4117 1980 4188 epi-

382 4211 619 4268 scopus:
654 4203 712 4252 et
738 4200 821 4254 ita
846 4205 1085 4272 uterque
1114 4209 1471 4258 recesserunt
1499 4204 1568 4258 de
1597 4205 1702 4260 hac
1745 4206 1878 4274 vita,
1915 4211 1980 4262 ut

382 4301 675 4359 nunquam
703 4305 764 4342 se
792 4289 863 4344 ad
891 4290 1318 4346 sacrificandam
1343 4292 1685 4349 oblationem
1703 4295 1867 4350 altari
1884 4312 1980 4368 ap-

383 4375 786 4448 proximarent.
806 4379 1236 4437 Dicebatautem
1253 4399 1422 4436 senex
1451 4401 1462 4436 :
1487 4384 1667 4438 Credo
1689 4383 1748 4439 in
1771 4385 1972 4456 Deum,

2067 1889 2138 1944 de
2165 1889 2286 1960 ipso
2314 1903 2501 1954 senex;
2525 1891 2584 1942 et
2603 1901 2716 1940 non
2743 1899 3086 1956 praesumens
3101 1899 3232 1940 eum
3258 1883 3440 1938 solum
3463 1881 3658 1938 dimit-

2065 1983 2208 2045 tere,
2235 1977 2430 2032 distuli
2449 1991 2627 2048 usque
2656 1973 2842 2030 modo.
2862 1974 3004 2028 Cum
3025 1988 3158 2044 ergo
3178 1971 3418 2028 venisset
3437 1972 3661 2045 dispen-

2068 2072 2224 2124 sator
2250 2067 2322 2122 ad
2337 2082 2550 2133 senem,
2565 2065 2784 2123 locutus
2800 2069 2887 2118 est
2906 2063 2957 2117 ei
2975 2063 3046 2118 de
3067 2061 3499 2134 cogitationibus
3509 2061 3650 2131 suis,

2066 2162 2124 2212 et
2149 2157 2245 2211 ille
2265 2155 2485 2211 sanavit
2514 2171 2644 2210 eum
2669 2151 3029 2226 responsione
3051 2152 3316 2208 sua.Post
3330 2151 3449 2208 haec
3467 2157 3658 2208 autem

2065 2245 2454 2316 interrogabat
2480 2261 2648 2300 senex
2675 2243 2909 2299 fratrem
2938 2241 3347 2309 illum,dicens:
3373 2240 3532 2297 Abba
3549 2241 3660 2298 Ne-

2065 2342 2236 2404 stero,
2259 2335 2539 2404 quomodo
2559 2331 2849 2405 acquisisti
2862 2331 3126 2387 virtutem
3146 2331 3314 2398 hanc,
3327 2335 3394 2386 ut
3423 2330 3649 2404 quando

2067 2425 2360 2482 emerserit
2379 2423 2669 2479 tribulatio
2695 2422 2888 2493 aliqua
2933 2421 2994 2476 in
3023 2421 3382 2488 monasterio,
3428 2437 3542 2476 non
3571 2420 3658 2478 lo-

2067 2515 2280 2588 quaris,
2301 2529 2484 2585 neque
2506 2511 2740 2570 taedium
2767 2510 2978 2566 facias?
3006 2511 3078 2566 Et
3093 2527 3222 2566 cum
3240 2509 3481 2566 multum
3499 2525 3660 2582 coge-

2065 2609 2226 2660 retur
2270 2604 2445 2659 frater
2471 2619 2506 2658 a
2535 2618 2688 2669 sene,
2721 2599 2858 2656 dicit
2884 2601 2934 2657 ei
2970 2618 2982 2654 :
3028 2601 3263 2672 Ignosce
3295 2599 3456 2667 mihi,
3488 2598 3653 2666 abba,

2066 2693 2290 2766 quando
2318 2692 2524 2748 intravi
2549 2692 2608 2746 in
2635 2690 2797 2746 initio
2825 2689 2886 2744 in
2912 2689 3364 2761 congregatione,
3394 2688 3506 2744 dixi
3537 2689 3658 2746 ani-

2064 2801 2158 2839 mo
2186 2799 2311 2838 meo
2341 2801 2352 2837 :
2404 2782 2489 2837 Tu
2535 2786 2592 2836 et
2641 2780 2833 2835 asinus
2877 2795 3058 2835 unum
3085 2783 3286 2834 estote.
3319 2778 3476 2835 Sicut
3502 2776 3655 2834 enim

2066 2873 2260 2929 asinus
2287 2871 2516 2945 vapulat
2537 2875 2593 2926 et
2616 2886 2730 2925 non
2758 2869 3027 2941 loquitur,
3062 2868 3330 2940 injuriam
3358 2867 3571 2941 patitur
3597 2872 3660 2925 et

2065 2981 2180 3020 non
2228 2961 2548 3034 respondet,
2579 2960 2661 3016 sic
2711 2965 2769 3014 et
2824 2963 2917 3028 tu;
2971 2958 3446 3032 quemadmodum
3493 2962 3552 3014 et
3592 2955 3656 3012 in

2066 3053 2289 3110 Psalmo
2317 3051 2528 3122 legitur
2555 3069 2566 3104 :
2591 3051 3003 3121 Utjumentum
3030 3048 3210 3106 factus
3240 3065 3367 3104 sum
3389 3048 3538 3122 apud
3567 3054 3648 3117 te,

271 3188 282 3203 ε
392 3137 522 3176 eum
547 3123 942 3198 presbyterum
958 3173 970 3186 .
1006 3129 1076 3185 Et
1098 3130 1233 3185 dum
1261 3136 1558 3203 gustarent
1600 3133 1788 3200 simul,
1841 3135 1984 3190 dixit
2003 3139 2048 3202 α
2066 3149 2124 3200 et
2147 3160 2250 3214 ego
2276 3157 2499 3212 semper
2523 3145 2710 3196 tecum
2741 3141 2906 3205 (Psal.
2929 3141 3122 3212 Lxxn).

2133 3231 2220 3291 3|.
2245 3230 2517 3287 Dicebant
2547 3229 2616 3284 de
2637 3227 2840 3284 abbate
2866 3227 3127 3300 Olympio
3154 3226 3214 3283 in
3239 3227 3431 3300 Scythi
3461 3229 3646 3298 (lium,

2065 3326 2104 3378 l.
2137 3337 2218 3389 ιιι,
2251 3337 2311 3377 η.
2351 3318 2452 3390 17),
2485 3318 2622 3392 quia
2649 3334 2844 3373 servus
2868 3323 3036 3386 esset,
3069 3321 3128 3373 et
3151 3316 3524 3374 descendebat
3547 3335 3650 3392 per

2063 3411 2316 3483 singulos
2344 3425 2522 3464 annos
2552 3409 2612 3462 in
2645 3405 3045 3462 Alexandriam
3086 3410 3316 3479 portans
3364 3406 3646 3464 mercedes

2059 3507 2254 3568 (ηδ
2281 3516 2412 3556 suas
2441 3497 2684 3554 dominis
2705 3496 2916 3553 suis.Et
2933 3495 3304 3552 occurrebant
3328 3495 3398 3564 ei,
3417 3501 3476 3553 et
3496 3497 3648 3554 salu-

2059 3591 2260 3646 tabant
2269 3605 2397 3644 eum
2419 3607 2430 3644 :
2461 3604 2629 3643 senex
2641 3591 2832 3642 autem
2851 3585 3112 3642 mittebat
3125 3601 3330 3657 aquam
3343 3585 3403 3642 in
3419 3585 3644 3658 pelvim.

2063 3685 2123 3736 et
2154 3677 2444 3746 afferebat,
2475 3681 2542 3732 ut
2567 3677 2782 3731 lavaret
2809 3675 2980 3747 pedes
2998 3674 3244 3730 dominis
3263 3675 3402 3731 suis.
3440 3675 3529 3732 Illi
3555 3691 3650 3732 au-

2058 3774 2173 3826 tem
2202 3768 2274 3824 ad
2301 3783 2432 3823 eum
2461 3765 2756 3822 dicebant:
2790 3764 2942 3834 Noli,
2959 3765 3145 3845 Pater,
3176 3780 3292 3820 non
3307 3780 3506 3836 graves
3524 3781 3648 3822 nos.

2059 3859 2162 3914 Ille
2185 3873 2312 3912 vero
2341 3853 2718 3928 respondebat
2727 3853 2809 3910 eis
2832 3853 2978 3925 :Ego
3000 3854 3288 3921 confiteor,
3306 3853 3440 3926 quia
3459 3869 3664 3911 servus

2057 3963 2184 4002 sum
2214 3951 2426 4014 vester;
2457 3948 2516 4000 et
2537 3943 2753 4016 gratias
2784 3943 3059 4016 ago,quia
3086 3942 3378 3999 dimisistis
3397 3959 3490 3999 me
3518 3943 3651 4000 libe-

2058 4052 2189 4092 rum
2215 4034 2426 4091 servire
2455 4035 2592 4090 Deo.
2625 4032 2734 4090 Sed
2763 4037 2957 4088 tamen
2988 4033 3110 4087 lavo
3137 4031 3296 4087 vobis
3321 4032 3650 4105 pedes,ecce

2059 4132 2117 4182 et
2143 4124 2406 4197 suscipite
2434 4121 2722 4179 mercedes
2745 4120 3023 4177 meas.llli
3041 4138 3170 4178 vero
3199 4121 3646 4180 contemnebant.

2059 4216 2129 4270 Et
2157 4231 2271 4270 non
2297 4211 2781 4286 acquiescentibus
2807 4210 3028 4266 dicebat
3049 4227 3060 4264 :
3085 4211 3310 4266 Credite
3338 4211 3498 4280 mihi,
3517 4211 3650 4284 quia

2058 4303 2106 4360 si
2128 4319 2242 4358 non
2274 4302 2440 4358 vultis
2470 4301 2753 4381 suscipere
2782 4299 3068 4356 mercedes
3095 4315 3541 4368 meas,remaneo
3557 4299 3649 4356 hic

2059 4398 2117 4448 et
2144 4391 2324 4447 servio
2355 4389 2526 4446 vobis.
2557 4389 2648 4446 Illi
2679 4393 2871 4446 autem
2888 4387 3263 4443 reverentiam
3285 4387 3338 4442 ei
3359 4386 3646 4456 habentes,

385 4466 520 4539 quia
545 4466 778 4524 forsitan
794 4486 908 4526 non
937 4471 1246 4527 sustineam
1271 4489 1441 4544 grave
1448 4473 1728 4545 judicium
1743 4483 1977 4548 propter
1995 4456 2270 4538 Ddabant
2296 4481 2354 4535 in
2381 4483 2658 4552 potestate
2689 4480 2830 4550 ejus,
2865 4481 2930 4534 ut
2957 4477 3165 4533 faceret
3188 4477 3336 4549 quod
3363 4477 3548 4533 vellet.
3581 4478 3650 4534 Et

385 4556 818 4628 ordinationem,
851 4578 1022 4634 quam
1051 4561 1286 4634 suscepi,
1329 4563 1463 4617 dum
1495 4562 1836 4620 oblationem
1863 4584 1978 4626 non

384 4646 566 4703 audeo
603 4665 964 4721 consecrare;
1011 4652 1116 4708 hoc
1147 4651 1297 4707 enim
1327 4651 1572 4708 ofﬁcium
1601 4653 1826 4710 illorum
1869 4661 1974 4726 est,

389 4736 486 4811 qui
513 4739 634 4794 sine
654 4741 884 4812 querela
911 4741 1119 4798 vivunt.

455 4825 546 4884 28.
576 4828 728 4884 Dixit
753 4836 942 4885 autem
969 4831 1141 4887 abbas
1161 4831 1434 4887 Mathois:
1465 4833 1750 4898 Quantum
1781 4851 1844 4890 se
1876 4853 1978 4910 ap-

385 4917 667 4990 proximat
693 4919 862 4974 homo
888 4921 1024 4989 Deo,
1071 4925 1296 4976 tantum
1326 4939 1386 4976 se
1430 4928 1782 4994 peccatorem
1825 4926 1982 4983 videt

389 5009 573 5078 (Ra/71,
605 5011 644 5063 l.
686 5022 768 5076 In,
805 5025 862 5064 η.
891 5007 1050 5082 123);
1083 5010 1258 5066 Isaias
1289 5012 1437 5067 enim
1480 5013 1755 5086 propheta
1783 5014 1976 5070 videns

381 5096 985 5167 Dominum,miserum
1021 5117 1080 5154 se
1099 5105 1156 5156 et
1175 5100 1530 5157 immundum
1553 5101 1977 5173 dicebat(lsai.e,

385 5189 482 5254 γι).

456 5277 545 5336 29.
578 5278 850 5336 Dicebant
893 5280 963 5335 de
1003 5279 1204 5336 abbate
1231 5281 1424 5354 Moyse
1451 5280 1584 5352 quia
1623 5280 1804 5336 factus
1833 5287 1982 5338 esset

384 5369 638 5438 clericus,
663 5375 720 5426 et
746 5375 1058 5442 posuerunt
1086 5371 1137 5425 ei
1157 5371 1636 5443 superhumerale.
1668 5371 1734 5425 Et
1761 5370 1900 5426 dixit
1927 5372 1979 5426 ei

388 5459 836 5533 archiepiscOpus
867 5473 880 5508 ε
930 5461 1069 5517 Ecce
1110 5461 1290 5517 factus
1345 5478 1404 5516 es
1451 5459 1803 5527 candidatus,
1835 5460 1980 5517 abba

385 5551 628 5624 Moyses.
656 5553 726 5608 Et
743 5553 838 5610 ille
855 5554 1176 5628 respondit:
1211 5555 1385 5610 Putas
1413 5569 1448 5608 a
1471 5551 1624 5620 foris,
1651 5552 1855 5609 domne
1883 5571 1980 5626 pa-

392 5656 486 5718 pa,
533 5647 632 5700 aut
667 5643 938 5702 deintus?
966 5645 1173 5704 Volens
1201 5648 1394 5704 autem
1423 5645 1716 5718 episcopus
1743 5645 1980 5720 probare

2058 4573 2434 4628 revertentem
2463 4567 2814 4624 deducebant
2848 4583 2978 4624 eum
3005 4582 3138 4622 cum
3163 4565 3650 4638 honore,preeben-

2057 4667 2144 4718 tes
2173 4664 2230 4716 et
2251 4676 2372 4732 quae
2397 4657 2716 4714 necessaria
2751 4660 2930 4725 erant,
2962 4661 3026 4712 ut
3052 4655 3262 4712 faceret
3283 4671 3386 4727 pro
3414 4654 3494 4711 eis
3521 4671 3650 4728 aga-

2058 4768 2210 4826 pem,
2232 4756 2291 4806 et
2319 4766 2385 4805 ex
2415 4749 2522 4804 hoc
2545 4747 2725 4803 factus
2753 4751 2841 4802 est
2866 4745 3189 4802 nominatus
3225 4744 3285 4800 in
3314 4743 3526 4817 Scythi.

2133 4839 2220 4898 3'2.
2249 4839 2402 4896 Dixit
2429 4837 2602 4893 abbas
2630 4837 2833 4893 Pastor
2862 4855 2874 4891 :
2908 4834 3055 4902 Quia
3083 4831 3313 4906 semper
3349 4833 3518 4890 homo
3543 4833 3646 4890 hu-

2060 4931 2358 4986 militatem
2387 4933 2444 4984 et
2478 4928 2740 4982 timorem
2773 4925 2876 4982 Dei
2903 4925 2985 4981 ita
3023 4922 3430 4980 incessabiliter
3471 4923 3648 4996 respi-

2058 5037 2185 5076 rare
2215 5018 2400 5086 debet,
2436 5017 2582 5073 sicut
2611 5016 2813 5071 ﬂatum
2833 5031 3004 5087 quem
3043 5012 3278 5070 naribus
3306 5011 3543 5070 attrahit
3563 5009 3647 5069 vel

2061 5109 2272 5166 emittit
2301 5107 2564 5178 (Append.
2590 5107 2759 5162 Mart.
2792 5122 2850 5160 η.
2891 5103 3033 5172 101).

2133 5197 2222 5254 33.
2254 5199 2641 5268 Interrogatus
2669 5199 2755 5250 est
2781 5193 2952 5251 abbas
2982 5195 3182 5250 Pastor
3209 5209 3244 5248 a
3267 5191 3513 5265 quodam
3539 5189 3648 5246 fra-

2059 5292 2148 5342 tre
2181 5305 2194 5342 :
2227 5285 2518 5353 Quomodo
2548 5283 2727 5340 debeo
2767 5301 2890 5340 esse
2913 5284 2971 5338 in
2999 5283 3142 5348 loco.
3174 5282 3235 5338 in
3262 5297 3374 5354 quo
3401 5279 3593 5337 habito
3620 5279 3646 5336 ?

2061 5379 2132 5433 Et
2155 5377 2446 5450 respondit
2491 5376 2543 5430 ei
2586 5391 2755 5430 senex
2795 5393 2806 5428 :
2839 5372 3054 5430 Habeto
3100 5371 3456 5445 prudentiam
3499 5370 3651 5426 velut

2061 5467 2302 5535 advena;
2335 5471 2392 5521 et
2433 5463 2768 5536 ubicumque
2814 5463 3006 5529 fueris,
3039 5479 3112 5519 ne
3151 5477 3370 5535 quaeras
3417 5458 3648 5516 verbum

2059 5561 2223 5614 tuum
2249 5572 2440 5612 coram
2468 5560 2524 5611 te
2553 5553 2760 5610 habere
2787 5553 3116 5626 potentiam,
3151 5556 3208 5608 et
3233 5549 3565 5624 requiesces.

2136 5645 2224 5706 34.
2255 5646 2412 5706 Dixit
2430 5645 2676 5704 iterum:
2711 5643 2857 5711 Quia
2883 5642 3156 5718 projicere
3185 5641 3325 5700 sein
3349 5642 3648 5714 conspectu
