3934 6398
367 359 473 420 961

1683 356 1923 411 VERBA
1962 356 2357 414 SENIORUM.

3539 373 3641 457 96.2

364 487 494 556 Dei,
509 489 567 542 et
579 503 692 542 non
715 486 961 559 seipsum
979 485 1260 553 extollere,
1280 489 1336 539 et
1354 485 1578 539 mittere
1599 489 1725 555 post
1744 489 1967 553 tergum
1982 483 2035 543 Α
2051 484 2175 539 Dixi
2193 502 2326 556 ergo
2364 486 2552 541 abbati
2580 487 2755 543 Athre
2791 508 2802 541 :
2834 488 2939 545 Ubi
2971 490 3234 548 invenisti
3262 495 3639 555 obedientiam

365 594 537 635 suum
554 576 842 650 propriam
860 576 1222 641 voluntatem,
1247 574 1585 630 ferramenta
1611 578 1744 629 sunt
1763 572 1965 645 quibus

363 668 564 724 anima
589 672 881 740 operatur.

441 755 529 814 35.
552 758 695 814 Item
709 755 850 812 dixit
871 774 882 810 :
907 756 1035 811 Non
1064 754 1319 810 metiaris
1348 754 1728 825 temetipsum,
1752 752 1851 807 sed
1870 751 1965 807 ad-

357 845 519 903 haere
547 847 599 902 ei
627 846 725 920 qui
743 845 886 901 bene
906 849 1287 903 conversatur.

440 934 528 995 36.
544 937 695 993 Dixit
706 936 913 992 iterum
930 951 943 991 :
968 935 1113 1000 Quia
1126 933 1492 1006 interrogavit
1509 933 1684 987 frater
1700 930 1961 987 abbatem

358 1026 653 1094 Alonium,
683 1025 830 1090 Quid
858 1029 945 1079 est
963 1024 1359 1096 contemptus?
1388 1024 1459 1079 Et
1486 1022 1627 1077 dixit
1654 1038 1853 1077 senex:
1888 1022 1964 1077 Ut

359 1115 447 1171 sis
461 1114 607 1170 infra
624 1113 895 1170 animalia
907 1112 1333 1180 irrationabilia,
1350 1117 1406 1167 et
1424 1111 1565 1167 scies
1585 1110 1718 1183 quia
1732 1109 1829 1164 illa
1848 1122 1963 1163 non

358 1204 834 1261 condemnantur.

439 1292 527 1352 37.
558 1293 712 1350 Dixit
738 1294 945 1349 iterum
963 1293 1059 1365 qui
1088 1308 1291 1365 supra:
1320 1291 1463 1357 Quia
1489 1290 1779 1353 humilitas
1807 1294 1964 1343 terra

358 1389 472 1452 est,
496 1383 552 1439 in
574 1400 686 1456 qua
702 1383 975 1439 Dominus
993 1378 1330 1437 sacriﬁcium
1360 1380 1482 1435 fieri
1501 1379 1877 1435 demandavit.

437 1471 525 1530 38.
552 1473 771 1529 Rursus
799 1472 940 1528 dixit
970 1489 983 1526 :
1023 1471 1168 1537 Quia
1196 1471 1243 1526 si
1285 1471 1454 1525 homo
1505 1469 1761 1525 ordinem
1792 1484 1957 1523 suum

357 1563 660 1629 custodiat,
700 1579 814 1618 non
843 1560 1182 1618 turbabitur.

326 1686 334 1693 -
432 1649 519 1711 39.
542 1652 757 1709 Iterum
778 1651 946 1707 dixit:
976 1652 1121 1717 Quia
1141 1649 1466 1706 sedentibus
1491 1648 1793 1721 aliquando
1815 1646 1959 1703 seni-

352 1739 467 1798 bus
486 1742 558 1798 ad
586 1741 1062 1809 manducandum,
1094 1740 1280 1797 stabat
1305 1740 1541 1795 Alonius
1571 1738 1741 1794 abbas
1762 1743 1821 1793 et
1847 1738 1957 1792 mi-

2048 574 2228 629 hanc?
2261 575 2328 629 Et
2356 575 2450 630 ille
2470 577 2607 645 mihi
2646 580 2935 649 respondit
2961 599 2974 635 :
3006 582 3131 636 Non
3162 589 3248 637 est
3265 601 3410 654 mea,
3445 588 3543 643 sed
3563 587 3638 643 is-

2047 663 2161 719 tius
2185 665 2334 719 senis
2364 670 2466 721 est.
2491 667 2559 720 Et
2585 667 2718 722 tulit
2742 685 2851 735 me,
2882 669 3069 725 dicens
3104 689 3116 725 :
3147 673 3310 741 Veni,
3348 676 3475 731 vide
3503 677 3640 733 obe-

2047 754 2319 810 dientiam
2339 757 2479 827 ejus.
2500 756 2659 811 Coxit
2679 775 2810 829 ergo
2832 760 3112 815 modicum
3133 762 3341 833 piscem
3366 767 3533 835 male,
3557 767 3639 823 ita

2044 849 2111 899 ut
2137 846 2397 915 perderet
2416 863 2545 901 eum
2564 848 2895 915 voluntarie,
2921 854 2977 903 et
3000 853 3261 922 apposuit
3275 855 3396 908 seni
3420 873 3433 924 ;
3461 860 3518 910 et
3542 856 3638 914 ille

2043 935 2418 1003 manducavit,
2442 935 2582 991 nihil
2602 937 2854 1008 loquens.
2881 939 2949 993 Et
2980 939 3121 995 dixit
3148 942 3199 995 ei
3225 960 3236 995 :
3272 943 3489 999 Bonum
3530 951 3634 1017 est,

2044 1040 2216 1079 senex
2236 1025 2261 1077 ?
2283 1026 2352 1080 Et
2368 1025 2461 1079 ille
2490 1027 2780 1098 respondit
2801 1046 2813 1080 :
2838 1028 3057 1083 Bonum
3078 1031 3253 1085 valde.
3274 1033 3528 1090 Posthaec
3548 1040 3637 1091 at-

2042 1114 2175 1167 tulit
2202 1114 2252 1167 ei
2273 1113 2409 1169 illud
2431 1116 2729 1184 modicum,
2756 1117 2925 1172 nimis
2946 1117 3087 1173 bene
3115 1126 3353 1187 coctum,
3378 1128 3436 1177 et
3459 1124 3635 1179 dixit:

2045 1203 2183 1257 Ecce
2214 1203 2363 1257 istud
2406 1204 2643 1275 perdidi,
2678 1221 2863 1272 senex,
2898 1208 3045 1261 male
3086 1208 3225 1264 illud
3271 1211 3407 1265 coxi.
3450 1212 3521 1267 Et
3543 1213 3639 1269 ille

2044 1292 2357 1364 respondit:
2384 1292 2566 1348 Etiam
2592 1294 2806 1349 modice
2819 1294 2923 1349 tibi
2943 1297 3089 1350 male
3113 1298 3296 1354 exivit.
3328 1300 3397 1354 Et
3412 1317 3637 1358 conver-

2043 1398 2139 1437 sus
2164 1382 2235 1436 ad
2264 1399 2355 1437 me
2384 1381 2555 1437 abbas
2583 1383 2758 1437 Athre
2787 1384 2926 1439 dixit
2951 1399 2965 1436 :
2998 1385 3167 1440 Vides
3196 1387 3328 1458 quia
3358 1388 3474 1443 haec
3503 1390 3637 1447 obe-

2040 1471 2254 1527 dientia
2269 1471 2431 1526 istius
2444 1476 2636 1538 ατο
2650 1472 2800 1526 senis
2822 1473 2950 1527 est?
2974 1474 3044 1528 Et
3063 1474 3169 1529 exii
3194 1476 3264 1531 ab
3283 1477 3382 1545 eis;
3406 1483 3463 1532 et
3482 1479 3641 1551 quid-

2041 1561 2176 1633 quid
2201 1561 2333 1628 vidi,
2363 1562 2468 1615 hoc
2492 1560 2595 1615 feci
2627 1562 2936 1617 secundum
2961 1563 3226 1619 virtutem
3256 1582 3461 1622 meam.
3505 1569 3636 1626 Haec

2040 1650 2179 1704 dixit
2204 1649 2471 1705 fratribus
2498 1648 2669 1704 abbas
2692 1650 2832 1705 Sisoi
2860 1669 3040 1719 ;unus
3068 1658 3259 1709 autem
3286 1672 3352 1710 ex
3371 1655 3532 1712 nobis
3549 1674 3637 1714 ro-

2037 1740 2191 1810 gavit
2211 1757 2341 1795 eum
2369 1739 2557 1793 dicens
2582 1757 2594 1793 :
2629 1739 2874 1795 Ostende
2901 1741 3062 1797 nobis
3084 1743 3436 1813 charitatem,
3461 1751 3518 1801 et
3545 1746 3635 1804 dic

352 1831 637 1888 nistrabat
658 1832 737 1887 eis
761 1852 774 1901 ;
825 1837 881 1887 et
908 1831 1159 1887 videntes
1188 1830 1580 1885 laudaverunt.
1622 1830 1723 1885 Ille
1763 1833 1953 1884 autem
1972 1842 2020 1904 Β
2038 1827 2196 1883 nobis
2212 1833 2275 1883 tu
2302 1845 2479 1884 unum
2506 1845 2841 1884 sermonem.
2860 1831 2929 1884 Et
2952 1830 3093 1885 dixit
3118 1848 3130 1884 :
3160 1832 3267 1895 Qui
3294 1833 3467 1889 habet
3486 1836 3636 1907 quod

347 1921 499 1977 nihil
520 1922 748 1977 omnino
775 1920 1082 1995 respondit.
1100 1919 1255 1976 Dixit
1271 1936 1404 1991 ergo
1435 1919 1665 1991 quidam
1690 1923 1904 1973 secreto
1939 1935 1950 1971 :

2036 1917 2445 1973 innumerabile
2462 1918 2614 1972 estin
2631 1919 2881 1987 scientia,
2900 1921 3119 1991 perficit
3135 1937 3361 1977 omnem
3386 1924 3635 1996 Scriptu-

343 2012 537 2077 Quare
574 2028 689 2067 non
717 2010 1053 2083 respondisti
1092 2008 1319 2065 senibus
1366 2008 1725 2064 laudantibus
1762 2012 1818 2062 te
1842 2007 1866 2060 ’I
1888 2007 1956 2061 Et
2036 2024 2181 2066 ram.
2211 2009 2424 2063 Iterum
2449 2008 2591 2062 alter
2618 2025 2682 2062 ex
2702 2008 2862 2063 nobis
2892 2008 3030 2064 dixit
3062 2010 3144 2065 ei:
3181 2011 3327 2076 Quid
3356 2017 3442 2067 est
3468 2030 3635 2085 pere-

343 2101 493 2157 dixit
519 2100 690 2156 abbas
716 2101 952 2156 Alonius
984 2118 997 2154 :
1032 2099 1172 2165 Quia
1190 2100 1238 2154 si
1260 2099 1659 2171 responderem
1682 2097 1780 2163 eis,
1805 2096 1955 2151 inve-
2036 2098 2302 2169 grinatio,
2326 2097 2533 2151 Pater?
2553 2098 2621 2152 Et
2637 2098 2730 2151 ille
2758 2099 3087 2169 respondit:
3112 2099 3275 2169 Tace,
3308 2105 3365 2155 et
3390 2102 3449 2157 in
3477 2104 3634 2161 omni

342 2189 552 2247 niebar
574 2191 881 2246 delectatus
901 2188 1163 2245 laudibus
1199 2188 1362 2244 meis.
2000 2226 2003 2229 -
2033 2186 2153 2242 loco
2181 2203 2515 2258 quocunque
2541 2187 2781 2254 veneris,
2814 2188 2903 2243 dic
2932 2209 2945 2245 :
2986 2189 3113 2244 Non
3151 2189 3328 2246 habeo
3375 2208 3625 2264 causam,

421 2279 512 2337 40.
535 2280 799 2336 Narravit
815 2278 987 2335 abbas
1007 2278 1214 2350 Joseph
1241 2295 1253 2331 :
1278 2277 1422 2342 Quia
1447 2275 1771 2331 sedentibus
1791 2274 1952 2331 nobis
2036 2279 2094 2329 et
2129 2276 2246 2331 haec
2275 2282 2360 2329 est
2396 2277 2793 2347 peregrinatio.

345 2369 655 2442 aliquando
666 2385 794 2425 cum
814 2368 1015 2424 abbate
1027 2369 1280 2434 Pastore,
1302 2366 1675 2421 nominaverit
1692 2364 1949 2420 abbatem

341 2453 721 2531 Agathonem,
747 2463 805 2513 et
832 2457 1074 2513 diximus
1092 2457 1144 2512 ei
1181 2475 1192 2511 :
1225 2456 1452 2512 Juvenis
1483 2461 1587 2521 est,
1617 2471 1791 2528 quare
1822 2470 1953 2509 eum

342 2547 601 2619 appellas
626 2546 931 2602 abbatem?
962 2547 1032 2602 Et
1058 2545 1199 2601 dixit
1236 2545 1408 2601 abbas
1429 2546 1631 2600 Pastor
1668 2561 1679 2597 :
1715 2544 1861 2609 Quia
1889 2560 1950 2598 os

346 2651 523 2691 suum
550 2635 680 2691 fecit
707 2652 837 2691 eum
874 2635 1145 2708 appellari
1181 2634 1461 2690 abbatem.

427 2723 491 2782 4i
505 2765 517 2779 .
540 2725 811 2780 Dicebant
828 2724 897 2780 de
917 2724 1120 2780 abbate
1137 2725 1387 2792 Pastore,
1408 2723 1541 2795 quia
1554 2737 1843 2795 nunquam
1862 2737 1952 2776 vo-

347 2811 556 2869 luisset
574 2829 890 2869 sermonem
909 2813 1193 2868 dimittere
1217 2829 1387 2885 supra
1407 2811 1639 2866 alterius
1659 2811 1810 2866 senis
1824 2824 1952 2865 ver-

349 2901 513 2971 bum,
537 2903 636 2958 sed
655 2902 834 2974 magis
860 2902 1174 2958 laudaverit
1190 2918 1414 2974 semper
1435 2918 1557 2973 quae
1580 2902 1673 2955 ille
1696 2900 1948 2955 dixisset.

427 2990 520 3049 42.
545 2992 715 3048 Venit
736 2992 1037 3064 aliquando
1065 2997 1271 3047 sanctae
1300 2990 1585 3046 memoriae
1612 2989 1954 3061 Theophilus

350 3080 650 3154 episcOpus
669 3081 1079 3137 Alexandrinus
1093 3081 1153 3136 in
1174 3081 1393 3154 Scythi:
1422 3079 1747 3151 congregati
1761 3083 1952 3133 autem

2106 2363 2194 2421 44.
2218 2365 2387 2420 Venit
2402 2366 2631 2437 quidam
2650 2365 2825 2429 frater
2844 2367 2915 2421 ad
2936 2366 3202 2423 abbatem
3224 2369 3370 2425 Sisoi
3390 2371 3449 2426 in
3475 2387 3632 2428 mon-

2033 2460 2150 2510 tem
2176 2454 2393 2510 abbatis
2422 2455 2681 2523 Antonii;
2707 2460 2763 2510 et
2785 2456 3142 2527 loquentibus
3171 2459 3271 2526 eis,
3290 2460 3510 2516 dicebat
3537 2461 3633 2516 ab-

2033 2544 2151 2599 bati
2182 2545 2326 2600 Sisoi
2350 2563 2361 2598 :
2382 2545 2547 2600 Modo
2567 2544 2749 2599 adhuc
2770 2561 2882 2599 non
2911 2547 3214 2618 pervenisti
3245 2549 3315 2603 ad
3335 2566 3630 2607 mensuras

2033 2633 2252 2689 abbatis
2276 2634 2524 2701 Antonii,
2554 2634 2760 2688 Pater?
2790 2635 2859 2689 Et
2885 2636 3174 2706 respondit
3192 2637 3243 2691 ei
3274 2655 3477 2694 senex:
3512 2639 3631 2711 Ego

2033 2724 2082 2778 si
2109 2723 2380 2778 haberem
2394 2739 2566 2778 unam
2584 2723 2982 2794 cogitationem
3003 2724 3222 2781 abbatis
3240 2727 3487 2795 Antonii,
3507 2729 3631 2784 effi-

2035 2829 2192 2869 cerer
2215 2818 2367 2868 totus
2391 2814 2543 2867 velut
2560 2812 2735 2883 ignis:
2788 2818 3177 2870 verumtamen
3201 2816 3314 2871 scio
3339 2817 3629 2873 hominem

2037 2904 2134 2975 qui
2160 2919 2289 2957 cum
2314 2901 2506 2957 labore
2534 2906 2721 2973 potest
2749 2901 2895 2957 ferre
2924 2903 3292 2974 cogitationes
3321 2922 3472 2962 suas.

2104 2991 2194 3050 45.
2217 2993 2430 3048 Iterum
2458 2996 2650 3046 autem
2681 2991 3047 3063 interrogavit
3067 3009 3195 3048 eum
3217 2993 3392 3050 frater
3418 2995 3630 3063 ille,di-

2036 3098 2167 3137 cens
2192 3101 2204 3136 :
2226 3083 2399 3136 Putas
2417 3081 2496 3136 sic
2523 3081 2965 3153 persequebatur
2985 3082 3222 3137 Satanas
3241 3084 3503 3156 antiquos
3516 3084 3545 3139 ?
3559 3085 3630 3141 Et

350 3169 559 3226 fratres
583 3170 849 3227 dixerunt
867 3170 938 3226 ab
956 3170 1221 3226 abbatem
1250 3169 1494 3226 Pambo:
1522 3170 1623 3224 Dic
1642 3183 1819 3224 unum
1838 3183 1955 3223 ser-
1975 3159 2020 3221 C
2039 3172 2173 3227 dicit
2198 3171 2249 3226 ei
2287 3170 2461 3228 abbas
2489 3170 2633 3225 Sisoi
2673 3188 2684 3223 :
2716 3169 2881 3225 Modo
2918 3170 3065 3242 plus,
3097 3171 3231 3243 quia
3258 3176 3481 3245 tempus
3508 3174 3631 3245 ejus

350 3275 582 3315 monem
595 3277 773 3333 papae,
790 3264 856 3316 ut
875 3260 1182 3316 aediﬁcetur
1201 3258 1422 3315 animus
1445 3259 1566 3330 ejus
1597 3257 1655 3312 in
1685 3258 1790 3313 hoc
1810 3257 1954 3312 loco.

350 3348 429 3406 Et
444 3349 735 3423 respondit
754 3366 925 3406 senex
946 3367 958 3403 :
980 3350 1039 3406 Si
1056 3350 1116 3405 in
1135 3348 1522 3405 taciturnitate
1543 3363 1670 3403 mea
1688 3364 1802 3402 non
1828 3346 1959 3402 aedi-

350 3439 576 3506 ﬁcatur,
605 3456 787 3512 neque
812 3439 873 3496 in
897 3455 1156 3495 sermone
1175 3455 1299 3494 meo
1328 3437 1715 3494 sediﬁcabitur.

428 3525 518 3586 43.
549 3529 818 3585 Narravit
845 3527 1021 3584 frater
1046 3529 1273 3601 Pystus,
1297 3528 1487 3583 dicens
1513 3544 1525 3581 :
1557 3526 1702 3593 Quia
1733 3524 1953 3581 ibamus

349 3622 573 3691 septem
592 3617 795 3674 fratres
810 3618 1047 3674 solitarii
1071 3619 1143 3673 ad
1164 3617 1425 3673 abbatem
1440 3617 1585 3673 Sisoi
1605 3614 1955 3671 habitantem

349 3708 419 3763 in
438 3707 624 3763 insula
640 3709 985 3781 Clysmatus:
1012 3713 1070 3763 et
1084 3723 1214 3763 cum
1238 3723 1567 3779 rogaremus
1589 3721 1720 3761 eum
1736 3710 1801 3762 ut
1812 3705 1956 3760 dice-

351 3802 449 3852 ret
465 3795 625 3851 nobis
640 3796 873 3868 aliquid,
894 3798 990 3853 ille
1008 3795 1297 3868 respondit
1318 3814 1329 3849 :
1346 3795 1621 3866 Ignoscite
1643 3794 1803 3862 mihi,
1822 3794 1956 3865 quia

352 3885 535 3941 idiota
549 3903 675 3941 sum
689 3886 860 3941 homo
873 3905 887 3942 :
906 3886 1005 3942 sed
1022 3886 1147 3941 veni
1159 3885 1462 3957 aliquando
1478 3884 1549 3939 ad
1565 3883 1825 3939 abbatem
1838 3884 1956 3937 Hor

353 3979 419 4029 et
443 3974 703 4031 abbatem
729 3975 934 4044 Athre;
968 3981 1026 4030 et
1053 3979 1176 4029 erat
1200 3975 1260 4029 in
1288 3974 1619 4029 infirmitate
1639 3972 1811 4027 abbas
1838 3973 1956 4028 Hor

354 4063 554 4120 'decem
582 4071 640 4120 et
661 4070 785 4120 octo
805 4065 984 4130 annis,
1009 4068 1066 4119 et
1093 4063 1235 4135 coepi
1256 4063 1570 4135 supplicare
1598 4063 1698 4129 eis,
1720 4067 1786 4117 ut
1811 4062 1956 4116 dice-

351 4159 489 4210 rent
511 4154 649 4209 mihi
664 4154 892 4226 aliquod
912 4153 1141 4209 verbum
1166 4173 1179 4221 ;
1203 4158 1261 4207 et
1279 4153 1419 4207 dixit
1437 4152 1608 4207 abbas
1637 4153 1787 4208 Hor:
1811 4151 1955 4217 Quid

351 4241 464 4298 tibi
491 4242 671 4299 habeo
699 4243 925 4299 dicere?
951 4242 1231 4313 Quidquid
1262 4242 1437 4308 vides,
1464 4242 1580 4308 fac;
1620 4242 1768 4296 Deus
1805 4241 1955 4296 enim

355 4332 513 4389 illius
544 4338 648 4400 est,
677 4332 775 4404 qui
802 4331 910 4387 sibi
952 4332 1106 4386 ultra
1135 4348 1304 4403 quam
1333 4336 1519 4404 potest
1548 4334 1867 4402 extorquet,
1901 4335 1959 4384 et

351 4421 681 4478 violentiam
700 4422 834 4477 facit
853 4421 924 4477 ad
945 4421 1160 4477 omnia:
1178 4421 1238 4475 hi
1261 4426 1452 4475 autem
1473 4420 1637 4475 ambo
1658 4437 1771 4475 non
1796 4425 1959 4474 erant

2039 3260 2526 3333 appropinquavit,
2555 3264 2612 3314 et
2637 3257 2899 3314 turbatur
2921 3261 3085 3331 (Καθ’.
3101 3300 3114 3327 ,
3141 3267 3179 3316 t.
3203 3275 3287 3330 III,
3314 3278 3472 3318 num.
3492 3263 3627 3333 474;

2038 3350 2249 3416 Pasch.,
2278 3366 2322 3403 ο.
2355 3347 2445 3415 25,
2475 3364 2534 3402 η.
2567 3346 2644 3413 2).

2107 3437 2196 3494 46.
2216 3438 2506 3493 Venerunt
2533 3436 2629 3491 alii
2655 3436 2886 3508 quidam
2905 3436 2977 3492 ad
2998 3454 3147 3505 eum,
3179 3442 3245 3494 ut
3272 3439 3536 3495 audirent
3559 3438 3630 3496 ab

2036 3544 2102 3584 eo
2132 3544 2478 3596 sermonem;
2511 3531 2571 3582 et
2593 3525 2733 3581 nihil
2763 3526 2843 3581 eis
2880 3527 3234 3598 loquebatur,
3281 3529 3379 3584 sed
3406 3545 3631 3603 semper

2035 3616 2256 3673 dicebat
2279 3636 2292 3671 :
2323 3616 2599 3687 Ignoscite
2626 3615 2785 3670 mihi.
2817 3614 3085 3672 Videntes
3113 3623 3305 3673 autem
3333 3619 3630 3690 sportellas

2038 3708 2177 3778 ejus,
2190 3707 2452 3761 dixerunt
2476 3705 2747 3777 discipulo
2778 3705 2901 3775 ejus
2932 3704 3217 3761 Abraham
3243 3726 3255 3761 :
3284 3707 3430 3772 Quid
3450 3707 3631 3764 facitis

2036 3798 2106 3852 de
2146 3796 2423 3867 sportellis
2460 3795 2582 3849 istis
2612 3795 2636 3847 ?
2669 3795 2739 3849 Et
2774 3795 3065 3865 respondit
3095 3796 3177 3851 eis
3211 3815 3223 3848 :
3258 3796 3380 3851 Huc
3412 3801 3470 3851 et
3498 3797 3631 3853 illuc

2038 3885 2401 3957 expendimus
2431 3901 2546 3939 eas.
2583 3883 2701 3938 Hoc
2730 3889 2921 3939 autem
2949 3884 3182 3939 audiens
3214 3901 3401 3953 senex,
3434 3886 3575 3942 dixit
3613 3904 3627 3941 :

2038 3976 2108 4030 Et
2134 3975 2307 4030 Sisois
2324 3974 2458 4028 hinc
2483 3978 2541 4027 et
2562 3972 2695 4027 inde
2724 3974 3044 4028 manducat.
3070 3973 3157 4029 Illi
3183 3991 3313 4029 vero
3336 3975 3632 4031 audientes

2036 4063 2293 4119 aediﬁcati
2320 4068 2451 4118 sunt
2477 4062 2637 4117 valde
2665 4062 2723 4117 in
2766 4063 3084 4118 humilitate
3111 4065 3252 4135 ejus,
3286 4069 3456 4137 atque
3501 4081 3631 4121 cum

2038 4153 2245 4224 gaudio
2273 4156 2645 4207 recesserunt.

2108 4241 2197 4300 47.
2221 4244 2418 4298 Frater
2434 4242 2801 4312 interrogavit
2818 4241 3080 4297 abbatem
3111 4242 3274 4309 Sisoi,
3296 4243 3515 4299 dicens:
3540 4241 3633 4299 Vi-

2041 4334 2145 4389 deo
2166 4332 2465 4404 meipsum,
2501 4332 2635 4403 quia
2664 4331 2938 4385 memoria
2962 4349 3087 4386 mea
3115 4333 3186 4387 ad
3215 4334 3395 4389 Deum
3415 4333 3633 4390 intenta

2040 4423 2131 4479 sit.
2151 4423 2219 4478 Et
2247 4421 2382 4477 dicit
2403 4421 2453 4475 ei
2474 4437 2670 4475 senex:
2698 4422 2823 4475 Non
2843 4426 2929 4475 est
2948 4438 3216 4491 magnum
3236 4422 3361 4489 hoc,
3388 4427 3453 4477 ut
3472 4439 3633 4479 mens

351 4511 429 4567 de
456 4527 570 4566 una
594 4511 898 4582 provincia,
915 4511 1020 4566 hoc
1034 4516 1122 4566 est
1140 4509 1313 4565 abbas
1343 4511 1460 4565 Hor
1476 4514 1533 4564 et
1560 4509 1732 4564 abbas
1751 4510 1946 4565 Athre.
1970 4518 2129 4574 Dtua
2156 4529 2283 4568 cum
2313 4510 2433 4565 Deo
2463 4510 2539 4563 sit
2562 4528 2575 4575 ;
2607 4525 2874 4579 magnum
2894 4516 2979 4564 est
2999 4510 3261 4576 autem,si
3285 4512 3530 4582 teipsum
3549 4512 3634 4567 in-

354 4599 494 4656 Fuit
519 4609 709 4656 autem
731 4600 880 4656 inter
926 4617 1021 4655 eos
1049 4616 1257 4671 magna
1290 4598 1493 4671 gratia;
1539 4598 1712 4652 donec
1741 4597 1956 4652 exirent

359 4689 531 4745 ambo
556 4689 625 4745 de
649 4706 900 4763 corpore.
922 4688 1109 4744 Abbas
1139 4694 1329 4744 autem
1362 4688 1537 4743 Athre
1564 4703 1797 4742 summa:
1828 4686 1954 4741 obe-

358 4777 587 4835 dientia:
606 4778 927 4845 erat,abbas
946 4795 1075 4833 vero
1098 4779 1215 4833 Hor
1233 4777 1423 4832 multae
1450 4776 1805 4831 humilitatis.
1825 4777 1951 4831 Feci

360 4882 499 4940 ergo
522 4885 728 4941 paucos
754 4868 875 4924 dies
903 4867 1052 4941 apud
1082 4884 1201 4935 eos,
1229 4866 1572 4937 investigans
1599 4866 1834 4920 virtutes
1858 4882 1955 4921 eo-

356 4973 511 5024 rum,
537 4963 594 5013 et
617 4958 731 5012 vidi
761 4956 1015 5012 mirabile
1042 4956 1177 5028 quid
1220 4956 1369 5028 quod
1398 4955 1531 5009 fecit
1559 4954 1729 5009 abbas
1755 4956 1951 5010 Athre.

353 5047 645 5104 Attulerat
671 5047 822 5102 enim
843 5047 923 5101 eis
953 5046 1183 5118 quidam
1210 5061 1387 5100 unum
1409 5044 1621 5117 piscem
1651 5045 1951 5113 modicum,

358 5141 423 5192 et
439 5136 616 5191 voluit
629 5137 790 5192 illum
804 5136 987 5191 facere
1005 5134 1178 5190 abbas
1191 5134 1372 5190 Athre
1388 5134 1594 5189 seniori
1614 5133 1802 5189 abbati
1818 5135 1954 5204 Hor;

356 5230 630 5299 posuerat
667 5242 800 5298 ergo
828 5224 1001 5280 abbas
1028 5224 1204 5279 Athre
1233 5224 1544 5291 cultellum,
1587 5229 1645 5278 et
1674 5223 1957 5279 incidebat

354 5314 572 5388 piscem
599 5316 780 5383 illum,
825 5319 883 5369 et
908 5314 1122 5369 vocavit
1164 5330 1294 5368 eum
1333 5312 1505 5367 abbas
1547 5313 1683 5380 Hor,
1717 5312 1906 5369 dicens
1941 5333 1953 5368 :

356 5405 557 5472 Athre,
586 5405 782 5460 Athre.
808 5404 910 5460 Ille
942 5420 1071 5459 vero
1110 5402 1301 5457 statim
1330 5401 1545 5456 dimisit
1582 5402 1870 5458 cultellum
1898 5403 1957 5460 in

355 5493 548 5551 medio
566 5494 716 5567 pisce
742 5493 938 5560 inciso,
956 5499 1013 5549 et
1029 5508 1142 5548 non
1168 5489 1468 5564 perincidit
1495 5506 1643 5558 eum,
1680 5498 1738 5546 et
1768 5509 1961 5549 cucur-

358 5583 443 5642 ‘rit
460 5583 531 5639 ad
546 5599 677 5640 eum
691 5602 706 5653 ;
719 5588 778 5640 et
790 5583 1027 5639 miratus
1040 5598 1169 5638 sum
1177 5585 1395 5637 tantam
1415 5579 1794 5636 obedientiam
1813 5584 1953 5655 ejus,

356 5673 501 5751 quia
526 5689 643 5732 non
669 5673 812 5731 dixit
841 5693 853 5730 :
900 5674 1170 5747 Exspecta
1225 5671 1401 5727 donec
1446 5668 1689 5726 incidam
1722 5671 1953 5744 piscem.

2036 4607 2124 4661 fra
2151 4616 2375 4658 omnem
2404 4598 2593 4652 videas
2641 4602 2989 4663 creaturam;
3024 4598 3130 4652 hoc
3169 4604 3360 4653 autem
3387 4604 3444 4653 et
3472 4599 3633 4655 labor

2040 4690 2345 4765 corporalis
2374 4687 2621 4757 corrigit,
2650 4691 2706 4741 et
2731 4686 2884 4740 ducit
2902 4686 2972 4740 ad
2990 4686 3325 4741 humilitatis
3353 4688 3520 4743 viam.

2105 4780 2195 4839 48.
2219 4779 2371 4836 Dixit
2381 4777 2557 4831 beata:
2575 4776 2856 4830 memoriae
2873 4775 3185 4847 Syncletica
3209 4794 3222 4831 :
3254 4777 3410 4833 Sicut
3429 4778 3633 4851 impos-

2037 4871 2197 4927 sibile
2227 4874 2312 4924 est
2348 4866 2534 4922 navim
2572 4864 2831 4919 fabricari
2863 4865 2983 4919 sine
3028 4866 3226 4934 acutis,
3258 4867 3341 4922 ita
3370 4867 3631 4941 impossi-

2036 4962 2148 5016 bile
2177 4965 2263 5015 est
2290 4958 2578 5013 hominem
2604 4955 2723 5009 sine
2751 4955 3071 5010 humilitate
3102 4956 3322 5011 salvari.

2107 5050 2197 5106 49.
2229 5048 2377 5105 Dixit
2406 5045 2576 5101 abbas
2606 5045 2977 5116 Hyperichius
3013 5063 3024 5099 :
3056 5046 3241 5101 Arbor
3266 5046 3393 5102 vita:
3438 5052 3531 5101 est
3572 5046 3632 5103 in

2040 5141 2342 5205 excelsum,
2378 5142 2435 5191 et
2462 5135 2715 5190 ascendit
2741 5134 2815 5189 ad
2858 5152 2984 5189 eam
3018 5135 3309 5189 humilitas
3347 5136 3628 5192 monachi.

2110 5228 2197 5286 50.
2231 5227 2383 5283 Dixit
2410 5226 2615 5280 iterum
2646 5225 2742 5295 qui
2772 5241 2942 5296 supra
2974 5243 2984 5277 :
3014 5225 3243 5279 Imitare
3268 5224 3633 5281 Publicanum

2040 5318 2219 5386 illum,
2242 5334 2312 5372 ne
2332 5333 2459 5371 cum
2479 5314 2761 5369 Phariszeo
2786 5314 3069 5368 damneris
3093 5332 3106 5379 ;
3138 5319 3194 5367 et
3217 5330 3451 5385 sequere
3476 5330 3634 5370 man-

2041 5407 2398 5463 suetudinem
2433 5404 2647 5476 hloysis,
2680 5409 2745 5458 ut
2766 5403 3123 5459 summitates
3157 5402 3338 5457 cordis
3364 5401 3448 5457 tui
3476 5420 3631 5460 rese-

2042 5514 2195 5565 cans,
2225 5500 2515 5551 convertas
2543 5495 2603 5548 in
2632 5493 2813 5548 fontes
2841 5508 3135 5565 aquarum.

2111 5586 2201 5641 51.
2222 5585 2373 5640 Dixit
2395 5583 2565 5639 abbas
2583 5581 2825 5639 Orsisius
2843 5599 2855 5635 :
2880 5581 2938 5637 Si
2958 5580 3213 5652 fragmen
3228 5581 3412 5638 crudae
3429 5581 3635 5655 tegulae

2038 5673 2101 5731 in
2128 5674 2496 5730 fundamento
2523 5671 2800 5743 mittatur,
2834 5670 2934 5727 ubi
2974 5671 3137 5744 juxta
3167 5672 3242 5729 sit
3265 5672 3484 5743 fluvius,
3519 5687 3635 5732 non
