3934 6380
415 324 519 384 963

1550 312 1644 368 DE
1681 312 1871 369 VITIS
1910 310 2208 369 PATRUM
2244 311 2459 368 LIBER
2495 311 2562 366 V.

3577 309 3686 371 ait

416 449 659 506 sustinet
683 460 860 501 unum
889 441 1071 508 diem;
1104 442 1271 495 coctae
1300 441 1508 506 autem,
1532 445 1827 510 permanet
1854 440 2008 495 velut
2026 438 2342 500 Alaborem
2362 444 2557 505 tuum;
2590 436 2689 493 scd
2718 440 2838 493 esto
2886 436 3128 510 spiritali
3168 435 3284 493 sale
3319 436 3581 494 conditus
3624 438 3686 494 in

414 540 576 613 lapis.
593 539 679 593 Ita
699 541 785 590 est
797 535 963 587 homo
985 530 1081 602 qui
1095 529 1378 584 carnalem
1395 528 1731 601 sapientiam
1750 529 1938 595 habet,
1951 534 2010 585 et

413 646 528 686 non
555 632 641 682 est
666 622 1044 679 tentationum
1070 619 1199 690 igne
1228 614 1667 684 decoctus,sicut
1695 623 1751 673 et
1770 618 2004 690 Joseph;

413 714 737 789 hujusmodi
765 712 918 767 enim
930 708 1098 764 verbo
1126 707 1229 763 Dei
1253 708 1581 762 resolvitur:
1613 708 1709 778 qui
1738 724 1866 762 cum
1895 707 2009 761 ini-

410 809 556 864 tium
573 803 786 869 fecerit,
808 799 999 855 multis
1012 796 1417 853 tentationibus
1433 797 1491 850 in
1508 797 1694 851 medio
1715 797 2009 851 hominum

412 897 679 969 agitatur.
702 893 923 948 Bonum
953 893 1039 944 est
1066 887 1216 943 enim
1237 892 1301 941 ut
1327 886 1452 957 quis
1477 886 1695 941 noverit
1714 902 2008 941 mensuras

414 1003 563 1053 suas,
605 989 663 1040 et
689 981 932 1037 declinet
959 979 1019 1033 in
1044 977 1208 1032 initio
1246 976 1495 1048 pondus;
1527 976 1700 1030 fortes
1727 980 1921 1029 autem
1949 973 2009 1027 in

413 1077 525 1133 ﬁde
551 1072 868 1129 immobiles
897 1073 1060 1135 sunt;
1092 1082 1226 1120 nam
1265 1066 1335 1119 de
1365 1065 1488 1136 ipso
1508 1070 1701 1119 sancto
1724 1063 1934 1134 Joseph
1964 1060 2012 1116 si

412 1165 547 1221 velit
573 1162 777 1234 aliquis
825 1158 1001 1230 loqui,
1050 1156 1201 1211 dicet
1249 1154 1386 1226 quia
1429 1171 1532 1209 nec
1556 1159 1817 1208 terrenus
1846 1158 2009 1219 erat;

415 1258 690 1328 quantum
718 1254 970 1305 tentatus
990 1251 1095 1313 est,
1128 1251 1184 1300 et
1205 1244 1265 1298 in
1282 1243 1433 1315 quali
1454 1243 1756 1316 provincia,
1787 1241 1884 1299 ubi
1914 1257 2016 1296 nec

414 1342 713 1414 vestigium
731 1345 854 1394 erat
880 1336 1053 1392 divini
1082 1334 1305 1390 cultus?
1329 1334 1438 1388 Sed
1456 1335 1607 1388 Deus
1633 1338 1860 1404 patrum
1893 1332 1941 1400 ej
1951 1347 2015 1384 us

418 1438 543 1488 erat
570 1447 699 1486 cum
724 1445 809 1496 eo,
854 1426 952 1498 qui
978 1424 1187 1495 eripuit
1206 1440 1334 1477 eum
1358 1438 1423 1477 ex
1446 1422 1600 1476 omni
1628 1419 2010 1484 tribulatione,

417 1528 477 1579 et
498 1537 649 1576 nunc
674 1522 760 1573 est
782 1532 911 1571 cum
933 1513 1186 1586 patribus
1215 1512 1332 1566 suis
1352 1513 1411 1566 in
1440 1527 1613 1581 regno
1634 1510 1921 1564 caelorum.
1946 1508 2016 1562 Et

418 1627 522 1667 nos
554 1624 687 1679 ergo
720 1608 1087 1677 agnoscentes
1117 1618 1410 1656 mensuras
1438 1606 1661 1654 nostras
1684 1604 1968 1653 certemus
1997 1614 2011 1664 ;

417 1699 507 1754 vix
535 1697 686 1753 enim
718 1711 819 1749 nos
850 1707 1150 1764 possumus
1178 1690 1423 1759 effugere
1442 1688 1722 1759 judicium
1760 1686 1881 1741 Dei.

2092 528 2334 584 Christo.

2163 615 2249 672 56.
2283 618 2432 672 Dixit
2472 634 2640 673 senex
2670 630 2682 665 :
2715 616 2862 682 Quia
2904 617 3001 688 qui
3039 618 3335 689 plusquam
3364 616 3569 689 dignus
3602 622 3690 674 est

2091 708 2402 762 honoratur
2419 713 2520 762 aut
2558 707 2841 772 laudatur,
2876 707 3117 779 amplius
3146 707 3357 779 patitur
3379 707 3692 764 detrimen-

2088 801 2212 851 tum
2242 816 2255 864 ;
2297 798 2393 868 qui
2429 802 2619 851 autem
2644 813 2758 851 non
2797 796 2967 851 fuerit
2992 797 3222 852 omnino
3253 796 3325 851 ab
3363 797 3688 854 hominibus

2089 885 2416 952 honoratus,
2456 885 2548 940 hic
2580 886 2822 957 desuper
2841 885 3473 959 gloriﬁcabitur,’(Ru/f.,
3515 889 3555 942 ι.
3594 900 3683 955 In,

2094 990 2152 1028 η.
2183 973 2319 1041 i‘l'Z;
2352 976 2564 1041 Pasch.,
2593 992 2646 1032 ο.
2686 973 2774 1041 13,
2809 992 2867 1029 η.
2892 975 2965 1044 1).

2168 1062 2256 1119 57.
2288 1064 2486 1118 Frater
2508 1064 2712 1135 aliquis
2732 1064 3101 1134 interrogavit
3118 1080 3331 1130 senem,
3353 1064 3572 1120 dicens:
3591 1064 3697 1120 Bo-

2099 1168 2237 1207 num
2266 1158 2352 1207 est
2375 1153 2599 1208 assidue
2628 1153 2945 1224 poenitere?
2975 1154 3045 1208 Et
3072 1152 3361 1225 respondit
3388 1153 3439 1208 ei
3460 1158 3648 1208 senex
3673 1173 3690 1210 :

2098 1242 2356 1297 Vidimus
2383 1244 2576 1298 Jesum
2599 1243 2780 1297 filium
2808 1243 2981 1308 Nave,
3013 1242 3146 1313 quia
3173 1260 3299 1299 cum
3325 1244 3697 1316 pronusjace-

2098 1336 2187 1386 ret
2211 1332 2270 1386 in
2300 1332 2459 1397 facie,
2493 1332 2757 1403 apparuit
2785 1333 2870 1386 illi
2894 1333 3062 1387 Deus.

2169 1419 2258 1477 58.
2293 1423 2679 1492 Interrogatus
2709 1438 2896 1485 senex,
2927 1438 3099 1492 quare
3141 1422 3223 1476 ita
3250 1421 3699 1493 inquietaremur

2098 1527 2132 1564 a
2150 1510 2515 1577 daemonibus,
2542 1511 2836 1582 respondit
2861 1526 2873 1561 :
2913 1511 3057 1575 Quia
3090 1527 3251 1565 arma
3278 1517 3471 1566 nostra
3498 1511 3697 1583 abjici-

2100 1616 2250 1666 mus,
2297 1600 2447 1671 quod
2503 1605 2590 1654 est
2640 1601 3059 1666 contumeliam,
3090 1607 3148 1654 et
3186 1601 3583 1669 humilitatem,
3635 1606 3698 1656 et

2099 1694 2515 1760 paupertatem,
2567 1694 2624 1743 et
2652 1689 2982 1760 patientiam
3030 1691 3218 1756 (Ra/7.,
3261 1692 3300 1747 ι.
3336 1704 3419 1757 n1,
3460 1707 3520 1746 π.
3550 1687 3693 1759 173;

491 1786 580 1844 5‘2.
603 1787 784 1841 Senex
803 1762 1032 1855 quidem
1057 1783 1181 1834 erat
1199 1778 1483 1833 solitarius
1501 1794 1706 1831 vacans
1725 1776 1785 1829 in
1807 1790 2013 1840 eremo,
2039 1762 2086 1822 Β
2103 1779 2284 1831 Pasch.
2302 1817 2315 1843 ,
2348 1794 2394 1832 ο.
2425 1778 2515 1844 25,
2549 1795 2605 1832 η.
2632 1778 2743 1847 11).

419 1882 477 1932 et
494 1874 716 1931 dicebat
731 1874 791 1928 in
811 1870 1110 1941 semetipso
1135 1868 1267 1939 quia
1278 1868 1555 1939 perfectus
1582 1872 1731 1919 esset
1760 1866 1819 1918 in
1849 1864 2021 1918 virtu-

418 1965 587 2021 tibus.
615 1964 719 2019 Hic
736 1960 917 2017 oravit
944 1960 1145 2024 Deum,
1180 1957 1370 2011 dicens
1404 1975 1415 2009 :
1446 1956 1692 2012 Ostende
1722 1954 1861 2008 mihi
1884 1951 2020 2023 quid

419 2060 505 2111 est
534 2051 803 2125 perfectio
833 2048 1054 2114 animae,
1104 2052 1162 2101 et
1188 2046 1350 2100 facio.
1382 2045 1588 2099 Volens
1640 2048 1831 2097 autem
1869 2042 2020 2095 Deus

417 2144 716 2201 humiliare
742 2139 1109 2211 cogitationes
1138 2137 1281 2207 ejus,
1312 2134 1455 2189 dixit
1472 2134 1555 2188 ei:
1579 2134 1733 2187 Vade
1760 2132 1829 2185 ad
1859 2131 2019 2184 illum

418 2230 936 2295 archimandritam,
961 2234 1018 2281 et
1038 2224 1311 2299 quidquid
1336 2224 1435 2279 tibi
1458 2223 1678 2289 dixerit,
1707 2221 1893 2276 facito.
1914 2220 2017 2274 Re-

417 2323 623 2380 velavit
649 2326 840 2376 autem
889 2319 1039 2374 Deus
1085 2313 1536 2370 archimandritas
1566 2312 1667 2378 illi,
1714 2315 2019 2379 antequam

419 2413 513 2469 ille
558 2412 631 2467 ad
679 2409 864 2481 ipsum
892 2406 1129 2472 veniret,
1162 2404 1352 2458 dicens
1380 2421 1392 2456 :
1426 2402 1569 2456 Ecce
1597 2402 1691 2454 ille
1732 2398 2018 2453 solitarius

418 2501 571 2558 venit
598 2499 670 2554 ad
696 2504 754 2553 te
779 2516 792 2566 ;
824 2496 915 2551 dic
942 2511 1075 2565 ergo
1098 2493 1148 2548 ei
1174 2499 1237 2548 ut
1258 2492 1421 2547 tollat
1438 2490 1742 2561 flagellum,
1767 2493 1824 2542 et
1851 2487 2019 2541 vadat

417 2597 483 2648 ut
509 2593 703 2662 pascat
739 2601 936 2659 porcos
976 2583 1099 2638 tibi.
1130 2582 1374 2637 Veniens
1406 2597 1539 2652 ergo
1570 2595 1742 2634 senex
1770 2575 2019 2649 pulsavit

419 2679 647 2746 ostium,
680 2682 737 2731 et
760 2676 1048 2745 ingressus
1068 2678 1154 2727 est
1182 2671 1253 2726 ad
1281 2668 1781 2725 archimandritam
1820 2666 2012 2732 illum;

421 2775 479 2828 et
506 2783 634 2824 cum
660 2784 720 2821 se
748 2765 1108 2828 salutassent,
1141 2761 1427 2815 sederunt.
1476 2760 1545 2813 Et
1573 2756 1714 2811 dixit
1740 2755 1791 2809 ei
1821 2753 2016 2808 solita-

422 2858 543 2914 rius
562 2856 657 2911 ille
683 2854 781 2925 qui
810 2857 1043 2907 venerat
1074 2869 1086 2904 :
1120 2850 1221 2905 Dic
1248 2849 1388 2903 mihi
1418 2848 1553 2920 quid
1579 2845 1803 2911 faciam,
1825 2849 1890 2898 ut
1908 2842 2016 2897 sim

421 2948 627 3004 salvus.
647 2945 716 3000 Et
734 2943 828 2998 ille
850 2941 1014 2995 dixit:
1040 2939 1233 2995 Facies
1254 2938 1644 3010 quodcumque
1663 2934 1854 2989 dixero
1873 2931 2017 2986 tibi?

422 3014 493 3093 Et
513 3033 805 3106 respondit
832 3031 921 3085 ei:
947 3030 1150 3085 Etiam.
1183 3029 1254 3083 Et
1276 3027 1415 3081 dixit
1445 3026 1496 3081 ei
1529 3044 1540 3078 ε
1577 3024 1713 3078 Ecce
1747 3022 1879 3077 tolle
1912 3022 2016 3076 fla-

2172 1866 2261 1921 59.
2286 1867 2483 1921 Frater
2512 1867 2742 1939 quidam
2767 1868 3137 1939 interrogavit
3156 1884 3349 1923 senem
3376 1868 3602 1923 dicens:
3635 1868 3700 1924 Si

2105 1955 2201 2025 qui
2228 1954 2469 2010 fratrum
2508 1957 2764 2011 attulerit
2814 1958 2886 2012 ad
2933 1975 3021 2012 me
3052 1958 3257 2012 deforis
3285 1958 3652 2028 cogitationes
3680 1977 3696 2027 ;

2104 2045 2211 2111 vis,
2248 2045 2411 2111 abba,
2444 2046 2625 2100 dicam
2656 2047 2709 2100 ei
2755 2052 2820 2100 ut
2862 2063 2975 2101 non
3002 2064 3097 2101 eas
3129 2047 3328 2101 afferat
3355 2047 3428 2101 ad
3454 2048 3585 2102 me?
3629 2048 3702 2103 Et

2104 2134 2391 2205 respondit
2421 2135 2473 2189 ei
2505 2152 2673 2189 senex
2698 2155 2710 2189 :
2760 2136 2906 2190 Noli.
2941 2137 3009 2191 Et
3035 2136 3177 2191 dixit
3207 2136 3417 2191 frater:
3465 2137 3650 2201 Quare
3671 2136 3702 2191 7

2104 2223 2415 2294 Respondit
2442 2224 2494 2278 ei
2541 2241 2707 2279 senex
2740 2245 2752 2279 :
2784 2226 2930 2289 Quia
2956 2242 3058 2280 nec
3109 2242 3212 2280 nos
3257 2226 3360 2280 hoc
3404 2241 3702 2297 possumus

2102 2312 2413 2379 custodire;
2447 2317 2505 2367 et
2555 2331 2626 2368 ne
2676 2314 2818 2369 forte
2852 2332 2980 2369 cum
3028 2315 3266 2370 dicimus
3316 2314 3586 2387 proximo,
3613 2316 3702 2371 Ne

2102 2402 2272 2456 facias
2295 2402 2454 2467 illud,
2488 2403 2837 2458 inveniamus
2875 2420 2977 2458 nos
3010 2409 3207 2476 postea
3231 2404 3477 2474 idipsum
3496 2403 3703 2459 facien-

2101 2496 2207 2545 tes.
2241 2492 2311 2546 Et
2336 2492 2479 2546 dixit
2506 2492 2713 2547 frater:
2747 2493 2894 2558 Quid
2925 2510 3058 2564 ergo
3087 2493 3255 2548 debet
3298 2493 3465 2549 ﬁeri?
3494 2493 3561 2548 Et
3604 2509 3699 2548 re—

2100 2580 2327 2652 spondit
2355 2581 2405 2635 ei
2426 2599 2596 2637 senex
2628 2595 2639 2630 :
2673 2583 2731 2638 Si
2747 2583 3086 2638 voluerimus
3104 2582 3545 2638 taciturnitatem
3573 2599 3699 2639 ser-

2099 2686 2251 2737 vare,
2284 2670 2491 2725 sufﬁcit
2514 2672 2766 2743 proximo
2787 2672 2989 2727 modus
3027 2672 3165 2744 ipse.

2172 2758 2259 2815 60.
2283 2760 2669 2831 Interrogatus
2694 2766 2783 2815 est
2811 2777 2997 2826 senex,
3030 2761 3165 2832 quid
3197 2766 3347 2816 esset
3372 2760 3698 2816 humilitas?

2101 2848 2171 2903 Et
2189 2848 2283 2903 ille
2314 2849 2637 2920 respondit:
2663 2850 2720 2904 Si
2755 2849 3007 2921 peccanti
3044 2848 3206 2904 fratri
3224 2849 3284 2905 in
3311 2854 3369 2905 te
3396 2849 3693 2921 ignoveris,

2100 2943 2405 3008 antequam
2434 2938 2583 3009 apud
2612 2944 2668 2993 te
2697 2938 3085 3011 paenitentiam
3119 2945 3268 3010 agat.

2173 3023 2265 3082 61.
2298 3025 2452 3081 Dixit
2479 3044 2649 3082 senex
2679 3049 2691 3084 :
2724 3030 2789 3083 In
2831 3028 2984 3084 omni
3023 3028 3334 3084 tentatione
3366 3045 3479 3084 non
3506 3028 3697 3100 culpes

419 3126 650 3200 gellum,
682 3126 739 3177 et
765 3119 923 3187 vade,
957 3133 1120 3190 pasce
1156 3132 1374 3188 porcos.
1408 3114 1480 3169 Hi
1510 3118 1721 3177 autem,
1764 3110 1860 3182 qui
1888 3125 2017 3200 eum
2040 3123 2085 3185 ο
2104 3115 2410 3183 hominem,
2463 3118 2562 3171 sed
2600 3118 2841 3189 teipsum
2881 3124 3123 3186 tantum,
3154 3118 3343 3174 dicens
3375 3130 3389 3166 ε
3422 3117 3564 3185 Quia
3590 3133 3694 3190 pro

418 3198 691 3272 noverant
733 3216 790 3266 et
837 3208 1135 3264 audierant
1179 3206 1249 3260 de
1289 3220 1375 3270 eo,
1406 3220 1535 3258 cum
1575 3202 1844 3256 vidissent
1887 3198 2021 3270 quia

418 3318 619 3377 porcos
646 3304 917 3373 pasceret,
941 3296 1230 3353 dicebant:
1254 3293 1486 3348 Vidistis
1516 3292 1675 3346 illum
1704 3288 2020 3345 solitarium

420 3390 796 3464 magnum,de
811 3404 922 3459 quo
951 3383 1345 3441 audiebamus?
1369 3399 1495 3437 ecce
1522 3380 1738 3452 stupuit
1757 3396 1853 3433 cor
1873 3378 2015 3449 ejus,

420 3489 479 3540 et
503 3479 777 3537 demonio
798 3481 1047 3543 vexatur,
1073 3480 1129 3529 et
1156 3472 1338 3546 pascit
1355 3488 1573 3544 porcos.
1592 3469 1804 3523 Videns
1828 3471 2019 3521 autem

416 3572 569 3629 Deus
589 3567 963 3624 humilitatem
980 3566 1121 3635 ejus,
1139 3563 1273 3634 quia
1296 3562 1378 3615 ita
1397 3560 1675 3632 patienter
1707 3555 2021 3612 sustinebat

418 3658 718 3734 opprobria
736 3656 1047 3723 hominum,
1079 3651 1345 3726 praecepit
1364 3665 1495 3706 eum
1516 3649 1722 3704 iterum
1742 3645 1926 3701 redire
1946 3644 2017 3699 ad

417 3750 605 3807 locum
634 3764 820 3803 suum.

486 3837 897 3904 53.Quemdam
912 3849 1103 3889 senem
1118 3828 1456 3887 monachum
1485 3826 1798 3884 solitarium
1824 3825 2011 3891 homo,

417 3930 569 4005 quia
585 3925 862 3983 daemonio
889 3922 1196 3979 vexabatur
1223 3926 1281 3975 et
1298 3919 1520 3974 fortiter
1544 3915 1861 3990 spumabat,
1886 3930 2017 4005 per-

415 4004 591 4077 cussit
626 4018 684 4072 in
735 4012 1058 4079 maxillam;
1090 4027 1260 4065 senex
1282 4024 1413 4063 vero
1443 4006 1723 4062 convertit
1752 4005 1804 4059 ei
1847 4004 2017 4059 aliam

415 4108 709 4166 maxillam
736 4100 947 4159 statim.
980 4101 1211 4155 Daemon
1242 4102 1452 4164 autem,
1475 4113 1589 4152 non
1616 4095 1802 4149 ferens
1830 4093 2020 4148 incen-

417 4199 577 4255 dium
606 4191 945 4251 humilitatis
965 4191 1106 4261 ejus,
1135 4205 1264 4243 mox
1286 4187 1455 4242 exivit
1468 4185 1538 4241 ab
1557 4202 1621 4240 eo
1646 4186 1831 4252 (Ra/ﬂ,
1857 4186 1898 4239 ι.
1930 4195 2013 4250 III,

419 4303 581 4345 num.
613 4283 735 4351 425)
748 4323 760 4337 .

491 4375 580 4432 54.
611 4373 765 4430 Dixit
792 4386 961 4427 senex
1002 4365 1224 4424 cuidam
1253 4365 1439 4435 (Ra/7.,
1474 4366 1512 4418 ι.
1553 4376 1638 4429 Ill,
1688 4380 1845 4418 num.
1884 4360 2014 4431 115;

417 4466 693 4530 Pasch.,c.
728 4460 813 4530 13,
846 4478 907 4516 η.
943 4458 992 4529 3)
1024 4476 1037 4511 :
1072 4454 1307 4523 Quando
1335 4454 1599 4525 cogitatio
1622 4451 1897 4525 superbiae
1923 4456 2022 4507 aut

419 4553 678 4613 elationis
690 4549 983 4608 intraverit
994 4548 1051 4603 in
1067 4550 1400 4614 te,scrutare
1415 4543 1818 4599 conscientiam
1839 4548 2015 4609 tuam,

2103 3206 2341 3277 peccatis
2371 3206 2511 3260 meis
2540 3207 2657 3262 haec
2685 3207 2824 3262 mihi
2854 3214 3181 3263 evenerunt.

2178 3294 2266 3349 6'2.
2317 3295 2469 3350 Dixit
2511 3313 2678 3351 senex
2712 3316 2724 3351 :
2754 3298 3059 3369 Nunquam
3112 3297 3390 3369 praeterivi
3441 3296 3693 3352 ordinem

2102 3400 2312 3451 meum,
2345 3390 2410 3440 ut
2436 3386 2603 3440 altius
2629 3386 2978 3442 ambularem
3009 3407 3022 3444 :
3067 3404 3250 3457 neque
3281 3385 3538 3442 turbatus
3564 3401 3693 3440 sum

2103 3473 2404 3545 aliquando
2425 3474 2483 3529 in
2509 3475 2827 3531 humilitate
2846 3477 3062 3549 positus
3084 3496 3097 3544 ;
3122 3476 3303 3531 omnis
3322 3475 3472 3530 enim
3489 3474 3695 3546 cogita-

2103 3561 2182 3615 tio
2204 3579 2331 3617 mea
2363 3562 2422 3617 in
2457 3563 2562 3619 hoc
2596 3571 2737 3631 erat,
2769 3572 2835 3620 ut
2869 3564 3202 3638 deprecarer
3228 3564 3548 3632 Dominum,
3579 3578 3692 3635 quo

2101 3651 2371 3722 spoliaret
2397 3670 2487 3707 me
2517 3659 2762 3709 veterem
2792 3655 3100 3710 hominem.

2177 3738 2265 3797 63.
2298 3742 2496 3797 Frater
2525 3744 2755 3814 quidam
2775 3744 3142 3816 interrogavit
3166 3761 3360 3801 senem
3386 3766 3401 3802 :
3426 3743 3571 3809 Quid
3601 3746 3688 3798 est

2100 3828 2427 3885 humilitas?
2448 3832 2518 3886 Et
2544 3833 2834 3903 respondit
2857 3833 2910 3887 ei
2936 3850 3104 3888 senex
3135 3852 3148 3888 :
3181 3834 3256 3889 Ut
3274 3832 3589 3889 benefacias
3606 3832 3692 3887 his

2101 3920 2198 3990 qui
2222 3919 2325 3974 tibi
2355 3920 2733 3977 malefaciunt.
2769 3923 2839 3977 Et
2867 3923 3007 3978 dixit
3028 3924 3205 3978 frater
3233 3941 3245 3979 :
3280 3924 3337 3978 Si
3366 3939 3479 3978 non
3506 3938 3694 3995 perve-

2101 4009 2222 4064 niat
2248 4010 2416 4065 homo
2443 4010 2502 4065 in
2524 4012 2721 4066 eadem
2747 4028 3030 4079 mensura,
3062 4013 3197 4085 quid
3222 4012 3422 4067 faciet?
3451 4012 3693 4084 Respon-

2101 4098 2185 4154 dit
2204 4116 2373 4153 senex
2405 4118 2417 4154 :
2454 4100 2675 4171 Fugiat,
2708 4101 2920 4172 eligens
2949 4101 3411 4157 taciturnitatem.

2172 4184 2260 4244 64.
2296 4189 2493 4245 Frater
2537 4190 2743 4261 aliquis
2790 4191 3157 4262 interrogavit
3206 4207 3418 4257 senem,
3455 4190 3643 4246 dicens
3676 4206 3691 4245 :

2103 4277 2265 4342 Quod
2305 4284 2391 4333 est
2443 4295 2584 4351 opus
2639 4280 3154 4351 peregrinationis?
3185 4281 3255 4335 Et
3296 4280 3391 4335 ille
3421 4280 3562 4334 dixit
3594 4279 3648 4334 ei
3677 4295 3691 4333 :

2105 4367 2231 4422 Scio
2259 4366 2495 4422 fratrem
2515 4369 2989 4439 peregrinantem,
3014 4369 3110 4440 qui
3126 4385 3254 4425 cum
3275 4374 3466 4424 tentus
3478 4369 3695 4424 essetin

2105 4456 2356 4523 ecclesia,
2386 4462 2443 4511 et
2486 4458 2815 4529 contigisset
2864 4459 2942 4513 ibi
2995 4459 3119 4513 ﬁeri
3162 4475 3417 4530 agapem,
3449 4458 3594 4513 sedit
3624 4457 3695 4512 ad

2103 4563 2359 4601 mensam
2384 4552 2449 4601 ut
2466 4547 2834 4603 manducaret
2847 4565 2976 4603 cum
2996 4546 3280 4603 fratribus.
3308 4548 3581 4603 Dixerunt
3601 4562 3695 4602 au-

418 4645 467 4701 si
495 4644 684 4700 divina
711 4640 977 4696 mandata
1009 4638 1200 4693 omnia
1226 4634 1491 4701 custodis,
1525 4633 1571 4687 si
1603 4631 1862 4686 inimicos
1888 4635 2017 4686 tuos
2102 4640 2221 4690 tem
2250 4636 2512 4707 quidam:
2537 4638 2716 4693 Istum
2742 4638 2833 4692 hic
2860 4637 2984 4709 quis
3004 4637 3205 4692 tenuit.
3228 4638 3296 4692 Et
3321 4637 3581 4692 dixerunt
3608 4636 3695 4691 ei:

418 4734 624 4806 diligis,
644 4733 693 4788 si
719 4730 932 4802 gaudes
963 4728 1023 4782 in
1052 4724 1357 4781 adversarii
1386 4723 1472 4778 tui
1500 4721 1927 4793 glorificatione,
1961 4725 2020 4775 et
2101 4726 2279 4796 Surge
2309 4731 2365 4780 et
2392 4726 2531 4780 vade
2558 4726 2687 4781 hinc
2724 4727 2873 4781 foras
2904 4750 2916 4785 :
2942 4727 3037 4798 qui
3062 4727 3303 4782 surrexit
3329 4732 3387 4781 et
3414 4725 3570 4781 abiit.
3589 4724 3697 4781 Alii

418 4822 468 4881 si
487 4819 837 4879 contristaris
857 4818 915 4872 in
932 4815 1304 4872 minoratione
1335 4814 1479 4885 ejus,
1501 4816 1692 4878 ινιτ
1716 4818 1774 4866 et
1793 4810 1839 4865 si
1857 4826 2027 4881 agno-
2107 4831 2238 4869 vero
2267 4815 2585 4870 contristati
2613 4816 2682 4870 de
2703 4816 3024 4888 expulsione
3052 4818 3194 4887 ejus,
3226 4815 3435 4887 egressi
3462 4820 3609 4881 sunt,
3641 4819 3699 4869 et

419 4912 530 4981 scis
556 4911 804 4982 teipsum
834 4922 955 4962 esse
1003 4902 1261 4959 inutilem
1310 4918 1556 4969 servum,
1590 4908 1647 4956 et
1673 4901 1721 4955 si
1769 4900 2022 4955 omnium

419 5006 781 5078 peccatorum
814 5012 934 5051 esse
964 4993 1302 5049 deteriorem
1333 5010 1344 5046 :
1381 4992 1478 5046 sed
1509 5008 1657 5045 nunc
1686 4990 1734 5044 si
1764 4990 1845 5044 ita
1866 4988 1934 5078 de
1964 4993 2023 5043 te

421 5077 653 5158 sentias,
687 5086 848 5160 quasi
874 5084 1066 5140 omnia
1093 5082 1419 5149 correxeris,
1452 5080 1631 5135 sciens
1658 5079 1791 5152 quia
1819 5077 1917 5149 huj
1929 5095 2022 5133 us-

420 5180 575 5240 modi
596 5175 859 5249 cogitatio
884 5179 986 5229 tua
1021 5170 1283 5227 universa
1303 5170 1560 5225 resolvet.

495 5271 582 5327 55.
617 5266 772 5324 Dixit
797 5280 967 5319 senex
994 5261 1215 5317 cuidam
1243 5277 1255 5312 :
1306 5260 1432 5315 Non
1464 5275 1713 5331 apponas
1742 5274 1837 5312 cor
1861 5262 2021 5314 tuum

422 5337 690 5417 adversus
710 5355 963 5420 fratrem,
988 5351 1199 5415 dicens,
1225 5347 1357 5421 quia
1378 5354 1441 5403 tu
1472 5347 1651 5418 magis
1680 5347 1775 5400 illo
1803 5346 2023 5401 sobrius

424 5456 483 5505 et
508 5444 904 5509 continentior,
939 5446 997 5496 et
1024 5438 1428 5509 intelligentior
1454 5436 1530 5491 sis
1564 5456 1577 5504 ;
1620 5436 1718 5490 sed
1765 5435 2023 5490 subditus

426 5544 545 5595 esto
569 5534 769 5607 gratiae
784 5532 887 5587 Dei
901 5532 960 5587 in
976 5529 1179 5601 spiritu
1193 5525 1561 5600 paupertatis,
1575 5531 1631 5580 et
1658 5542 1759 5597 per
1787 5526 2025 5581 Charita-

426 5631 544 5691 tem
564 5640 679 5682 non
694 5623 883 5679 fictam
902 5640 914 5691 ;
934 5636 1005 5677 ne
1016 5618 1219 5693 spiritu
1236 5615 1592 5681 exaltationis
1616 5616 1815 5686 elatus,
1821 5616 2024 5690 perdas

2108 4909 2510 4959 revocaverunt
2533 4921 2680 4959 eum.
2714 4905 2850 4960 Post
2880 4907 2997 4961 haec
3025 4905 3393 4976 interrogavit
3417 4921 3547 4960 eum
3581 4903 3701 4977 qui-

2104 4992 2256 5061 dam,
2287 4994 2479 5049 dicens
2511 5014 2523 5049 :
2559 4994 2724 5062 Quid,
2766 5001 2950 5066 putas,
2997 5000 3085 5051 est
3118 4995 3179 5050 in
3213 4995 3380 5049 corde
3414 5000 3532 5061 tuo,
3568 4993 3701 5065 quia

2105 5083 2372 5154 expulsus
2397 5100 2477 5149 es,
2511 5088 2569 5138 et
2598 5084 2805 5139 iterum
2848 5084 3181 5139 revocatus?
3209 5085 3278 5139 Et
3309 5084 3403 5139 ille
3429 5083 3571 5138 dixit
3597 5081 3651 5137 ei
3684 5101 3698 5137 :

2108 5172 2385 5236 Quoniam
2412 5173 2573 5244 posui
2611 5173 2671 5228 in
2706 5174 2872 5228 corde
2902 5191 3048 5242 meo,
3078 5173 3213 5245 quia
3249 5173 3477 5244 aequalis
3522 5187 3700 5227 essem

2106 5263 2232 5317 cani
2255 5303 2270 5331 ,
2329 5265 2427 5335 qui
2492 5265 2715 5336 quando
2770 5265 3113 5333 insectatur,
3168 5266 3315 5320 foras
3375 5262 3700 5335 egreditur;

2107 5353 2331 5425 quando
2361 5371 2492 5408 vero
2519 5360 2768 5422 vocatur,
2801 5354 3137 5426 ingreditur.
3446 5396 3449 5399 ‹

2174 5439 2263 5498 65.
2291 5443 2583 5499 Venerunt
2603 5445 2832 5516 quidam
2853 5443 3153 5515 aliquando
3172 5444 3233 5499 in
3259 5440 3600 5499 Thebaidam
3626 5436 3696 5496 ad

2105 5532 2407 5603 quemdam
2434 5516 2645 5601 senem,
2680 5534 2951 5589 habentes
2980 5551 3170 5589 secum
3197 5549 3374 5588 unum
3405 5532 3500 5603 qui
3528 5547 3564 5586 a
3591 5530 3701 5609 def-

2105 5622 2294 5678 monio
2322 5622 2644 5694 vexabatur,
2677 5630 2743 5680 ut
2774 5629 3070 5682 curaretur
3120 5623 3190 5680 ab
3216 5622 3315 5679 illo
3345 5638 3479 5681 sene
3517 5621 3701 5697 (Ilum,
