  <div class='ocr_page' id='page_1' title='image "/cluster/home/n/w/nwhite01/storage/ocr_20150623/73/umn.31951002477366m/488.png"; bbox 0 0 3934 6380; ppageno 0'>
   <div class='ocr_carea' id='block_1_1' title="bbox 219 337 331 398">
    <p class='ocr_par' dir='ltr' id='par_1_1' title="bbox 219 337 331 398">
     <span class='ocr_line' id='line_1_1' title="bbox 219 337 331 398; baseline 0 0"><span class='ocrx_word' id='word_1_1' title='bbox 219 337 331 398; x_wconf 85' lang='grc'>965</span> 
     </span>
    </p>
   </div>
   <div class='ocr_carea' id='block_1_2' title="bbox 1510 330 2181 390">
    <p class='ocr_par' dir='ltr' id='par_1_2' title="bbox 1510 330 2181 390">
     <span class='ocr_line' id='line_1_2' title="bbox 1510 330 2181 390; baseline -0.006 -2"><span class='ocrx_word' id='word_1_2' title='bbox 1510 333 1751 390; x_wconf 84' lang='lat' dir='ltr'>VERBA</span> <span class='ocrx_word' id='word_1_3' title='bbox 1791 330 2181 388; x_wconf 86' lang='lat' dir='ltr'>SENIORUM.</span> 
     </span>
    </p>
   </div>
   <div class='ocr_carea' id='block_1_3' title="bbox 3401 330 3507 400">
    <p class='ocr_par' dir='ltr' id='par_1_3' title="bbox 3401 330 3507 400">
     <span class='ocr_line' id='line_1_3' title="bbox 3401 330 3507 400; baseline 0 0"><span class='ocrx_word' id='word_1_4' title='bbox 3401 330 3507 400; x_wconf 80' lang='grc'>966</span> 
     </span>
    </p>
   </div>
   <div class='ocr_carea' id='block_1_4' title="bbox 208 457 3498 534">
    <p class='ocr_par' dir='ltr' id='par_1_4' title="bbox 208 457 3498 534">
     <span class='ocr_line' id='line_1_4' title="bbox 208 457 3498 534; baseline -0.004 -12"><span class='ocrx_word' id='word_1_5' title='bbox 208 470 260 522; x_wconf 36' lang='grc' dir='ltr'>γι.</span> <span class='ocrx_word' id='word_1_6' title='bbox 295 480 376 533; x_wconf 87' lang='lat' dir='ltr'>m,</span> <span class='ocrx_word' id='word_1_7' title='bbox 416 464 610 531; x_wconf 63' lang='lat'>11.25).</span> <span class='ocrx_word' id='word_1_8' title='bbox 657 463 837 521; x_wconf 85' lang='lat' dir='ltr'><strong>Senex</strong></span> <span class='ocrx_word' id='word_1_9' title='bbox 864 479 997 534; x_wconf 87' lang='lat' dir='ltr'>ergo</span> <span class='ocrx_word' id='word_1_10' title='bbox 1027 478 1153 518; x_wconf 92' lang='lat' dir='ltr'>cum</span> <span class='ocrx_word' id='word_1_11' title='bbox 1184 462 1280 516; x_wconf 88' lang='lat' dir='ltr'>diu</span> <span class='ocrx_word' id='word_1_12' title='bbox 1312 464 1626 530; x_wconf 86' lang='lat' dir='ltr'>rogaretur.</span> <span class='ocrx_word' id='word_1_13' title='bbox 1679 457 1817 512; x_wconf 84' lang='lat' dir='ltr'>dixit</span> <span class='ocrx_word' id='word_1_14' title='bbox 1835 461 1885 520; x_wconf 85' lang='grc' dir='ltr'><strong>Α</strong></span> <span class='ocrx_word' id='word_1_15' title='bbox 1974 457 2061 511; x_wconf 83' lang='grc'>71.</span> <span class='ocrx_word' id='word_1_16' title='bbox 2095 458 2347 517; x_wconf 83' lang='lat' dir='ltr'>Alterum</span> <span class='ocrx_word' id='word_1_17' title='bbox 2378 478 2568 523; x_wconf 85' lang='lat' dir='ltr'>senem</span> <span class='ocrx_word' id='word_1_18' title='bbox 2593 466 2846 523; x_wconf 69' lang='lat' dir='ltr'>volentes</span> <span class='ocrx_word' id='word_1_19' title='bbox 2888 462 3153 520; x_wconf 75' lang='lat' dir='ltr'>seducere</span> <span class='ocrx_word' id='word_1_20' title='bbox 3194 460 3498 527; x_wconf 65' lang='lat' dir='ltr'>daemones,</span> 
     </span>
    </p>
   </div>
   <div class='ocr_carea' id='block_1_5' title="bbox 204 549 1816 621">
    <p class='ocr_par' dir='ltr' id='par_1_5' title="bbox 204 549 1816 621">
     <span class='ocr_line' id='line_1_5' title="bbox 204 549 1816 621; baseline -0.006 -11"><span class='ocrx_word' id='word_1_21' title='bbox 204 555 467 610; x_wconf 53' lang='grc' dir='ltr'>ἀρηιοηὶ</span> <span class='ocrx_word' id='word_1_22' title='bbox 493 572 504 608; x_wconf 93' lang='lat'>:</span> <span class='ocrx_word' id='word_1_23' title='bbox 538 554 636 609; x_wconf 89' lang='lat' dir='ltr'>Exi</span> <span class='ocrx_word' id='word_1_24' title='bbox 665 555 735 608; x_wconf 88' lang='lat' dir='ltr'>de</span> <span class='ocrx_word' id='word_1_25' title='bbox 762 554 981 608; x_wconf 88' lang='lat' dir='ltr'>factura</span> <span class='ocrx_word' id='word_1_26' title='bbox 1008 552 1134 607; x_wconf 88' lang='lat' dir='ltr'>Dei.</span> <span class='ocrx_word' id='word_1_27' title='bbox 1161 552 1231 605; x_wconf 92' lang='lat' dir='ltr'>Et</span> <span class='ocrx_word' id='word_1_28' title='bbox 1258 549 1549 621; x_wconf 84' lang='lat' dir='ltr'>respondit</span> <span class='ocrx_word' id='word_1_29' title='bbox 1569 549 1816 602; x_wconf 70' lang='lat' dir='ltr'>daemon:</span> 
     </span>
    </p>
   </div>
   <div class='ocr_carea' id='block_1_6' title="bbox 219 636 1815 713">
    <p class='ocr_par' dir='ltr' id='par_1_6' title="bbox 219 636 1815 713">
     <span class='ocr_line' id='line_1_6' title="bbox 219 636 1815 713; baseline -0.007 -14"><span class='ocrx_word' id='word_1_30' title='bbox 219 644 393 711; x_wconf 82' lang='lat' dir='ltr'><strong>Exeo,</strong></span> <span class='ocrx_word' id='word_1_31' title='bbox 418 644 515 698; x_wconf 92' lang='lat' dir='ltr'>sed</span> <span class='ocrx_word' id='word_1_32' title='bbox 531 644 818 713; x_wconf 82' lang='lat' dir='ltr'>interrogo</span> <span class='ocrx_word' id='word_1_33' title='bbox 841 648 897 696; x_wconf 89' lang='lat' dir='ltr'>te</span> <span class='ocrx_word' id='word_1_34' title='bbox 920 658 1098 696; x_wconf 89' lang='lat' dir='ltr'>unum</span> <span class='ocrx_word' id='word_1_35' title='bbox 1125 639 1378 706; x_wconf 83' lang='lat' dir='ltr'>verbum,</span> <span class='ocrx_word' id='word_1_36' title='bbox 1400 644 1465 693; x_wconf 90' lang='lat' dir='ltr'>ut</span> <span class='ocrx_word' id='word_1_37' title='bbox 1482 638 1637 691; x_wconf 82' lang='lat' dir='ltr'>dicas</span> <span class='ocrx_word' id='word_1_38' title='bbox 1657 636 1815 703; x_wconf 81' lang='lat' dir='ltr'>mihi,</span> 
     </span>
    </p>
   </div>
   <div class='ocr_carea' id='block_1_7' title="bbox 220 727 1815 804">
    <p class='ocr_par' dir='ltr' id='par_1_7' title="bbox 220 727 1815 804">
     <span class='ocr_line' id='line_1_7' title="bbox 220 727 1815 804; baseline -0.005 -17"><span class='ocrx_word' id='word_1_39' title='bbox 220 732 325 804; x_wconf 91' lang='lat' dir='ltr'>qui</span> <span class='ocrx_word' id='word_1_40' title='bbox 353 738 486 787; x_wconf 88' lang='lat' dir='ltr'>sunt</span> <span class='ocrx_word' id='word_1_41' title='bbox 522 732 686 799; x_wconf 66' lang='lat' dir='ltr'>haedi,</span> <span class='ocrx_word' id='word_1_42' title='bbox 732 737 791 785; x_wconf 88' lang='lat' dir='ltr'>et</span> <span class='ocrx_word' id='word_1_43' title='bbox 830 731 926 803; x_wconf 86' lang='lat' dir='ltr'>qui</span> <span class='ocrx_word' id='word_1_44' title='bbox 962 734 1095 785; x_wconf 90' lang='lat' dir='ltr'>sunt</span> <span class='ocrx_word' id='word_1_45' title='bbox 1122 728 1273 800; x_wconf 85' lang='lat' dir='ltr'>agni.</span> <span class='ocrx_word' id='word_1_46' title='bbox 1311 729 1380 783; x_wconf 90' lang='lat' dir='ltr'>Et</span> <span class='ocrx_word' id='word_1_47' title='bbox 1418 727 1561 782; x_wconf 84' lang='lat' dir='ltr'>dixit</span> <span class='ocrx_word' id='word_1_48' title='bbox 1603 742 1771 781; x_wconf 82' lang='lat' dir='ltr'>senex</span> <span class='ocrx_word' id='word_1_49' title='bbox 1804 744 1815 779; x_wconf 93' lang='lat'>:</span> 
     </span>
    </p>
   </div>
   <div class='ocr_carea' id='block_1_8' title="bbox 226 815 1818 892">
    <p class='ocr_par' dir='ltr' id='par_1_8' title="bbox 226 815 1818 892">
     <span class='ocr_line' id='line_1_8' title="bbox 226 815 1818 892; baseline -0.005 -16"><span class='ocrx_word' id='word_1_50' title='bbox 226 821 391 878; x_wconf 71' lang='lat' dir='ltr'>Haedi</span> <span class='ocrx_word' id='word_1_51' title='bbox 421 822 647 892; x_wconf 88' lang='lat' dir='ltr'>quidem</span> <span class='ocrx_word' id='word_1_52' title='bbox 666 821 827 887; x_wconf 87' lang='lat' dir='ltr'>tales,</span> <span class='ocrx_word' id='word_1_53' title='bbox 853 820 1033 891; x_wconf 86' lang='lat' dir='ltr'>qualis</span> <span class='ocrx_word' id='word_1_54' title='bbox 1063 835 1197 889; x_wconf 89' lang='lat' dir='ltr'>ego;</span> <span class='ocrx_word' id='word_1_55' title='bbox 1231 817 1362 888; x_wconf 85' lang='lat' dir='ltr'>agni</span> <span class='ocrx_word' id='word_1_56' title='bbox 1390 833 1520 871; x_wconf 91' lang='lat' dir='ltr'>vero</span> <span class='ocrx_word' id='word_1_57' title='bbox 1552 816 1647 887; x_wconf 89' lang='lat' dir='ltr'>qui</span> <span class='ocrx_word' id='word_1_58' title='bbox 1686 815 1818 881; x_wconf 91' lang='lat' dir='ltr'>sint,</span> 
     </span>
    </p>
   </div>
   <div class='ocr_carea' id='block_1_9' title="bbox 206 906 1818 975">
    <p class='ocr_par' dir='ltr' id='par_1_9' title="bbox 206 906 1818 975">
     <span class='ocr_line' id='line_1_9' title="bbox 206 906 1818 975; baseline -0.005 -9"><span class='ocrx_word' id='word_1_59' title='bbox 206 911 377 966; x_wconf 84' lang='lat' dir='ltr'>Deus</span> <span class='ocrx_word' id='word_1_60' title='bbox 405 910 510 965; x_wconf 84' lang='lat' dir='ltr'>scit</span> <span class='ocrx_word' id='word_1_61' title='bbox 529 910 618 965; x_wconf 89' lang='lat' dir='ltr'>.Et</span> <span class='ocrx_word' id='word_1_62' title='bbox 639 910 875 965; x_wconf 89' lang='lat' dir='ltr'>audiens</span> <span class='ocrx_word' id='word_1_63' title='bbox 891 910 1128 974; x_wconf 83' lang='lat' dir='ltr'>daemon,</span> <span class='ocrx_word' id='word_1_64' title='bbox 1159 906 1421 961; x_wconf 79' lang='lat' dir='ltr'>clamavit</span> <span class='ocrx_word' id='word_1_65' title='bbox 1444 921 1575 960; x_wconf 86' lang='lat' dir='ltr'>voce</span> <span class='ocrx_word' id='word_1_66' title='bbox 1595 920 1818 975; x_wconf 88' lang='lat' dir='ltr'>magna,</span> 
     </span>
    </p>
   </div>
   <div class='ocr_carea' id='block_1_10' title="bbox 202 995 1818 1071">
    <p class='ocr_par' dir='ltr' id='par_1_10' title="bbox 202 995 1818 1071">
     <span class='ocr_line' id='line_1_10' title="bbox 202 995 1818 1071; baseline -0.004 -17"><span class='ocrx_word' id='word_1_67' title='bbox 202 999 416 1054; x_wconf 71' lang='lat' dir='ltr'>dicens</span> <span class='ocrx_word' id='word_1_68' title='bbox 435 1018 446 1053; x_wconf 92' lang='lat'>:</span> <span class='ocrx_word' id='word_1_69' title='bbox 462 1001 610 1054; x_wconf 84' lang='lat' dir='ltr'>Ecce</span> <span class='ocrx_word' id='word_1_70' title='bbox 628 1004 859 1071; x_wconf 82' lang='lat' dir='ltr'>prapter</span> <span class='ocrx_word' id='word_1_71' title='bbox 877 999 1047 1054; x_wconf 88' lang='lat' dir='ltr'>istam</span> <span class='ocrx_word' id='word_1_72' title='bbox 1068 995 1449 1051; x_wconf 82' lang='lat' dir='ltr'>humilitatem</span> <span class='ocrx_word' id='word_1_73' title='bbox 1478 1000 1636 1050; x_wconf 88' lang='lat' dir='ltr'>tuam</span> <span class='ocrx_word' id='word_1_74' title='bbox 1666 1010 1818 1048; x_wconf 86' lang='lat' dir='ltr'><strong>exeo.</strong></span> 
     </span>
    </p>
   </div>
   <div class='ocr_carea' id='block_1_11' title="bbox 198 1088 870 1143">
    <p class='ocr_par' dir='ltr' id='par_1_11' title="bbox 198 1088 870 1143">
     <span class='ocr_line' id='line_1_11' title="bbox 198 1088 870 1143; baseline 0 0"><span class='ocrx_word' id='word_1_75' title='bbox 198 1089 298 1143; x_wconf 70' lang='lat' dir='ltr'>&#39;Et</span> <span class='ocrx_word' id='word_1_76' title='bbox 326 1089 463 1143; x_wconf 84' lang='lat' dir='ltr'>exiit</span> <span class='ocrx_word' id='word_1_77' title='bbox 484 1088 684 1143; x_wconf 89' lang='lat' dir='ltr'>eadem</span> <span class='ocrx_word' id='word_1_78' title='bbox 708 1089 870 1143; x_wconf 91' lang='lat' dir='ltr'>hora.</span> 
     </span>
    </p>
   </div>
   <div class='ocr_carea' id='block_1_12' title="bbox 298 1171 1826 1248">
    <p class='ocr_par' dir='ltr' id='par_1_12' title="bbox 298 1171 1826 1248">
     <span class='ocr_line' id='line_1_12' title="bbox 298 1171 1826 1248; baseline -0.005 -16"><span class='ocrx_word' id='word_1_79' title='bbox 298 1175 387 1233; x_wconf 87' lang='lat'>66.</span> <span class='ocrx_word' id='word_1_80' title='bbox 403 1176 664 1232; x_wconf 87' lang='lat' dir='ltr'>Manebat</span> <span class='ocrx_word' id='word_1_81' title='bbox 681 1177 910 1248; x_wconf 92' lang='lat' dir='ltr'>quidam</span> <span class='ocrx_word' id='word_1_82' title='bbox 927 1178 1233 1233; x_wconf 83' lang='lat' dir='ltr'>monachus</span> <span class='ocrx_word' id='word_1_83' title='bbox 1244 1174 1538 1246; x_wconf 67' lang='lat' dir='ltr'>Egyptius</span> <span class='ocrx_word' id='word_1_84' title='bbox 1552 1173 1610 1227; x_wconf 92' lang='lat' dir='ltr'>in</span> <span class='ocrx_word' id='word_1_85' title='bbox 1627 1171 1826 1226; x_wconf 88' lang='lat' dir='ltr'>subur-</span> 
     </span>
    </p>
   </div>
   <div class='ocr_carea' id='block_1_13' title="bbox 221 1265 1816 1338">
    <p class='ocr_par' dir='ltr' id='par_1_13' title="bbox 221 1265 1816 1338">
     <span class='ocr_line' id='line_1_13' title="bbox 221 1265 1816 1338; baseline -0.006 -16"><span class='ocrx_word' id='word_1_86' title='bbox 221 1265 374 1322; x_wconf 90' lang='lat' dir='ltr'>bano</span> <span class='ocrx_word' id='word_1_87' title='bbox 404 1266 1036 1338; x_wconf 81' lang='lat' dir='ltr'>ConstantinOpolitanae</span> <span class='ocrx_word' id='word_1_88' title='bbox 1056 1266 1295 1321; x_wconf 81' lang='lat' dir='ltr'>civitatis</span> <span class='ocrx_word' id='word_1_89' title='bbox 1332 1265 1585 1337; x_wconf 81' lang='lat' dir='ltr'>(Ru/ﬁn.,</span> <span class='ocrx_word' id='word_1_90' title='bbox 1606 1265 1644 1316; x_wconf 86' lang='grc' dir='ltr'>ι.</span> <span class='ocrx_word' id='word_1_91' title='bbox 1667 1275 1816 1328; x_wconf 86' lang='lat' dir='ltr'>m,n.</span> 
     </span>
    </p>
   </div>
   <div class='ocr_carea' id='block_1_14' title="bbox 224 1350 1827 1425">
    <p class='ocr_par' dir='ltr' id='par_1_14' title="bbox 224 1350 1827 1425">
     <span class='ocr_line' id='line_1_14' title="bbox 224 1350 1827 1425; baseline -0.006 -12"><span class='ocrx_word' id='word_1_92' title='bbox 224 1354 600 1421; x_wconf 72' lang='lat' dir='ltr'>19,narrante</span> <span class='ocrx_word' id='word_1_93' title='bbox 627 1358 888 1425; x_wconf 66' lang='lat' dir='ltr'>Pammene)</span> <span class='ocrx_word' id='word_1_94' title='bbox 921 1374 933 1424; x_wconf 94' lang='lat'>;</span> <span class='ocrx_word' id='word_1_95' title='bbox 967 1362 1025 1409; x_wconf 89' lang='lat' dir='ltr'>et</span> <span class='ocrx_word' id='word_1_96' title='bbox 1051 1356 1184 1410; x_wconf 87' lang='lat' dir='ltr'>dum</span> <span class='ocrx_word' id='word_1_97' title='bbox 1197 1354 1464 1409; x_wconf 82' lang='lat' dir='ltr'>transiret</span> <span class='ocrx_word' id='word_1_98' title='bbox 1480 1350 1827 1406; x_wconf 88' lang='lat' dir='ltr'>Theodosius</span> 
     </span>
    </p>
   </div>
   <div class='ocr_carea' id='block_1_15' title="bbox 217 1437 1826 1517">
    <p class='ocr_par' dir='ltr' id='par_1_15' title="bbox 217 1437 1826 1517">
     <span class='ocr_line' id='line_1_15' title="bbox 217 1437 1826 1517; baseline -0.005 -17"><span class='ocrx_word' id='word_1_99' title='bbox 217 1445 426 1500; x_wconf 84' lang='lat' dir='ltr'>Junior</span> <span class='ocrx_word' id='word_1_100' title='bbox 450 1445 761 1517; x_wconf 84' lang='lat' dir='ltr'>imperator</span> <span class='ocrx_word' id='word_1_101' title='bbox 777 1461 878 1516; x_wconf 91' lang='lat' dir='ltr'>per</span> <span class='ocrx_word' id='word_1_102' title='bbox 898 1445 1046 1499; x_wconf 85' lang='lat' dir='ltr'>viam</span> <span class='ocrx_word' id='word_1_103' title='bbox 1072 1444 1244 1511; x_wconf 89' lang='lat' dir='ltr'>illam,</span> <span class='ocrx_word' id='word_1_104' title='bbox 1263 1441 1494 1513; x_wconf 84' lang='lat' dir='ltr'>reliquit</span> <span class='ocrx_word' id='word_1_105' title='bbox 1515 1456 1711 1495; x_wconf 91' lang='lat' dir='ltr'>omnes</span> <span class='ocrx_word' id='word_1_106' title='bbox 1728 1437 1826 1509; x_wconf 89' lang='lat' dir='ltr'>qui</span> 
     </span>
    </p>
   </div>
   <div class='ocr_carea' id='block_1_16' title="bbox 222 1528 1824 1605">
    <p class='ocr_par' dir='ltr' id='par_1_16' title="bbox 222 1528 1824 1605">
     <span class='ocr_line' id='line_1_16' title="bbox 222 1528 1824 1605; baseline -0.004 -18"><span class='ocrx_word' id='word_1_107' title='bbox 222 1533 288 1588; x_wconf 89' lang='lat' dir='ltr'>in</span> <span class='ocrx_word' id='word_1_108' title='bbox 329 1534 597 1605; x_wconf 88' lang='lat' dir='ltr'>obsequio</span> <span class='ocrx_word' id='word_1_109' title='bbox 645 1535 767 1605; x_wconf 85' lang='lat' dir='ltr'>ejus</span> <span class='ocrx_word' id='word_1_110' title='bbox 808 1540 988 1599; x_wconf 89' lang='lat' dir='ltr'>erant,</span> <span class='ocrx_word' id='word_1_111' title='bbox 1036 1539 1094 1588; x_wconf 91' lang='lat' dir='ltr'>et</span> <span class='ocrx_word' id='word_1_112' title='bbox 1126 1533 1278 1588; x_wconf 84' lang='lat' dir='ltr'>venit</span> <span class='ocrx_word' id='word_1_113' title='bbox 1319 1532 1471 1586; x_wconf 91' lang='lat' dir='ltr'>solus</span> <span class='ocrx_word' id='word_1_114' title='bbox 1513 1530 1584 1583; x_wconf 89' lang='lat' dir='ltr'>ad</span> <span class='ocrx_word' id='word_1_115' title='bbox 1624 1528 1824 1582; x_wconf 88' lang='lat' dir='ltr'>cellam</span> 
     </span>
    </p>
   </div>
   <div class='ocr_carea' id='block_1_17' title="bbox 223 1616 1826 1694">
    <p class='ocr_par' dir='ltr' id='par_1_17' title="bbox 223 1616 1826 1694">
     <span class='ocr_line' id='line_1_17' title="bbox 223 1616 1826 1694; baseline -0.006 -16"><span class='ocrx_word' id='word_1_116' title='bbox 223 1624 373 1693; x_wconf 88' lang='lat' dir='ltr'>ejus.</span> <span class='ocrx_word' id='word_1_117' title='bbox 407 1624 477 1678; x_wconf 92' lang='lat' dir='ltr'>Et</span> <span class='ocrx_word' id='word_1_118' title='bbox 490 1624 719 1694; x_wconf 84' lang='lat' dir='ltr'>pulsans</span> <span class='ocrx_word' id='word_1_119' title='bbox 744 1623 816 1677; x_wconf 88' lang='lat' dir='ltr'>ad</span> <span class='ocrx_word' id='word_1_120' title='bbox 838 1623 1046 1677; x_wconf 87' lang='lat' dir='ltr'>ostium</span> <span class='ocrx_word' id='word_1_121' title='bbox 1070 1621 1353 1688; x_wconf 85' lang='lat' dir='ltr'>monachi,</span> <span class='ocrx_word' id='word_1_122' title='bbox 1385 1618 1607 1691; x_wconf 90' lang='lat' dir='ltr'>aperuit</span> <span class='ocrx_word' id='word_1_123' title='bbox 1624 1616 1674 1671; x_wconf 93' lang='lat' dir='ltr'>ei</span> <span class='ocrx_word' id='word_1_124' title='bbox 1703 1632 1826 1670; x_wconf 90' lang='lat' dir='ltr'>mo-</span> 
     </span>
    </p>
   </div>
   <div class='ocr_carea' id='block_1_18' title="bbox 223 1705 1828 1781">
    <p class='ocr_par' dir='ltr' id='par_1_18' title="bbox 223 1705 1828 1781">
     <span class='ocr_line' id='line_1_18' title="bbox 223 1705 1828 1781; baseline -0.006 -14"><span class='ocrx_word' id='word_1_125' title='bbox 223 1713 463 1767; x_wconf 85' lang='lat' dir='ltr'>nachus.</span> <span class='ocrx_word' id='word_1_126' title='bbox 509 1713 718 1767; x_wconf 89' lang='lat' dir='ltr'>Videns</span> <span class='ocrx_word' id='word_1_127' title='bbox 763 1717 953 1766; x_wconf 88' lang='lat' dir='ltr'>autem</span> <span class='ocrx_word' id='word_1_128' title='bbox 983 1728 1133 1780; x_wconf 89' lang='lat' dir='ltr'>eum,</span> <span class='ocrx_word' id='word_1_129' title='bbox 1168 1711 1397 1781; x_wconf 85' lang='lat' dir='ltr'>agnovit</span> <span class='ocrx_word' id='word_1_130' title='bbox 1436 1708 1662 1780; x_wconf 86' lang='lat' dir='ltr'>quidem</span> <span class='ocrx_word' id='word_1_131' title='bbox 1693 1705 1828 1776; x_wconf 88' lang='lat' dir='ltr'>quia</span> 
     </span>
    </p>
   </div>
   <div class='ocr_carea' id='block_1_19' title="bbox 1903 545 3503 612">
    <p class='ocr_par' dir='ltr' id='par_1_19' title="bbox 1903 545 3503 612">
     <span class='ocr_line' id='line_1_19' title="bbox 1903 545 3503 612; baseline 0.003 -14"><span class='ocrx_word' id='word_1_132' title='bbox 1903 545 2248 603; x_wconf 88' lang='lat' dir='ltr'>dicebantei:</span> <span class='ocrx_word' id='word_1_133' title='bbox 2276 551 2371 605; x_wconf 86' lang='lat' dir='ltr'>Vis</span> <span class='ocrx_word' id='word_1_134' title='bbox 2392 554 2578 612; x_wconf 90' lang='lat' dir='ltr'>videre</span> <span class='ocrx_word' id='word_1_135' title='bbox 2595 557 2884 612; x_wconf 80' lang='lat' dir='ltr'>Christum</span> <span class='ocrx_word' id='word_1_136' title='bbox 2905 555 2929 608; x_wconf 75' lang='grc'><strong>7</strong></span> <span class='ocrx_word' id='word_1_137' title='bbox 2955 555 3025 608; x_wconf 89' lang='lat' dir='ltr'>Et</span> <span class='ocrx_word' id='word_1_138' title='bbox 3043 554 3137 608; x_wconf 91' lang='lat' dir='ltr'>ille</span> <span class='ocrx_word' id='word_1_139' title='bbox 3157 550 3297 605; x_wconf 84' lang='lat' dir='ltr'>dixit</span> <span class='ocrx_word' id='word_1_140' title='bbox 3318 569 3329 605; x_wconf 87' lang='lat'>:</span> <span class='ocrx_word' id='word_1_141' title='bbox 3353 550 3503 604; x_wconf 85' lang='lat' dir='ltr'>Ana-</span> 
     </span>
    </p>
   </div>
   <div class='ocr_carea' id='block_1_20' title="bbox 1902 635 3501 715">
    <p class='ocr_par' dir='ltr' id='par_1_20' title="bbox 1902 635 3501 715">
     <span class='ocr_line' id='line_1_20' title="bbox 1902 635 3501 715; baseline 0.004 -28"><span class='ocrx_word' id='word_1_142' title='bbox 1902 635 2096 690; x_wconf 90' lang='lat' dir='ltr'>thema</span> <span class='ocrx_word' id='word_1_143' title='bbox 2115 636 2266 691; x_wconf 88' lang='lat' dir='ltr'>vobis</span> <span class='ocrx_word' id='word_1_144' title='bbox 2282 645 2338 693; x_wconf 90' lang='lat' dir='ltr'>et</span> <span class='ocrx_word' id='word_1_145' title='bbox 2351 642 2419 696; x_wconf 92' lang='lat' dir='ltr'>de</span> <span class='ocrx_word' id='word_1_146' title='bbox 2441 659 2552 715; x_wconf 89' lang='lat' dir='ltr'>quo</span> <span class='ocrx_word' id='word_1_147' title='bbox 2567 644 2772 700; x_wconf 88' lang='lat' dir='ltr'>dicitis.</span> <span class='ocrx_word' id='word_1_148' title='bbox 2797 646 2912 715; x_wconf 86' lang='lat' dir='ltr'>Ego</span> <span class='ocrx_word' id='word_1_149' title='bbox 2926 648 3115 698; x_wconf 88' lang='lat' dir='ltr'>autem</span> <span class='ocrx_word' id='word_1_150' title='bbox 3136 656 3262 696; x_wconf 90' lang='lat' dir='ltr'>meo</span> <span class='ocrx_word' id='word_1_151' title='bbox 3276 637 3501 695; x_wconf 87' lang='lat' dir='ltr'>Christo</span> 
     </span>
    </p>
   </div>
   <div class='ocr_carea' id='block_1_21' title="bbox 1902 721 3496 803">
    <p class='ocr_par' dir='ltr' id='par_1_21' title="bbox 1902 721 3496 803">
     <span class='ocr_line' id='line_1_21' title="bbox 1902 721 3496 803; baseline 0.004 -26"><span class='ocrx_word' id='word_1_152' title='bbox 1902 725 2068 779; x_wconf 87' lang='lat' dir='ltr'>credo</span> <span class='ocrx_word' id='word_1_153' title='bbox 2088 726 2314 782; x_wconf 88' lang='lat' dir='ltr'>dicenti:</span> <span class='ocrx_word' id='word_1_154' title='bbox 2334 729 2395 785; x_wconf 93' lang='lat' dir='ltr'>Si</span> <span class='ocrx_word' id='word_1_155' title='bbox 2416 734 2540 803; x_wconf 89' lang='lat' dir='ltr'>quis</span> <span class='ocrx_word' id='word_1_156' title='bbox 2553 735 2710 790; x_wconf 90' lang='lat' dir='ltr'>vobis</span> <span class='ocrx_word' id='word_1_157' title='bbox 2727 734 2948 799; x_wconf 91' lang='lat' dir='ltr'>dixerit,</span> <span class='ocrx_word' id='word_1_158' title='bbox 2957 733 3093 787; x_wconf 89' lang='lat' dir='ltr'>Ecce</span> <span class='ocrx_word' id='word_1_159' title='bbox 3117 730 3207 785; x_wconf 91' lang='lat' dir='ltr'>hic</span> <span class='ocrx_word' id='word_1_160' title='bbox 3220 721 3496 795; x_wconf 84' lang='lat' dir='ltr'>Christus,</span> 
     </span>
    </p>
   </div>
   <div class='ocr_carea' id='block_1_22' title="bbox 1903 816 3502 887">
    <p class='ocr_par' dir='ltr' id='par_1_22' title="bbox 1903 816 3502 887">
     <span class='ocr_line' id='line_1_22' title="bbox 1903 816 3502 887; baseline 0.004 -20"><span class='ocrx_word' id='word_1_161' title='bbox 1903 819 2003 867; x_wconf 89' lang='lat' dir='ltr'>aut</span> <span class='ocrx_word' id='word_1_162' title='bbox 2025 830 2150 869; x_wconf 91' lang='lat' dir='ltr'>ecce</span> <span class='ocrx_word' id='word_1_163' title='bbox 2180 816 2309 883; x_wconf 90' lang='lat' dir='ltr'>illic,</span> <span class='ocrx_word' id='word_1_164' title='bbox 2341 821 2513 876; x_wconf 90' lang='lat' dir='ltr'>nolite</span> <span class='ocrx_word' id='word_1_165' title='bbox 2543 824 2791 879; x_wconf 87' lang='lat' dir='ltr'>credere.</span> <span class='ocrx_word' id='word_1_166' title='bbox 2825 823 2947 887; x_wconf 87' lang='lat' dir='ltr'>Quo</span> <span class='ocrx_word' id='word_1_167' title='bbox 2972 822 3121 877; x_wconf 89' lang='lat' dir='ltr'>dicto</span> <span class='ocrx_word' id='word_1_168' title='bbox 3152 820 3347 875; x_wconf 87' lang='lat' dir='ltr'>statim</span> <span class='ocrx_word' id='word_1_169' title='bbox 3385 831 3502 874; x_wconf 88' lang='lat' dir='ltr'>non</span> 
     </span>
    </p>
   </div>
   <div class='ocr_carea' id='block_1_23' title="bbox 1903 911 2780 985">
    <p class='ocr_par' dir='ltr' id='par_1_23' title="bbox 1903 911 2780 985">
     <span class='ocr_line' id='line_1_23' title="bbox 1903 911 2780 985; baseline 0.014 -30"><span class='ocrx_word' id='word_1_170' title='bbox 1903 913 2339 974; x_wconf 76' lang='lat' dir='ltr'>comparuerant</span> <span class='ocrx_word' id='word_1_171' title='bbox 2360 911 2589 975; x_wconf 74' lang='lat' dir='ltr'>(Malm.</span> <span class='ocrx_word' id='word_1_172' title='bbox 2613 912 2780 985; x_wconf 75' lang='lat' dir='ltr'>xxiv).</span> 
     </span>
    </p>
   </div>
   <div class='ocr_carea' id='block_1_24' title="bbox 1977 988 3506 1074">
    <p class='ocr_par' dir='ltr' id='par_1_24' title="bbox 1977 988 3506 1074">
     <span class='ocr_line' id='line_1_24' title="bbox 1977 988 3506 1074; baseline 0.003 -28"><span class='ocrx_word' id='word_1_173' title='bbox 1977 990 2064 1048; x_wconf 83' lang='lat'>7&#39;2.</span> <span class='ocrx_word' id='word_1_174' title='bbox 2097 994 2483 1053; x_wconf 89' lang='lat' dir='ltr'>Narraverunt</span> <span class='ocrx_word' id='word_1_175' title='bbox 2513 1000 2582 1055; x_wconf 92' lang='lat' dir='ltr'>de</span> <span class='ocrx_word' id='word_1_176' title='bbox 2628 1002 2739 1056; x_wconf 90' lang='lat' dir='ltr'>alio</span> <span class='ocrx_word' id='word_1_177' title='bbox 2780 1019 2935 1071; x_wconf 90' lang='lat' dir='ltr'>sene,</span> <span class='ocrx_word' id='word_1_178' title='bbox 2966 1001 3098 1074; x_wconf 89' lang='lat' dir='ltr'>quia</span> <span class='ocrx_word' id='word_1_179' title='bbox 3127 988 3506 1072; x_wconf 80' lang='lat' dir='ltr'>perseveravit</span> 
     </span>
    </p>
   </div>
   <div class='ocr_carea' id='block_1_25' title="bbox 1900 1080 3501 1158">
    <p class='ocr_par' dir='ltr' id='par_1_25' title="bbox 1900 1080 3501 1158">
     <span class='ocr_line' id='line_1_25' title="bbox 1900 1080 3501 1158; baseline 0.004 -24"><span class='ocrx_word' id='word_1_180' title='bbox 1900 1080 2167 1151; x_wconf 88' lang='lat' dir='ltr'>jejunans</span> <span class='ocrx_word' id='word_1_181' title='bbox 2196 1088 2554 1158; x_wconf 87' lang='lat' dir='ltr'>septuaginta</span> <span class='ocrx_word' id='word_1_182' title='bbox 2580 1090 2977 1158; x_wconf 89' lang='lat' dir='ltr'>hebdomadas,</span> <span class='ocrx_word' id='word_1_183' title='bbox 3007 1091 3182 1145; x_wconf 87' lang='lat' dir='ltr'>semel</span> <span class='ocrx_word' id='word_1_184' title='bbox 3211 1090 3271 1144; x_wconf 90' lang='lat' dir='ltr'>in</span> <span class='ocrx_word' id='word_1_185' title='bbox 3287 1086 3501 1142; x_wconf 85' lang='lat' dir='ltr'>hebdo-</span> 
     </span>
    </p>
   </div>
   <div class='ocr_carea' id='block_1_26' title="bbox 1905 1170 3500 1250">
    <p class='ocr_par' dir='ltr' id='par_1_26' title="bbox 1905 1170 3500 1250">
     <span class='ocr_line' id='line_1_26' title="bbox 1905 1170 3500 1250; baseline 0.005 -28"><span class='ocrx_word' id='word_1_186' title='bbox 1905 1170 2074 1225; x_wconf 79' lang='lat' dir='ltr'>mada</span> <span class='ocrx_word' id='word_1_187' title='bbox 2101 1173 2375 1229; x_wconf 85' lang='lat' dir='ltr'>reﬁciens.</span> <span class='ocrx_word' id='word_1_188' title='bbox 2399 1177 2503 1231; x_wconf 86' lang='lat' dir='ltr'>Hic</span> <span class='ocrx_word' id='word_1_189' title='bbox 2526 1181 2826 1249; x_wconf 87' lang='lat' dir='ltr'>postulavit</span> <span class='ocrx_word' id='word_1_190' title='bbox 2839 1198 2874 1235; x_wconf 91' lang='lat' dir='ltr'>a</span> <span class='ocrx_word' id='word_1_191' title='bbox 2896 1182 3013 1235; x_wconf 83' lang='lat' dir='ltr'>Deo</span> <span class='ocrx_word' id='word_1_192' title='bbox 3032 1180 3102 1235; x_wconf 91' lang='lat' dir='ltr'>de</span> <span class='ocrx_word' id='word_1_193' title='bbox 3122 1178 3366 1250; x_wconf 88' lang='lat' dir='ltr'>quodam</span> <span class='ocrx_word' id='word_1_194' title='bbox 3379 1191 3500 1231; x_wconf 87' lang='lat' dir='ltr'>ser-</span> 
     </span>
    </p>
   </div>
   <div class='ocr_carea' id='block_1_27' title="bbox 1904 1260 3486 1336">
    <p class='ocr_par' dir='ltr' id='par_1_27' title="bbox 1904 1260 3486 1336">
     <span class='ocr_line' id='line_1_27' title="bbox 1904 1260 3486 1336; baseline 0.005 -25"><span class='ocrx_word' id='word_1_195' title='bbox 1904 1274 2071 1314; x_wconf 88' lang='lat' dir='ltr'>mone</span> <span class='ocrx_word' id='word_1_196' title='bbox 2093 1260 2509 1333; x_wconf 84' lang='lat' dir='ltr'>Scripturarum</span> <span class='ocrx_word' id='word_1_197' title='bbox 2536 1278 2877 1336; x_wconf 89' lang='lat' dir='ltr'>sanctarum,</span> <span class='ocrx_word' id='word_1_198' title='bbox 2897 1277 2955 1323; x_wconf 89' lang='lat' dir='ltr'>et</span> <span class='ocrx_word' id='word_1_199' title='bbox 2981 1285 3095 1324; x_wconf 89' lang='lat' dir='ltr'>non</span> <span class='ocrx_word' id='word_1_200' title='bbox 3123 1266 3408 1322; x_wconf 87' lang='lat' dir='ltr'>revelabat</span> <span class='ocrx_word' id='word_1_201' title='bbox 3433 1262 3486 1320; x_wconf 88' lang='lat' dir='ltr'>ei</span> 
     </span>
    </p>
   </div>
   <div class='ocr_carea' id='block_1_28' title="bbox 1909 1347 3502 1429">
    <p class='ocr_par' dir='ltr' id='par_1_28' title="bbox 1909 1347 3502 1429">
     <span class='ocr_line' id='line_1_28' title="bbox 1909 1347 3502 1429; baseline 0.004 -28"><span class='ocrx_word' id='word_1_202' title='bbox 1909 1347 2078 1402; x_wconf 91' lang='lat' dir='ltr'>Deus.</span> <span class='ocrx_word' id='word_1_203' title='bbox 2103 1350 2254 1405; x_wconf 85' lang='lat' dir='ltr'>Dixit</span> <span class='ocrx_word' id='word_1_204' title='bbox 2267 1368 2399 1423; x_wconf 91' lang='lat' dir='ltr'>ergo</span> <span class='ocrx_word' id='word_1_205' title='bbox 2416 1354 2476 1409; x_wconf 90' lang='lat' dir='ltr'>in</span> <span class='ocrx_word' id='word_1_206' title='bbox 2496 1357 2813 1429; x_wconf 87' lang='lat' dir='ltr'>semetipso:</span> <span class='ocrx_word' id='word_1_207' title='bbox 2846 1358 2983 1412; x_wconf 89' lang='lat' dir='ltr'>Ecce</span> <span class='ocrx_word' id='word_1_208' title='bbox 2997 1363 3223 1412; x_wconf 88' lang='lat' dir='ltr'>tantum</span> <span class='ocrx_word' id='word_1_209' title='bbox 3244 1354 3502 1410; x_wconf 87' lang='lat' dir='ltr'>laborem</span> 
     </span>
    </p>
   </div>
   <div class='ocr_carea' id='block_1_29' title="bbox 1909 1438 3505 1517">
    <p class='ocr_par' dir='ltr' id='par_1_29' title="bbox 1909 1438 3505 1517">
     <span class='ocr_line' id='line_1_29' title="bbox 1909 1438 3505 1517; baseline 0.006 -28"><span class='ocrx_word' id='word_1_210' title='bbox 1909 1438 2146 1508; x_wconf 87' lang='lat' dir='ltr'>sumpsi:</span> <span class='ocrx_word' id='word_1_211' title='bbox 2189 1444 2246 1494; x_wconf 90' lang='lat' dir='ltr'>et</span> <span class='ocrx_word' id='word_1_212' title='bbox 2286 1442 2427 1497; x_wconf 89' lang='lat' dir='ltr'>nihil</span> <span class='ocrx_word' id='word_1_213' title='bbox 2461 1445 2669 1515; x_wconf 86' lang='lat' dir='ltr'>profeci</span> <span class='ocrx_word' id='word_1_214' title='bbox 2695 1464 2706 1499; x_wconf 90' lang='lat'>:</span> <span class='ocrx_word' id='word_1_215' title='bbox 2729 1447 2929 1501; x_wconf 88' lang='lat' dir='ltr'>vadam</span> <span class='ocrx_word' id='word_1_216' title='bbox 2985 1463 3117 1517; x_wconf 88' lang='lat' dir='ltr'>ergo</span> <span class='ocrx_word' id='word_1_217' title='bbox 3156 1446 3228 1500; x_wconf 90' lang='lat' dir='ltr'>ad</span> <span class='ocrx_word' id='word_1_218' title='bbox 3267 1445 3505 1499; x_wconf 84' lang='lat' dir='ltr'>fratrem</span> 
     </span>
    </p>
   </div>
   <div class='ocr_carea' id='block_1_30' title="bbox 1907 1531 3506 1606">
    <p class='ocr_par' dir='ltr' id='par_1_30' title="bbox 1907 1531 3506 1606">
     <span class='ocr_line' id='line_1_30' title="bbox 1907 1531 3506 1606; baseline 0.005 -27"><span class='ocrx_word' id='word_1_219' title='bbox 1907 1541 2116 1594; x_wconf 91' lang='lat' dir='ltr'>meum,</span> <span class='ocrx_word' id='word_1_220' title='bbox 2143 1535 2200 1582; x_wconf 91' lang='lat' dir='ltr'>et</span> <span class='ocrx_word' id='word_1_221' title='bbox 2218 1531 2443 1601; x_wconf 88' lang='lat' dir='ltr'>requiro</span> <span class='ocrx_word' id='word_1_222' title='bbox 2455 1533 2525 1587; x_wconf 92' lang='lat' dir='ltr'>ab</span> <span class='ocrx_word' id='word_1_223' title='bbox 2546 1551 2631 1589; x_wconf 91' lang='lat' dir='ltr'>eo.</span> <span class='ocrx_word' id='word_1_224' title='bbox 2657 1535 2762 1590; x_wconf 92' lang='lat' dir='ltr'>Cui</span> <span class='ocrx_word' id='word_1_225' title='bbox 2781 1553 2908 1591; x_wconf 91' lang='lat' dir='ltr'>cum</span> <span class='ocrx_word' id='word_1_226' title='bbox 2930 1552 3190 1606; x_wconf 87' lang='lat' dir='ltr'>egressus</span> <span class='ocrx_word' id='word_1_227' title='bbox 3214 1533 3506 1589; x_wconf 86' lang='lat' dir='ltr'>clausisset</span> 
     </span>
    </p>
   </div>
   <div class='ocr_carea' id='block_1_31' title="bbox 1910 1614 3508 1695">
    <p class='ocr_par' dir='ltr' id='par_1_31' title="bbox 1910 1614 3508 1695">
     <span class='ocr_line' id='line_1_31' title="bbox 1910 1614 3508 1695; baseline 0.007 -28"><span class='ocrx_word' id='word_1_228' title='bbox 1910 1614 2116 1669; x_wconf 88' lang='lat' dir='ltr'>ostium</span> <span class='ocrx_word' id='word_1_229' title='bbox 2146 1633 2313 1673; x_wconf 90' lang='lat' dir='ltr'>suum</span> <span class='ocrx_word' id='word_1_230' title='bbox 2336 1625 2402 1674; x_wconf 92' lang='lat' dir='ltr'>ut</span> <span class='ocrx_word' id='word_1_231' title='bbox 2429 1620 2628 1690; x_wconf 88' lang='lat' dir='ltr'>abiret,</span> <span class='ocrx_word' id='word_1_232' title='bbox 2668 1624 2875 1680; x_wconf 88' lang='lat' dir='ltr'>missus</span> <span class='ocrx_word' id='word_1_233' title='bbox 2905 1631 2992 1680; x_wconf 89' lang='lat' dir='ltr'>est</span> <span class='ocrx_word' id='word_1_234' title='bbox 3019 1626 3089 1680; x_wconf 88' lang='lat' dir='ltr'>ad</span> <span class='ocrx_word' id='word_1_235' title='bbox 3116 1641 3246 1680; x_wconf 90' lang='lat' dir='ltr'>eum</span> <span class='ocrx_word' id='word_1_236' title='bbox 3275 1624 3508 1695; x_wconf 83' lang='lat' dir='ltr'>angelus</span> 
     </span>
    </p>
   </div>
   <div class='ocr_carea' id='block_1_32' title="bbox 1909 1702 3508 1785">
    <p class='ocr_par' dir='ltr' id='par_1_32' title="bbox 1909 1702 3508 1785">
     <span class='ocr_line' id='line_1_32' title="bbox 1909 1702 3508 1785; baseline 0.006 -29"><span class='ocrx_word' id='word_1_237' title='bbox 1909 1702 2150 1771; x_wconf 88' lang='lat' dir='ltr'>Domini,</span> <span class='ocrx_word' id='word_1_238' title='bbox 2167 1706 2356 1761; x_wconf 88' lang='lat' dir='ltr'>dicens</span> <span class='ocrx_word' id='word_1_239' title='bbox 2384 1725 2396 1760; x_wconf 92' lang='lat'>:</span> <span class='ocrx_word' id='word_1_240' title='bbox 2426 1710 2794 1782; x_wconf 84' lang='lat' dir='ltr'>Septuaginta</span> <span class='ocrx_word' id='word_1_241' title='bbox 2812 1713 3176 1769; x_wconf 66' lang='lat' dir='ltr'>hebdomadas</span> <span class='ocrx_word' id='word_1_242' title='bbox 3204 1730 3346 1785; x_wconf 89' lang='lat' dir='ltr'>quas</span> <span class='ocrx_word' id='word_1_243' title='bbox 3361 1713 3508 1783; x_wconf 85' lang='lat' dir='ltr'>jeju-</span> 
     </span>
    </p>
   </div>
   <div class='ocr_carea' id='block_1_33' title="bbox 223 1780 3506 1872">
    <p class='ocr_par' dir='ltr' id='par_1_33' title="bbox 223 1780 3506 1872">
     <span class='ocr_line' id='line_1_33' title="bbox 223 1780 3506 1872; baseline 0 -17"><span class='ocrx_word' id='word_1_244' title='bbox 223 1801 541 1872; x_wconf 88' lang='lat' dir='ltr'>imperator</span> <span class='ocrx_word' id='word_1_245' title='bbox 559 1806 734 1869; x_wconf 89' lang='lat' dir='ltr'>esset;</span> <span class='ocrx_word' id='word_1_246' title='bbox 767 1800 845 1855; x_wconf 91' lang='lat' dir='ltr'>sic</span> <span class='ocrx_word' id='word_1_247' title='bbox 872 1806 1067 1855; x_wconf 89' lang='lat' dir='ltr'>tamen</span> <span class='ocrx_word' id='word_1_248' title='bbox 1097 1799 1343 1870; x_wconf 89' lang='lat' dir='ltr'>suscepit</span> <span class='ocrx_word' id='word_1_249' title='bbox 1372 1814 1522 1863; x_wconf 92' lang='lat' dir='ltr'>eum,</span> <span class='ocrx_word' id='word_1_250' title='bbox 1553 1780 1887 1865; x_wconf 81' lang='lat' dir='ltr'>tanquamB</span> <span class='ocrx_word' id='word_1_251' title='bbox 1911 1796 2079 1860; x_wconf 89' lang='lat' dir='ltr'>nasti,</span> <span class='ocrx_word' id='word_1_252' title='bbox 2106 1811 2220 1849; x_wconf 91' lang='lat' dir='ltr'>non</span> <span class='ocrx_word' id='word_1_253' title='bbox 2250 1800 2305 1851; x_wconf 88' lang='lat' dir='ltr'>te</span> <span class='ocrx_word' id='word_1_254' title='bbox 2348 1780 2602 1854; x_wconf 86' lang='lat' dir='ltr'>fecerunt</span> <span class='ocrx_word' id='word_1_255' title='bbox 2640 1780 2966 1872; x_wconf 75' lang='lat' dir='ltr'>proximum</span> <span class='ocrx_word' id='word_1_256' title='bbox 3016 1803 3134 1858; x_wconf 93' lang='lat' dir='ltr'>Deo</span> <span class='ocrx_word' id='word_1_257' title='bbox 3159 1819 3172 1859; x_wconf 93' lang='lat'>:</span> <span class='ocrx_word' id='word_1_258' title='bbox 3200 1780 3506 1857; x_wconf 30' lang='lat' dir='ltr'>nunc‘vvero</span> 
     </span>
    </p>
   </div>
   <div class='ocr_carea' id='block_1_34' title="bbox 224 1884 1822 1956">
    <p class='ocr_par' dir='ltr' id='par_1_34' title="bbox 224 1884 1822 1956">
     <span class='ocr_line' id='line_1_34' title="bbox 224 1884 1822 1956; baseline -0.006 -11"><span class='ocrx_word' id='word_1_259' title='bbox 224 1905 411 1945; x_wconf 89' lang='lat' dir='ltr'>unum</span> <span class='ocrx_word' id='word_1_260' title='bbox 439 1907 506 1945; x_wconf 88' lang='lat' dir='ltr'>ex</span> <span class='ocrx_word' id='word_1_261' title='bbox 533 1889 713 1944; x_wconf 85' lang='lat' dir='ltr'>ofﬁcio</span> <span class='ocrx_word' id='word_1_262' title='bbox 743 1889 1127 1944; x_wconf 84' lang='lat' dir='ltr'>militantium.</span> <span class='ocrx_word' id='word_1_263' title='bbox 1175 1889 1318 1943; x_wconf 90' lang='lat' dir='ltr'>Cum</span> <span class='ocrx_word' id='word_1_264' title='bbox 1350 1903 1482 1956; x_wconf 84' lang='lat' dir='ltr'>ergo</span> <span class='ocrx_word' id='word_1_265' title='bbox 1512 1884 1822 1950; x_wconf 89' lang='lat' dir='ltr'>introisset,</span> 
     </span>
    </p>
   </div>
   <div class='ocr_carea' id='block_1_35' title="bbox 107 1973 1827 2047">
    <p class='ocr_par' dir='ltr' id='par_1_35' title="bbox 107 1973 1827 2047">
     <span class='ocr_line' id='line_1_35' title="bbox 107 1973 1827 2047; baseline -0.006 -12"><span class='ocrx_word' id='word_1_266' title='bbox 107 2015 119 2026; x_wconf 72' lang='grc' dir='ltr'><strong>ο</strong></span> <span class='ocrx_word' id='word_1_267' title='bbox 223 1979 485 2034; x_wconf 85' lang='lat' dir='ltr'>fecerunt</span> <span class='ocrx_word' id='word_1_268' title='bbox 500 1979 838 2047; x_wconf 89' lang='lat' dir='ltr'>orationem,</span> <span class='ocrx_word' id='word_1_269' title='bbox 863 1984 920 2032; x_wconf 90' lang='lat' dir='ltr'>et</span> <span class='ocrx_word' id='word_1_270' title='bbox 937 1979 1223 2033; x_wconf 90' lang='lat' dir='ltr'>sederunt.</span> <span class='ocrx_word' id='word_1_271' title='bbox 1245 1976 1627 2047; x_wconf 87' lang='lat' dir='ltr'>Coepitautem</span> <span class='ocrx_word' id='word_1_272' title='bbox 1656 1973 1827 2026; x_wconf 89' lang='lat' dir='ltr'>inter-</span> 
     </span>
    </p>
   </div>
   <div class='ocr_carea' id='block_1_36' title="bbox 224 2062 1827 2140">
    <p class='ocr_par' dir='ltr' id='par_1_36' title="bbox 224 2062 1827 2140">
     <span class='ocr_line' id='line_1_36' title="bbox 224 2062 1827 2140; baseline -0.006 -17"><span class='ocrx_word' id='word_1_273' title='bbox 224 2085 433 2140; x_wconf 86' lang='lat' dir='ltr'>rogare</span> <span class='ocrx_word' id='word_1_274' title='bbox 459 2069 786 2140; x_wconf 90' lang='lat' dir='ltr'>imperator,</span> <span class='ocrx_word' id='word_1_275' title='bbox 820 2068 1042 2122; x_wconf 89' lang='lat' dir='ltr'>dicens:</span> <span class='ocrx_word' id='word_1_276' title='bbox 1069 2067 1359 2132; x_wconf 87' lang='lat' dir='ltr'>Quomodo</span> <span class='ocrx_word' id='word_1_277' title='bbox 1397 2069 1531 2118; x_wconf 91' lang='lat' dir='ltr'>sunt</span> <span class='ocrx_word' id='word_1_278' title='bbox 1555 2067 1742 2134; x_wconf 88' lang='lat' dir='ltr'>patres</span> <span class='ocrx_word' id='word_1_279' title='bbox 1767 2062 1827 2115; x_wconf 93' lang='lat' dir='ltr'>in</span> 
     </span>
    </p>
   </div>
   <div class='ocr_carea' id='block_1_37' title="bbox 226 2152 1826 2229">
    <p class='ocr_par' dir='ltr' id='par_1_37' title="bbox 226 2152 1826 2229">
     <span class='ocr_line' id='line_1_37' title="bbox 226 2152 1826 2229; baseline -0.006 -16"><span class='ocrx_word' id='word_1_280' title='bbox 226 2158 502 2229; x_wconf 62' lang='lat' dir='ltr'>[Egyptoi’</span> <span class='ocrx_word' id='word_1_281' title='bbox 528 2158 711 2212; x_wconf 84' lang='lat' dir='ltr'>Et-ille</span> <span class='ocrx_word' id='word_1_282' title='bbox 742 2157 1061 2228; x_wconf 90' lang='lat' dir='ltr'>respondit:</span> <span class='ocrx_word' id='word_1_283' title='bbox 1093 2156 1274 2211; x_wconf 90' lang='lat' dir='ltr'>Orant</span> <span class='ocrx_word' id='word_1_284' title='bbox 1295 2170 1489 2208; x_wconf 89' lang='lat' dir='ltr'>omnes</span> <span class='ocrx_word' id='word_1_285' title='bbox 1516 2168 1617 2223; x_wconf 93' lang='lat' dir='ltr'>pro</span> <span class='ocrx_word' id='word_1_286' title='bbox 1645 2152 1826 2205; x_wconf 88' lang='lat' dir='ltr'>salute</span> 
     </span>
    </p>
   </div>
   <div class='ocr_carea' id='block_1_38' title="bbox 223 2240 1830 2318">
    <p class='ocr_par' dir='ltr' id='par_1_38' title="bbox 223 2240 1830 2318">
     <span class='ocr_line' id='line_1_38' title="bbox 223 2240 1830 2318; baseline -0.004 -18"><span class='ocrx_word' id='word_1_287' title='bbox 223 2253 432 2302; x_wconf 87' lang='lat' dir='ltr'>vestra.</span> <span class='ocrx_word' id='word_1_288' title='bbox 480 2248 794 2318; x_wconf 90' lang='lat' dir='ltr'>Imperator</span> <span class='ocrx_word' id='word_1_289' title='bbox 833 2251 1023 2301; x_wconf 90' lang='lat' dir='ltr'>autem</span> <span class='ocrx_word' id='word_1_290' title='bbox 1073 2242 1558 2314; x_wconf 88' lang='lat' dir='ltr'>circumspiciebat</span> <span class='ocrx_word' id='word_1_291' title='bbox 1585 2241 1644 2295; x_wconf 90' lang='lat' dir='ltr'>in</span> <span class='ocrx_word' id='word_1_292' title='bbox 1687 2240 1830 2294; x_wconf 85' lang='lat' dir='ltr'>cella</span> 
     </span>
    </p>
   </div>
   <div class='ocr_carea' id='block_1_39' title="bbox 224 2331 1827 2407">
    <p class='ocr_par' dir='ltr' id='par_1_39' title="bbox 224 2331 1827 2407">
     <span class='ocr_line' id='line_1_39' title="bbox 224 2331 1827 2407; baseline -0.005 -17"><span class='ocrx_word' id='word_1_293' title='bbox 224 2336 376 2407; x_wconf 86' lang='lat' dir='ltr'>ejus,</span> <span class='ocrx_word' id='word_1_294' title='bbox 406 2335 607 2406; x_wconf 89' lang='lat' dir='ltr'>siquid</span> <span class='ocrx_word' id='word_1_295' title='bbox 626 2335 878 2399; x_wconf 87' lang='lat' dir='ltr'>haberet,</span> <span class='ocrx_word' id='word_1_296' title='bbox 900 2340 957 2389; x_wconf 90' lang='lat' dir='ltr'>et</span> <span class='ocrx_word' id='word_1_297' title='bbox 980 2334 1122 2389; x_wconf 88' lang='lat' dir='ltr'>nihil</span> <span class='ocrx_word' id='word_1_298' title='bbox 1152 2334 1267 2387; x_wconf 90' lang='lat' dir='ltr'>illic</span> <span class='ocrx_word' id='word_1_299' title='bbox 1296 2332 1434 2386; x_wconf 89' lang='lat' dir='ltr'>vidit</span> <span class='ocrx_word' id='word_1_300' title='bbox 1462 2331 1572 2385; x_wconf 91' lang='lat' dir='ltr'>nisi</span> <span class='ocrx_word' id='word_1_301' title='bbox 1596 2346 1827 2401; x_wconf 90' lang='lat' dir='ltr'>parvam</span> 
     </span>
    </p>
   </div>
   <div class='ocr_carea' id='block_1_40' title="bbox 221 2420 1827 2496">
    <p class='ocr_par' dir='ltr' id='par_1_40' title="bbox 221 2420 1827 2496">
     <span class='ocr_line' id='line_1_40' title="bbox 221 2420 1827 2496; baseline -0.004 -17"><span class='ocrx_word' id='word_1_302' title='bbox 221 2425 577 2496; x_wconf 89' lang='lat' dir='ltr'>sportellam,</span> <span class='ocrx_word' id='word_1_303' title='bbox 623 2424 924 2479; x_wconf 88' lang='lat' dir='ltr'>habentem</span> <span class='ocrx_word' id='word_1_304' title='bbox 959 2423 1241 2477; x_wconf 90' lang='lat' dir='ltr'>modicum</span> <span class='ocrx_word' id='word_1_305' title='bbox 1274 2420 1455 2493; x_wconf 90' lang='lat' dir='ltr'>panis,</span> <span class='ocrx_word' id='word_1_306' title='bbox 1489 2425 1546 2474; x_wconf 89' lang='lat' dir='ltr'>et</span> <span class='ocrx_word' id='word_1_307' title='bbox 1566 2420 1827 2489; x_wconf 86' lang='lat' dir='ltr'>lagenam</span> 
     </span>
    </p>
   </div>
   <div class='ocr_carea' id='block_1_41' title="bbox 225 2507 1827 2586">
    <p class='ocr_par' dir='ltr' id='par_1_41' title="bbox 225 2507 1827 2586">
     <span class='ocr_line' id='line_1_41' title="bbox 225 2507 1827 2586; baseline -0.006 -17"><span class='ocrx_word' id='word_1_308' title='bbox 225 2530 413 2586; x_wconf 66' lang='lat' dir='ltr'>aquae.</span> <span class='ocrx_word' id='word_1_309' title='bbox 446 2514 516 2568; x_wconf 91' lang='lat' dir='ltr'>Et</span> <span class='ocrx_word' id='word_1_310' title='bbox 537 2514 678 2568; x_wconf 82' lang='lat' dir='ltr'>dixit</span> <span class='ocrx_word' id='word_1_311' title='bbox 705 2514 757 2567; x_wconf 90' lang='lat' dir='ltr'>ei</span> <span class='ocrx_word' id='word_1_312' title='bbox 775 2513 1107 2568; x_wconf 89' lang='lat' dir='ltr'>monachus:</span> <span class='ocrx_word' id='word_1_313' title='bbox 1142 2512 1321 2566; x_wconf 89' lang='lat' dir='ltr'>Gusta</span> <span class='ocrx_word' id='word_1_314' title='bbox 1335 2510 1568 2564; x_wconf 89' lang='lat' dir='ltr'>modice.</span> <span class='ocrx_word' id='word_1_315' title='bbox 1594 2509 1665 2562; x_wconf 92' lang='lat' dir='ltr'>Et</span> <span class='ocrx_word' id='word_1_316' title='bbox 1684 2507 1827 2561; x_wconf 88' lang='lat' dir='ltr'>infu-</span> 
     </span>
    </p>
   </div>
   <div class='ocr_carea' id='block_1_42' title="bbox 224 2596 1822 2674">
    <p class='ocr_par' dir='ltr' id='par_1_42' title="bbox 224 2596 1822 2674">
     <span class='ocr_line' id='line_1_42' title="bbox 224 2596 1822 2674; baseline -0.006 -17"><span class='ocrx_word' id='word_1_317' title='bbox 224 2603 320 2657; x_wconf 88' lang='lat' dir='ltr'>dit</span> <span class='ocrx_word' id='word_1_318' title='bbox 345 2604 396 2657; x_wconf 90' lang='lat' dir='ltr'>ei</span> <span class='ocrx_word' id='word_1_319' title='bbox 415 2618 608 2674; x_wconf 88' lang='lat' dir='ltr'>panes,</span> <span class='ocrx_word' id='word_1_320' title='bbox 638 2609 697 2657; x_wconf 91' lang='lat' dir='ltr'>et</span> <span class='ocrx_word' id='word_1_321' title='bbox 714 2602 869 2657; x_wconf 89' lang='lat' dir='ltr'>misit</span> <span class='ocrx_word' id='word_1_322' title='bbox 896 2603 947 2656; x_wconf 89' lang='lat' dir='ltr'>ei</span> <span class='ocrx_word' id='word_1_323' title='bbox 962 2603 1148 2656; x_wconf 90' lang='lat' dir='ltr'>oleum</span> <span class='ocrx_word' id='word_1_324' title='bbox 1170 2606 1226 2654; x_wconf 92' lang='lat' dir='ltr'>et</span> <span class='ocrx_word' id='word_1_325' title='bbox 1245 2600 1350 2665; x_wconf 92' lang='lat' dir='ltr'>sal,</span> <span class='ocrx_word' id='word_1_326' title='bbox 1379 2605 1436 2653; x_wconf 88' lang='lat' dir='ltr'>et</span> <span class='ocrx_word' id='word_1_327' title='bbox 1450 2596 1822 2662; x_wconf 88' lang='lat' dir='ltr'>manducavit,</span> 
     </span>
    </p>
   </div>
   <div class='ocr_carea' id='block_1_43' title="bbox 226 2686 1829 2763">
    <p class='ocr_par' dir='ltr' id='par_1_43' title="bbox 226 2686 1829 2763">
     <span class='ocr_line' id='line_1_43' title="bbox 226 2686 1829 2763; baseline -0.005 -16"><span class='ocrx_word' id='word_1_328' title='bbox 226 2697 292 2747; x_wconf 89' lang='lat' dir='ltr'>et</span> <span class='ocrx_word' id='word_1_329' title='bbox 322 2692 478 2746; x_wconf 88' lang='lat' dir='ltr'>dedit</span> <span class='ocrx_word' id='word_1_330' title='bbox 504 2692 556 2746; x_wconf 91' lang='lat' dir='ltr'>ei</span> <span class='ocrx_word' id='word_1_331' title='bbox 580 2708 787 2763; x_wconf 89' lang='lat' dir='ltr'>aquam</span> <span class='ocrx_word' id='word_1_332' title='bbox 815 2697 879 2746; x_wconf 89' lang='lat' dir='ltr'>ut</span> <span class='ocrx_word' id='word_1_333' title='bbox 906 2690 1139 2746; x_wconf 90' lang='lat' dir='ltr'>biberet.</span> <span class='ocrx_word' id='word_1_334' title='bbox 1171 2689 1322 2744; x_wconf 84' lang='lat' dir='ltr'>Dixit</span> <span class='ocrx_word' id='word_1_335' title='bbox 1348 2694 1538 2743; x_wconf 89' lang='lat' dir='ltr'>autem</span> <span class='ocrx_word' id='word_1_336' title='bbox 1567 2687 1620 2740; x_wconf 90' lang='lat' dir='ltr'>ei</span> <span class='ocrx_word' id='word_1_337' title='bbox 1647 2686 1829 2756; x_wconf 88' lang='lat' dir='ltr'>impe-</span> 
     </span>
    </p>
   </div>
   <div class='ocr_carea' id='block_1_44' title="bbox 228 2774 1836 2852">
    <p class='ocr_par' dir='ltr' id='par_1_44' title="bbox 228 2774 1836 2852">
     <span class='ocr_line' id='line_1_44' title="bbox 228 2774 1836 2852; baseline -0.005 -16"><span class='ocrx_word' id='word_1_338' title='bbox 228 2786 422 2836; x_wconf 87' lang='lat' dir='ltr'>rator:</span> <span class='ocrx_word' id='word_1_339' title='bbox 449 2781 567 2836; x_wconf 89' lang='lat' dir='ltr'>Scis</span> <span class='ocrx_word' id='word_1_340' title='bbox 588 2781 712 2852; x_wconf 90' lang='lat' dir='ltr'>quis</span> <span class='ocrx_word' id='word_1_341' title='bbox 740 2797 867 2836; x_wconf 91' lang='lat' dir='ltr'>sum</span> <span class='ocrx_word' id='word_1_342' title='bbox 908 2781 1037 2851; x_wconf 84' lang='lat' dir='ltr'>ego?</span> <span class='ocrx_word' id='word_1_343' title='bbox 1069 2781 1138 2834; x_wconf 92' lang='lat' dir='ltr'>Et</span> <span class='ocrx_word' id='word_1_344' title='bbox 1158 2779 1253 2832; x_wconf 90' lang='lat' dir='ltr'>ille</span> <span class='ocrx_word' id='word_1_345' title='bbox 1285 2777 1455 2831; x_wconf 87' lang='lat' dir='ltr'>dixit:</span> <span class='ocrx_word' id='word_1_346' title='bbox 1481 2777 1630 2831; x_wconf 91' lang='lat' dir='ltr'>Deus</span> <span class='ocrx_word' id='word_1_347' title='bbox 1642 2780 1699 2829; x_wconf 90' lang='lat' dir='ltr'>te</span> <span class='ocrx_word' id='word_1_348' title='bbox 1728 2774 1836 2829; x_wconf 91' lang='lat' dir='ltr'>scit</span> 
     </span>
    </p>
   </div>
   <div class='ocr_carea' id='block_1_45' title="bbox 230 2864 1828 2942">
    <p class='ocr_par' dir='ltr' id='par_1_45' title="bbox 230 2864 1828 2942">
     <span class='ocr_line' id='line_1_45' title="bbox 230 2864 1828 2942; baseline -0.006 -16"><span class='ocrx_word' id='word_1_349' title='bbox 230 2870 364 2942; x_wconf 86' lang='lat' dir='ltr'>quis</span> <span class='ocrx_word' id='word_1_350' title='bbox 393 2869 487 2926; x_wconf 87' lang='lat' dir='ltr'>sis.</span> <span class='ocrx_word' id='word_1_351' title='bbox 520 2871 676 2924; x_wconf 92' lang='lat' dir='ltr'>Tunc</span> <span class='ocrx_word' id='word_1_352' title='bbox 693 2869 835 2924; x_wconf 91' lang='lat' dir='ltr'>dixit</span> <span class='ocrx_word' id='word_1_353' title='bbox 863 2870 942 2924; x_wconf 89' lang='lat' dir='ltr'>ei:</span> <span class='ocrx_word' id='word_1_354' title='bbox 969 2870 1084 2939; x_wconf 86' lang='lat' dir='ltr'>Ego</span> <span class='ocrx_word' id='word_1_355' title='bbox 1115 2884 1244 2922; x_wconf 91' lang='lat' dir='ltr'>sum</span> <span class='ocrx_word' id='word_1_356' title='bbox 1271 2865 1618 2922; x_wconf 87' lang='lat' dir='ltr'>Theodosius</span> <span class='ocrx_word' id='word_1_357' title='bbox 1645 2864 1828 2934; x_wconf 91' lang='lat' dir='ltr'>impe-</span> 
     </span>
    </p>
   </div>
   <div class='ocr_carea' id='block_1_46' title="bbox 231 2952 1831 3015">
    <p class='ocr_par' dir='ltr' id='par_1_46' title="bbox 231 2952 1831 3015">
     <span class='ocr_line' id='line_1_46' title="bbox 231 2952 1831 3015; baseline -0.004 -1"><span class='ocrx_word' id='word_1_358' title='bbox 231 2966 415 3014; x_wconf 83' lang='lat' dir='ltr'>rator.</span> <span class='ocrx_word' id='word_1_359' title='bbox 440 2957 541 3015; x_wconf 88' lang='lat' dir='ltr'>IlIe</span> <span class='ocrx_word' id='word_1_360' title='bbox 552 2965 745 3015; x_wconf 88' lang='lat' dir='ltr'>autem</span> <span class='ocrx_word' id='word_1_361' title='bbox 764 2959 958 3014; x_wconf 84' lang='lat' dir='ltr'>statim</span> <span class='ocrx_word' id='word_1_362' title='bbox 977 2956 1230 3012; x_wconf 90' lang='lat' dir='ltr'>adoravit</span> <span class='ocrx_word' id='word_1_363' title='bbox 1240 2956 1491 3011; x_wconf 87' lang='lat' dir='ltr'>salutans</span> <span class='ocrx_word' id='word_1_364' title='bbox 1507 2971 1637 3009; x_wconf 90' lang='lat' dir='ltr'>eum</span> <span class='ocrx_word' id='word_1_365' title='bbox 1649 2952 1831 3008; x_wconf 88' lang='lat' dir='ltr'>humi-</span> 
     </span>
    </p>
   </div>
   <div class='ocr_carea' id='block_1_47' title="bbox 228 3044 1828 3120">
    <p class='ocr_par' dir='ltr' id='par_1_47' title="bbox 228 3044 1828 3120">
     <span class='ocr_line' id='line_1_47' title="bbox 228 3044 1828 3120; baseline -0.004 -17"><span class='ocrx_word' id='word_1_366' title='bbox 228 3048 387 3103; x_wconf 89' lang='lat' dir='ltr'>liter.</span> <span class='ocrx_word' id='word_1_367' title='bbox 427 3049 499 3102; x_wconf 89' lang='lat' dir='ltr'>Et</span> <span class='ocrx_word' id='word_1_368' title='bbox 526 3048 662 3103; x_wconf 91' lang='lat' dir='ltr'>dicit</span> <span class='ocrx_word' id='word_1_369' title='bbox 681 3048 990 3120; x_wconf 89' lang='lat' dir='ltr'>imperator</span> <span class='ocrx_word' id='word_1_370' title='bbox 1011 3070 1022 3105; x_wconf 93' lang='lat'>:</span> <span class='ocrx_word' id='word_1_371' title='bbox 1054 3045 1213 3101; x_wconf 84' lang='lat' dir='ltr'>Beati</span> <span class='ocrx_word' id='word_1_372' title='bbox 1225 3045 1364 3099; x_wconf 90' lang='lat' dir='ltr'>estis</span> <span class='ocrx_word' id='word_1_373' title='bbox 1385 3061 1496 3110; x_wconf 90' lang='lat' dir='ltr'>vos,</span> <span class='ocrx_word' id='word_1_374' title='bbox 1516 3044 1649 3114; x_wconf 86' lang='lat' dir='ltr'>quia</span> <span class='ocrx_word' id='word_1_375' title='bbox 1667 3059 1828 3097; x_wconf 90' lang='lat' dir='ltr'>secu-</span> 
     </span>
    </p>
   </div>
   <div class='ocr_carea' id='block_1_48' title="bbox 1910 1882 3504 1962">
    <p class='ocr_par' dir='ltr' id='par_1_48' title="bbox 1910 1882 3504 1962">
     <span class='ocr_line' id='line_1_48' title="bbox 1910 1882 3504 1962; baseline 0.008 -28"><span class='ocrx_word' id='word_1_376' title='bbox 1910 1882 2131 1951; x_wconf 88' lang='lat' dir='ltr'>quando</span> <span class='ocrx_word' id='word_1_377' title='bbox 2154 1884 2480 1941; x_wconf 88' lang='lat' dir='ltr'>humiliatus</span> <span class='ocrx_word' id='word_1_378' title='bbox 2497 1904 2576 1955; x_wconf 90' lang='lat' dir='ltr'>es,</span> <span class='ocrx_word' id='word_1_379' title='bbox 2600 1895 2665 1944; x_wconf 91' lang='lat' dir='ltr'>ut</span> <span class='ocrx_word' id='word_1_380' title='bbox 2684 1890 2756 1945; x_wconf 88' lang='lat' dir='ltr'>ad</span> <span class='ocrx_word' id='word_1_381' title='bbox 2777 1890 3011 1945; x_wconf 91' lang='lat' dir='ltr'>fratrem</span> <span class='ocrx_word' id='word_1_382' title='bbox 3030 1897 3195 1947; x_wconf 90' lang='lat' dir='ltr'>tuum</span> <span class='ocrx_word' id='word_1_383' title='bbox 3220 1904 3504 1962; x_wconf 84' lang='lat' dir='ltr'>pergeres,</span> 
     </span>
    </p>
   </div>
   <div class='ocr_carea' id='block_1_49' title="bbox 1909 1971 3500 2052">
    <p class='ocr_par' dir='ltr' id='par_1_49' title="bbox 1909 1971 3500 2052">
     <span class='ocr_line' id='line_1_49' title="bbox 1909 1971 3500 2052; baseline 0.006 -28"><span class='ocrx_word' id='word_1_384' title='bbox 1909 1971 2113 2026; x_wconf 91' lang='lat' dir='ltr'>missus</span> <span class='ocrx_word' id='word_1_385' title='bbox 2134 1990 2259 2028; x_wconf 90' lang='lat' dir='ltr'>sum</span> <span class='ocrx_word' id='word_1_386' title='bbox 2277 1974 2527 2031; x_wconf 90' lang='lat' dir='ltr'>indicare</span> <span class='ocrx_word' id='word_1_387' title='bbox 2543 1977 2647 2032; x_wconf 91' lang='lat' dir='ltr'>tibi</span> <span class='ocrx_word' id='word_1_388' title='bbox 2673 1996 3021 2048; x_wconf 89' lang='lat' dir='ltr'>sermonem;</span> <span class='ocrx_word' id='word_1_389' title='bbox 3052 1981 3423 2052; x_wconf 90' lang='lat' dir='ltr'>aperiensque</span> <span class='ocrx_word' id='word_1_390' title='bbox 3446 1979 3500 2035; x_wconf 89' lang='lat' dir='ltr'>ei</span> 
     </span>
    </p>
   </div>
   <div class='ocr_carea' id='block_1_50' title="bbox 1909 2059 3068 2136">
    <p class='ocr_par' dir='ltr' id='par_1_50' title="bbox 1909 2059 3068 2136">
     <span class='ocr_line' id='line_1_50' title="bbox 1909 2059 3068 2136; baseline 0.009 -23"><span class='ocrx_word' id='word_1_391' title='bbox 1909 2059 1978 2114; x_wconf 90' lang='lat' dir='ltr'>de</span> <span class='ocrx_word' id='word_1_392' title='bbox 2004 2078 2065 2115; x_wconf 92' lang='lat' dir='ltr'>re</span> <span class='ocrx_word' id='word_1_393' title='bbox 2090 2079 2260 2133; x_wconf 90' lang='lat' dir='ltr'>quam</span> <span class='ocrx_word' id='word_1_394' title='bbox 2282 2066 2585 2136; x_wconf 64' lang='lat' dir='ltr'>quaerebat,</span> <span class='ocrx_word' id='word_1_395' title='bbox 2612 2067 2869 2123; x_wconf 88' lang='lat' dir='ltr'>discessit</span> <span class='ocrx_word' id='word_1_396' title='bbox 2894 2069 2964 2124; x_wconf 90' lang='lat' dir='ltr'>ab</span> <span class='ocrx_word' id='word_1_397' title='bbox 2984 2086 3068 2124; x_wconf 89' lang='lat' dir='ltr'>eo.</span> 
     </span>
    </p>
   </div>
   <div class='ocr_carea' id='block_1_51' title="bbox 1982 2149 3505 2230">
    <p class='ocr_par' dir='ltr' id='par_1_51' title="bbox 1982 2149 3505 2230">
     <span class='ocr_line' id='line_1_51' title="bbox 1982 2149 3505 2230; baseline 0.005 -28"><span class='ocrx_word' id='word_1_398' title='bbox 1982 2149 2067 2204; x_wconf 82' lang='lat'>73.</span> <span class='ocrx_word' id='word_1_399' title='bbox 2116 2152 2348 2207; x_wconf 86' lang='lat' dir='ltr'>Dicebat</span> <span class='ocrx_word' id='word_1_400' title='bbox 2397 2155 2626 2225; x_wconf 90' lang='lat' dir='ltr'>quidam</span> <span class='ocrx_word' id='word_1_401' title='bbox 2656 2173 2822 2212; x_wconf 84' lang='lat' dir='ltr'>senex</span> <span class='ocrx_word' id='word_1_402' title='bbox 2857 2158 3114 2230; x_wconf 67' lang='lat' dir='ltr'>(Ruf/im,</span> <span class='ocrx_word' id='word_1_403' title='bbox 3133 2163 3171 2214; x_wconf 86' lang='grc' dir='ltr'>ι.</span> <span class='ocrx_word' id='word_1_404' title='bbox 3197 2159 3279 2226; x_wconf 78' lang='lat' dir='ltr'>m,</span> <span class='ocrx_word' id='word_1_405' title='bbox 3306 2174 3365 2213; x_wconf 83' lang='grc' dir='ltr'>η.</span> <span class='ocrx_word' id='word_1_406' title='bbox 3391 2155 3505 2227; x_wconf 88' lang='lat'>73):</span> 
     </span>
    </p>
   </div>
   <div class='ocr_carea' id='block_1_52' title="bbox 1911 2238 3505 2318">
    <p class='ocr_par' dir='ltr' id='par_1_52' title="bbox 1911 2238 3505 2318">
     <span class='ocr_line' id='line_1_52' title="bbox 1911 2238 3505 2318; baseline 0.006 -26"><span class='ocrx_word' id='word_1_407' title='bbox 1911 2238 2055 2302; x_wconf 89' lang='lat' dir='ltr'>Quia</span> <span class='ocrx_word' id='word_1_408' title='bbox 2086 2240 2133 2294; x_wconf 90' lang='lat' dir='ltr'>si</span> <span class='ocrx_word' id='word_1_409' title='bbox 2164 2242 2289 2312; x_wconf 89' lang='lat' dir='ltr'>quis</span> <span class='ocrx_word' id='word_1_410' title='bbox 2311 2259 2441 2298; x_wconf 92' lang='lat' dir='ltr'>cum</span> <span class='ocrx_word' id='word_1_411' title='bbox 2470 2245 2792 2301; x_wconf 86' lang='lat' dir='ltr'>humilitate</span> <span class='ocrx_word' id='word_1_412' title='bbox 2809 2253 2867 2301; x_wconf 91' lang='lat' dir='ltr'>et</span> <span class='ocrx_word' id='word_1_413' title='bbox 2893 2247 3097 2302; x_wconf 90' lang='lat' dir='ltr'>timore</span> <span class='ocrx_word' id='word_1_414' title='bbox 3111 2247 3213 2303; x_wconf 92' lang='lat' dir='ltr'>Dei</span> <span class='ocrx_word' id='word_1_415' title='bbox 3241 2248 3505 2318; x_wconf 85' lang='lat' dir='ltr'>injuugat</span> 
     </span>
    </p>
   </div>
   <div class='ocr_carea' id='block_1_53' title="bbox 1909 2327 3510 2408">
    <p class='ocr_par' dir='ltr' id='par_1_53' title="bbox 1909 2327 3510 2408">
     <span class='ocr_line' id='line_1_53' title="bbox 1909 2327 3510 2408; baseline 0.007 -28"><span class='ocrx_word' id='word_1_416' title='bbox 1909 2327 2072 2381; x_wconf 84' lang='lat' dir='ltr'>fratri</span> <span class='ocrx_word' id='word_1_417' title='bbox 2100 2329 2315 2401; x_wconf 88' lang='lat' dir='ltr'>aliquid</span> <span class='ocrx_word' id='word_1_418' title='bbox 2336 2332 2537 2401; x_wconf 89' lang='lat' dir='ltr'>facere,</span> <span class='ocrx_word' id='word_1_419' title='bbox 2571 2351 2756 2389; x_wconf 90' lang='lat' dir='ltr'>sermo</span> <span class='ocrx_word' id='word_1_420' title='bbox 2786 2336 2907 2408; x_wconf 89' lang='lat' dir='ltr'>ipse</span> <span class='ocrx_word' id='word_1_421' title='bbox 2940 2336 3035 2408; x_wconf 90' lang='lat' dir='ltr'>qui</span> <span class='ocrx_word' id='word_1_422' title='bbox 3070 2341 3300 2408; x_wconf 89' lang='lat' dir='ltr'>propter</span> <span class='ocrx_word' id='word_1_423' title='bbox 3327 2337 3510 2391; x_wconf 91' lang='lat' dir='ltr'>Deum</span> 
     </span>
    </p>
   </div>
   <div class='ocr_carea' id='block_1_54' title="bbox 1911 2417 3511 2497">
    <p class='ocr_par' dir='ltr' id='par_1_54' title="bbox 1911 2417 3511 2497">
     <span class='ocr_line' id='line_1_54' title="bbox 1911 2417 3511 2497; baseline 0.006 -27"><span class='ocrx_word' id='word_1_424' title='bbox 1911 2417 2355 2487; x_wconf 86' lang='lat' dir='ltr'>egreditur,facit</span> <span class='ocrx_word' id='word_1_425' title='bbox 2367 2422 2600 2477; x_wconf 88' lang='lat' dir='ltr'>fratrem</span> <span class='ocrx_word' id='word_1_426' title='bbox 2614 2423 2772 2479; x_wconf 91' lang='lat' dir='ltr'>illum</span> <span class='ocrx_word' id='word_1_427' title='bbox 2786 2441 2951 2480; x_wconf 90' lang='lat' dir='ltr'>suum</span> <span class='ocrx_word' id='word_1_428' title='bbox 2965 2426 3283 2497; x_wconf 89' lang='lat' dir='ltr'>subjectum</span> <span class='ocrx_word' id='word_1_429' title='bbox 3310 2425 3511 2480; x_wconf 88' lang='lat' dir='ltr'>existe-</span> 
     </span>
    </p>
   </div>
   <div class='ocr_carea' id='block_1_55' title="bbox 1911 2507 3511 2586">
    <p class='ocr_par' dir='ltr' id='par_1_55' title="bbox 1911 2507 3511 2586">
     <span class='ocr_line' id='line_1_55' title="bbox 1911 2507 3511 2586; baseline 0.006 -27"><span class='ocrx_word' id='word_1_430' title='bbox 1911 2522 1972 2560; x_wconf 91' lang='lat' dir='ltr'>re</span> <span class='ocrx_word' id='word_1_431' title='bbox 1993 2511 2050 2560; x_wconf 91' lang='lat' dir='ltr'>et</span> <span class='ocrx_word' id='word_1_432' title='bbox 2068 2507 2302 2578; x_wconf 90' lang='lat' dir='ltr'>implere</span> <span class='ocrx_word' id='word_1_433' title='bbox 2331 2512 2480 2581; x_wconf 94' lang='lat' dir='ltr'>quod</span> <span class='ocrx_word' id='word_1_434' title='bbox 2506 2511 3029 2584; x_wconf 89' lang='lat' dir='ltr'>fueritimperatum</span> <span class='ocrx_word' id='word_1_435' title='bbox 3054 2534 3067 2583; x_wconf 93' lang='lat'>;</span> <span class='ocrx_word' id='word_1_436' title='bbox 3099 2515 3146 2570; x_wconf 90' lang='lat' dir='ltr'>si</span> <span class='ocrx_word' id='word_1_437' title='bbox 3176 2520 3368 2570; x_wconf 89' lang='lat' dir='ltr'>autem</span> <span class='ocrx_word' id='word_1_438' title='bbox 3386 2513 3511 2586; x_wconf 90' lang='lat' dir='ltr'>quis</span> 
     </span>
    </p>
   </div>
   <div class='ocr_carea' id='block_1_56' title="bbox 1910 2594 3511 2667">
    <p class='ocr_par' dir='ltr' id='par_1_56' title="bbox 1910 2594 3511 2667">
     <span class='ocr_line' id='line_1_56' title="bbox 1910 2594 3511 2667; baseline 0.007 -20"><span class='ocrx_word' id='word_1_439' title='bbox 1910 2594 2099 2650; x_wconf 92' lang='lat' dir='ltr'>volens</span> <span class='ocrx_word' id='word_1_440' title='bbox 2120 2596 2322 2667; x_wconf 90' lang='lat' dir='ltr'>jubere</span> <span class='ocrx_word' id='word_1_441' title='bbox 2348 2599 2530 2667; x_wconf 88' lang='lat' dir='ltr'>fratri,</span> <span class='ocrx_word' id='word_1_442' title='bbox 2565 2608 2623 2655; x_wconf 91' lang='lat' dir='ltr'>et</span> <span class='ocrx_word' id='word_1_443' title='bbox 2641 2618 2755 2657; x_wconf 92' lang='lat' dir='ltr'>non</span> <span class='ocrx_word' id='word_1_444' title='bbox 2782 2603 2888 2658; x_wconf 92' lang='lat' dir='ltr'>hoc</span> <span class='ocrx_word' id='word_1_445' title='bbox 2917 2604 3227 2659; x_wconf 89' lang='lat' dir='ltr'>secundum</span> <span class='ocrx_word' id='word_1_446' title='bbox 3246 2604 3511 2658; x_wconf 88' lang='lat' dir='ltr'>timorem</span> 
     </span>
    </p>
   </div>
   <div class='ocr_carea' id='block_1_57' title="bbox 1910 2683 3511 2761">
    <p class='ocr_par' dir='ltr' id='par_1_57' title="bbox 1910 2683 3511 2761">
     <span class='ocr_line' id='line_1_57' title="bbox 1910 2683 3511 2761; baseline 0.006 -24"><span class='ocrx_word' id='word_1_447' title='bbox 1910 2683 2014 2738; x_wconf 90' lang='lat' dir='ltr'>Dei</span> <span class='ocrx_word' id='word_1_448' title='bbox 2030 2683 2242 2753; x_wconf 86' lang='lat' dir='ltr'>fecerit,</span> <span class='ocrx_word' id='word_1_449' title='bbox 2262 2688 2361 2742; x_wconf 92' lang='lat' dir='ltr'>sed</span> <span class='ocrx_word' id='word_1_450' title='bbox 2382 2690 2543 2759; x_wconf 88' lang='lat' dir='ltr'>quasi</span> <span class='ocrx_word' id='word_1_451' title='bbox 2563 2707 2662 2761; x_wconf 90' lang='lat' dir='ltr'>per</span> <span class='ocrx_word' id='word_1_452' title='bbox 2676 2693 3092 2760; x_wconf 78' lang='lat' dir='ltr'>auctoritatem,</span> <span class='ocrx_word' id='word_1_453' title='bbox 3106 2693 3298 2748; x_wconf 90' lang='lat' dir='ltr'>volens</span> <span class='ocrx_word' id='word_1_454' title='bbox 3322 2691 3430 2747; x_wconf 87' lang='lat' dir='ltr'>sibi</span> <span class='ocrx_word' id='word_1_455' title='bbox 3451 2692 3511 2747; x_wconf 88' lang='lat' dir='ltr'>in</span> 
     </span>
    </p>
   </div>
   <div class='ocr_carea' id='block_1_58' title="bbox 1915 2778 3513 2852">
    <p class='ocr_par' dir='ltr' id='par_1_58' title="bbox 1915 2778 3513 2852">
     <span class='ocr_line' id='line_1_58' title="bbox 1915 2778 3513 2852; baseline 0.006 -26"><span class='ocrx_word' id='word_1_456' title='bbox 1915 2788 1981 2827; x_wconf 91' lang='lat' dir='ltr'>eo</span> <span class='ocrx_word' id='word_1_457' title='bbox 2001 2779 2339 2844; x_wconf 87' lang='lat' dir='ltr'>potestatem</span> <span class='ocrx_word' id='word_1_458' title='bbox 2362 2778 2680 2846; x_wconf 88' lang='lat' dir='ltr'>defendere,</span> <span class='ocrx_word' id='word_1_459' title='bbox 2700 2781 2851 2835; x_wconf 91' lang='lat' dir='ltr'>Deus</span> <span class='ocrx_word' id='word_1_460' title='bbox 2866 2781 2962 2852; x_wconf 90' lang='lat' dir='ltr'>qui</span> <span class='ocrx_word' id='word_1_461' title='bbox 2984 2781 3134 2836; x_wconf 92' lang='lat' dir='ltr'>videt</span> <span class='ocrx_word' id='word_1_462' title='bbox 3161 2781 3379 2837; x_wconf 88' lang='lat' dir='ltr'>occulta</span> <span class='ocrx_word' id='word_1_463' title='bbox 3392 2797 3513 2836; x_wconf 88' lang='lat' dir='ltr'>cor-</span> 
     </span>
    </p>
   </div>
   <div class='ocr_carea' id='block_1_59' title="bbox 1913 2861 3513 2942">
    <p class='ocr_par' dir='ltr' id='par_1_59' title="bbox 1913 2861 3513 2942">
     <span class='ocr_line' id='line_1_59' title="bbox 1913 2861 3513 2942; baseline 0.006 -27"><span class='ocrx_word' id='word_1_464' title='bbox 1913 2861 2017 2929; x_wconf 90' lang='lat' dir='ltr'>dis,</span> <span class='ocrx_word' id='word_1_465' title='bbox 2039 2879 2151 2918; x_wconf 91' lang='lat' dir='ltr'>non</span> <span class='ocrx_word' id='word_1_466' title='bbox 2177 2866 2455 2935; x_wconf 87' lang='lat' dir='ltr'>permittit</span> <span class='ocrx_word' id='word_1_467' title='bbox 2476 2885 2608 2923; x_wconf 91' lang='lat' dir='ltr'>eum</span> <span class='ocrx_word' id='word_1_468' title='bbox 2637 2870 2833 2924; x_wconf 88' lang='lat' dir='ltr'>audire</span> <span class='ocrx_word' id='word_1_469' title='bbox 2860 2871 2948 2925; x_wconf 88' lang='lat' dir='ltr'>vel</span> <span class='ocrx_word' id='word_1_470' title='bbox 2969 2870 3152 2926; x_wconf 90' lang='lat' dir='ltr'>facere</span> <span class='ocrx_word' id='word_1_471' title='bbox 3179 2871 3327 2942; x_wconf 90' lang='lat' dir='ltr'>quod</span> <span class='ocrx_word' id='word_1_472' title='bbox 3351 2869 3513 2941; x_wconf 87' lang='lat' dir='ltr'>jube-</span> 
     </span>
    </p>
   </div>
   <div class='ocr_carea' id='block_1_60' title="bbox 1911 2953 3511 3031">
    <p class='ocr_par' dir='ltr' id='par_1_60' title="bbox 1911 2953 3511 3031">
     <span class='ocr_line' id='line_1_60' title="bbox 1911 2953 3511 3031; baseline 0.007 -27"><span class='ocrx_word' id='word_1_473' title='bbox 1911 2953 2390 3010; x_wconf 86' lang='lat' dir='ltr'>tur.Manifestum</span> <span class='ocrx_word' id='word_1_474' title='bbox 2408 2957 2559 3011; x_wconf 88' lang='lat' dir='ltr'>enim</span> <span class='ocrx_word' id='word_1_475' title='bbox 2575 2963 2660 3013; x_wconf 92' lang='lat' dir='ltr'>est</span> <span class='ocrx_word' id='word_1_476' title='bbox 2673 2975 2817 3031; x_wconf 84' lang='lat' dir='ltr'>Opus</span> <span class='ocrx_word' id='word_1_477' title='bbox 2838 2961 2987 3031; x_wconf 92' lang='lat' dir='ltr'>quod</span> <span class='ocrx_word' id='word_1_478' title='bbox 3004 2960 3313 3016; x_wconf 86' lang='lat' dir='ltr'>secundum</span> <span class='ocrx_word' id='word_1_479' title='bbox 3330 2960 3511 3015; x_wconf 90' lang='lat' dir='ltr'>Deum</span> 
     </span>
    </p>
   </div>
   <div class='ocr_carea' id='block_1_61' title="bbox 1912 3040 3504 3121">
    <p class='ocr_par' dir='ltr' id='par_1_61' title="bbox 1912 3040 3504 3121">
     <span class='ocr_line' id='line_1_61' title="bbox 1912 3040 3504 3121; baseline 0.006 -27"><span class='ocrx_word' id='word_1_480' title='bbox 1912 3040 2007 3109; x_wconf 87' lang='lat' dir='ltr'>ﬁt;</span> <span class='ocrx_word' id='word_1_481' title='bbox 2031 3042 2304 3099; x_wconf 88' lang='lat' dir='ltr'>etiterum</span> <span class='ocrx_word' id='word_1_482' title='bbox 2317 3047 2680 3102; x_wconf 87' lang='lat' dir='ltr'>manifestum</span> <span class='ocrx_word' id='word_1_483' title='bbox 2702 3054 2790 3103; x_wconf 86' lang='lat' dir='ltr'>est</span> <span class='ocrx_word' id='word_1_484' title='bbox 2812 3049 2963 3118; x_wconf 90' lang='lat' dir='ltr'>quod</span> <span class='ocrx_word' id='word_1_485' title='bbox 2982 3066 3084 3121; x_wconf 89' lang='lat' dir='ltr'>pro</span> <span class='ocrx_word' id='word_1_486' title='bbox 3105 3049 3389 3104; x_wconf 89' lang='lat' dir='ltr'>voluntate</span> <span class='ocrx_word' id='word_1_487' title='bbox 3403 3053 3504 3105; x_wconf 88' lang='lat' dir='ltr'>aut</span> 
     </span>
    </p>
   </div>
   <div class='ocr_carea' id='block_1_62' title="bbox 231 3128 3500 3208">
    <p class='ocr_par' dir='ltr' id='par_1_62' title="bbox 231 3128 3500 3208">
     <span class='ocr_line' id='line_1_62' title="bbox 231 3128 3500 3208; baseline -0 -14"><span class='ocrx_word' id='word_1_488' title='bbox 231 3154 362 3194; x_wconf 88' lang='lat' dir='ltr'>ram</span> <span class='ocrx_word' id='word_1_489' title='bbox 391 3137 562 3191; x_wconf 80' lang='lat' dir='ltr'>\itam</span> <span class='ocrx_word' id='word_1_490' title='bbox 590 3136 828 3203; x_wconf 87' lang='lat' dir='ltr'>habetis,</span> <span class='ocrx_word' id='word_1_491' title='bbox 874 3142 933 3191; x_wconf 91' lang='lat' dir='ltr'>et</span> <span class='ocrx_word' id='word_1_492' title='bbox 954 3152 1068 3191; x_wconf 90' lang='lat' dir='ltr'>non</span> <span class='ocrx_word' id='word_1_493' title='bbox 1091 3134 1349 3205; x_wconf 73' lang='lat' dir='ltr'>cogitatis</span> <span class='ocrx_word' id='word_1_494' title='bbox 1377 3134 1447 3187; x_wconf 91' lang='lat' dir='ltr'>de</span> <span class='ocrx_word' id='word_1_495' title='bbox 1468 3134 1574 3187; x_wconf 92' lang='lat' dir='ltr'>hoc</span> <span class='ocrx_word' id='word_1_496' title='bbox 1599 3132 1821 3187; x_wconf 74' lang='lat' dir='ltr'>saeculo.</span> <span class='ocrx_word' id='word_1_497' title='bbox 1847 3134 1891 3199; x_wconf 77' lang='grc' dir='ltr'>ο</span> <span class='ocrx_word' id='word_1_498' title='bbox 1910 3128 1966 3183; x_wconf 88' lang='lat' dir='ltr'>in</span> <span class='ocrx_word' id='word_1_499' title='bbox 1999 3137 2277 3201; x_wconf 88' lang='lat' dir='ltr'>potestate</span> <span class='ocrx_word' id='word_1_500' title='bbox 2305 3133 2654 3205; x_wconf 89' lang='lat' dir='ltr'>injungitur;</span> <span class='ocrx_word' id='word_1_501' title='bbox 2688 3136 2953 3207; x_wconf 90' lang='lat' dir='ltr'>quoniam</span> <span class='ocrx_word' id='word_1_502' title='bbox 2979 3138 3128 3208; x_wconf 90' lang='lat' dir='ltr'>quod</span> <span class='ocrx_word' id='word_1_503' title='bbox 3179 3154 3215 3192; x_wconf 89' lang='lat' dir='ltr'>a</span> <span class='ocrx_word' id='word_1_504' title='bbox 3240 3138 3356 3192; x_wconf 89' lang='lat' dir='ltr'>Deo</span> <span class='ocrx_word' id='word_1_505' title='bbox 3394 3143 3500 3205; x_wconf 86' lang='lat' dir='ltr'>est,</span> 
     </span>
    </p>
   </div>
   <div class='ocr_carea' id='block_1_63' title="bbox 230 3223 1824 3296">
    <p class='ocr_par' dir='ltr' id='par_1_63' title="bbox 230 3223 1824 3296">
     <span class='ocr_line' id='line_1_63' title="bbox 230 3223 1824 3296; baseline -0.004 -15"><span class='ocrx_word' id='word_1_506' title='bbox 230 3226 549 3281; x_wconf 84' lang='lat' dir='ltr'>Veritatem</span> <span class='ocrx_word' id='word_1_507' title='bbox 577 3232 765 3281; x_wconf 88' lang='lat' dir='ltr'>autem</span> <span class='ocrx_word' id='word_1_508' title='bbox 783 3226 986 3293; x_wconf 90' lang='lat' dir='ltr'>dicam,</span> <span class='ocrx_word' id='word_1_509' title='bbox 1013 3225 1148 3296; x_wconf 90' lang='lat' dir='ltr'>quia</span> <span class='ocrx_word' id='word_1_510' title='bbox 1169 3224 1229 3278; x_wconf 91' lang='lat' dir='ltr'>in</span> <span class='ocrx_word' id='word_1_511' title='bbox 1247 3223 1482 3294; x_wconf 91' lang='lat' dir='ltr'>imperio</span> <span class='ocrx_word' id='word_1_512' title='bbox 1495 3228 1662 3276; x_wconf 90' lang='lat' dir='ltr'>natus</span> <span class='ocrx_word' id='word_1_513' title='bbox 1678 3238 1824 3285; x_wconf 91' lang='lat' dir='ltr'>sum,</span> 
     </span>
    </p>
   </div>
   <div class='ocr_carea' id='block_1_64' title="bbox 231 3314 1831 3387">
    <p class='ocr_par' dir='ltr' id='par_1_64' title="bbox 231 3314 1831 3387">
     <span class='ocr_line' id='line_1_64' title="bbox 231 3314 1831 3387; baseline -0.006 -16"><span class='ocrx_word' id='word_1_514' title='bbox 231 3322 297 3372; x_wconf 85' lang='lat' dir='ltr'>et</span> <span class='ocrx_word' id='word_1_515' title='bbox 321 3332 611 3387; x_wconf 89' lang='lat' dir='ltr'>nunquam</span> <span class='ocrx_word' id='word_1_516' title='bbox 630 3321 821 3382; x_wconf 58' lang='lat' dir='ltr'>ags</span> <span class='ocrx_word' id='word_1_517' title='bbox 838 3315 921 3370; x_wconf 89' lang='lat' dir='ltr'>ita</span> <span class='ocrx_word' id='word_1_518' title='bbox 942 3314 1249 3368; x_wconf 86' lang='lat' dir='ltr'>delectatus</span> <span class='ocrx_word' id='word_1_519' title='bbox 1277 3328 1401 3366; x_wconf 92' lang='lat' dir='ltr'>sum</span> <span class='ocrx_word' id='word_1_520' title='bbox 1430 3327 1575 3382; x_wconf 89' lang='lat' dir='ltr'>pane</span> <span class='ocrx_word' id='word_1_521' title='bbox 1596 3315 1653 3364; x_wconf 91' lang='lat' dir='ltr'>et</span> <span class='ocrx_word' id='word_1_522' title='bbox 1682 3325 1831 3380; x_wconf 90' lang='lat' dir='ltr'>aqua</span> 
     </span>
    </p>
   </div>
   <div class='ocr_carea' id='block_1_65' title="bbox 228 3398 1831 3473">
    <p class='ocr_par' dir='ltr' id='par_1_65' title="bbox 228 3398 1831 3473">
     <span class='ocr_line' id='line_1_65' title="bbox 228 3398 1831 3473; baseline -0.006 -13"><span class='ocrx_word' id='word_1_523' title='bbox 228 3405 384 3460; x_wconf 89' lang='lat' dir='ltr'>sicut</span> <span class='ocrx_word' id='word_1_524' title='bbox 408 3404 574 3459; x_wconf 87' lang='lat' dir='ltr'>hodie</span> <span class='ocrx_word' id='word_1_525' title='bbox 597 3423 611 3473; x_wconf 88' lang='lat'>;</span> <span class='ocrx_word' id='word_1_526' title='bbox 636 3405 774 3459; x_wconf 90' lang='lat' dir='ltr'>satis</span> <span class='ocrx_word' id='word_1_527' title='bbox 794 3403 942 3458; x_wconf 90' lang='lat' dir='ltr'>enim</span> <span class='ocrx_word' id='word_1_528' title='bbox 962 3401 1201 3456; x_wconf 89' lang='lat' dir='ltr'>libenter</span> <span class='ocrx_word' id='word_1_529' title='bbox 1219 3400 1454 3455; x_wconf 90' lang='lat' dir='ltr'>comedi.</span> <span class='ocrx_word' id='word_1_530' title='bbox 1480 3401 1550 3454; x_wconf 91' lang='lat' dir='ltr'>Et</span> <span class='ocrx_word' id='word_1_531' title='bbox 1579 3398 1747 3469; x_wconf 86' lang='lat' dir='ltr'>coepit</span> <span class='ocrx_word' id='word_1_532' title='bbox 1765 3414 1831 3452; x_wconf 89' lang='lat' dir='ltr'>ex</span> 
     </span>
    </p>
   </div>
   <div class='ocr_carea' id='block_1_66' title="bbox 228 3487 1833 3564">
    <p class='ocr_par' dir='ltr' id='par_1_66' title="bbox 228 3487 1833 3564">
     <span class='ocr_line' id='line_1_66' title="bbox 228 3487 1833 3564; baseline -0.005 -15"><span class='ocrx_word' id='word_1_533' title='bbox 228 3501 373 3550; x_wconf 88' lang='lat' dir='ltr'>tunc</span> <span class='ocrx_word' id='word_1_534' title='bbox 390 3494 668 3549; x_wconf 88' lang='lat' dir='ltr'>honorare</span> <span class='ocrx_word' id='word_1_535' title='bbox 683 3510 812 3549; x_wconf 87' lang='lat' dir='ltr'>eum</span> <span class='ocrx_word' id='word_1_536' title='bbox 836 3493 1170 3564; x_wconf 88' lang='lat' dir='ltr'>imperator;</span> <span class='ocrx_word' id='word_1_537' title='bbox 1195 3507 1362 3545; x_wconf 89' lang='lat' dir='ltr'>senex</span> <span class='ocrx_word' id='word_1_538' title='bbox 1384 3506 1511 3544; x_wconf 90' lang='lat' dir='ltr'>vero</span> <span class='ocrx_word' id='word_1_539' title='bbox 1540 3487 1833 3558; x_wconf 90' lang='lat' dir='ltr'>egrediens</span> 
     </span>
    </p>
   </div>
   <div class='ocr_carea' id='block_1_67' title="bbox 230 3582 1334 3655">
    <p class='ocr_par' dir='ltr' id='par_1_67' title="bbox 230 3582 1334 3655">
     <span class='ocr_line' id='line_1_67' title="bbox 230 3582 1334 3655; baseline -0.005 -16"><span class='ocrx_word' id='word_1_540' title='bbox 230 3583 401 3655; x_wconf 88' lang='lat' dir='ltr'>fugit,</span> <span class='ocrx_word' id='word_1_541' title='bbox 431 3588 490 3639; x_wconf 87' lang='lat' dir='ltr'>et</span> <span class='ocrx_word' id='word_1_542' title='bbox 511 3584 721 3638; x_wconf 89' lang='lat' dir='ltr'>iterum</span> <span class='ocrx_word' id='word_1_543' title='bbox 746 3582 898 3637; x_wconf 86' lang='lat' dir='ltr'>venit</span> <span class='ocrx_word' id='word_1_544' title='bbox 929 3582 988 3636; x_wconf 88' lang='lat' dir='ltr'>in</span> <span class='ocrx_word' id='word_1_545' title='bbox 1008 3582 1334 3652; x_wconf 64' lang='lat' dir='ltr'>Egyptum.</span> 
     </span>
    </p>
   </div>
   <div class='ocr_carea' id='block_1_68' title="bbox 238 3669 1831 3740">
    <p class='ocr_par' dir='ltr' id='par_1_68' title="bbox 238 3669 1831 3740">
     <span class='ocr_line' id='line_1_68' title="bbox 238 3669 1831 3740; baseline -0.005 -12"><span class='ocrx_word' id='word_1_546' title='bbox 238 3707 243 3713; x_wconf 88' lang='lat'><strong><em>-</em></strong></span> <span class='ocrx_word' id='word_1_547' title='bbox 314 3673 402 3730; x_wconf 89' lang='lat'>67.</span> <span class='ocrx_word' id='word_1_548' title='bbox 434 3672 708 3728; x_wconf 88' lang='lat' dir='ltr'>Dicebant</span> <span class='ocrx_word' id='word_1_549' title='bbox 737 3688 931 3727; x_wconf 89' lang='lat' dir='ltr'>senes:</span> <span class='ocrx_word' id='word_1_550' title='bbox 965 3670 1244 3736; x_wconf 87' lang='lat' dir='ltr'>Quoniam</span> <span class='ocrx_word' id='word_1_551' title='bbox 1270 3669 1494 3740; x_wconf 87' lang='lat' dir='ltr'>quando</span> <span class='ocrx_word' id='word_1_552' title='bbox 1523 3673 1831 3735; x_wconf 89' lang='lat' dir='ltr'>tentamur,</span> 
     </span>
    </p>
   </div>
   <div class='ocr_carea' id='block_1_69' title="bbox 232 3756 1836 3833">
    <p class='ocr_par' dir='ltr' id='par_1_69' title="bbox 232 3756 1836 3833">
     <span class='ocr_line' id='line_1_69' title="bbox 232 3756 1836 3833; baseline -0.006 -15"><span class='ocrx_word' id='word_1_553' title='bbox 232 3769 377 3819; x_wconf 81' lang='lat' dir='ltr'>tunc</span> <span class='ocrx_word' id='word_1_554' title='bbox 395 3762 575 3833; x_wconf 89' lang='lat' dir='ltr'>magis</span> <span class='ocrx_word' id='word_1_555' title='bbox 595 3761 966 3816; x_wconf 87' lang='lat' dir='ltr'>humiliamur</span> <span class='ocrx_word' id='word_1_556' title='bbox 985 3777 1000 3828; x_wconf 92' lang='lat'>;</span> <span class='ocrx_word' id='word_1_557' title='bbox 1016 3759 1281 3832; x_wconf 90' lang='lat' dir='ltr'>quoniam</span> <span class='ocrx_word' id='word_1_558' title='bbox 1301 3759 1451 3813; x_wconf 90' lang='lat' dir='ltr'>Deus</span> <span class='ocrx_word' id='word_1_559' title='bbox 1472 3757 1653 3812; x_wconf 89' lang='lat' dir='ltr'>sciens</span> <span class='ocrx_word' id='word_1_560' title='bbox 1682 3756 1836 3810; x_wconf 83' lang='lat' dir='ltr'>inﬁr-</span> 
     </span>
    </p>
   </div>
   <div class='ocr_carea' id='block_1_70' title="bbox 232 3846 1833 3921">
    <p class='ocr_par' dir='ltr' id='par_1_70' title="bbox 232 3846 1833 3921">
     <span class='ocr_line' id='line_1_70' title="bbox 232 3846 1833 3921; baseline -0.006 -13"><span class='ocrx_word' id='word_1_561' title='bbox 232 3850 497 3908; x_wconf 83' lang='lat' dir='ltr'>mitatem</span> <span class='ocrx_word' id='word_1_562' title='bbox 524 3856 797 3919; x_wconf 88' lang='lat' dir='ltr'>nostram,</span> <span class='ocrx_word' id='word_1_563' title='bbox 818 3849 1065 3921; x_wconf 88' lang='lat' dir='ltr'>protegit</span> <span class='ocrx_word' id='word_1_564' title='bbox 1077 3864 1179 3903; x_wconf 91' lang='lat' dir='ltr'>nos</span> <span class='ocrx_word' id='word_1_565' title='bbox 1196 3867 1207 3900; x_wconf 90' lang='lat'>:</span> <span class='ocrx_word' id='word_1_566' title='bbox 1226 3848 1477 3902; x_wconf 89' lang='lat' dir='ltr'>siautem</span> <span class='ocrx_word' id='word_1_567' title='bbox 1502 3846 1833 3917; x_wconf 89' lang='lat' dir='ltr'>gloriamur,</span> 
     </span>
    </p>
   </div>
   <div class='ocr_carea' id='block_1_71' title="bbox 234 3936 1692 4011">
    <p class='ocr_par' dir='ltr' id='par_1_71' title="bbox 234 3936 1692 4011">
     <span class='ocr_line' id='line_1_71' title="bbox 234 3936 1692 4011; baseline -0.004 -14"><span class='ocrx_word' id='word_1_568' title='bbox 234 3941 427 3998; x_wconf 89' lang='lat' dir='ltr'>aufert</span> <span class='ocrx_word' id='word_1_569' title='bbox 451 3956 487 3994; x_wconf 88' lang='lat' dir='ltr'>a</span> <span class='ocrx_word' id='word_1_570' title='bbox 511 3940 673 3995; x_wconf 90' lang='lat' dir='ltr'>nobis</span> <span class='ocrx_word' id='word_1_571' title='bbox 694 3939 1099 4011; x_wconf 91' lang='lat' dir='ltr'>protectionem</span> <span class='ocrx_word' id='word_1_572' title='bbox 1129 3952 1310 4003; x_wconf 91' lang='lat' dir='ltr'>suam,</span> <span class='ocrx_word' id='word_1_573' title='bbox 1336 3943 1393 3991; x_wconf 89' lang='lat' dir='ltr'>et</span> <span class='ocrx_word' id='word_1_574' title='bbox 1420 3936 1692 4007; x_wconf 90' lang='lat' dir='ltr'>perimus.</span> 
     </span>
    </p>
   </div>
   <div class='ocr_carea' id='block_1_72' title="bbox 310 4024 1833 4099">
    <p class='ocr_par' dir='ltr' id='par_1_72' title="bbox 310 4024 1833 4099">
     <span class='ocr_line' id='line_1_72' title="bbox 310 4024 1833 4099; baseline -0.004 -14"><span class='ocrx_word' id='word_1_575' title='bbox 310 4029 403 4087; x_wconf 90' lang='lat'>68.</span> <span class='ocrx_word' id='word_1_576' title='bbox 431 4029 665 4084; x_wconf 89' lang='lat' dir='ltr'>Cuidam</span> <span class='ocrx_word' id='word_1_577' title='bbox 676 4028 837 4083; x_wconf 89' lang='lat' dir='ltr'>fratri</span> <span class='ocrx_word' id='word_1_578' title='bbox 850 4027 1113 4099; x_wconf 90' lang='lat' dir='ltr'>apparuit</span> <span class='ocrx_word' id='word_1_579' title='bbox 1123 4026 1377 4081; x_wconf 89' lang='lat' dir='ltr'>diabolus</span> <span class='ocrx_word' id='word_1_580' title='bbox 1398 4024 1833 4079; x_wconf 87' lang='lat' dir='ltr'>transformatus</span> 
     </span>
    </p>
   </div>
   <div class='ocr_carea' id='block_1_73' title="bbox 233 4113 1834 4191">
    <p class='ocr_par' dir='ltr' id='par_1_73' title="bbox 233 4113 1834 4191">
     <span class='ocr_line' id='line_1_73' title="bbox 233 4113 1834 4191; baseline -0.006 -15"><span class='ocrx_word' id='word_1_581' title='bbox 233 4122 301 4176; x_wconf 90' lang='lat' dir='ltr'>in</span> <span class='ocrx_word' id='word_1_582' title='bbox 321 4119 585 4191; x_wconf 87' lang='lat' dir='ltr'>angelum</span> <span class='ocrx_word' id='word_1_583' title='bbox 602 4118 760 4185; x_wconf 90' lang='lat' dir='ltr'>lucis,</span> <span class='ocrx_word' id='word_1_584' title='bbox 785 4124 841 4172; x_wconf 89' lang='lat' dir='ltr'>et</span> <span class='ocrx_word' id='word_1_585' title='bbox 855 4117 995 4171; x_wconf 88' lang='lat' dir='ltr'>dixit</span> <span class='ocrx_word' id='word_1_586' title='bbox 1016 4116 1088 4171; x_wconf 87' lang='lat' dir='ltr'>ad</span> <span class='ocrx_word' id='word_1_587' title='bbox 1108 4132 1238 4170; x_wconf 90' lang='lat' dir='ltr'>eum</span> <span class='ocrx_word' id='word_1_588' title='bbox 1265 4134 1277 4169; x_wconf 92' lang='lat'>:</span> <span class='ocrx_word' id='word_1_589' title='bbox 1302 4116 1417 4186; x_wconf 86' lang='lat' dir='ltr'>Ego</span> <span class='ocrx_word' id='word_1_590' title='bbox 1447 4131 1574 4169; x_wconf 90' lang='lat' dir='ltr'>sum</span> <span class='ocrx_word' id='word_1_591' title='bbox 1603 4113 1834 4169; x_wconf 88' lang='lat' dir='ltr'>Gabriel</span> 
     </span>
    </p>
   </div>
   <div class='ocr_carea' id='block_1_74' title="bbox 236 4203 1835 4281">
    <p class='ocr_par' dir='ltr' id='par_1_74' title="bbox 236 4203 1835 4281">
     <span class='ocr_line' id='line_1_74' title="bbox 236 4203 1835 4281; baseline -0.006 -15"><span class='ocrx_word' id='word_1_592' title='bbox 236 4209 494 4281; x_wconf 86' lang='lat' dir='ltr'>angelus,</span> <span class='ocrx_word' id='word_1_593' title='bbox 517 4213 576 4263; x_wconf 89' lang='lat' dir='ltr'>et</span> <span class='ocrx_word' id='word_1_594' title='bbox 589 4208 794 4263; x_wconf 90' lang='lat' dir='ltr'>missus</span> <span class='ocrx_word' id='word_1_595' title='bbox 808 4223 936 4262; x_wconf 89' lang='lat' dir='ltr'>sum</span> <span class='ocrx_word' id='word_1_596' title='bbox 958 4206 1028 4260; x_wconf 90' lang='lat' dir='ltr'>ad</span> <span class='ocrx_word' id='word_1_597' title='bbox 1050 4212 1125 4260; x_wconf 91' lang='lat' dir='ltr'>te.</span> <span class='ocrx_word' id='word_1_598' title='bbox 1149 4205 1250 4260; x_wconf 90' lang='lat' dir='ltr'>Ille</span> <span class='ocrx_word' id='word_1_599' title='bbox 1265 4221 1396 4259; x_wconf 89' lang='lat' dir='ltr'>vero</span> <span class='ocrx_word' id='word_1_600' title='bbox 1418 4204 1557 4258; x_wconf 88' lang='lat' dir='ltr'>dixit</span> <span class='ocrx_word' id='word_1_601' title='bbox 1571 4203 1651 4258; x_wconf 91' lang='lat' dir='ltr'>ei:</span> <span class='ocrx_word' id='word_1_602' title='bbox 1692 4203 1835 4257; x_wconf 85' lang='lat' dir='ltr'>Vide</span> 
     </span>
    </p>
   </div>
   <div class='ocr_carea' id='block_1_75' title="bbox 234 4292 1835 4366">
    <p class='ocr_par' dir='ltr' id='par_1_75' title="bbox 234 4292 1835 4366">
     <span class='ocr_line' id='line_1_75' title="bbox 234 4292 1835 4366; baseline -0.005 -11"><span class='ocrx_word' id='word_1_603' title='bbox 234 4315 315 4356; x_wconf 88' lang='lat' dir='ltr'>ne</span> <span class='ocrx_word' id='word_1_604' title='bbox 341 4299 414 4353; x_wconf 88' lang='lat' dir='ltr'>ad</span> <span class='ocrx_word' id='word_1_605' title='bbox 432 4298 607 4353; x_wconf 88' lang='lat' dir='ltr'>alium</span> <span class='ocrx_word' id='word_1_606' title='bbox 632 4297 837 4351; x_wconf 89' lang='lat' dir='ltr'>missus</span> <span class='ocrx_word' id='word_1_607' title='bbox 857 4295 961 4364; x_wconf 90' lang='lat' dir='ltr'>sis;</span> <span class='ocrx_word' id='word_1_608' title='bbox 995 4311 1099 4366; x_wconf 87' lang='lat' dir='ltr'>ego</span> <span class='ocrx_word' id='word_1_609' title='bbox 1128 4300 1315 4349; x_wconf 90' lang='lat' dir='ltr'>autem</span> <span class='ocrx_word' id='word_1_610' title='bbox 1342 4309 1453 4348; x_wconf 92' lang='lat' dir='ltr'>non</span> <span class='ocrx_word' id='word_1_611' title='bbox 1474 4310 1601 4347; x_wconf 90' lang='lat' dir='ltr'>sum</span> <span class='ocrx_word' id='word_1_612' title='bbox 1631 4292 1835 4364; x_wconf 89' lang='lat' dir='ltr'>dignus</span> 
     </span>
    </p>
   </div>
   <div class='ocr_carea' id='block_1_76' title="bbox 236 4382 1835 4458">
    <p class='ocr_par' dir='ltr' id='par_1_76' title="bbox 236 4382 1835 4458">
     <span class='ocr_line' id='line_1_76' title="bbox 236 4382 1835 4458; baseline -0.006 -13"><span class='ocrx_word' id='word_1_613' title='bbox 236 4387 559 4458; x_wconf 60' lang='lat' dir='ltr'>ut&#39;angelus</span> <span class='ocrx_word' id='word_1_614' title='bbox 588 4387 849 4441; x_wconf 87' lang='lat' dir='ltr'>mittatur</span> <span class='ocrx_word' id='word_1_615' title='bbox 876 4384 949 4440; x_wconf 87' lang='lat' dir='ltr'>ad</span> <span class='ocrx_word' id='word_1_616' title='bbox 991 4401 1101 4438; x_wconf 91' lang='lat' dir='ltr'>me.</span> <span class='ocrx_word' id='word_1_617' title='bbox 1133 4383 1403 4438; x_wconf 88' lang='lat' dir='ltr'>Diabolus</span> <span class='ocrx_word' id='word_1_618' title='bbox 1424 4387 1614 4438; x_wconf 90' lang='lat' dir='ltr'>autem</span> <span class='ocrx_word' id='word_1_619' title='bbox 1642 4382 1835 4437; x_wconf 90' lang='lat' dir='ltr'>statim</span> 
     </span>
    </p>
   </div>
   <div class='ocr_carea' id='block_1_77' title="bbox 235 4476 721 4548">
    <p class='ocr_par' dir='ltr' id='par_1_77' title="bbox 235 4476 721 4548">
     <span class='ocr_line' id='line_1_77' title="bbox 235 4476 721 4548; baseline -0.012 -12"><span class='ocrx_word' id='word_1_620' title='bbox 235 4494 357 4536; x_wconf 91' lang='lat' dir='ltr'>non</span> <span class='ocrx_word' id='word_1_621' title='bbox 388 4476 721 4548; x_wconf 86' lang='lat' dir='ltr'>comparuit.</span> 
     </span>
    </p>
   </div>
   <div class='ocr_carea' id='block_1_78' title="bbox 318 4561 1839 4634">
    <p class='ocr_par' dir='ltr' id='par_1_78' title="bbox 318 4561 1839 4634">
     <span class='ocr_line' id='line_1_78' title="bbox 318 4561 1839 4634; baseline -0.005 -13"><span class='ocrx_word' id='word_1_622' title='bbox 318 4566 405 4622; x_wconf 87' lang='lat'>69.</span> <span class='ocrx_word' id='word_1_623' title='bbox 438 4565 706 4620; x_wconf 88' lang='lat' dir='ltr'>Dicebant</span> <span class='ocrx_word' id='word_1_624' title='bbox 724 4581 885 4620; x_wconf 90' lang='lat' dir='ltr'>senes</span> <span class='ocrx_word' id='word_1_625' title='bbox 917 4582 928 4617; x_wconf 91' lang='lat'>:</span> <span class='ocrx_word' id='word_1_626' title='bbox 962 4563 1107 4629; x_wconf 89' lang='lat' dir='ltr'>Quia</span> <span class='ocrx_word' id='word_1_627' title='bbox 1124 4563 1209 4617; x_wconf 89' lang='lat' dir='ltr'>vel</span> <span class='ocrx_word' id='word_1_628' title='bbox 1238 4562 1285 4617; x_wconf 91' lang='lat' dir='ltr'>si</span> <span class='ocrx_word' id='word_1_629' title='bbox 1297 4579 1398 4634; x_wconf 90' lang='lat' dir='ltr'>pro</span> <span class='ocrx_word' id='word_1_630' title='bbox 1415 4561 1648 4616; x_wconf 90' lang='lat' dir='ltr'>veritate</span> <span class='ocrx_word' id='word_1_631' title='bbox 1673 4575 1839 4630; x_wconf 87' lang='lat' dir='ltr'>ange-</span> 
     </span>
    </p>
   </div>
   <div class='ocr_carea' id='block_1_79' title="bbox 234 4649 1840 4728">
    <p class='ocr_par' dir='ltr' id='par_1_79' title="bbox 234 4649 1840 4728">
     <span class='ocr_line' id='line_1_79' title="bbox 234 4649 1840 4728; baseline -0.007 -14"><span class='ocrx_word' id='word_1_632' title='bbox 234 4658 336 4714; x_wconf 87' lang='lat' dir='ltr'>lus</span> <span class='ocrx_word' id='word_1_633' title='bbox 360 4655 465 4711; x_wconf 86' lang='lat' dir='ltr'>tibi</span> <span class='ocrx_word' id='word_1_634' title='bbox 492 4660 782 4728; x_wconf 85' lang='lat' dir='ltr'>appareat,</span> <span class='ocrx_word' id='word_1_635' title='bbox 813 4670 926 4709; x_wconf 91' lang='lat' dir='ltr'>non</span> <span class='ocrx_word' id='word_1_636' title='bbox 961 4652 1232 4724; x_wconf 89' lang='lat' dir='ltr'>suscipias</span> <span class='ocrx_word' id='word_1_637' title='bbox 1270 4651 1450 4717; x_wconf 80' lang='lat' dir='ltr'>facile,</span> <span class='ocrx_word' id='word_1_638' title='bbox 1478 4651 1575 4705; x_wconf 90' lang='lat' dir='ltr'>sed</span> <span class='ocrx_word' id='word_1_639' title='bbox 1601 4649 1840 4704; x_wconf 90' lang='lat' dir='ltr'>humilia</span> 
     </span>
    </p>
   </div>
   <div class='ocr_carea' id='block_1_80' title="bbox 237 4737 1839 4818">
    <p class='ocr_par' dir='ltr' id='par_1_80' title="bbox 237 4737 1839 4818">
     <span class='ocr_line' id='line_1_80' title="bbox 237 4737 1839 4818; baseline -0.007 -16"><span class='ocrx_word' id='word_1_640' title='bbox 237 4744 841 4818; x_wconf 86' lang='lat' dir='ltr'>temetipsum,dicens:</span> <span class='ocrx_word' id='word_1_641' title='bbox 857 4745 983 4799; x_wconf 90' lang='lat' dir='ltr'>Non</span> <span class='ocrx_word' id='word_1_642' title='bbox 999 4759 1126 4798; x_wconf 90' lang='lat' dir='ltr'>sum</span> <span class='ocrx_word' id='word_1_643' title='bbox 1145 4742 1350 4812; x_wconf 88' lang='lat' dir='ltr'>dignus</span> <span class='ocrx_word' id='word_1_644' title='bbox 1365 4740 1630 4810; x_wconf 86' lang='lat' dir='ltr'>angelum</span> <span class='ocrx_word' id='word_1_645' title='bbox 1651 4737 1839 4792; x_wconf 89' lang='lat' dir='ltr'>videre</span> 
     </span>
    </p>
   </div>
   <div class='ocr_carea' id='block_1_81' title="bbox 235 4834 800 4907">
    <p class='ocr_par' dir='ltr' id='par_1_81' title="bbox 235 4834 800 4907">
     <span class='ocr_line' id='line_1_81' title="bbox 235 4834 800 4907; baseline -0.007 -15"><span class='ocrx_word' id='word_1_646' title='bbox 235 4837 434 4893; x_wconf 78' lang='lat' dir='ltr'>vivens</span> <span class='ocrx_word' id='word_1_647' title='bbox 460 4835 518 4889; x_wconf 92' lang='lat' dir='ltr'>in</span> <span class='ocrx_word' id='word_1_648' title='bbox 540 4834 800 4907; x_wconf 87' lang='lat' dir='ltr'>peccatis.</span> 
     </span>
    </p>
   </div>
   <div class='ocr_carea' id='block_1_82' title="bbox 322 4916 1842 4991">
    <p class='ocr_par' dir='ltr' id='par_1_82' title="bbox 322 4916 1842 4991">
     <span class='ocr_line' id='line_1_82' title="bbox 322 4916 1842 4991; baseline -0.007 -11"><span class='ocrx_word' id='word_1_649' title='bbox 322 4925 409 4981; x_wconf 87' lang='lat'><strong>70.</strong></span> <span class='ocrx_word' id='word_1_650' title='bbox 441 4925 828 4980; x_wconf 90' lang='lat' dir='ltr'>Narraverunt</span> <span class='ocrx_word' id='word_1_651' title='bbox 852 4922 923 4976; x_wconf 90' lang='lat' dir='ltr'>de</span> <span class='ocrx_word' id='word_1_652' title='bbox 947 4921 1057 4977; x_wconf 89' lang='lat' dir='ltr'>alio</span> <span class='ocrx_word' id='word_1_653' title='bbox 1086 4937 1238 4987; x_wconf 87' lang='lat' dir='ltr'>sene,</span> <span class='ocrx_word' id='word_1_654' title='bbox 1268 4917 1611 4991; x_wconf 90' lang='lat' dir='ltr'>quiasedens</span> <span class='ocrx_word' id='word_1_655' title='bbox 1631 4916 1690 4970; x_wconf 90' lang='lat' dir='ltr'>in</span> <span class='ocrx_word' id='word_1_656' title='bbox 1702 4916 1842 4971; x_wconf 88' lang='lat' dir='ltr'>cella</span> 
     </span>
    </p>
   </div>
   <div class='ocr_carea' id='block_1_83' title="bbox 240 5008 1842 5083">
    <p class='ocr_par' dir='ltr' id='par_1_83' title="bbox 240 5008 1842 5083">
     <span class='ocr_line' id='line_1_83' title="bbox 240 5008 1842 5083; baseline -0.007 -12"><span class='ocrx_word' id='word_1_657' title='bbox 240 5031 372 5083; x_wconf 88' lang='lat' dir='ltr'>sua,</span> <span class='ocrx_word' id='word_1_658' title='bbox 400 5019 457 5069; x_wconf 91' lang='lat' dir='ltr'>et</span> <span class='ocrx_word' id='word_1_659' title='bbox 482 5013 765 5069; x_wconf 89' lang='lat' dir='ltr'>sustinens</span> <span class='ocrx_word' id='word_1_660' title='bbox 792 5012 1153 5078; x_wconf 87' lang='lat' dir='ltr'>tentationes,</span> <span class='ocrx_word' id='word_1_661' title='bbox 1185 5008 1409 5063; x_wconf 87' lang='lat' dir='ltr'>videbat</span> <span class='ocrx_word' id='word_1_662' title='bbox 1422 5008 1702 5062; x_wconf 74' lang='lat' dir='ltr'>daemones</span> <span class='ocrx_word' id='word_1_663' title='bbox 1727 5022 1842 5061; x_wconf 82' lang='lat' dir='ltr'>ma—</span> 
     </span>
    </p>
   </div>
   <div class='ocr_carea' id='block_1_84' title="bbox 240 5096 1843 5171">
    <p class='ocr_par' dir='ltr' id='par_1_84' title="bbox 240 5096 1843 5171">
     <span class='ocr_line' id='line_1_84' title="bbox 240 5096 1843 5171; baseline -0.006 -11"><span class='ocrx_word' id='word_1_664' title='bbox 240 5104 467 5171; x_wconf 86' lang='lat' dir='ltr'>nifeste,</span> <span class='ocrx_word' id='word_1_665' title='bbox 493 5109 551 5158; x_wconf 93' lang='lat' dir='ltr'>et</span> <span class='ocrx_word' id='word_1_666' title='bbox 570 5102 966 5159; x_wconf 90' lang='lat' dir='ltr'>contemnebat</span> <span class='ocrx_word' id='word_1_667' title='bbox 990 5117 1101 5156; x_wconf 84' lang='lat' dir='ltr'>eos.</span> <span class='ocrx_word' id='word_1_668' title='bbox 1119 5101 1261 5155; x_wconf 91' lang='lat' dir='ltr'>Cum</span> <span class='ocrx_word' id='word_1_669' title='bbox 1279 5104 1468 5154; x_wconf 90' lang='lat' dir='ltr'>autem</span> <span class='ocrx_word' id='word_1_670' title='bbox 1487 5096 1742 5151; x_wconf 89' lang='lat' dir='ltr'>diabolus</span> <span class='ocrx_word' id='word_1_671' title='bbox 1763 5096 1843 5151; x_wconf 84' lang='lat' dir='ltr'>vi-</span> 
     </span>
    </p>
   </div>
   <div class='ocr_carea' id='block_1_85' title="bbox 240 5184 1839 5256">
    <p class='ocr_par' dir='ltr' id='par_1_85' title="bbox 240 5184 1839 5256">
     <span class='ocr_line' id='line_1_85' title="bbox 240 5184 1839 5256; baseline -0.009 -5"><span class='ocrx_word' id='word_1_672' title='bbox 240 5194 411 5251; x_wconf 85' lang='lat' dir='ltr'>deret</span> <span class='ocrx_word' id='word_1_673' title='bbox 437 5209 498 5248; x_wconf 91' lang='lat' dir='ltr'>se</span> <span class='ocrx_word' id='word_1_674' title='bbox 525 5192 668 5247; x_wconf 90' lang='lat' dir='ltr'>vinci</span> <span class='ocrx_word' id='word_1_675' title='bbox 694 5209 729 5245; x_wconf 87' lang='lat' dir='ltr'>a</span> <span class='ocrx_word' id='word_1_676' title='bbox 756 5207 910 5256; x_wconf 90' lang='lat' dir='ltr'>sene,</span> <span class='ocrx_word' id='word_1_677' title='bbox 933 5189 1089 5244; x_wconf 91' lang='lat' dir='ltr'>venit</span> <span class='ocrx_word' id='word_1_678' title='bbox 1117 5194 1175 5243; x_wconf 92' lang='lat' dir='ltr'>et</span> <span class='ocrx_word' id='word_1_679' title='bbox 1187 5186 1435 5243; x_wconf 88' lang='lat' dir='ltr'>ostendit</span> <span class='ocrx_word' id='word_1_680' title='bbox 1454 5202 1514 5240; x_wconf 89' lang='lat' dir='ltr'>se</span> <span class='ocrx_word' id='word_1_681' title='bbox 1534 5185 1606 5251; x_wconf 92' lang='lat' dir='ltr'>ei,</span> <span class='ocrx_word' id='word_1_682' title='bbox 1622 5184 1839 5239; x_wconf 84' lang='lat' dir='ltr'>dicens:</span> 
     </span>
    </p>
   </div>
   <div class='ocr_carea' id='block_1_86' title="bbox 242 5273 1846 5354">
    <p class='ocr_par' dir='ltr' id='par_1_86' title="bbox 242 5273 1846 5354">
     <span class='ocr_line' id='line_1_86' title="bbox 242 5273 1846 5354; baseline -0.007 -15"><span class='ocrx_word' id='word_1_683' title='bbox 242 5284 367 5354; x_wconf 89' lang='lat' dir='ltr'>Ego</span> <span class='ocrx_word' id='word_1_684' title='bbox 396 5298 521 5336; x_wconf 89' lang='lat' dir='ltr'>sum</span> <span class='ocrx_word' id='word_1_685' title='bbox 541 5281 819 5339; x_wconf 88' lang='lat' dir='ltr'>Christus.</span> <span class='ocrx_word' id='word_1_686' title='bbox 844 5279 1057 5334; x_wconf 89' lang='lat' dir='ltr'>Videns</span> <span class='ocrx_word' id='word_1_687' title='bbox 1077 5283 1268 5332; x_wconf 89' lang='lat' dir='ltr'>autem</span> <span class='ocrx_word' id='word_1_688' title='bbox 1285 5293 1415 5331; x_wconf 90' lang='lat' dir='ltr'>eum</span> <span class='ocrx_word' id='word_1_689' title='bbox 1431 5292 1619 5341; x_wconf 88' lang='lat' dir='ltr'>senex,</span> <span class='ocrx_word' id='word_1_690' title='bbox 1644 5273 1846 5329; x_wconf 91' lang='lat' dir='ltr'>clausit</span> 
     </span>
    </p>
   </div>
   <div class='ocr_carea' id='block_1_87' title="bbox 244 5363 1838 5437">
    <p class='ocr_par' dir='ltr' id='par_1_87' title="bbox 244 5363 1838 5437">
     <span class='ocr_line' id='line_1_87' title="bbox 244 5363 1838 5437; baseline -0.008 -7"><span class='ocrx_word' id='word_1_691' title='bbox 244 5371 442 5430; x_wconf 88' lang='lat' dir='ltr'>oculos</span> <span class='ocrx_word' id='word_1_692' title='bbox 470 5387 619 5426; x_wconf 89' lang='lat' dir='ltr'>suos.</span> <span class='ocrx_word' id='word_1_693' title='bbox 643 5370 714 5425; x_wconf 88' lang='lat' dir='ltr'>Et</span> <span class='ocrx_word' id='word_1_694' title='bbox 741 5369 881 5424; x_wconf 87' lang='lat' dir='ltr'>dixit</span> <span class='ocrx_word' id='word_1_695' title='bbox 899 5368 951 5423; x_wconf 91' lang='lat' dir='ltr'>ei</span> <span class='ocrx_word' id='word_1_696' title='bbox 977 5367 1254 5423; x_wconf 88' lang='lat' dir='ltr'>diabolus:</span> <span class='ocrx_word' id='word_1_697' title='bbox 1279 5367 1394 5437; x_wconf 86' lang='lat' dir='ltr'>Ego</span> <span class='ocrx_word' id='word_1_698' title='bbox 1415 5381 1542 5420; x_wconf 91' lang='lat' dir='ltr'>sum</span> <span class='ocrx_word' id='word_1_699' title='bbox 1562 5363 1838 5432; x_wconf 89' lang='lat' dir='ltr'>Christus,</span> 
     </span>
    </p>
   </div>
   <div class='ocr_carea' id='block_1_88' title="bbox 245 5453 1839 5533">
    <p class='ocr_par' dir='ltr' id='par_1_88' title="bbox 245 5453 1839 5533">
     <span class='ocr_line' id='line_1_88' title="bbox 245 5453 1839 5533; baseline -0.006 -16"><span class='ocrx_word' id='word_1_700' title='bbox 245 5466 312 5519; x_wconf 82' lang='lat' dir='ltr'>et</span> <span class='ocrx_word' id='word_1_701' title='bbox 338 5477 511 5533; x_wconf 90' lang='lat' dir='ltr'>quare</span> <span class='ocrx_word' id='word_1_702' title='bbox 539 5459 791 5515; x_wconf 87' lang='lat' dir='ltr'>clausisti</span> <span class='ocrx_word' id='word_1_703' title='bbox 810 5459 999 5514; x_wconf 90' lang='lat' dir='ltr'>oculos</span> <span class='ocrx_word' id='word_1_704' title='bbox 1030 5457 1195 5511; x_wconf 85' lang='lat' dir='ltr'>tuos?</span> <span class='ocrx_word' id='word_1_705' title='bbox 1224 5457 1293 5510; x_wconf 90' lang='lat' dir='ltr'>Et</span> <span class='ocrx_word' id='word_1_706' title='bbox 1316 5453 1608 5526; x_wconf 89' lang='lat' dir='ltr'>respondit</span> <span class='ocrx_word' id='word_1_707' title='bbox 1626 5469 1795 5508; x_wconf 90' lang='lat' dir='ltr'>senex</span> <span class='ocrx_word' id='word_1_708' title='bbox 1826 5471 1839 5507; x_wconf 92' lang='lat'>:</span> 
     </span>
    </p>
   </div>
   <div class='ocr_carea' id='block_1_89' title="bbox 244 5543 1846 5623">
    <p class='ocr_par' dir='ltr' id='par_1_89' title="bbox 244 5543 1846 5623">
     <span class='ocr_line' id='line_1_89' title="bbox 244 5543 1846 5623; baseline -0.007 -16"><span class='ocrx_word' id='word_1_709' title='bbox 244 5553 370 5623; x_wconf 87' lang='lat' dir='ltr'>Ego</span> <span class='ocrx_word' id='word_1_710' title='bbox 397 5551 489 5607; x_wconf 90' lang='lat' dir='ltr'>hic</span> <span class='ocrx_word' id='word_1_711' title='bbox 510 5550 795 5606; x_wconf 88' lang='lat' dir='ltr'>Christum</span> <span class='ocrx_word' id='word_1_712' title='bbox 822 5550 952 5604; x_wconf 88' lang='lat' dir='ltr'>nolo</span> <span class='ocrx_word' id='word_1_713' title='bbox 967 5547 1174 5613; x_wconf 89' lang='lat' dir='ltr'>videre,</span> <span class='ocrx_word' id='word_1_714' title='bbox 1200 5546 1298 5609; x_wconf 91' lang='lat' dir='ltr'>sed</span> <span class='ocrx_word' id='word_1_715' title='bbox 1328 5546 1388 5599; x_wconf 87' lang='lat' dir='ltr'>in</span> <span class='ocrx_word' id='word_1_716' title='bbox 1435 5544 1533 5598; x_wconf 90' lang='lat' dir='ltr'>illa</span> <span class='ocrx_word' id='word_1_717' title='bbox 1560 5543 1692 5598; x_wconf 89' lang='lat' dir='ltr'>vita.</span> <span class='ocrx_word' id='word_1_718' title='bbox 1729 5543 1846 5597; x_wconf 86' lang='lat' dir='ltr'>Au-</span> 
     </span>
    </p>
   </div>
   <div class='ocr_carea' id='block_1_90' title="bbox 246 5632 1572 5713">
    <p class='ocr_par' dir='ltr' id='par_1_90' title="bbox 246 5632 1572 5713">
     <span class='ocr_line' id='line_1_90' title="bbox 246 5632 1572 5713; baseline -0.015 -7"><span class='ocrx_word' id='word_1_719' title='bbox 246 5641 416 5713; x_wconf 66' lang='lat' dir='ltr'>(liene</span> <span class='ocrx_word' id='word_1_720' title='bbox 442 5646 634 5701; x_wconf 80' lang='lat' dir='ltr'>autem</span> <span class='ocrx_word' id='word_1_721' title='bbox 656 5638 909 5695; x_wconf 89' lang='lat' dir='ltr'>diabolus</span> <span class='ocrx_word' id='word_1_722' title='bbox 938 5638 1075 5706; x_wconf 88' lang='lat' dir='ltr'>haec,</span> <span class='ocrx_word' id='word_1_723' title='bbox 1107 5652 1221 5692; x_wconf 90' lang='lat' dir='ltr'>non</span> <span class='ocrx_word' id='word_1_724' title='bbox 1240 5632 1572 5705; x_wconf 89' lang='lat' dir='ltr'>comparuit.</span> 
     </span>
    </p>
   </div>
   <div class='ocr_carea' id='block_1_91' title="bbox 1910 3220 3506 3297">
    <p class='ocr_par' dir='ltr' id='par_1_91' title="bbox 1910 3220 3506 3297">
     <span class='ocr_line' id='line_1_91' title="bbox 1910 3220 3506 3297; baseline 0.006 -25"><span class='ocrx_word' id='word_1_725' title='bbox 1910 3235 2038 3273; x_wconf 91' lang='lat' dir='ltr'>cum</span> <span class='ocrx_word' id='word_1_726' title='bbox 2058 3220 2376 3276; x_wconf 88' lang='lat' dir='ltr'>humilitate</span> <span class='ocrx_word' id='word_1_727' title='bbox 2394 3228 2452 3277; x_wconf 90' lang='lat' dir='ltr'>et</span> <span class='ocrx_word' id='word_1_728' title='bbox 2465 3223 2849 3279; x_wconf 90' lang='lat' dir='ltr'>obsecratione</span> <span class='ocrx_word' id='word_1_729' title='bbox 2869 3226 3211 3297; x_wconf 89' lang='lat' dir='ltr'>imperatur;</span> <span class='ocrx_word' id='word_1_730' title='bbox 3236 3226 3387 3297; x_wconf 89' lang='lat' dir='ltr'>quod</span> <span class='ocrx_word' id='word_1_731' title='bbox 3408 3242 3506 3281; x_wconf 88' lang='lat' dir='ltr'>au-</span> 
     </span>
    </p>
   </div>
   <div class='ocr_carea' id='block_1_92' title="bbox 1910 3312 3501 3387">
    <p class='ocr_par' dir='ltr' id='par_1_92' title="bbox 1910 3312 3501 3387">
     <span class='ocr_line' id='line_1_92' title="bbox 1910 3312 3501 3387; baseline 0.005 -26"><span class='ocrx_word' id='word_1_732' title='bbox 1910 3312 2025 3362; x_wconf 91' lang='lat' dir='ltr'>tem</span> <span class='ocrx_word' id='word_1_733' title='bbox 2047 3325 2112 3362; x_wconf 89' lang='lat' dir='ltr'>ex</span> <span class='ocrx_word' id='word_1_734' title='bbox 2140 3315 2433 3380; x_wconf 89' lang='lat' dir='ltr'>potestate,</span> <span class='ocrx_word' id='word_1_735' title='bbox 2456 3329 2586 3367; x_wconf 90' lang='lat' dir='ltr'>cum</span> <span class='ocrx_word' id='word_1_736' title='bbox 2599 3313 2787 3368; x_wconf 88' lang='lat' dir='ltr'>furore</span> <span class='ocrx_word' id='word_1_737' title='bbox 2807 3320 2865 3369; x_wconf 89' lang='lat' dir='ltr'>et</span> <span class='ocrx_word' id='word_1_738' title='bbox 2875 3314 3314 3386; x_wconf 89' lang='lat' dir='ltr'>perturbatione,</span> <span class='ocrx_word' id='word_1_739' title='bbox 3331 3320 3501 3387; x_wconf 86' lang='lat' dir='ltr'>utpo-</span> 
     </span>
    </p>
   </div>
   <div class='ocr_carea' id='block_1_93' title="bbox 1911 3398 2614 3471">
    <p class='ocr_par' dir='ltr' id='par_1_93' title="bbox 1911 3398 2614 3471">
     <span class='ocr_line' id='line_1_93' title="bbox 1911 3398 2614 3471; baseline 0.016 -21"><span class='ocrx_word' id='word_1_740' title='bbox 1911 3401 1968 3450; x_wconf 90' lang='lat' dir='ltr'>te</span> <span class='ocrx_word' id='word_1_741' title='bbox 1995 3398 2144 3468; x_wconf 91' lang='lat' dir='ltr'>quod</span> <span class='ocrx_word' id='word_1_742' title='bbox 2172 3414 2208 3452; x_wconf 90' lang='lat' dir='ltr'>a</span> <span class='ocrx_word' id='word_1_743' title='bbox 2235 3400 2483 3471; x_wconf 90' lang='lat' dir='ltr'>maligno</span> <span class='ocrx_word' id='word_1_744' title='bbox 2503 3408 2614 3461; x_wconf 91' lang='lat' dir='ltr'>est.</span> 
     </span>
    </p>
   </div>
   <div class='ocr_carea' id='block_1_94' title="bbox 1984 3487 3500 3564">
    <p class='ocr_par' dir='ltr' id='par_1_94' title="bbox 1984 3487 3500 3564">
     <span class='ocr_line' id='line_1_94' title="bbox 1984 3487 3500 3564; baseline 0.008 -25"><span class='ocrx_word' id='word_1_745' title='bbox 1984 3487 2072 3540; x_wconf 75' lang='lat'>74.</span> <span class='ocrx_word' id='word_1_746' title='bbox 2106 3487 2461 3545; x_wconf 83' lang='lat' dir='ltr'>Dixitsenex:</span> <span class='ocrx_word' id='word_1_747' title='bbox 2486 3491 2625 3547; x_wconf 89' lang='lat' dir='ltr'>Volo</span> <span class='ocrx_word' id='word_1_748' title='bbox 2639 3494 2819 3564; x_wconf 85' lang='lat' dir='ltr'>magis</span> <span class='ocrx_word' id='word_1_749' title='bbox 2839 3494 2984 3549; x_wconf 90' lang='lat' dir='ltr'>vinci</span> <span class='ocrx_word' id='word_1_750' title='bbox 3003 3510 3133 3549; x_wconf 90' lang='lat' dir='ltr'>cum</span> <span class='ocrx_word' id='word_1_751' title='bbox 3161 3493 3500 3564; x_wconf 84' lang='lat' dir='ltr'>humilitate,</span> 
     </span>
    </p>
   </div>
   <div class='ocr_carea' id='block_1_95' title="bbox 1915 3576 2796 3653">
    <p class='ocr_par' dir='ltr' id='par_1_95' title="bbox 1915 3576 2796 3653">
     <span class='ocr_line' id='line_1_95' title="bbox 1915 3576 2796 3653; baseline 0.009 -25"><span class='ocrx_word' id='word_1_752' title='bbox 1915 3591 2085 3645; x_wconf 90' lang='lat' dir='ltr'>quam</span> <span class='ocrx_word' id='word_1_753' title='bbox 2111 3576 2331 3634; x_wconf 90' lang='lat' dir='ltr'>vincere</span> <span class='ocrx_word' id='word_1_754' title='bbox 2360 3596 2487 3634; x_wconf 91' lang='lat' dir='ltr'>cum</span> <span class='ocrx_word' id='word_1_755' title='bbox 2516 3581 2796 3653; x_wconf 89' lang='lat' dir='ltr'>superbia.</span> 
     </span>
    </p>
   </div>
   <div class='ocr_carea' id='block_1_96' title="bbox 1985 3665 3503 3741">
    <p class='ocr_par' dir='ltr' id='par_1_96' title="bbox 1985 3665 3503 3741">
     <span class='ocr_line' id='line_1_96' title="bbox 1985 3665 3503 3741; baseline 0.007 -22"><span class='ocrx_word' id='word_1_756' title='bbox 1985 3665 2075 3721; x_wconf 84' lang='grc'>75.</span> <span class='ocrx_word' id='word_1_757' title='bbox 2116 3666 2273 3721; x_wconf 84' lang='lat' dir='ltr'>Dixit</span> <span class='ocrx_word' id='word_1_758' title='bbox 2299 3685 2469 3723; x_wconf 89' lang='lat' dir='ltr'>senex</span> <span class='ocrx_word' id='word_1_759' title='bbox 2505 3688 2516 3723; x_wconf 95' lang='lat'>:</span> <span class='ocrx_word' id='word_1_760' title='bbox 2546 3671 2675 3726; x_wconf 90' lang='lat' dir='ltr'>Non</span> <span class='ocrx_word' id='word_1_761' title='bbox 2703 3670 3043 3728; x_wconf 90' lang='lat' dir='ltr'>condemnes</span> <span class='ocrx_word' id='word_1_762' title='bbox 3076 3678 3355 3728; x_wconf 87' lang='lat' dir='ltr'>astantem</span> <span class='ocrx_word' id='word_1_763' title='bbox 3381 3671 3503 3741; x_wconf 88' lang='lat' dir='ltr'>tibi,</span> 
     </span>
    </p>
   </div>
   <div class='ocr_carea' id='block_1_97' title="bbox 1917 3753 3510 3832">
    <p class='ocr_par' dir='ltr' id='par_1_97' title="bbox 1917 3753 3510 3832">
     <span class='ocr_line' id='line_1_97' title="bbox 1917 3753 3510 3832; baseline 0.008 -25"><span class='ocrx_word' id='word_1_764' title='bbox 1917 3753 2185 3824; x_wconf 89' lang='lat' dir='ltr'>quoniam</span> <span class='ocrx_word' id='word_1_765' title='bbox 2213 3757 2392 3811; x_wconf 88' lang='lat' dir='ltr'>nescis</span> <span class='ocrx_word' id='word_1_766' title='bbox 2414 3763 2606 3813; x_wconf 92' lang='lat' dir='ltr'>utrum</span> <span class='ocrx_word' id='word_1_767' title='bbox 2626 3759 2685 3814; x_wconf 91' lang='lat' dir='ltr'>in</span> <span class='ocrx_word' id='word_1_768' title='bbox 2713 3765 2770 3814; x_wconf 90' lang='lat' dir='ltr'>te</span> <span class='ocrx_word' id='word_1_769' title='bbox 2796 3760 2871 3815; x_wconf 90' lang='lat' dir='ltr'>sit</span> <span class='ocrx_word' id='word_1_770' title='bbox 2902 3761 3148 3832; x_wconf 91' lang='lat' dir='ltr'>Spiritus</span> <span class='ocrx_word' id='word_1_771' title='bbox 3176 3762 3296 3829; x_wconf 91' lang='lat' dir='ltr'>Dei,</span> <span class='ocrx_word' id='word_1_772' title='bbox 3330 3779 3404 3817; x_wconf 88' lang='lat' dir='ltr'>an</span> <span class='ocrx_word' id='word_1_773' title='bbox 3448 3762 3510 3819; x_wconf 90' lang='lat' dir='ltr'>in</span> 
     </span>
    </p>
   </div>
   <div class='ocr_carea' id='block_1_98' title="bbox 1917 3842 3512 3923">
    <p class='ocr_par' dir='ltr' id='par_1_98' title="bbox 1917 3842 3512 3923">
     <span class='ocr_line' id='line_1_98' title="bbox 1917 3842 3512 3923; baseline 0.008 -27"><span class='ocrx_word' id='word_1_774' title='bbox 1917 3842 2034 3897; x_wconf 93' lang='lat' dir='ltr'>illo.</span> <span class='ocrx_word' id='word_1_775' title='bbox 2074 3846 2370 3901; x_wconf 82' lang='lat' dir='ltr'>Astantem</span> <span class='ocrx_word' id='word_1_776' title='bbox 2415 3853 2608 3903; x_wconf 89' lang='lat' dir='ltr'>autem</span> <span class='ocrx_word' id='word_1_777' title='bbox 2652 3848 2756 3903; x_wconf 89' lang='lat' dir='ltr'>tibi</span> <span class='ocrx_word' id='word_1_778' title='bbox 2783 3849 2906 3905; x_wconf 92' lang='lat' dir='ltr'>dico</span> <span class='ocrx_word' id='word_1_779' title='bbox 2933 3866 3083 3919; x_wconf 91' lang='lat' dir='ltr'>eum,</span> <span class='ocrx_word' id='word_1_780' title='bbox 3118 3850 3215 3923; x_wconf 92' lang='lat' dir='ltr'>qui</span> <span class='ocrx_word' id='word_1_781' title='bbox 3250 3850 3512 3908; x_wconf 87' lang='lat' dir='ltr'>minister</span> 
     </span>
    </p>
   </div>
   <div class='ocr_carea' id='block_1_99' title="bbox 1919 3937 2180 3989">
    <p class='ocr_par' dir='ltr' id='par_1_99' title="bbox 1919 3937 2180 3989">
     <span class='ocr_line' id='line_1_99' title="bbox 1919 3937 2180 3989; baseline 0.011 -3"><span class='ocrx_word' id='word_1_782' title='bbox 1919 3938 2004 3987; x_wconf 89' lang='lat' dir='ltr'>est</span> <span class='ocrx_word' id='word_1_783' title='bbox 2032 3937 2180 3989; x_wconf 88' lang='lat' dir='ltr'>tuus.</span> 
     </span>
    </p>
   </div>
   <div class='ocr_carea' id='block_1_100' title="bbox 1991 4021 3510 4099">
    <p class='ocr_par' dir='ltr' id='par_1_100' title="bbox 1991 4021 3510 4099">
     <span class='ocr_line' id='line_1_100' title="bbox 1991 4021 3510 4099; baseline 0.007 -23"><span class='ocrx_word' id='word_1_784' title='bbox 1991 4021 2078 4077; x_wconf 89' lang='lat'>76.</span> <span class='ocrx_word' id='word_1_785' title='bbox 2106 4024 2305 4079; x_wconf 89' lang='lat' dir='ltr'>Frater</span> <span class='ocrx_word' id='word_1_786' title='bbox 2325 4024 2529 4098; x_wconf 88' lang='lat' dir='ltr'>aliquis</span> <span class='ocrx_word' id='word_1_787' title='bbox 2556 4027 2924 4099; x_wconf 87' lang='lat' dir='ltr'>interrogavit</span> <span class='ocrx_word' id='word_1_788' title='bbox 2941 4046 3153 4097; x_wconf 91' lang='lat' dir='ltr'>senem,</span> <span class='ocrx_word' id='word_1_789' title='bbox 3184 4031 3403 4086; x_wconf 90' lang='lat' dir='ltr'>dicens:</span> <span class='ocrx_word' id='word_1_790' title='bbox 3448 4029 3510 4087; x_wconf 90' lang='lat' dir='ltr'>Si</span> 
     </span>
    </p>
   </div>
   <div class='ocr_carea' id='block_1_101' title="bbox 1918 4110 3512 4192">
    <p class='ocr_par' dir='ltr' id='par_1_101' title="bbox 1918 4110 3512 4192">
     <span class='ocr_line' id='line_1_101' title="bbox 1918 4110 3512 4192; baseline 0.007 -27"><span class='ocrx_word' id='word_1_791' title='bbox 1918 4110 2110 4167; x_wconf 89' lang='lat' dir='ltr'>habito</span> <span class='ocrx_word' id='word_1_792' title='bbox 2137 4130 2266 4169; x_wconf 91' lang='lat' dir='ltr'>cum</span> <span class='ocrx_word' id='word_1_793' title='bbox 2286 4116 2409 4170; x_wconf 88' lang='lat' dir='ltr'>aliis</span> <span class='ocrx_word' id='word_1_794' title='bbox 2429 4116 2715 4186; x_wconf 86' lang='lat' dir='ltr'>fratribus,</span> <span class='ocrx_word' id='word_1_795' title='bbox 2744 4123 2802 4175; x_wconf 90' lang='lat' dir='ltr'>et</span> <span class='ocrx_word' id='word_1_796' title='bbox 2822 4118 2980 4173; x_wconf 90' lang='lat' dir='ltr'>video</span> <span class='ocrx_word' id='word_1_797' title='bbox 3002 4120 3252 4192; x_wconf 90' lang='lat' dir='ltr'>aliquam</span> <span class='ocrx_word' id='word_1_798' title='bbox 3274 4137 3396 4175; x_wconf 90' lang='lat' dir='ltr'>rem</span> <span class='ocrx_word' id='word_1_799' title='bbox 3423 4120 3512 4177; x_wconf 86' lang='lat' dir='ltr'>in-</span> 
     </span>
    </p>
   </div>
   <div class='ocr_carea' id='block_1_102' title="bbox 1920 4203 3504 4278">
    <p class='ocr_par' dir='ltr' id='par_1_102' title="bbox 1920 4203 3504 4278">
     <span class='ocr_line' id='line_1_102' title="bbox 1920 4203 3504 4278; baseline 0.006 -24"><span class='ocrx_word' id='word_1_800' title='bbox 1920 4203 2359 4272; x_wconf 90' lang='lat' dir='ltr'>convenientem,</span> <span class='ocrx_word' id='word_1_801' title='bbox 2394 4205 2474 4260; x_wconf 88' lang='lat' dir='ltr'>vis</span> <span class='ocrx_word' id='word_1_802' title='bbox 2503 4211 2569 4260; x_wconf 90' lang='lat' dir='ltr'>ut</span> <span class='ocrx_word' id='word_1_803' title='bbox 2598 4207 2841 4278; x_wconf 79' lang='lat' dir='ltr'>loquar?</span> <span class='ocrx_word' id='word_1_804' title='bbox 2872 4209 2940 4263; x_wconf 92' lang='lat' dir='ltr'>Et</span> <span class='ocrx_word' id='word_1_805' title='bbox 2960 4209 3100 4264; x_wconf 90' lang='lat' dir='ltr'>dixit</span> <span class='ocrx_word' id='word_1_806' title='bbox 3129 4210 3181 4265; x_wconf 93' lang='lat' dir='ltr'>ei</span> <span class='ocrx_word' id='word_1_807' title='bbox 3204 4226 3377 4265; x_wconf 88' lang='lat' dir='ltr'>senex</span> <span class='ocrx_word' id='word_1_808' title='bbox 3402 4226 3414 4262; x_wconf 90' lang='lat'>:</span> <span class='ocrx_word' id='word_1_809' title='bbox 3441 4207 3504 4265; x_wconf 88' lang='lat' dir='ltr'>Si</span> 
     </span>
    </p>
   </div>
   <div class='ocr_carea' id='block_1_103' title="bbox 1916 4282 3549 4371">
    <p class='ocr_par' dir='ltr' id='par_1_103' title="bbox 1916 4282 3549 4371">
     <span class='ocr_line' id='line_1_103' title="bbox 1916 4282 3549 4371; baseline 0.007 -27"><span class='ocrx_word' id='word_1_810' title='bbox 1916 4296 2050 4345; x_wconf 89' lang='lat' dir='ltr'>sunt</span> <span class='ocrx_word' id='word_1_811' title='bbox 2077 4292 2253 4364; x_wconf 90' lang='lat' dir='ltr'>aliqui</span> <span class='ocrx_word' id='word_1_812' title='bbox 2281 4295 2525 4365; x_wconf 87' lang='lat' dir='ltr'>majores</span> <span class='ocrx_word' id='word_1_813' title='bbox 2547 4294 2650 4350; x_wconf 89' lang='lat' dir='ltr'>tibi</span> <span class='ocrx_word' id='word_1_814' title='bbox 2670 4301 2770 4351; x_wconf 90' lang='lat' dir='ltr'>aut</span> <span class='ocrx_word' id='word_1_815' title='bbox 2787 4298 3077 4363; x_wconf 74' lang='lat' dir='ltr'>coaetanei,</span> <span class='ocrx_word' id='word_1_816' title='bbox 3100 4305 3297 4354; x_wconf 90' lang='lat' dir='ltr'>tacens</span> <span class='ocrx_word' id='word_1_817' title='bbox 3326 4298 3509 4371; x_wconf 86' lang='lat' dir='ltr'>magis</span> <span class='ocrx_word' id='word_1_818' title='bbox 3540 4282 3549 4287; x_wconf 18' lang='grc' dir='ltr'><strong>δ</strong></span> 
     </span>
    </p>
   </div>
   <div class='ocr_carea' id='block_1_104' title="bbox 1917 4380 3504 4457">
    <p class='ocr_par' dir='ltr' id='par_1_104' title="bbox 1917 4380 3504 4457">
     <span class='ocr_line' id='line_1_104' title="bbox 1917 4380 3504 4457; baseline 0.006 -24"><span class='ocrx_word' id='word_1_819' title='bbox 1917 4380 2169 4450; x_wconf 89' lang='lat' dir='ltr'>requiem</span> <span class='ocrx_word' id='word_1_820' title='bbox 2200 4381 2461 4452; x_wconf 90' lang='lat' dir='ltr'>habebis;</span> <span class='ocrx_word' id='word_1_821' title='bbox 2482 4383 2542 4438; x_wconf 91' lang='lat' dir='ltr'>in</span> <span class='ocrx_word' id='word_1_822' title='bbox 2562 4385 2667 4439; x_wconf 91' lang='lat' dir='ltr'>hoc</span> <span class='ocrx_word' id='word_1_823' title='bbox 2692 4385 2867 4451; x_wconf 90' lang='lat' dir='ltr'>enim,</span> <span class='ocrx_word' id='word_1_824' title='bbox 2893 4403 3003 4457; x_wconf 91' lang='lat' dir='ltr'>quo</span> <span class='ocrx_word' id='word_1_825' title='bbox 3031 4392 3087 4441; x_wconf 91' lang='lat' dir='ltr'>te</span> <span class='ocrx_word' id='word_1_826' title='bbox 3118 4387 3393 4442; x_wconf 90' lang='lat' dir='ltr'>minorem</span> <span class='ocrx_word' id='word_1_827' title='bbox 3416 4387 3504 4442; x_wconf 89' lang='lat' dir='ltr'>fa-</span> 
     </span>
    </p>
   </div>
   <div class='ocr_carea' id='block_1_105' title="bbox 1849 4460 3512 4540">
    <p class='ocr_par' dir='ltr' id='par_1_105' title="bbox 1849 4460 3512 4540">
     <span class='ocr_line' id='line_1_105' title="bbox 1849 4460 3512 4540; baseline 0.006 -19"><span class='ocrx_word' id='word_1_828' title='bbox 1849 4460 2049 4535; x_wconf 88' lang='lat' dir='ltr'>Dcies,</span> <span class='ocrx_word' id='word_1_829' title='bbox 2083 4470 2254 4524; x_wconf 90' lang='lat' dir='ltr'>etiam</span> <span class='ocrx_word' id='word_1_830' title='bbox 2281 4478 2610 4528; x_wconf 86' lang='lat' dir='ltr'>securumte</span> <span class='ocrx_word' id='word_1_831' title='bbox 2639 4473 2859 4527; x_wconf 87' lang='lat' dir='ltr'>reddes.</span> <span class='ocrx_word' id='word_1_832' title='bbox 2892 4474 3102 4528; x_wconf 89' lang='lat' dir='ltr'>Dicitei</span> <span class='ocrx_word' id='word_1_833' title='bbox 3122 4475 3334 4530; x_wconf 89' lang='lat' dir='ltr'>frater:</span> <span class='ocrx_word' id='word_1_834' title='bbox 3365 4475 3512 4540; x_wconf 86' lang='lat' dir='ltr'>Quia</span> 
     </span>
    </p>
   </div>
   <div class='ocr_carea' id='block_1_106' title="bbox 1921 4559 3511 4633">
    <p class='ocr_par' dir='ltr' id='par_1_106' title="bbox 1921 4559 3511 4633">
     <span class='ocr_line' id='line_1_106' title="bbox 1921 4559 3511 4633; baseline 0.005 -23"><span class='ocrx_word' id='word_1_835' title='bbox 1921 4574 2054 4627; x_wconf 90' lang='lat' dir='ltr'>ergo</span> <span class='ocrx_word' id='word_1_836' title='bbox 2084 4559 2245 4625; x_wconf 77' lang='lat' dir='ltr'>iacio,</span> <span class='ocrx_word' id='word_1_837' title='bbox 2262 4559 2472 4614; x_wconf 85' lang='lat' dir='ltr'>Pater?</span> <span class='ocrx_word' id='word_1_838' title='bbox 2492 4560 2786 4631; x_wconf 89' lang='lat' dir='ltr'>perturbat</span> <span class='ocrx_word' id='word_1_839' title='bbox 2804 4561 2955 4615; x_wconf 90' lang='lat' dir='ltr'>enim</span> <span class='ocrx_word' id='word_1_840' title='bbox 2977 4578 3068 4616; x_wconf 88' lang='lat' dir='ltr'>me</span> <span class='ocrx_word' id='word_1_841' title='bbox 3079 4562 3330 4633; x_wconf 89' lang='lat' dir='ltr'>spiritus.</span> <span class='ocrx_word' id='word_1_842' title='bbox 3362 4563 3511 4619; x_wconf 85' lang='lat' dir='ltr'>Dicit</span> 
     </span>
    </p>
   </div>
   <div class='ocr_carea' id='block_1_107' title="bbox 1921 4647 3514 4714">
    <p class='ocr_par' dir='ltr' id='par_1_107' title="bbox 1921 4647 3514 4714">
     <span class='ocr_line' id='line_1_107' title="bbox 1921 4647 3514 4714; baseline 0.004 -13"><span class='ocrx_word' id='word_1_843' title='bbox 1921 4647 1973 4701; x_wconf 89' lang='lat' dir='ltr'>ei</span> <span class='ocrx_word' id='word_1_844' title='bbox 1992 4663 2160 4702; x_wconf 89' lang='lat' dir='ltr'>senex</span> <span class='ocrx_word' id='word_1_845' title='bbox 2184 4665 2194 4700; x_wconf 93' lang='lat'>:</span> <span class='ocrx_word' id='word_1_846' title='bbox 2230 4648 2290 4702; x_wconf 92' lang='lat' dir='ltr'>Si</span> <span class='ocrx_word' id='word_1_847' title='bbox 2318 4647 2557 4714; x_wconf 90' lang='lat' dir='ltr'>laboras,</span> <span class='ocrx_word' id='word_1_848' title='bbox 2588 4649 3050 4704; x_wconf 88' lang='lat' dir='ltr'>commonefacito</span> <span class='ocrx_word' id='word_1_849' title='bbox 3070 4652 3245 4706; x_wconf 91' lang='lat' dir='ltr'>semel</span> <span class='ocrx_word' id='word_1_850' title='bbox 3273 4652 3514 4707; x_wconf 86' lang='lat' dir='ltr'>humili-</span> 
     </span>
    </p>
   </div>
   <div class='ocr_carea' id='block_1_108' title="bbox 1921 4736 3513 4811">
    <p class='ocr_par' dir='ltr' id='par_1_108' title="bbox 1921 4736 3513 4811">
     <span class='ocr_line' id='line_1_108' title="bbox 1921 4736 3513 4811; baseline 0.004 -22"><span class='ocrx_word' id='word_1_851' title='bbox 1921 4741 2044 4803; x_wconf 88' lang='lat' dir='ltr'>ter;</span> <span class='ocrx_word' id='word_1_852' title='bbox 2077 4736 2126 4791; x_wconf 93' lang='lat' dir='ltr'>si</span> <span class='ocrx_word' id='word_1_853' title='bbox 2155 4741 2343 4791; x_wconf 85' lang='lat' dir='ltr'>autem</span> <span class='ocrx_word' id='word_1_854' title='bbox 2384 4754 2499 4792; x_wconf 91' lang='lat' dir='ltr'>non</span> <span class='ocrx_word' id='word_1_855' title='bbox 2527 4737 2798 4793; x_wconf 89' lang='lat' dir='ltr'>obediunt</span> <span class='ocrx_word' id='word_1_856' title='bbox 2824 4738 2945 4807; x_wconf 90' lang='lat' dir='ltr'>tibi,</span> <span class='ocrx_word' id='word_1_857' title='bbox 2972 4739 3228 4811; x_wconf 91' lang='lat' dir='ltr'>relinque</span> <span class='ocrx_word' id='word_1_858' title='bbox 3258 4739 3513 4798; x_wconf 86' lang='lat' dir='ltr'>laborem</span> 
     </span>
    </p>
   </div>
   <div class='ocr_carea' id='block_1_109' title="bbox 1920 4825 3516 4899">
    <p class='ocr_par' dir='ltr' id='par_1_109' title="bbox 1920 4825 3516 4899">
     <span class='ocr_line' id='line_1_109' title="bbox 1920 4825 3516 4899; baseline 0.006 -20"><span class='ocrx_word' id='word_1_859' title='bbox 1920 4830 2084 4879; x_wconf 89' lang='lat' dir='ltr'>tuum</span> <span class='ocrx_word' id='word_1_860' title='bbox 2101 4825 2161 4879; x_wconf 92' lang='lat' dir='ltr'>in</span> <span class='ocrx_word' id='word_1_861' title='bbox 2173 4832 2473 4898; x_wconf 91' lang='lat' dir='ltr'>conspectu</span> <span class='ocrx_word' id='word_1_862' title='bbox 2504 4827 2630 4895; x_wconf 89' lang='lat' dir='ltr'>Dei,</span> <span class='ocrx_word' id='word_1_863' title='bbox 2654 4832 2711 4881; x_wconf 89' lang='lat' dir='ltr'>et</span> <span class='ocrx_word' id='word_1_864' title='bbox 2728 4828 2847 4899; x_wconf 89' lang='lat' dir='ltr'>ipse</span> <span class='ocrx_word' id='word_1_865' title='bbox 2876 4833 2932 4883; x_wconf 93' lang='lat' dir='ltr'>te</span> <span class='ocrx_word' id='word_1_866' title='bbox 2960 4829 3375 4886; x_wconf 89' lang='lat' dir='ltr'>consolabitur:</span> <span class='ocrx_word' id='word_1_867' title='bbox 3407 4832 3516 4888; x_wconf 84' lang='lat' dir='ltr'>hoc</span> 
     </span>
    </p>
   </div>
   <div class='ocr_carea' id='block_1_110' title="bbox 1923 4915 3516 4990">
    <p class='ocr_par' dir='ltr' id='par_1_110' title="bbox 1923 4915 3516 4990">
     <span class='ocr_line' id='line_1_110' title="bbox 1923 4915 3516 4990; baseline 0.004 -21"><span class='ocrx_word' id='word_1_868' title='bbox 1923 4915 2072 4970; x_wconf 90' lang='lat' dir='ltr'>enim</span> <span class='ocrx_word' id='word_1_869' title='bbox 2098 4921 2184 4971; x_wconf 91' lang='lat' dir='ltr'>est</span> <span class='ocrx_word' id='word_1_870' title='bbox 2210 4921 2274 4971; x_wconf 87' lang='lat' dir='ltr'>ut</span> <span class='ocrx_word' id='word_1_871' title='bbox 2299 4917 2560 4990; x_wconf 85' lang='lat' dir='ltr'>projiciat</span> <span class='ocrx_word' id='word_1_872' title='bbox 2580 4934 2639 4983; x_wconf 80' lang='lat' dir='ltr'>se</span> <span class='ocrx_word' id='word_1_873' title='bbox 2654 4918 2756 4972; x_wconf 90' lang='lat' dir='ltr'>Dei</span> <span class='ocrx_word' id='word_1_874' title='bbox 2783 4918 2966 4973; x_wconf 92' lang='lat' dir='ltr'>cultor</span> <span class='ocrx_word' id='word_1_875' title='bbox 2978 4935 3167 4974; x_wconf 89' lang='lat' dir='ltr'>coram</span> <span class='ocrx_word' id='word_1_876' title='bbox 3186 4920 3323 4988; x_wconf 91' lang='lat' dir='ltr'>Deo,</span> <span class='ocrx_word' id='word_1_877' title='bbox 3356 4925 3415 4975; x_wconf 92' lang='lat' dir='ltr'>et</span> <span class='ocrx_word' id='word_1_878' title='bbox 3430 4936 3516 4976; x_wconf 80' lang='lat' dir='ltr'>re-</span> 
     </span>
    </p>
   </div>
   <div class='ocr_carea' id='block_1_111' title="bbox 1923 5004 3518 5076">
    <p class='ocr_par' dir='ltr' id='par_1_111' title="bbox 1923 5004 3518 5076">
     <span class='ocr_line' id='line_1_111' title="bbox 1923 5004 3518 5076; baseline 0.005 -19"><span class='ocrx_word' id='word_1_879' title='bbox 1923 5004 2143 5076; x_wconf 90' lang='lat' dir='ltr'>linquat</span> <span class='ocrx_word' id='word_1_880' title='bbox 2168 5005 2288 5076; x_wconf 90' lang='lat' dir='ltr'>ipse</span> <span class='ocrx_word' id='word_1_881' title='bbox 2316 5005 2633 5061; x_wconf 88' lang='lat' dir='ltr'>voluntates</span> <span class='ocrx_word' id='word_1_882' title='bbox 2656 5023 2805 5062; x_wconf 89' lang='lat' dir='ltr'>suas.</span> <span class='ocrx_word' id='word_1_883' title='bbox 2830 5009 3075 5064; x_wconf 84' lang='lat' dir='ltr'>Attende</span> <span class='ocrx_word' id='word_1_884' title='bbox 3104 5013 3295 5064; x_wconf 88' lang='lat' dir='ltr'>autem</span> <span class='ocrx_word' id='word_1_885' title='bbox 3320 5008 3422 5064; x_wconf 88' lang='lat' dir='ltr'>tibi</span> <span class='ocrx_word' id='word_1_886' title='bbox 3449 5014 3518 5065; x_wconf 82' lang='lat' dir='ltr'>ut</span> 
     </span>
    </p>
   </div>
   <div class='ocr_carea' id='block_1_112' title="bbox 1925 5095 3515 5169">
    <p class='ocr_par' dir='ltr' id='par_1_112' title="bbox 1925 5095 3515 5169">
     <span class='ocr_line' id='line_1_112' title="bbox 1925 5095 3515 5169; baseline 0.003 -21"><span class='ocrx_word' id='word_1_887' title='bbox 1925 5095 2231 5149; x_wconf 91' lang='lat' dir='ltr'>secundum</span> <span class='ocrx_word' id='word_1_888' title='bbox 2259 5095 2440 5150; x_wconf 90' lang='lat' dir='ltr'>Deum</span> <span class='ocrx_word' id='word_1_889' title='bbox 2469 5095 2544 5150; x_wconf 91' lang='lat' dir='ltr'>sit</span> <span class='ocrx_word' id='word_1_890' title='bbox 2569 5096 2885 5152; x_wconf 88' lang='lat' dir='ltr'>sollicitudo</span> <span class='ocrx_word' id='word_1_891' title='bbox 2912 5103 3046 5166; x_wconf 88' lang='lat' dir='ltr'>tua;</span> <span class='ocrx_word' id='word_1_892' title='bbox 3079 5104 3137 5152; x_wconf 90' lang='lat' dir='ltr'>et</span> <span class='ocrx_word' id='word_1_893' title='bbox 3158 5103 3348 5152; x_wconf 87' lang='lat' dir='ltr'>tamen</span> <span class='ocrx_word' id='word_1_894' title='bbox 3372 5113 3515 5169; x_wconf 85' lang='lat' dir='ltr'>quo-</span> 
     </span>
    </p>
   </div>
   <div class='ocr_carea' id='block_1_113' title="bbox 1925 5183 3520 5254">
    <p class='ocr_par' dir='ltr' id='par_1_113' title="bbox 1925 5183 3520 5254">
     <span class='ocr_line' id='line_1_113' title="bbox 1925 5183 3520 5254; baseline 0.002 -16"><span class='ocrx_word' id='word_1_895' title='bbox 1925 5185 2090 5239; x_wconf 76' lang='lat' dir='ltr'>modo</span> <span class='ocrx_word' id='word_1_896' title='bbox 2116 5184 2290 5251; x_wconf 88' lang='lat' dir='ltr'>video,</span> <span class='ocrx_word' id='word_1_897' title='bbox 2322 5184 2531 5239; x_wconf 91' lang='lat' dir='ltr'>bonum</span> <span class='ocrx_word' id='word_1_898' title='bbox 2559 5191 2646 5240; x_wconf 90' lang='lat' dir='ltr'>est</span> <span class='ocrx_word' id='word_1_899' title='bbox 2674 5191 2881 5254; x_wconf 87' lang='lat' dir='ltr'>tacere,</span> <span class='ocrx_word' id='word_1_900' title='bbox 2914 5186 3207 5242; x_wconf 85' lang='lat' dir='ltr'>humilitas</span> <span class='ocrx_word' id='word_1_901' title='bbox 3237 5184 3386 5240; x_wconf 87' lang='lat' dir='ltr'>enim</span> <span class='ocrx_word' id='word_1_902' title='bbox 3415 5183 3520 5241; x_wconf 86' lang='lat' dir='ltr'>tibi</span> 
     </span>
    </p>
   </div>
   <div class='ocr_carea' id='block_1_114' title="bbox 1924 5274 2416 5328">
    <p class='ocr_par' dir='ltr' id='par_1_114' title="bbox 1924 5274 2416 5328">
     <span class='ocr_line' id='line_1_114' title="bbox 1924 5274 2416 5328; baseline 0 -1"><span class='ocrx_word' id='word_1_903' title='bbox 1924 5278 2013 5327; x_wconf 88' lang='lat' dir='ltr'>est</span> <span class='ocrx_word' id='word_1_904' title='bbox 2040 5274 2416 5328; x_wconf 85' lang='lat' dir='ltr'>taciturnitas.</span> 
     </span>
    </p>
   </div>
   <div class='ocr_carea' id='block_1_115' title="bbox 1999 5359 3514 5432">
    <p class='ocr_par' dir='ltr' id='par_1_115' title="bbox 1999 5359 3514 5432">
     <span class='ocr_line' id='line_1_115' title="bbox 1999 5359 3514 5432; baseline -0.001 -16"><span class='ocrx_word' id='word_1_905' title='bbox 1999 5359 2086 5416; x_wconf 87' lang='lat'>77.</span> <span class='ocrx_word' id='word_1_906' title='bbox 2118 5361 2316 5415; x_wconf 89' lang='lat' dir='ltr'>Frater</span> <span class='ocrx_word' id='word_1_907' title='bbox 2362 5360 2592 5431; x_wconf 88' lang='lat' dir='ltr'>quidam</span> <span class='ocrx_word' id='word_1_908' title='bbox 2639 5360 3005 5432; x_wconf 87' lang='lat' dir='ltr'>interrogavit</span> <span class='ocrx_word' id='word_1_909' title='bbox 3039 5376 3253 5428; x_wconf 89' lang='lat' dir='ltr'>senem,</span> <span class='ocrx_word' id='word_1_910' title='bbox 3285 5360 3514 5417; x_wconf 88' lang='lat' dir='ltr'>dicens:</span> 
     </span>
    </p>
   </div>
   <div class='ocr_carea' id='block_1_116' title="bbox 1928 5449 3513 5522">
    <p class='ocr_par' dir='ltr' id='par_1_116' title="bbox 1928 5449 3513 5522">
     <span class='ocr_line' id='line_1_116' title="bbox 1928 5449 3513 5522; baseline 0.001 -17"><span class='ocrx_word' id='word_1_911' title='bbox 1928 5450 2072 5515; x_wconf 91' lang='lat' dir='ltr'>Quid</span> <span class='ocrx_word' id='word_1_912' title='bbox 2104 5455 2190 5504; x_wconf 91' lang='lat' dir='ltr'>est</span> <span class='ocrx_word' id='word_1_913' title='bbox 2216 5450 2497 5522; x_wconf 87' lang='lat' dir='ltr'>profectus</span> <span class='ocrx_word' id='word_1_914' title='bbox 2525 5450 2807 5505; x_wconf 80' lang='lat' dir='ltr'>hominis?</span> <span class='ocrx_word' id='word_1_915' title='bbox 2831 5451 2901 5504; x_wconf 91' lang='lat' dir='ltr'>Et</span> <span class='ocrx_word' id='word_1_916' title='bbox 2923 5449 3213 5521; x_wconf 89' lang='lat' dir='ltr'>respondit</span> <span class='ocrx_word' id='word_1_917' title='bbox 3230 5449 3284 5503; x_wconf 91' lang='lat' dir='ltr'>ei</span> <span class='ocrx_word' id='word_1_918' title='bbox 3312 5466 3513 5506; x_wconf 85' lang='lat' dir='ltr'>senex:</span> 
     </span>
    </p>
   </div>
   <div class='ocr_carea' id='block_1_117' title="bbox 1928 5538 3519 5613">
    <p class='ocr_par' dir='ltr' id='par_1_117' title="bbox 1928 5538 3519 5613">
     <span class='ocr_line' id='line_1_117' title="bbox 1928 5538 3519 5613; baseline 0.002 -19"><span class='ocrx_word' id='word_1_919' title='bbox 1928 5538 2218 5594; x_wconf 68' lang='lat' dir='ltr'>Profectus</span> <span class='ocrx_word' id='word_1_920' title='bbox 2243 5539 2488 5595; x_wconf 89' lang='lat' dir='ltr'>hominis</span> <span class='ocrx_word' id='word_1_921' title='bbox 2501 5545 2587 5593; x_wconf 91' lang='lat' dir='ltr'>est</span> <span class='ocrx_word' id='word_1_922' title='bbox 2602 5538 2910 5593; x_wconf 89' lang='lat' dir='ltr'>humilitas.</span> <span class='ocrx_word' id='word_1_923' title='bbox 2927 5538 3211 5603; x_wconf 88' lang='lat' dir='ltr'>Quantum</span> <span class='ocrx_word' id='word_1_924' title='bbox 3227 5538 3379 5594; x_wconf 89' lang='lat' dir='ltr'>enim</span> <span class='ocrx_word' id='word_1_925' title='bbox 3390 5541 3519 5613; x_wconf 84' lang='lat' dir='ltr'>quis</span> 
     </span>
    </p>
   </div>
   <div class='ocr_carea' id='block_1_118' title="bbox 1930 5626 3522 5700">
    <p class='ocr_par' dir='ltr' id='par_1_118' title="bbox 1930 5626 3522 5700">
     <span class='ocr_line' id='line_1_118' title="bbox 1930 5626 3522 5700; baseline 0.004 -16"><span class='ocrx_word' id='word_1_926' title='bbox 1930 5629 2002 5684; x_wconf 90' lang='lat' dir='ltr'>ad</span> <span class='ocrx_word' id='word_1_927' title='bbox 2026 5628 2408 5685; x_wconf 81' lang='lat' dir='ltr'>humilitatem</span> <span class='ocrx_word' id='word_1_928' title='bbox 2428 5628 2728 5685; x_wconf 88' lang='lat' dir='ltr'>inclinatus</span> <span class='ocrx_word' id='word_1_929' title='bbox 2756 5626 2948 5700; x_wconf 86' lang='lat' dir='ltr'>fuerit,</span> <span class='ocrx_word' id='word_1_930' title='bbox 2970 5632 3192 5688; x_wconf 84' lang='lat' dir='ltr'>tantum</span> <span class='ocrx_word' id='word_1_931' title='bbox 3210 5628 3522 5700; x_wconf 73' lang='lat' dir='ltr'>elevabitur</span> 
     </span>
    </p>
   </div>
  </div>
