3934 6376
461 320 564 378 967

1595 315 1690 370 DE
1725 313 1916 369 VITIS
1952 309 2250 368 PATRUM
2286 309 2502 365 LIBER
2537 309 2606 363 V.

3635 308 3736 369 968

453 449 525 504 ad
554 447 875 519 profectum
910 441 1110 514 (flia/)1,
1144 440 1238 495 lib.
1268 439 1347 506 lii,
1382 437 1563 494 722.171
1595 457 1609 507 ;
1637 439 1850 505 Pasch.,
1891 454 1938 491 ο.
1959 437 2048 503 15,
2070 434 2246 498 Adio.
2291 435 2640 504 Consumpta
2675 436 2809 486 sunt
2850 446 2984 502 ergo
3029 430 3221 486 omnia
3265 431 3496 489 illorum
3539 449 3733 506 opera,

456 552 514 592 η.
548 536 624 602 5).

523 625 611 681 78.
639 623 803 679 Dixit
851 621 1082 694 quidam
1119 636 1325 675 senex:
1360 619 1506 684 Quia
1547 619 1596 674 si
1654 617 1779 692 quis
1826 616 2047 681 dixerit,

451 715 686 786 Ignosce
711 711 869 779 mihi,
893 710 1199 766 humilians
1219 726 1300 778 se,
1324 708 1605 763 comburit
1623 709 1905 762 daemones
1933 710 2052 759 ten-

451 807 685 859 tatores.

519 891 613 948 79.
643 891 796 947 Dixit
809 907 979 946 senex
1001 907 1013 943 :
1038 889 1096 944 Si
1107 889 1434 961 acquisieris
1454 890 1918 956 taciturnitatem,
1936 909 2050 947 non

445 979 656 1036 habeas
701 979 852 1051 apud
880 978 1246 1050 temetipsum
1277 978 1438 1050 quasi
1469 979 1719 1050 aliquam
1757 981 2044 1048 virtutem,

449 1070 674 1126 etiamsi
719 1068 1051 1138 obtinueris,
1091 1068 1192 1123 sed
1238 1067 1366 1123 dic:
1425 1069 1570 1134 Quia
1622 1069 1888 1142 indignus
1929 1087 2056 1126 sum

449 1159 626 1232 loqui.

517 1249 608 1306 80.
662 1248 896 1304 Dicebat
944 1247 1175 1320 quidam
1206 1263 1410 1302 senex:
1461 1248 1582 1302 Nisi
1624 1250 1836 1307 velaret
1876 1249 2053 1321 pistor

450 1339 641 1396 oculos
655 1339 918 1394 animalis
934 1337 1005 1392 ad
1021 1337 1231 1394 molam
1246 1338 1667 1406 circumeuntis,
1693 1344 2042 1394 converteret

448 1445 511 1485 se
550 1429 764 1484 animal
805 1433 863 1483 et
902 1427 1224 1482 comederet
1263 1427 1485 1482 labores
1512 1445 1644 1483 suos
1688 1431 1870 1498 (Ra/7;
1897 1433 1935 1484 ι.
1960 1443 2044 1496 m,

449 1533 512 1574 η.
545 1517 674 1587 1‘28;
707 1517 941 1583 Pasch,
973 1533 1022 1572 c.
1043 1517 1134 1584 15,
1165 1533 1225 1571 η.
1253 1515 1334 1585 1);
1358 1517 1506 1572 itaet
1523 1517 1890 1572 nosvelamen
1911 1519 2050 1572 acci-

451 1607 642 1680 pimus
670 1607 978 1663 secundum
1016 1605 1493 1676 dispensationem
1516 1607 1638 1674 Dei,
1669 1624 1740 1662 ne
1763 1607 2052 1662 videamus

453 1713 578 1770 quae
593 1713 893 1768 operemur
905 1697 1067 1762 bona,
1089 1699 1147 1749 et
1160 1694 1544 1750 beatificantes
1557 1696 1792 1751 forsitan
1809 1702 2052 1752 nosmet-

2131 527 2309 578 matta
2334 529 2526 578 autem
2549 521 2737 576 fratris
2757 521 2908 575 illius
2928 521 3102 575 illaesa
3123 525 3454 592 permansit.
3489 524 3611 579 Hoc
3641 540 3739 580 au-

2131 619 2249 668 tem
2267 613 2520 668 videntes
2548 611 2629 665 illi
2659 611 2861 666 fratres
2888 611 3220 678 timuerunt,
3245 617 3304 667 et
3334 613 3734 684 paenitentiam

2133 719 2324 757 coram
2351 702 2449 756 illo
2480 705 2737 772 egerunt,
2787 700 3058 756 habentes
3102 717 3232 756 eum
3270 703 3532 774 deinceps
3585 703 3739 758 velut

2134 798 2381 864 patrem.

2201 883 2289 939 87.
2321 883 2708 952 Interrogatus
2735 886 2821 937 est
2849 897 3036 948 senex,
3070 881 3349 952 quomodo
3380 882 3614 954 quidam
3647 881 3739 938 di-

2134 977 2327 1027 cerent
2353 973 2542 1027 videre
2569 989 2630 1026 se
2667 976 2959 1043 aspectum
2986 972 3318 1041 angelorum
3345 991 3360 1040 ;
3404 976 3462 1027 et
3501 988 3740 1044 respon-

2139 1060 2222 1116 dit
2239 1061 2465 1119 dicens:
2501 1062 2706 1116 Beatus
2733 1059 2938 1132 estqui
2980 1066 3274 1132 peccatum
3318 1077 3487 1118 suum
3517 1077 3744 1135 semper

2137 1150 2308 1206 videt.

2206 1237 2296 1296 83.
2329 1241 2526 1296 Frater
2559 1239 2762 1312 aliquis
2791 1239 3230 1296 contristabatur
3256 1240 3522 1296 adversus
3548 1239 3730 1297 alium

2131 1329 2368 1385 fratrem
2393 1347 2406 1397 ;
2440 1329 2589 1401 quod
2608 1329 2844 1384 audiens
2879 1329 2975 1384 ille
2994 1329 3148 1384 venit
3170 1329 3490 1386 satisfacere
3516 1329 3587 1384 ei.
3623 1330 3729 1386 Ille

2131 1424 2322 1474 autem
2343 1436 2455 1474 non
2467 1419 2692 1490 aperuit
2711 1419 2764 1473 ei
2778 1419 2987 1474 ostium
3005 1419 3157 1474 cellae
3168 1437 3301 1475 suae.
3323 1420 3580 1475 Perrexit
3595 1435 3737 1492 ergo

2133 1508 2228 1563 ille
2255 1509 2328 1564 ad
2367 1509 2668 1581 quemdam
2697 1525 2910 1575 senem,
2943 1513 3000 1564 et
3026 1509 3168 1564 dixit
3214 1509 3269 1565 ei
3292 1526 3522 1564 causam
3546 1527 3560 1562 :
3592 1508 3740 1564 Vide

2133 1614 2206 1652 ne
2235 1597 2396 1669 quasi
2429 1599 2647 1670 justam
2690 1599 2900 1653 habeas
2930 1615 3158 1654 causam
3185 1598 3337 1670 apud
3363 1597 3736 1671 semetipsum

2134 1686 2194 1741 in
2225 1687 2392 1742 corde
2413 1692 2533 1757 tuo,
2554 1694 2826 1759 tanquam
2845 1689 3173 1760 culpaturus
3197 1688 3428 1743 fratrem
3457 1693 3639 1755 tuum,
3670 1691 3742 1742 ut

454 1785 626 1858 ipsos,
642 1787 944 1859 perdamus
961 1785 1280 1840 mercedem
1295 1789 1494 1852 «ηε»
1506 1787 2116 1862 nostram.Propter-B
2141 1777 2301 1848 quasi
2349 1777 2511 1832 illum
2548 1779 2950 1849 reprehendaS,
2982 1784 3039 1832 et
3064 1777 3309 1850 teipsum
3351 1777 3643 1848 justiﬁoes,
3675 1780 3741 1832 et

449 1891 518 1931 ea
548 1893 682 1947 ergo
714 1875 1090 1946 relinquimur
1103 1891 1203 1946 per
1220 1875 1514 1930 intervalla
1533 1881 1855 1947 temporum
1871 1876 2047 1930 semel

457 1965 539 2019 sic
565 1964 820 2019 sordidas
844 1963 1218 2034 cogitationes
1250 1977 1556 2032 assumere,
1583 1970 1650 2020 ut
1673 1981 1802 2019 cum
1827 1965 2054 2020 easdem

451 2053 821 2125 cogitationes
839 2053 1164 2125 aspicimus,
1208 2053 1582 2126 nosmetipsos
1597 2055 1811 2126 judicio
1825 2055 2052 2126 proprio

451 2143 912 2199 condemnemus.
937 2143 1028 2198 Eae
1043 2143 1196 2198 enim
1215 2143 1589 2213 cogitationes
1617 2143 1770 2215 ipsae,
1795 2145 2051 2199 velamen

452 2237 588 2288 sunt
599 2233 776 2304 ipsius
797 2232 1002 2288 modici
1025 2231 1156 2287 boni
1183 2232 1388 2304 operis.
1409 2232 1645 2296 Quando
1664 2238 1854 2288 autem
1885 2233 2054 2288 homo

452 2321 703 2394 seipsum
721 2327 966 2389 accusat,
999 2337 1112 2375 non
1138 2320 1324 2392 perdit
1343 2321 1656 2375 mercedem
1687 2338 1866 2375 suam.

517 2409 611 2468 8i.
642 2410 797 2466 Dixit
822 2410 1054 2482 quidam
1083 2426 1290 2464 senex:
1322 2409 1469 2474 Quia
1495 2410 1619 2464 volo
1650 2410 1832 2480 magis
1857 2409 2048 2466 doceri

451 2515 626 2571 quam
653 2499 870 2554 docere.
906 2500 1052 2555 Item
1078 2499 1246 2554 dixit:
1277 2499 1404 2555 Non
1423 2499 1625 2554 doceas
1643 2502 1778 2555 ante
1801 2505 2046 2572 tempus,

447 2588 700 2660 alioquin
726 2589 882 2644 omni
909 2594 1162 2660 tempore
1189 2588 1314 2644 vita:
1345 2594 1458 2644 tute
1487 2589 1860 2644 minoraberis
1883 2589 2046 2644 intel-

454 2675 626 2736 lectu.

523 2765 615 2822 82.
646 2765 1029 2837 interrogatus
1054 2772 1142 2821 est
1169 2765 1400 2838 quidam
1427 2783 1629 2821 senex:
1653 2766 1798 2832 Quid
1829 2773 1917 2822 est
1943 2768 2052 2823 hu-

450 2854 706 2911 milites?
743 2855 814 2910 Et
853 2855 1198 2926 respondens
1219 2855 1395 2910 dixit:
1428 2856 1734 2911 Humilitas
1784 2874 2055 2928 magnum

2137 1871 2436 1937 propterea
2462 1883 2576 1922 non
2616 1867 2869 1937 tetigerit
2896 1867 3046 1922 Deus
3095 1884 3192 1922 cor
3220 1868 3362 1938 ejus,
3398 1871 3465 1922 ut
3486 1865 3736 1938 aperiret

2135 1954 2253 2010 tibi.
2282 1957 2690 2012 Verumtamen
2726 1957 2831 2011 hoc
2859 1962 2945 2011 est
2979 1957 3128 2028 quod
3155 1957 3280 2012 dico
3309 1955 3432 2022 tibi,
3466 1961 3533 2011 ut
3567 1957 3652 2012 vel
3678 1955 3732 2010 si

2133 2044 2228 2099 ille
2253 2047 2502 2116 peccavit
2518 2047 2576 2100 in
2597 2051 2672 2114 te,
2707 2063 2852 2117 pone
2879 2046 2939 2100 in
2967 2046 3134 2101 corde
3157 2051 3276 2112 tuo,
3313 2046 3446 2117 quia
3463 2051 3528 2101 tu
3555 2045 3614 2100 in
3633 2046 3739 2102 illo

2133 2135 2466 2206 peccaveris,
2501 2143 2559 2191 et
2595 2137 2828 2192 fratrem
2855 2141 3018 2192 tuum
3041 2137 3308 2209 justiﬁca,
3342 2141 3401 2191 et
3423 2141 3560 2191 tunc
3579 2135 3734 2192 Dens

2134 2225 2233 2279 dat
2253 2225 2313 2279 in
2342 2226 2507 2289 corde
2519 2226 2670 2280 illius
2691 2227 3032 2282 concordare
3043 2232 3228 2281 tecum
3254 2245 3268 2294 ;
3298 2231 3357 2280 et
3379 2225 3733 2280 narravitilli

2135 2315 2453 2386 exemplum
2465 2316 2596 2382 tale,
2613 2316 2806 2370 dicens
2831 2334 2842 2370 :
2869 2316 2992 2370 Duo
3006 2316 3236 2387 quidam
3254 2321 3418 2370 erant
3434 2314 3732 2370 saeculares

2131 2404 2398 2474 religiosi,
2451 2410 2509 2460 ct
2562 2406 2942 2477 colloquentes
2980 2422 3168 2460 secum
3209 2405 3417 2476 egressi
3466 2409 3616 2472 sunt,
3672 2408 3740 2460 et

2132 2493 2263 2548 facti
2309 2500 2443 2548 sunt
2484 2495 2745 2549 monachi
2774 2495 3223 2552 :aemulationem
3243 2500 3434 2550 autem
3453 2493 3733 2550 habentes

2132 2583 2282 2638 vocis
2307 2583 2658 2654 evangelicae,
2692 2584 2788 2638 sed
2817 2601 2929 2639 non
2957 2584 3268 2640 secundum
3296 2584 3608 2651 scientiam,
3631 2599 3736 2640 ca-

2135 2677 2457 2728 straverunt
2467 2691 2526 2728 se
2547 2675 2708 2745 quasi
2729 2680 2959 2746 propter
2975 2691 3148 2744 regna
3164 2673 3451 2729 caelorum.
3479 2672 3734 2728 Audiens

2137 2767 2328 2817 autem
2361 2764 2830 2836 archiepiscopus,
2863 2762 3359 2818 excommunicavit
3381 2779 3506 2830 eos;
3529 2762 3610 2817 illi
3633 2777 3736 2818 an-

2136 2855 2253 2906 tem
2296 2858 2560 2925 putantes
2589 2852 2724 2924 quia
2771 2853 2912 2908 bene
2953 2852 3230 2920 fecissent,
3273 2851 3550 2924 indignati
3597 2856 3738 2908 sunt

455 2959 598 3017 opus
625 2949 713 2999 est
740 2949 799 2999 et
816 2943 1096 2998 divinum:
1129 2945 1220 2999 via
1237 2950 1428 3000 autem
1450 2945 1785 3000 humilitatis
1809 2947 1924 3001 haec
1945 2953 2049 3014 est,
2138 2945 2338 2995 contra
2367 2958 2518 3008 eum,
2550 2941 2827 2996 dicentes:
2861 2943 2976 2996 Nos
3006 2947 3236 3014 propter
3261 2957 3437 3012 regna
3463 2940 3734 2996 caelorum

453 3039 522 3090 ut
564 3033 785 3089 labores
817 3034 1134 3106 corporales
1169 3035 1381 3090 assumi
1415 3034 1674 3102 debeant,
1716 3041 1774 3091 et
1809 3036 2049 3092 ascribat

2139 3031 2508 3085 castravimus
2524 3047 2643 3096 nos,
2662 3037 2719 3085 et
2737 3031 2827 3085 hic
2842 3030 3342 3086 excommunicavit
3365 3030 3506 3085 nos?
3523 3030 3734 3086 Eamus

461 3122 710 3196 seipsum
742 3124 907 3178 homo
931 3128 1302 3194 peccatorem,
1335 3128 1392 3179 et
1419 3130 1594 3196 ponat
1626 3142 1686 3179 se
1725 3125 2042 3197 subjectum
2071 3125 2116 3187 Ο
2136 3124 2194 3174 et
2226 3119 2652 3193 interpellemus
2679 3121 2947 3175 adversus
2978 3137 3109 3175 eum
3135 3119 3734 3192 Jerosolymitanorum

457 3211 741 3269 omnibus.
761 3212 830 3267 Et
853 3212 993 3267 dixit
1020 3213 1224 3268 frater:
1278 3213 1425 3278 Quid
1466 3220 1551 3268 est
1581 3231 1703 3269 esse
1734 3215 2052 3286 subjectum
2136 3210 2637 3283 archiepiscopum.
2665 3210 2953 3266 Abeuntes
2980 3227 3113 3281 ergo
3126 3209 3518 3265 indicaverunt
3542 3209 3593 3264 ei
3613 3225 3734 3265 om-

451 3301 712 3358 omnibus
734 3303 757 3356 ?
784 3302 1095 3372 Respondit
1113 3319 1288 3358 senex
1311 3321 1324 3356 :
1347 3303 1465 3358 Hoc
1486 3309 1572 3358 est
1587 3321 1708 3358 esse
1729 3303 2048 3375 subjectum
2136 3299 2249 3355 nia.
2281 3300 2503 3355 Etdixit
2523 3300 2606 3355 eis
2634 3299 3090 3372 archiepiscopus
3110 3299 3636 3372 Jerosolymitanus:
3659 3298 3734 3355 Et

452 3390 730 3459 omnibus,
759 3396 824 3446 ut
846 3407 959 3445 non
987 3391 1244 3447 attendat
1271 3391 1398 3463 quis
1440 3392 1625 3447 aliena
1660 3398 1906 3464 peccata,
1955 3395 2056 3450 sed
2139 3405 2243 3460 ego
2273 3405 2370 3444 VOS
2413 3390 2852 3445 excommunico.
2885 3390 2962 3444 EX
3005 3405 3117 3460 quo
3159 3389 3367 3444 iterum
3415 3387 3731 3444 contristati

458 3497 564 3538 sua
587 3497 814 3552 semper
854 3480 1110 3552 aspiciat,
1161 3486 1218 3536 et
1260 3481 1592 3553 deprecetur
1625 3482 1746 3538 sine
1774 3483 2058 3539 intermis-
2139 3477 2401 3534 abierunt
2425 3478 2485 3534 in
2509 3478 2865 3534 Antiochiam
2877 3477 3456 3550 adarchiepiscopum,
3490 3483 3549 3533 et
3573 3475 3723 3532 dixe-

457 3571 616 3628 sione
643 3571 846 3626 Deum.
2136 3573 2273 3624 runt
2296 3569 2349 3623 ei
2372 3569 2562 3624 omnia
2591 3585 2713 3640 quae
2740 3568 2886 3623 facta
2903 3567 3129 3623 fuerant
3151 3567 3296 3622 circa
3324 3584 3404 3624 se.
3432 3568 3502 3623 Et
3527 3567 3624 3623 ille
3649 3567 3731 3624 si-

525 3658 1025 3730 83.1nterrogabat
1042 3659 1276 3731 quidam
1289 3659 1466 3716 frater
1486 3677 1698 3729 senem,
1717 3661 1926 3718 dicens:
1954 3662 2055 3718 Dic
2138 3657 2347 3713 militer
2373 3657 2870 3713 excommunicavit
2894 3673 3009 3712 eos.
3030 3657 3098 3712 Et
3115 3657 3379 3713 dixerunt
3406 3657 3478 3712 ad
3493 3657 3725 3730 seipsos:

457 3749 783 3806 mihiunam
797 3765 938 3816 rem,
957 3765 1128 3820 quam
1147 3750 1481 3817 custodiam,
1509 3757 1566 3806 et
1582 3752 1761 3806 vivam
1791 3768 2050 3823 peream.
2137 3748 2344 3803 Eamus
2370 3748 2608 3803 Romam
2623 3747 2694 3802 ad
2715 3747 3110 3819 patriarcham,
3142 3752 3199 3802 et
3217 3746 3337 3819 ipse
3363 3763 3466 3802 nos
3488 3747 3729 3802 vindica-

457 3838 528 3896 Et
544 3838 684 3895 dixit
711 3838 765 3894 ei
793 3855 1000 3896 senex:
1036 3839 1095 3894 Si
1120 3840 1371 3910 potueris
1413 3841 1811 3896 contumeliam
1842 3841 1960 3913 pati
1998 3847 2056 3897 et
2138 3838 2220 3894 bit
2241 3839 2310 3894 de
2339 3838 2599 3894 omnibus
2617 3838 2760 3896 istis.
2790 3838 3068 3894 Abierunt
3087 3855 3219 3910 ergo
3247 3838 3318 3894 ad
3334 3855 3617 3894 summum
3636 3854 3728 3894 ar-

453 3928 755 3996 sustinere,
790 3944 1062 3999 magnum
1075 3933 1161 3984 est
1175 3929 1296 3997 hoc,
1318 3934 1377 3984 et
1396 3945 1567 4002 super
1587 3946 1784 3985 omnes
1812 3931 2052 3988 virtutes
2141 3929 2556 4000 chiepiscopum
2578 3929 2845 3984 Romana:
2873 3928 3133 3996 civitatis,
3165 3935 3224 3983 et
3251 3933 3650 4000 suggesserunt
3669 3928 3724 3984 ei

459 4019 645 4087 (Ra/7.,
678 4021 716 4073 ι.
751 4031 837 4086 ut,
870 4034 929 4072 η.
963 4018 1074 4086 85).
2137 4035 2261 4090 quae
2290 4018 2536 4073 fecerant
2559 4018 2640 4072 eis
2671 4019 2968 4073 memorati
2980 4017 3403 4090 archiepiscopi,
3433 4017 3678 4074 dicentes
3706 4034 3721 4072 :

525 4108 617 4164 84.
647 4107 800 4162 Dixit
825 4123 996 4160 senex
1024 4123 1036 4160 :
1068 4107 1176 4170 Qui
1201 4112 1590 4180 contemptum
1619 4109 1959 4181 etinjuriam
1987 4115 2045 4166 et
2133 4108 2405 4163 Venimus
2437 4108 2509 4163 ad
2537 4112 2614 4176 te,
2648 4108 2784 4179 quia
2803 4113 2866 4163 tu
2883 4125 2941 4162 es
2965 4112 3134 4180 caput
3159 4107 3430 4162 omnium.
3458 4107 3604 4164 Dicit
3629 4122 3728 4163 au-

458 4194 732 4258 damnum
761 4196 1042 4266 patienter
1068 4196 1196 4262 fert,
1231 4201 1416 4268 potest
1443 4199 1628 4254 salvus
1659 4216 1802 4256 esse.
2134 4203 2252 4253 tem
2275 4197 2357 4252 eis
2385 4202 2441 4252 et
2468 4197 2618 4268 ipse:
2653 4197 2768 4267 Ego
2784 4213 2880 4252 vos
2909 4197 3352 4264 excommunico,
3375 4201 3432 4252 et
3450 4196 3727 4269 segregati

527 4285 619 4342 85.
663 4283 817 4339 Dixit
861 4301 1030 4338 senex
1066 4284 1326 4339 cuidam:
1375 4287 1501 4342 Non
1540 4287 1747 4342 habeas
1793 4289 2055 4344 notitiam
2135 4287 2290 4343 estis.
2326 4288 2484 4343 Tunc
2502 4287 2826 4342 defecerunt
2852 4287 3318 4342 excommunicati
3345 4287 3519 4342 totius
3550 4288 3725 4343 ratio-

454 4389 586 4430 cum
610 4373 831 4441 abbate,
872 4390 1056 4445 neque
1075 4373 1400 4446 frequenter
1426 4376 1702 4448 adjungas
1732 4379 1854 4433 teei
1877 4398 1890 4448 ;
1915 4396 2050 4450 quo-
2072 4377 2242 4479 Dnis,
2275 4380 2333 4431 et
2360 4377 2624 4432 dixerunt
2649 4377 2721 4431 ad
2749 4377 3098 4448 semetipsos:
3129 4377 3228 4431 Isti
3257 4377 3502 4449 episcopi
3521 4375 3628 4432 sibi
3643 4376 3729 4432 in-

457 4463 613 4520 niam
639 4480 706 4518 ex
732 4463 837 4518 hoc
867 4463 1132 4519 fiduciam
1157 4481 1366 4531 sumes,
1392 4470 1449 4520 et
1477 4465 1798 4524 desiderare
1819 4469 2052 4541 incipies
2073 4463 2314 4522 "vicem
2343 4466 2602 4521 deferunt
2629 4471 2687 4521 et
2714 4467 3089 4533 consentiunt,
3122 4472 3352 4538 propter
3365 4466 3512 4538 quod
3541 4466 3600 4521 in
3621 4467 3726 4540 Sy-

456 4557 524 4610 ut
547 4557 740 4610 teneas
781 4553 954 4609 etiam
981 4552 1101 4625 ipse
1129 4553 1454 4626 primatum.

526 4642 617 4702 86.
643 4643 842 4699 Frater
859 4643 1091 4714 quidam
1113 4649 1236 4699 erat
1256 4644 1316 4698 in
1335 4646 1785 4717 congregatione,
1808 4654 1865 4704 et
1885 4665 2052 4704 omne

455 4733 674 4806 pondus
704 4733 854 4805 quod
881 4732 1149 4788 fratribus
1170 4733 1518 4801 imminebat,
1550 4735 1669 4807 ipse
1690 4737 2050 4810 suscipiebat,

449 4821 608 4878 itaut
619 4839 680 4876 se
699 4821 944 4876 etiamin
962 4821 1329 4877 fornicatione
1345 4831 1638 4880 accusaret
1654 4825 1860 4897 (Ruﬁl,
1895 4829 1936 4882 ι.
1960 4842 2042 4895 m,

454 4927 517 4968 η.
535 4909 626 4969 29.
639 4910 873 4966 nomine
881 4908 1156 4982 Eulalii).
1174 4911 1416 4976 Quidam
1435 4919 1627 4968 autem
1640 4915 1878 4970 fratrum
1890 4916 2053 4987 igno-

455 5004 648 5058 rantes
681 5005 838 5055 actus
879 5000 1022 5070 ejus,
1065 5007 1355 5072 coeperunt
1383 5020 1740 5058 murmurare
1785 5006 2052 5061 adversus

455 5107 608 5158 eum,
635 5089 914 5145 dicentes:
949 5090 1173 5154 Quanta
1196 5091 1346 5146 mala
1365 5093 1498 5148 facit
1525 5093 1616 5150 hic
1644 5099 1701 5148 et
1728 5111 1830 5148 nec
1858 5111 2054 5166 opera-

453 5181 586 5238 tur?
609 5179 796 5236 Abbas
839 5180 1020 5236 sciens
1059 5198 1182 5253 quae
1211 5181 1434 5253 agebat,
1465 5183 1688 5238 dicebat
1733 5185 2003 5240 fratribus
2035 5204 2048 5240 :

455 5272 596 5328 Volo
625 5287 799 5326 unam
825 5271 1126 5325 mattulam
1153 5271 1317 5326 istius
1343 5289 1472 5326 cum
1503 5273 1843 5339 humilitate,
1879 5291 2050 5345 quam

454 5376 651 5417 omnes
679 5364 890 5414 vestras
915 5376 1045 5415 cum
1064 5360 1347 5432 superbia.
1373 5362 1441 5416 Et
1461 5366 1528 5416 ut
1555 5362 1970 5418 demonstraret
1985 5381 2051 5419 ex

453 5449 780 5520 Deijudicio
804 5449 986 5520 qualis
1003 5455 1156 5505 esset
1170 5450 1345 5505 frater
1365 5450 1478 5518 ille,
1503 5451 1696 5505 attulit
1715 5453 1903 5506 omnia
1927 5470 2050 5525 quae

457 5539 674 5611 operati
699 5538 922 5594 fuerant
949 5539 1033 5594 illi
1067 5540 1289 5607 fratres,
1324 5543 1383 5594 et
1409 5545 1648 5596 mattam
1685 5542 1806 5612 ejus
1835 5543 1906 5597 de
1936 5560 2048 5615 quo

458 5627 856 5704 querebantur,
892 5633 950 5685 et
978 5629 1232 5686 accendit
1252 5629 1466 5703 ignem,
1499 5635 1556 5686 et
1583 5632 1817 5704 jactavit
1836 5632 1896 5689 in
1924 5650 2050 5690 me-

2135 4556 2298 4612 nodis
2323 4559 2744 4626 congregantur
2772 4575 2785 4624 ;
2807 4556 2907 4610 sed
2935 4572 3130 4611 eamus
3151 4556 3220 4610 ad
3243 4556 3403 4610 illum
3425 4556 3603 4611 virum
3624 4555 3727 4612 Dei

2137 4651 2396 4702 sanctum
2431 4646 2805 4718 Epiphanium
2819 4645 3140 4718 episcopum
3165 4646 3235 4700 de
3254 4646 3436 4718 Cypro
3449 4645 3580 4718 quia
3603 4661 3730 4718 pro-

2136 4737 2308 4809 pheta
2337 4740 2441 4801 est,
2476 4740 2536 4789 et
2562 4751 2866 4806 personam
2896 4734 3140 4790 hominis
3177 4751 3291 4790 non
3320 4735 3542 4806 accipit.
3585 4735 3726 4791 Cum

2135 4830 2326 4880 autem
2357 4824 2874 4897 appropinquarent
2900 4824 3112 4878 civitati
3138 4825 3262 4896 ejus
3292 4825 3599 4880 revelatum
3637 4829 3725 4880 est

2135 4915 2186 4970 ei
2205 4915 2275 4969 de
2294 4915 2429 4986 ipsis
2451 4933 2464 4982 ;
2489 4920 2547 4969 et
2571 4914 2802 4968 mittens
2829 4915 2890 4969 in
2903 4930 3199 4969 occursum
3229 4930 3426 4970 eorum
3456 4914 3622 4969 dixit:
3641 4914 3726 4971 Ne

2133 5003 2358 5059 intretis
2375 5003 2656 5059 civitatem
2684 5003 2871 5058 istam.
2902 5004 3058 5058 Tunc
3086 5003 3168 5058 illi
3184 5003 3242 5058 in
3255 5020 3318 5058 se
3329 5002 3552 5071 reversi,
3577 5002 3728 5060 dixe-

2135 5099 2272 5149 runt
2304 5111 2315 5146 :
2347 5095 2456 5148 Pro
2483 5093 2719 5148 veritate
2749 5109 2853 5148 nos
2883 5092 3188 5164 culpabiles
3233 5109 3458 5162 sumus;
3483 5098 3548 5148 ut
3590 5092 3726 5166 quid

2135 5200 2271 5254 ergo
2300 5199 2403 5238 nos
2425 5181 2574 5254 ipsos
2599 5182 3012 5254 justiﬁcamus?
3032 5184 3141 5238 Fac
3169 5182 3338 5237 etiam
3367 5182 3498 5254 quia
3523 5183 3607 5238 illi
3635 5183 3726 5239 in-

2130 5273 2284 5344 juste
2307 5290 2410 5328 nos
2431 5271 3070 5339 excommunicaverunt,
3093 5272 3347 5344 nunquid
3380 5278 3438 5326 et
3460 5273 3565 5327 iste
3593 5288 3726 5344 pro-

2134 5363 2306 5434 pheta
2322 5364 2348 5416 7
2371 5379 2495 5416 ecce
2523 5362 2674 5417 enim
2693 5363 2842 5417 Deus
2865 5362 3133 5416 revelavit
3160 5361 3213 5416 ei
3237 5362 3307 5416 de
3332 5360 3511 5416 nobis.
3534 5361 3604 5416 Et
3628 5377 3722 5417 re-

2133 5452 2554 5526 prehenderunt
2571 5452 2902 5524 semetipsos
2929 5451 3090 5507 valde
3109 5452 3179 5506 de
3207 5452 3371 5523 culpa
3391 5466 3561 5522 quam
3587 5451 3729 5507 fece-

2132 5548 2288 5598 runt.
2317 5543 2473 5598 Tunc
2499 5543 2695 5598 videns
2721 5546 2919 5609 630
2949 5541 3048 5614 qui
3079 5541 3248 5598 corda
3275 5540 3432 5596 novit
3459 5539 3592 5613 quia
3618 5555 3722 5613 pro

2135 5633 2370 5690 veritate
2395 5649 2457 5689 se
2496 5631 2804 5706 culpabiles
2830 5631 3099 5701 fecerant,
3154 5630 3418 5687 revelavit
3459 5630 3718 5706 episcopo
