3934 6420
126 429 226 487 969

1413 432 1652 490 VERBA
1691 433 2083 492 SENIORUM.

3299 434 3406 493 970

126 556 450 629 Epiphanio.
475 557 545 613 Et
573 558 721 614 ultro
742 559 897 614 misit
926 563 984 614 et
1010 559 1243 616 adduxit
1273 577 1387 626 eos,
1419 566 1475 615 et
1504 578 1703 616 conso-
1721 566 1772 624 A
1789 564 1923 618 dicit
1950 564 2002 618 ei
2033 565 2188 618 :Jam
2211 563 2339 617 nolo
2363 562 2608 617 vendere
2629 560 2888 618 Codicem
2910 561 3403 633 istum.Compun-

129 647 271 700 latus
300 663 414 713 eos,
429 647 674 719 suscepit
695 648 756 702 in
782 649 1254 706 communionem.
1277 648 1510 720 Scripsit
1537 650 1728 721 itaque

130 735 194 789 de
225 735 314 789 his
346 735 762 809 archiepiscopo
790 738 1160 803 Alexandriae,
1196 739 1388 793 dicens
1440 756 1452 791 :
1497 739 1727 810 Suscipe

130 825 270 880 filios
280 827 700 897 tuos,quoniam
723 827 780 881 in
795 827 1030 883 veritate
1052 828 1443 900 pcenitentiam
1466 835 1720 898 egerunt.

1811 659 1934 707 ctus
1956 659 2148 708 autem
2178 653 2331 707 venit
2361 652 2431 706 ad
2459 668 2652 706 senem
2698 651 3087 722 paenitentiam
3121 667 3314 722 agens,
3348 658 3406 707 et

1809 760 2016 813 rogans
2032 760 2160 797 eum
2180 748 2244 797 ut
2273 742 2550 814 reciperet
2579 741 2859 806 Codicem,
2893 757 3061 795 senex
3088 745 3277 795 autem
3309 757 3407 796 no-

1809 833 1960 887 lebat
1989 833 2239 905 accipere
2254 849 2402 887 eum.
2424 833 2581 886 Tunc
2601 830 2742 884 dixit
2755 831 2805 885 ei
2827 830 3030 884 frater:
3064 830 3206 893 Quia
3224 829 3268 884 si
3292 847 3406 886 non

130 914 196 968 Et
222 914 441 969 addidit
468 932 637 971 senex
665 917 762 988 qui
786 917 892 972 hoc
916 919 1233 988 exemplum
1260 923 1607 981 narraverat.
1635 918 1724 972 di-
1807 923 2008 994 recipis
2038 939 2186 988 eum,
2224 939 2335 976 non
2368 938 2599 993 possum
2640 936 2872 974 securus
2901 937 3041 974 esse.
3075 920 3143 974 Et
3188 919 3329 974 dixit
3355 920 3408 975 ei

131 1020 291 1058 cens:
326 1005 456 1060 Haec
483 1010 569 1060 est
593 1005 808 1060 sanitas
827 1006 1092 1073 hominis,
1117 1013 1174 1062 et
1191 1007 1296 1061 hoc
1325 1013 1410 1061 est
1440 1008 1588 1079 quod
1609 1007 1727 1061 vult

131 1093 299 1160 Deus,
330 1099 406 1167 ut
425 1095 593 1149 homo
621 1097 843 1167 culpam
878 1112 1038 1151 suam
1068 1096 1328 1168 projiciat
1352 1103 1482 1151 ante
1512 1097 1717 1154 Deum.

128 1183 256 1237 Haec
285 1200 412 1238 cum
441 1184 692 1240 audisset
719 1185 913 1252 frater,
953 1185 1084 1240 fecit
1132 1186 1442 1240 secundum
1493 1185 1726 1240 verbum

131 1273 298 1338 senis,
325 1279 383 1328 et
409 1291 649 1345 pergens
666 1276 910 1346 pulsavit
925 1276 1132 1330 ostium
1162 1275 1353 1330 fratris
1376 1295 1386 1341 ;
1422 1276 1516 1328 ille
1537 1282 1728 1330 autem

131 1378 260 1416 mox
290 1367 353 1418 ut
373 1363 550 1418 sensit
575 1380 722 1430 eum,
757 1363 914 1435 prius
944 1365 1093 1435 apud
1119 1364 1278 1418 illum
1302 1364 1527 1418 deintus
1555 1365 1728 1435 pumi-

132 1450 365 1506 tentiam
383 1451 577 1524 gessit,
594 1455 928 1525 aperuitque
954 1453 1147 1508 statim
1165 1453 1394 1518 ostium,
1412 1459 1468 1507 et
1490 1454 1728 1508 osculati

133 1546 268 1596 sunt
292 1559 352 1596 se
376 1541 612 1598 invicem
627 1559 694 1598 ex
716 1543 924 1610 animo,
941 1548 997 1598 et
1015 1543 1163 1597 facta
1185 1549 1271 1599 est
1286 1543 1436 1598 inter
1463 1550 1729 1615 utrosque

139 1647 246 1703 pax
280 1630 548 1688 maxima.

203 1717 296 1776 89.
320 1721 441 1776 Duo
465 1721 846 1793 monachi,qui
869 1726 1030 1776 erant
1048 1721 1219 1777 etiam
1236 1722 1488 1776 carnales
1509 1720 1728 1786 fratres,

133 1809 466 1865 habitabant
481 1809 669 1878 simul,
685 1817 742 1867 et
763 1810 984 1866 volebat
1002 1810 1258 1866 diabolus
1276 1827 1537 1882 separare
1555 1828 1649 1865 eos
1668 1811 1737 1865 ab

1809 1029 1974 1066 senex
1999 1030 2012 1066 :
2047 1013 2104 1067 Si
2135 1028 2248 1066 non
2270 1016 2428 1082 potes
2455 1027 2577 1065 esse
2602 1026 2831 1064 securus
2845 1008 2954 1063 nisi
2974 1008 3260 1079 recipiam,
3282 1025 3408 1064 ecce

1808 1101 2017 1172 recipio
2040 1117 2190 1155 eum.
2224 1101 2294 1155 Et
2321 1099 2592 1154 remansit
2622 1100 2797 1152 frater
2817 1098 2910 1153 ille
2926 1097 3075 1169 apud
3087 1113 3215 1153 eum
3229 1115 3408 1170 usque

1810 1191 1880 1244 ad
1919 1191 2131 1244 exitum
2161 1205 2346 1254 suum,
2379 1189 2675 1260 proficiens
2704 1188 2773 1241 de
2792 1187 3065 1258 patientia
3083 1187 3252 1241 senis.

1881 1278 1933 1334 ‘2.
1970 1280 2172 1334 Factus
2202 1284 2288 1333 est
2317 1277 2622 1348 aliquando
2666 1282 2971 1331 conventus
3015 1277 3074 1330 in
3103 1277 3271 1331 Cellis
3309 1293 3410 1347 pro

1810 1385 1981 1423 causa
2005 1369 2334 1440 quadam,ct
2352 1367 2572 1420 locutus
2592 1371 2677 1420 est
2689 1365 2914 1436 quidam
2927 1365 3099 1419 abbas
3120 1365 3409 1436 Evagrius,

1812 1465 1869 1512 et
1891 1458 2029 1513 dixit
2058 1458 2108 1512 ei
2133 1458 2426 1529 presbyter
2454 1455 2925 1510 monasteriorum
2959 1473 2970 1509 :
3009 1455 3249 1520 Scimus,
3271 1453 3416 1509 abba

1817 1548 2039 1618 Evagri,
2075 1547 2207 1618 quia
2237 1547 2284 1601 si
2313 1563 2463 1601 esses
2493 1545 2550 1599 in
2582 1544 2766 1616 patria
2794 1549 2914 1613 tua,
2942 1544 3085 1598 forte
3135 1548 3235 1598 aut
3263 1543 3413 1615 epis-

1818 1655 1988 1708 copus
2017 1637 2223 1701 fueras,
2259 1640 2358 1690 aut
2384 1635 2692 1689 multorum
2715 1639 2913 1704 caput;
2946 1649 3096 1688 nunc
3115 1638 3306 1688 autem
3325 1633 3416 1687 hic

1818 1727 1970 1780 velut
2001 1725 2327 1797 peregrinus
2357 1741 2437 1778 es.
2473 1724 2572 1778 Ille
2594 1739 2724 1777 vero
2741 1727 3129 1793 compunctus,
3149 1739 3262 1777 non
3286 1722 3412 1794 qui-

1820 1816 1947 1870 dem
1975 1814 2329 1870 turbulenter
2358 1813 2571 1884 aliquid
2594 1813 2902 1884 respondit,
2935 1811 3033 1866 sed
3071 1827 3298 1866 movens
3319 1829 3414 1867 ca-

133 1899 370 1954 invicem
399 1902 589 1969 (Ra/)1,
623 1903 662 1958 ι.
696 1915 778 1965 III,
816 1917 872 1955 η.
904 1899 1018 1965 18).
1055 1900 1240 1956 Semel
1278 1917 1412 1971 ergo
1435 1917 1599 1966 unus,
1635 1886 1794 1971 quiB
1816 1911 1935 1978 put,
1967 1904 2382 1975 respiciensque
2424 1903 2482 1956 in
2527 1908 2760 1967 terram,
2795 1901 2971 1972 digito
3015 1900 3314 1967 scribebat,
3355 1907 3414 1957 et

135 1994 261 2043 erat
293 1989 478 2044 minor
509 1994 691 2054 aetate,
725 1989 974 2044 incendit
1001 1990 1309 2056 lucernam,
1331 1995 1387 2044 et
1405 1990 1593 2060 posuit
1607 2006 1730 2044 eam

136 2095 311 2150 super
338 2078 758 2134 candelabrum.
780 2079 936 2134 Fecit
955 2085 1144 2134 autem
1167 2096 1338 2150 opera
1368 2096 1471 2133 sua
1490 2079 1728 2144 daemon,

137 2173 194 2222 et
221 2167 425 2222 evertit
451 2167 875 2223 candelabrum:
903 2174 1243 2240 quapropter
1259 2168 1458 2222 cecidit
1469 2184 1596 2222 eum
1620 2184 1734 2221 ma-

128 2258 222 2327 jor
245 2256 424 2312 frater
435 2273 562 2312 cum
590 2257 693 2312 ira.
711 2257 810 2312 Ille
832 2274 961 2312 vero
983 2257 1373 2329 paenitentiam
1385 2257 1515 2327 egit,
1543 2257 1732 2311 dicens

131 2347 185 2400 ei
217 2365 230 2401 :
263 2346 421 2402 Habe
438 2347 768 2419 patientiam
787 2347 844 2400 in
861 2347 1171 2413 me,frater,
1192 2351 1248 2402 et
1265 2347 1470 2401 iterum
1492 2347 1733 2400 accendo

132 2453 282 2490 eam.
317 2437 386 2491 Et
417 2453 542 2492 ecce
569 2435 746 2491 virtus
762 2436 986 2491 Domini
1001 2437 1170 2503 venit,
1191 2443 1248 2491 et
1262 2436 1561 2507 torquebat
1577 2435 1736 2490 illum

128 2526 447 2580 daemonem
478 2543 655 2597 usque
682 2542 866 2582 mane.
883 2526 1112 2581 Daemon
1128 2532 1317 2581 autem
1338 2525 1615 2580 nuntiavit
1635 2541 1735 2579 suo

129 2615 375 2687 principi
405 2615 554 2687 quod
584 2615 792 2670 factum
820 2615 1026 2671 fuerat.
1043 2615 1111 2670 Et
1129 2615 1344 2670 audivit
1361 2615 1619 2669 sacerdos
1641 2632 1737 2685 pa-

128 2721 420 2775 ganorum
445 2705 502 2759 id
535 2704 682 2776 quod
711 2705 984 2760 retulerat
1010 2705 1249 2772 daemon,
1267 2709 1323 2759 et
1353 2720 1612 2774 egressus
1652 2704 1736 2758 fa-

127 2801 258 2850 ctus
275 2799 364 2848 est
391 2794 716 2861 monachus,
752 2799 810 2848 et
835 2793 905 2848 ab
935 2793 1096 2849 initio
1129 2794 1505 2849 conversionis
1527 2811 1640 2848 suae
1658 2798 1737 2847 te-

127 2884 263 2939 nuit
297 2883 695 2949 humilitatem,
719 2883 908 2938 dicens
936 2902 947 2936 :
985 2884 1288 2938 Humilitas
1317 2883 1479 2938 solvit
1509 2899 1734 2936 omnem

125 2973 401 3029 virtutem
431 2972 663 3035 inimici,
688 2973 835 3027 sicut
855 2988 958 3043 ego
977 2971 1162 3026 audivi
1189 2989 1284 3026 eos
1305 2972 1616 3043 loquentes,
1649 2970 1737 3024 di-

127 3062 314 3118 cendo
349 3062 531 3126 :Quia
559 3061 782 3134 quando
812 3061 1208 3133 perturbamus
1239 3062 1562 3125 monachos,
1598 3077 1736 3114 con-

126 3151 384 3207 vertitur
409 3168 554 3206 unus
584 3169 650 3207 ex
671 3152 772 3220 eis,
789 3157 846 3206 et
857 3151 974 3222 agit
987 3151 1398 3224 paenitentiam,
1423 3156 1480 3205 et
1498 3149 1739 3204 destruit

127 3258 364 3298 omnem
391 3243 655 3298 virtutem
683 3248 954 3298 nostram.

425 3331 772 3388 LIBELLUS
809 3332 1125 3387 DECIMUS
1166 3331 1456 3386 SEXTUS.

743 3422 815 3477 De
840 3424 1137 3490 patientia.

196 3514 228 3568 1
244 3553 256 3566 .
291 3509 565 3567 Dicebant
582 3510 782 3566 fratres
801 3511 871 3566 de
891 3510 1092 3565 abbate
1115 3510 1497 3580 Gelasio,quia
1515 3507 1734 3563 habue-

124 3604 204 3658 rit
234 3601 502 3657 Codicem
530 3601 590 3656 in
619 3600 960 3656 membranis
984 3601 1266 3655 valentem
1308 3599 1516 3653 solidos
1545 3599 1738 3652 decem

123 3700 186 3747 et
210 3697 346 3746 octo
376 3693 607 3759 (Ra/71,1.
638 3704 723 3757 III,
746 3707 804 3745 η.
833 3688 921 3756 30,
952 3693 1175 3744 nomine
1206 3687 1738 3757 Anastasii).Conti-

121 3781 311 3836 nebat
336 3786 495 3835 vetus
524 3785 582 3836 et
603 3795 809 3835 novum
829 3779 1255 3834 Testamentum
1270 3784 1450 3833 totum
1477 3797 1489 3844 ;
1521 3783 1579 3832 et
1597 3776 1740 3848 posi-

120 3876 224 3926 tus
257 3876 386 3926 erat
412 3869 596 3924 Codex
614 3868 734 3940 ipse
765 3868 825 3922 in
853 3868 1103 3935 ecclesia,
1131 3873 1196 3923 ut
1219 3867 1316 3939 qui
1345 3866 1510 3921 vellet
1535 3867 1604 3920 de
1633 3865 1740 3920 fra-

122 3959 321 4015 tribus
357 3959 590 4030 legeret.
629 3958 1040 4029 Superveniens
1069 3963 1258 4012 autem
1292 3956 1522 4028 quidam
1564 3954 1741 4009 frater

118 4049 472 4122 peregrinus
499 4047 768 4119 applicuit
798 4047 869 4102 ad
901 4063 1113 4113 senem,
1147 4051 1208 4102 et
1233 4046 1426 4101 videns
1477 4045 1739 4099 Codicem

119 4139 299 4195 illum
335 4137 653 4209 concupivit
680 4153 829 4203 eum,
865 4142 923 4192 et
948 4137 1166 4192 furatus
1202 4153 1334 4191 eum
1376 4135 1543 4189 exivit
1572 4141 1740 4206 atque

120 4227 417 4284 discessit.
448 4227 629 4282 Senex
655 4243 787 4282 vero
815 4243 928 4282 non
958 4230 1044 4281 est
1072 4230 1302 4280 secutus
1332 4230 1460 4296 post
1510 4241 1636 4280 eum
1677 4229 1742 4279 ut

121 4316 645 4390 comprehenderet
673 4331 821 4383 eum,
851 4321 1048 4387 utpote
1080 4315 1175 4387 qui
1199 4314 1552 4370 intellexerat
1590 4313 1739 4385 quod

118 4407 370 4464 fecerat.
405 4405 505 4460 Ille
535 4410 722 4460 autem
751 4421 990 4476 pergens
1019 4403 1076 4458 in
1120 4403 1421 4469 civitatem,
1455 4403 1741 4476 quaerebat

120 4497 224 4554 cui
255 4494 530 4550 venderet
570 4511 718 4549 eum.
755 4495 825 4548 Et
872 4510 999 4548 cum
1046 4492 1353 4573 invenisset
1398 4493 1491 4565 qui
1518 4493 1741 4547 volebat

1815 1993 1954 2049 dixit
1973 1995 2052 2049 eis
2085 2012 2095 2047 :
2127 1995 2339 2048 Revera
2356 1992 2434 2046 ita
2451 1995 2552 2056 est,
2579 1992 2774 2045 Patres
2799 2009 2810 2044 :
2831 1995 3220 2045 verumtamen
3238 1991 3409 2046 semel

1815 2085 2035 2138 locutus
2064 2100 2210 2150 sum,
2242 2082 2300 2136 in
2329 2080 2632 2153 Scripturis
2659 2097 2790 2135 vero
2831 2079 3074 2135 secundo
3105 2079 3246 2134 nihil
3276 2081 3418 2152 adji-

1815 2174 1978 2228 ciam.

1888 2261 1939 2319 3.
1977 2261 2218 2317 Sedente
2249 2262 2554 2332 aliquando
2589 2258 2790 2315 abbate
2841 2259 3059 2314 Joanne
3091 2259 3255 2314 Brevi
3284 2264 3416 2314 ante

1817 2351 2127 2416 ecclesiam,
2153 2351 2644 2406 circumdederunt
2665 2366 2794 2404 eum
2814 2349 3034 2413 fratres,
3063 2349 3416 2420 exquirentes

1819 2439 1888 2494 ab
1919 2457 1984 2494 eo
2012 2439 2218 2509 singuli
2241 2439 2309 2494 de
2331 2437 2763 2510 cogitationibus
2791 2438 2909 2492 suis
2943 2440 3127 2505 (Ruf/2,
3164 2441 3202 2492 ι.
3237 2453 3318 2504 ιιι,
3355 2455 3414 2494 η.

1819 2529 1931 2584 92³.
1963 2529 2208 2593 Quidam
2239 2534 2424 2583 autem
2457 2545 2626 2583 senex
2654 2529 2760 2581 hoc
2787 2527 2997 2594 videns,
3038 2543 3303 2582 accensus
3331 2527 3419 2582 in-

1817 2618 1967 2672 vidia
1995 2618 2132 2672 dixit
2153 2619 2204 2672 ei
2239 2636 2250 2671 :
2288 2617 2574 2672 Suriscula
2596 2623 2716 2683 tua,
2742 2615 2886 2670 abba
2919 2617 3180 2682 Joannes,
3205 2633 3419 2671 veneno

1820 2715 1904 2762 est
1949 2708 2133 2779 plena.
2161 2709 2230 2762 Et
2270 2707 2561 2778 respondit
2591 2707 2639 2760 ei
2670 2705 2844 2760 abbas
2868 2707 3115 2760 Joannes
3147 2725 3157 2758 :
3194 2707 3282 2761 Ita
3310 2713 3417 2773 est,

1819 2795 1981 2852 abba.
2020 2797 2130 2851 Hoc
2153 2801 2342 2850 autem
2364 2795 2573 2861 dixisti,
2596 2794 2729 2866 quia
2757 2811 2824 2849 ea
2845 2810 2967 2866 quae
2988 2800 3120 2850 sunt
3139 2795 3276 2849 foris
3297 2800 3420 2850 tan-

1817 2885 2110 2940 tummodo
2133 2884 2316 2951 vides;
2351 2884 2398 2938 si
2430 2889 2622 2938 autem
2651 2883 2869 2938 videres
2917 2900 3040 2955 quae
3077 2884 3227 2940 intro
3265 2890 3416 2953 sunt,

1821 2975 1955 3046 quid
1980 2990 2128 3028 esses
2158 2972 2446 3028 dicturus?

1890 3062 1950 3119 4.
2001 3063 2271 3117 Dicebant
2299 3062 2368 3116 de
2398 3063 2613 3117 Joanne
2639 3061 2858 3116 Minore
2889 3061 2958 3115 de
2979 3061 3286 3128 Thebaida,
3322 3061 3418 3133 qui

1820 3151 1929 3206 fuit
1957 3152 2266 3222 discipulus
2295 3150 2514 3206 abbatis
2538 3150 2984 3221 Ammonii,quia
3001 3150 3295 3204 duodecim
3312 3166 3415 3205 an-

1747 3243 1790 3305 C
1817 3259 1919 3297 nos
1943 3241 2138 3296 fecerit
2158 3241 2217 3294 in
2246 3239 2578 3306 ministerio,
2599 3239 2847 3293 serviens
2863 3239 2983 3293 seni
3004 3239 3063 3293 in
3085 3238 3419 3294 inﬁrmitate

1821 3331 1962 3401 ejus,
1998 3335 2055 3383 et
2084 3330 2327 3402 posthaec
2343 3327 2574 3383 sedebat
2594 3344 2765 3399 super
2791 3333 3028 3382 mattam
3054 3346 3066 3395 ;
3099 3343 3267 3382 senex
3288 3345 3415 3382 vero

1820 3417 2258 3474 contristabatur
2288 3434 2388 3490 pro
2412 3434 2477 3472 eo
2503 3420 2688 3487 (Ra/II,
2722 3421 2760 3472 ι.
2793 3431 2877 3484 III,
2904 3434 2960 3471 η.
2984 3417 3117 3484 ’155;
3162 3419 3332 3486 Pasc.,
3363 3435 3410 3472 c.

1826 3508 1909 3575 l9,
1935 3526 1991 3563 η.
2025 3507 2101 3580 2).
2132 3509 2200 3562 Et
2236 3508 2370 3562 dum
2392 3507 2632 3562 multum
2661 3505 2972 3560 laborasset
2999 3523 3127 3560 cum
3157 3523 3240 3573 eo,
3265 3523 3414 3562 nun-

1821 3613 1991 3667 quam
2011 3596 2150 3650 dixit
2167 3596 2247 3650 ei:
2284 3598 2465 3651 Sanus
2493 3602 2632 3651 esto.
2661 3595 2895 3660 Quando
2923 3600 3113 3650 autem
3147 3587 3267 3666 jam
3297 3612 3415 3650 mo-

1820 3685 2033 3739 riturus
2061 3691 2200 3751 erat,
2234 3684 2608 3739 residentibus
2653 3684 2879 3739 senibus
2911 3685 3036 3751 loci,
3078 3684 3263 3739 tenuit
3289 3701 3411 3740 ωεις-

1820 3791 1956 3829 num
1981 3776 2121 3845 ejus,
2155 3779 2211 3828 et
2234 3775 2373 3829 dixit
2400 3793 2411 3827 :
2447 3775 2628 3828 Sanus
2653 3774 2749 3841 sis,
2783 3790 2953 3828 sanus
2983 3774 3078 3839 sis,
3114 3789 3284 3828 sanus
3311 3774 3407 3828 sis.

1822 3865 1889 3920 Et
1919 3864 2152 3918 tradidit
2177 3869 2359 3930 63]
2397 3879 2526 3918 eum
2557 3863 2803 3930 senibus,
2837 3862 3026 3918 dicens
3057 3881 3068 3916 :
3105 3863 3206 3918 Hic
3236 3879 3411 3935 ange-

1821 3956 1908 4009 lus
1935 3960 2037 4022 est,
2073 3970 2185 4008 non
2205 3954 2392 4007 homo.

1894 4045 1945 4100 5.
1978 4043 2249 4098 Dicebant
2273 4042 2341 4097 de
2371 4041 2570 4097 abbate
2606 4042 2840 4108 Isidoro,
2861 4041 2957 4114 qui
2979 4047 3102 4097 erat
3119 4041 3414 4115 presbyter

1821 4134 1881 4188 in
1912 4133 2122 4205 Scythi,
2159 4133 2291 4204 quia
2313 4133 2498 4203 siquis
2525 4131 2815 4187 habuisset
2837 4131 3070 4186 fratrem
3103 4132 3412 4201 infirmum,

1823 4229 1923 4277 aut
1953 4222 2387 4294 pusillanimem,
2422 4228 2521 4276 aut
2548 4221 2902 4292 injuriosum,
2935 4228 2994 4276 et
3029 4221 3249 4276 volebat
3287 4239 3417 4280 eum

1823 4313 2097 4384 expellere
2117 4312 2273 4378 foris,
2305 4312 2399 4366 ille
2429 4311 2652 4366 dicebat
2683 4330 2696 4365 :
2728 4311 3004 4366 Adducite
3033 4327 3163 4366 eum
3191 4313 3261 4367 ad
3291 4328 3409 4372 me.

1821 4403 1894 4458 Et
1913 4402 2337 4474 apprehendens
2359 4400 2786 4472 eum,patientia
2800 4417 2903 4455 sua
2915 4399 3148 4455 curabat
3163 4401 3416 4458 animam

1821 4491 2012 4546 fratris
2041 4492 2208 4550 illius.

120 4600 352 4650 emere,
369 4584 536 4655 coepit
554 4583 759 4638 solidos
778 4583 1020 4637 sedecim
1037 4583 1278 4654 pretium
1299 4584 1348 4654 ej
1358 4599 1420 4636 us
1433 4583 1734 4653 postulare.
1757 4611 1804 4668 υ
1897 4581 1948 4636 6.
1971 4580 2158 4634 Abbas
2181 4579 2484 4668 Macarius,
2508 4578 2568 4632 in
2599 4579 2842 4668 JEgypto
2867 4578 3082 4649 positus
3097 4580 3282 4646 (Rulli,
3315 4582 3411 4635 lib.

119 4675 238 4731 Ille
266 4691 402 4729 vero
433 4674 620 4728 volens
648 4689 974 4745 comparare
991 4689 1141 4737 eum,
1166 4673 1339 4727 dixit:
1363 4672 1447 4726 Da
1473 4671 1610 4725 mihi
1633 4671 1743 4743 pri-

121 4781 299 4820 mum
353 4768 411 4818 et
439 4763 731 4818 ostendam
775 4779 924 4830 eum,
958 4767 1023 4816 ut
1061 4761 1140 4816 sic
1171 4761 1272 4815 tibi
1301 4761 1544 4833 pretium
1575 4761 1738 4815 dabo.

119 4855 313 4910 Dedit
334 4870 466 4923 ergo
505 4853 601 4908 ille
631 4852 894 4908 Codicem
924 4852 994 4906 ad
1024 4850 1635 4915 ostendendum.Quem
1657 4867 1744 4904 ac-

119 4945 358 5018 cipiens
386 4944 480 4997 ille
504 4943 600 5015 qui
643 4959 830 4998 emere
861 4941 1141 5014 cupiebat,
1173 4941 1365 4996 attulit
1393 4957 1521 4995 eum
1551 4940 1622 4994 ad
1652 4938 1745 4994 ab-

116 5034 336 5090 batem
357 5032 663 5106 Gelasium,
693 5037 757 5086 ut
780 5031 1045 5104 probaret
1065 5031 1116 5109 _si
1147 5030 1326 5086 bonus
1357 5030 1541 5085 Codex
1575 5034 1741 5097 esset,

121 5129 241 5179 aut
262 5121 312 5177 si
327 5127 544 5177 tantem
561 5121 1029 5176 valeret.Dixerat
1045 5119 1196 5175 enim
1211 5120 1261 5174 ei
1279 5125 1337 5174 et
1349 5119 1740 5191 quantitatem,

120 5228 320 5287 quam
337 5211 590 5266 venditor
609 5209 950 5283 postulabat.
962 5211 1032 5265 Et
1048 5209 1189 5266 dixit
1210 5210 1542 5264 seneszme
1563 5209 1742 5276 illum,

121 5303 283 5376 quia
309 5299 489 5356 bonus
530 5301 720 5355 Codex
764 5305 868 5366 est,
903 5304 959 5355 et
978 5300 1125 5355 valet
1159 5300 1400 5371 pretium
1431 5299 1578 5370 quod
1609 5298 1748 5353 dixit

121 5390 381 5448 tibi.Ille
401 5393 590 5444 autem
613 5388 841 5444 veniens
872 5389 1010 5443 dixit
1033 5387 1310 5443 venditori
1338 5389 1518 5454 aliter,
1548 5395 1605 5442 et
1633 5404 1747 5443 non

122 5482 298 5537 sicut
322 5478 582 5532 audierat
599 5495 633 5532 a
651 5493 804 5542 sene,
821 5477 1011 5532 dicens
1045 5496 1056 5530 :
1084 5479 1220 5533 Ecce
1238 5477 1457 5532 ostendi
1475 5477 1634 5532 illum
1656 5475 1749 5530 ab-

121 5569 268 5627 bati
317 5567 559 5635 Gelasio,
592 5573 650 5621 et
679 5566 819 5622 dixit
857 5567 994 5621 mihi
1026 5568 1159 5640 quia
1186 5567 1388 5622 charus
1418 5573 1522 5628 est,
1548 5572 1604 5620 et
1634 5581 1747 5621 non

121 5661 302 5718 valet
330 5663 605 5730 quantum
635 5657 844 5712 dixisti.
879 5659 980 5714 Ille
999 5659 1103 5714 hoc
1127 5658 1361 5714 audiens
1381 5657 1520 5712 dixit
1543 5657 1594 5712 ei
1616 5676 1627 5711 :
1657 5657 1752 5712 Ni-

119 5750 221 5814 hil
257 5747 418 5805 aliud
446 5746 551 5802 tibi
573 5746 713 5802 dixit
729 5747 930 5803 senex?
958 5748 1030 5805 Et
1053 5745 1344 5822 respondit
1367 5765 1378 5802 :
1401 5745 1575 5805 Nihil.
1597 5746 1753 5803 Tunc

402 5848 674 5938 PA'rnog.
719 5847 965 5938 LXXIII
981 5893 997 5911 .

1825 4685 1906 4737 ιη,
1935 4686 1993 4724 η.
2019 4668 2106 4736 73,
2135 4671 2348 4734 Pasch.,
2382 4685 2432 4722 υ.
2462 4667 2513 4734 3,
2553 4685 2609 4722 η.
2645 4668 2720 4736 1),
2757 4667 2971 4722 invenit
3000 4667 3286 4724 hominem
3318 4673 3415 4742 qui

1826 4760 2134 4814 adduxerat
2177 4757 2406 4822 animal,
2439 4762 2496 4812 et
2521 4755 2778 4828 rapiebat
2820 4773 2943 4828 quae
2972 4756 3246 4827 habebat;
3297 4761 3418 4834 ipse

1824 4866 1954 4904 vero
1984 4854 2048 4903 ut
2070 4847 2400 4920 peregrinus
2430 4846 2611 4901 astitit
2639 4845 2769 4913 furi,
2795 4851 2849 4900 et
2879 4846 3182 4918 adjuvabat
3197 4867 3326 4906 eum
3347 4853 3418 4907 ad

1826 4939 2036 4994 animal
2071 4937 2476 5002 carricandum,
2511 4942 2568 4991 et
2608 4953 2735 4990 cum
2783 4937 2937 4991 omni
2968 4937 3156 5009 quiete
3186 4939 3422 4998 deduxit

1828 5046 1975 5094 eum,
2010 5028 2199 5082 dicens
2227 5027 2286 5081 in
2319 5024 2618 5098 semetipso
2646 5026 2839 5081 :Nihil
2857 5027 3150 5084 intulimus
3182 5029 3240 5084 in
3269 5031 3419 5086 hunc

1828 5119 2120 5185 mundum,
2152 5117 2249 5173 sed
2277 5116 2548 5172 Dominus
2576 5115 2762 5184 dedit;
2795 5117 2942 5173 sicut
2967 5119 3143 5173 voluit
3171 5119 3310 5190 ipse,
3339 5120 3420 5174 ita

1827 5208 2036 5264 factum
2101 5213 2186 5263 est
2234 5225 2246 5274 ;
2313 5205 2642 5262 benedictus
2709 5205 2770 5261 in
2833 5206 3090 5262 omnibus
3145 5207 3419 5264 Dominus

1831 5300 1882 5368 (Ι
1917 5301 2054 5354 Tim.
2087 5301 2188 5367 γι).

1900 5389 1950 5442 7.
1984 5387 2154 5442 Facta
2183 5387 2484 5458 aliquando
2504 5385 2932 5456 congregatione
2950 5384 3184 5439 fratrum
3202 5385 3258 5440 in
3281 5386 3418 5458 Scy-

1828 5477 1933 5540 thi,
1951 5493 2080 5531 cum
2108 5476 2417 5531 voluissent
2445 5493 2607 5531 senes
2627 5474 2860 5546 probare
2890 5473 3148 5528 abbatem
3165 5475 3416 5547 Moysen,

1829 5571 2284 5636 contempserunt
2310 5582 2458 5630 eum,
2482 5565 2757 5620 dicentes:
2792 5563 2866 5616 Ut
2889 5563 3021 5633 quid
3037 5563 3144 5617 iste
3165 5564 3420 5639 IEthiops

1829 5655 1982 5710 venit
2009 5655 2067 5708 in
2095 5655 2279 5710 medio
2309 5653 2604 5710 nostrum?
2633 5652 2732 5707 Ille
2752 5658 2942 5708 autem
2959 5653 3415 5724 audiens,tacuit.

1832 5745 1976 5802 Cum
1993 5761 2123 5801 vero
2140 5745 2403 5802 dimissus
2431 5744 2629 5803 fuisset
2655 5747 2980 5814 conventus,
3001 5743 3266 5804 dixerunt
3281 5747 3335 5805 ei
3363 5745 3424 5808 hi

3113 5844 3185 5910 31
