3934 6420
551 427 650 488 971

1687 421 1780 478 DE
1817 420 2006 478 VITIS
2045 416 2341 475 PATRUM
2375 416 2591 473 LIBER
2628 418 2695 472 Υ.

3712 422 3807 478 972

549 556 647 628 qui
671 570 800 610 eum
827 549 1098 622 injuriose
1125 553 1504 605 tractaverant
1534 567 1545 602 :
1572 551 1690 604 Nec
1718 550 1884 604 modo
1920 565 2034 604 non
2085 547 2828 617 esAportavero,quomodo
2859 547 3129 617 majorem
3171 547 3560 617 tentationem,
3592 550 3640 605 si
3683 567 3803 623 per-

547 643 849 698 turbatus?
879 641 949 696 Et
969 641 1062 695 ille
1091 639 1382 711 respondit
1411 658 1422 692 :
1457 637 1737 694 Turbatus
1774 655 1919 705 sum,
1951 643 2007 692 et
2034 653 2147 692 non

548 749 671 788 sum
703 732 922 786 locutus
956 732 1126 798 (Psal.
1155 731 1346 796 van).

618 822 672 874 8.
705 820 940 892 Paysius
971 819 1146 873 frater
1173 817 1392 872 abbatis
1409 818 1657 872 Pastoris
1674 817 2146 871 habuitail‘ectum

547 927 675 965 cum
704 909 952 980 quodam
982 907 1260 962 monacho
1293 924 1357 960 ex
1383 907 1526 961 cella
1553 923 1692 974 sua;
1745 905 1918 960 abbas
1962 912 2152 959 autem

547 1000 751 1054 Pastor
773 997 998 1056 nolebat
1029 997 1134 1050 hoc
1167 1015 1178 1050 :
1216 996 1313 1067 qui
1341 1012 1684 1066 consurgens
1711 996 1856 1064 fugit
1883 995 1952 1049 ad
1971 994 2142 1048 abba-

547 1095 662 1143 tem
705 1089 1066 1150 Ammonam,
1108 1092 1166 1139 et
1193 1085 1328 1140 dicit
1359 1085 1409 1138 ei
1444 1103 1455 1137 :
1493 1085 1692 1140 Frater
1719 1101 1880 1138 meus
1908 1083 2144 1154 Paysius

547 1177 719 1232 habet
746 1193 873 1232 cum
917 1175 1256 1247 quibusdam
1289 1175 1570 1240 affectum,
1610 1175 1758 1244 quod
1807 1191 1910 1243 ego
1940 1189 2050 1228 non
2077 1173 2144 1226 li-

547 1267 747 1322 benter
775 1267 912 1320 fero.
944 1265 1095 1320 Dixit
1122 1270 1312 1318 autem
1343 1264 1394 1318 ei
1417 1263 1589 1318 abbas
1617 1265 1955 1318 Ammonas:
1987 1262 2145 1316 Abba

545 1356 768 1419 Pastor,
801 1355 986 1410 adhuc
1011 1353 1192 1408 vivis?
1223 1353 1373 1406 Vade
1401 1353 1460 1406 in
1490 1353 1686 1406 cellam
1707 1358 1886 1419 tuam,
1914 1357 1970 1406 et
1999 1369 2142 1423 pone

547 1446 605 1500 in
635 1445 804 1499 corde
836 1451 956 1508 tuo,
993 1443 1126 1514 quia
1154 1459 1366 1497 annum
1393 1443 1515 1512 jam
1545 1441 1718 1496 habes
1747 1441 1802 1494 in
1829 1442 2100 1512 sepulcro.

617 1533 670 1588 9.
723 1533 876 1589 Dixit
922 1531 1095 1587 abbas
1145 1533 1347 1586 Pastor
1373 1549 1384 1584 :
1414 1531 1611 1586 Omnis
1639 1529 1798 1584 labor
1825 1530 2143 1602 quicunque

545 1623 796 1678 evenerit
821 1622 942 1687 tibi,
978 1638 1042 1676 ex
1068 1619 1453 1674 taciturnitate
1478 1619 1855 1690 superabitur.

621 1713 706 1770 10.
735 1712 974 1776 Quidam
1004 1711 1179 1764 frater
1218 1710 1385 1764 laesus
1414 1709 1485 1762 ab
1515 1709 1627 1763 alio
1666 1709 1860 1773 fratre,
1891 1709 2043 1763 venit
2071 1709 2141 1762 ad

547 1801 806 1856 abbatem
839 1801 982 1855 Sisoi
1013 1799 1338 1862 Thebaeum,
1372 1804 1428 1852 et
1452 1797 1593 1852 dixit
1622 1798 1672 1852 ei
1703 1816 1714 1850 :
1749 1798 1938 1852 Laesus
1955 1815 2080 1851 sum
2109 1816 2143 1852 a

2229 635 2448 690 miserit
2470 636 2608 690 mihi
2639 637 2788 691 Deus
2815 636 3028 702 inferri,
3052 645 3276 708 portare
3305 640 3571 710 possum?
3601 641 3670 695 Et
3688 657 3806 712 pro-

2229 732 2424 796 pterea
2453 725 2596 780 nihil
2637 727 2719 780 eis
2759 727 2901 791 dico,
2937 732 3000 781 ut
3035 728 3138 780 ﬁat
3181 729 3524 784 consuetudo
3561 730 3805 801 portendi

2231 833 2355 884 quae
2383 816 2807 886 superveniunt.

2305 904 2386 961 15.
2423 905 2810 960 Narraverunt
2836 905 2906 959 de
2943 922 3076 960 sene
3105 905 3368 977 quodam,
3401 908 3536 979 quia
3562 907 3809 964 habuerit

2225 995 2524 1065 puerulum
2553 993 2972 1049 cohabitantem
2995 1011 3217 1062 secum;
3246 1003 3300 1051 et
3327 997 3519 1051 videns
3535 999 3810 1070 eum,quia

2226 1083 2424 1138 fecerit
2443 1100 2583 1154 opus
2615 1083 2763 1154 quod
2796 1100 2910 1138 non
2940 1083 3267 1155 expediebat
3294 1086 3364 1151 ei,
3390 1085 3805 1146 dixiteisemel:

2224 1173 2352 1227 Non
2381 1172 2551 1226 facias
2595 1172 2739 1226 hanc
2783 1189 2922 1226 rem.
2958 1173 3025 1227 Et
3055 1173 3150 1228 ille
3179 1190 3289 1228 non
3329 1175 3574 1230 ebedivit
3601 1177 3670 1231 ei.
3702 1177 3810 1232 Hoc

2226 1268 2414 1316 autem
2445 1279 2613 1316 senex
2639 1261 2852 1328 videns,
2886 1261 3092 1332 abjecit
3131 1263 3200 1317 de
3228 1264 3569 1334 cogitatione
3599 1282 3702 1320 sua
3718 1283 3809 1320 cu-

2225 1367 2347 1404 ram
2379 1351 2547 1414 illius,
2573 1351 2798 1420 jactans
2818 1351 3108 1422 proprium
3134 1352 3407 1422 judicium
3430 1355 3806 1425 superipsum;

2223 1456 2364 1510 puer
2383 1457 2512 1494 vero
2542 1439 2741 1494 clausit
2770 1441 2974 1494 ostium
3004 1441 3173 1507 cellae,
3209 1441 3266 1496 in
3297 1459 3408 1514 qua
3435 1450 3599 1498 erant
3626 1461 3807 1516 panes,

2228 1534 2457 1600 pertres
2479 1529 2690 1591 dies,et
2710 1529 2926 1584 dimisit
2953 1547 3144 1584 senem
3163 1531 3444 1601 jejunum,
3477 1539 3535 1587 et
3552 1550 3661 1588 non
3681 1534 3814 1588 dixit

2227 1635 2278 1670 ei
2309 1635 2477 1672 senex
2511 1637 2522 1671 ε
2555 1617 2661 1672 Ubi
2693 1636 2770 1683 es,
2805 1625 2906 1674 aut
2935 1619 3068 1690 quid
3093 1618 3228 1674 facis
3254 1619 3386 1675 foris
3405 1620 3430 1674 ?
3449 1621 3706 1676 Habebat
3719 1639 3810 1678 au-

2226 1692 2343 1761 tem
2371 1707 2613 1761 vicinum
2645 1725 2814 1762 senex
2839 1726 2849 1760 :
2882 1709 2977 1778 qui
3008 1725 3135 1763 cum
3163 1711 3497 1780 agnovisset,
3545 1712 3677 1783 quia
3705 1717 3812 1767 tar-

2227 1796 2388 1850 daret
2411 1797 2681 1868 puerulus
2723 1797 2837 1863 ille,
2871 1798 3002 1851 fecit
3031 1799 3309 1854 modicum
3343 1801 3712 1870 pulmentum,
3759 1808 3814 1856 et

545 1891 787 1963 quodam
816 1890 1008 1954 fratre,
1041 1893 1098 1942 et
1122 1889 1246 1942 volo
1275 1904 1366 1941 me
1395 1887 1678 1941 vindicare
1701 1890 1886 1957 (Ita/[2,
1913 1891 1951 1942 ι.
1977 1902 2140 1953 111,71.
2166 1886 2400 1946 Bdabat
2428 1886 2479 1939 ei
2527 1903 2627 1956 per
2657 1885 2950 1956 parietem,
2981 1893 3036 1941 et
3079 1888 3314 1958 rogabat
3352 1895 3417 1943 ut
3455 1896 3729 1959 gustaret,
3759 1896 3812 1945 et

543 1979 645 2047 77;
677 1981 890 2045 Pasch,
926 1995 971 2033 c.
999 1976 1050 2044 7,
1087 1993 1144 2032 η.
1189 1977 1256 2048 I).
1283 1977 1463 2032 Senex
1492 1982 1683 2030 autem
1723 1976 1960 2046 rogabat
1989 1993 2138 2041 eum,

541 2069 731 2124 dicens
757 2086 769 2122 :
802 2067 949 2134 Noli,
974 2066 1073 2134 fili;
1103 2066 1201 2120 sed
1231 2065 1452 2119 dimitte
1477 2065 1656 2135 magis
1682 2066 1795 2119 Deo
1812 2064 2140 2119 vindictam.

545 2159 646 2214 Ille
700 2162 890 2212 autem
923 2155 1146 2210 dicebat
1178 2173 1188 2208 :
1240 2156 1366 2209 Non
1395 2154 1622 2225 quiesco
1661 2154 1838 2208 donec
1867 2154 2142 2225 meipsum

539 2247 909 2302 vindicavero.
941 2245 1093 2300 Dixit
1112 2250 1302 2298 autem
1334 2261 1502 2297 senex
1524 2262 1535 2296 :
1557 2243 1814 2306 Oremus,
1845 2243 2042 2298 frater.
2075 2245 2144 2298 Et

539 2352 776 2406 surgens
787 2335 928 2389 dixit
954 2351 1122 2389 senex
1147 2353 1157 2387 :
1185 2334 1354 2398 Deus,
1368 2334 1490 2404 jam
1507 2338 1561 2386 te
1583 2350 1722 2403 opus
1744 2349 1853 2386 non
1871 2332 2142 2387 habemus

538 2425 784 2496 cogitare
795 2424 863 2478 de
875 2423 1050 2486 nobis,
1061 2422 1324 2494 quoniam
1336 2439 1440 2476 nos
1450 2421 1557 2492 ipsi
1573 2421 1874 2475 vindictam
1891 2427 2141 2476 nostram

534 2513 792 2568 facimus.
823 2513 940 2566 Hoc
968 2519 1158 2566 autem
1187 2510 1424 2564 audiens
1443 2501 1636 2570 frater,
1661 2509 1864 2564 cecidit
1881 2510 1952 2564 ad
1968 2511 2138 2581 pedes

540 2602 691 2657 illius
721 2601 894 2668 senis,
920 2601 1112 2654 dicens
1146 2618 1158 2654 :
1190 2600 1314 2654 Jam
1337 2615 1452 2653 non
1483 2600 1761 2654 contendo
1786 2616 1920 2653 cum
1961 2599 2134 2654 fratre

541 2692 656 2756 illo,
689 2690 808 2756 sed,
835 2706 990 2760 rogo,
1025 2688 1251 2758 ignosce
1281 2687 1438 2742 mihi.

619 2779 700 2836 ll.
726 2779 966 2844 Quidam
988 2778 1182 2832 videns
1213 2777 1513 2848 quemdam
1542 2777 1870 2847 religiosum
1902 2784 2133 2848 portan-

543 2876 656 2922 tem
696 2874 982 2922 mortuum
1013 2867 1071 2920 in
1097 2867 1259 2932 lecto,
1292 2866 1428 2920 dicit
1455 2867 1506 2920 ei
1549 2887 1562 2924 :
1619 2868 1868 2921 Mortuus
1900 2869 2134 2938 portas?

537 2957 712 3024 Vade,
745 2957 990 3011 viventes
1012 2962 1191 3027 porta.

616 3047 700 3104 1‘2.
731 3045 1005 3102 Dicebant
1031 3045 1100 3099 de
1117 3045 1360 3116 quodam
1383 3045 1676 3111 monacho,
1703 3045 1836 3116 quia
1853 3053 2132 3118 quantum

539 3153 668 3191 eum
691 3135 914 3206 injuriis
933 3135 1058 3205 quis
1077 3134 1384 3206 appetisset
1405 3140 1504 3189 aut
1533 3135 1920 3190 exacerbasset
1951 3139 2132 3204 (Ra/IL,

536 3230 576 3281 Ι.
607 3241 687 3292 m,
715 3243 773 3279 η.
805 3223 901 3290 80;
934 3225 1146 3290 Pasch,
1181 3243 1226 3278 c.
1263 3224 1314 3289 7,
1350 3241 1406 3278 η.
1444 3225 1520 3292 li),
1552 3229 1714 3278 tanto
1749 3225 1928 3294 magis
1957 3226 2050 3279 ille
2065 3226 2134 3279 ad
2157 3206 2200 3266 C

2226 1973 2446 2028 dicebat
2473 1973 2594 2028 seni
2627 1990 2640 2028 :
2676 1975 2821 2038 Quid
2851 1975 3040 2030 tardat
3082 1976 3256 2030 frater
3297 1977 3390 2032 ille
3428 1978 3600 2033 foris?
3627 1980 3804 2034 Senex

2227 2080 2357 2118 vero
2388 2063 2643 2118 dicebat:
2677 2064 2912 2128 Quando
2943 2065 2993 2118 ei
3019 2066 3312 2129 vacaverit,
3347 2073 3671 2124 revertetur.

2305 2150 2384 2210 16.
2418 2154 2804 2208 Narraverunt
2833 2153 3008 2225 aliqui
3055 2155 3189 2225 quia
3236 2155 3551 2228 philos0phi
3591 2158 3816 2230 quidam

2225 2241 2527 2312 aliquando
2569 2243 2867 2298 voluerunt
2892 2243 3128 2314 probare
3153 2249 3346 2311 ειη
3388 2248 3709 2314 monachos,
3761 2255 3812 2303 et

2227 2331 2377 2385 venit
2404 2348 2552 2386 unus
2580 2333 2862 2386 transiens
2882 2334 3026 2388 stola
3051 2334 3282 2388 indutus
3319 2340 3376 2389 et
3406 2335 3548 2391 bene
3585 2338 3816 2393 vestitus

2229 2421 2410 2487 (Ita/Il,
2446 2424 2488 2474 ι.
2513 2435 2571 2487 Π,
2607 2438 2662 2474 n.
2699 2419 2794 2487 74;
2850 2423 3064 2488 Pasch.,
3097 2440 3142 2477 c.
3175 2421 3228 2487 3,
3263 2439 3320 2477 η..
3355 2423 3428 2493 2).
3463 2424 3529 2478 Et
3557 2425 3816 2481 dixerunt

2223 2509 2274 2562 ei
2303 2509 2620 2580 philosophi
2657 2529 2668 2563 :
2701 2511 2784 2565 Tu
2839 2512 2966 2579 veni
3009 2512 3136 2566 huc.
3167 2512 3268 2567 Ille
3310 2529 3438 2568 vero
3466 2513 3812 2585 indignatus,

2217 2597 2443 2668 injuriis
2467 2616 2765 2669 aggressus
2787 2607 2872 2654 est
2893 2601 3258 2657 eos.Transiit
3285 2606 3339 2656 et
3359 2602 3502 2657 alter
3529 2619 3672 2659 unus
3693 2621 3812 2659 mo-

2217 2687 2433 2742 nachus
2464 2705 2722 2758 magnus,
2740 2689 2982 2744 rusticus
2992 2707 3220 2760 genere;
3243 2696 3300 2745 et
3318 2691 3422 2762 ipsi
3434 2692 3695 2748 dixerunt
3711 2695 3765 2749 ei
3794 2713 3806 2748 :

2219 2776 2322 2842 Tu,
2357 2778 2628 2832 monache
2660 2778 2804 2832 male
2826 2795 3011 2844 senex,
3039 2779 3162 2834 veni
3183 2781 3310 2834 huc.
3341 2781 3441 2836 Ille
3460 2798 3585 2836 vero
3603 2784 3815 2838 cursim

2221 2867 2394 2932 venit,
2429 2867 2498 2920 Et
2525 2873 2819 2938 coeperunt
2846 2868 2896 2921 ei
2927 2869 3119 2939 alapas
3143 2869 3278 2924 dare
3307 2889 3319 2937 ;
3352 2869 3446 2924 ille
3471 2878 3656 2926 autem
3687 2889 3818 2929 con-

2220 2955 2390 3008 vertit
2417 2956 2496 3010 eis
2528 2957 2696 3010 aliam
2728 2957 3036 3012 maxillam.
3067 2959 3269 3014 Statim
3289 2977 3419 3014 vero
3453 2961 3536 3015 illi
3563 2979 3817 3018 surrexe-

2219 3051 2355 3099 runt
2389 3045 2726 3116 philosophi,
2750 3054 2806 3102 et
2825 3049 3202 3104 adoraverunt
3223 3066 3370 3113 eum,
3395 3049 3810 3106 dicenteszV'ere

2224 3150 2350 3188 ecce
2377 3135 2708 3189 monachus.
2744 3137 2814 3190 Et
2840 3137 3096 3192 fecerunt
3123 3155 3251 3192 eum
3283 3139 3477 3194 sedere
3527 3140 3586 3194 in
3632 3140 3816 3195 medio

2225 3221 2332 3289 sui,
2365 3229 2422 3276 et
2450 3222 2941 3294 interrogaverunt
2988 3242 3137 3285 eum.
3196 3227 3444 3280 dicentes
3483 3247 3494 3282 :
3539 3227 3682 3292 Quid
3730 3235 3815 3284 est

544 3332 673 3371 eum
695 3314 1084 3380 concurrebat,
1109 3313 1302 3368 dicens
1329 3330 1340 3366 :
1369 3313 1513 3378 Quia
1529 3314 1854 3382 hujusmodi
1877 3314 2135 3370 homines
2220 3311 2366 3381 quod
2389 3312 2516 3382 plus
2547 3313 2731 3367 facitis
2761 3314 2830 3367 de
2859 3313 3018 3369 nobis
3047 3315 3106 3368 in
3136 3316 3435 3370 solitudine
3477 3316 3628 3371 ista?
3659 3318 3811 3389 Jeju-

537 3421 704 3459 causa
727 3403 1046 3474 corrigendi
1077 3405 1222 3457 ﬁunt
1244 3403 1331 3456 his
1362 3403 1455 3473 qui
1482 3402 1536 3456 in
1565 3403 1985 3458 conversatione
2015 3409 2136 3460 stu-
2218 3400 2386 3465 natis,
2411 3407 2468 3455 et
2481 3418 2581 3455 nos
2596 3403 2952 3472 jejunamus;
2981 3409 3039 3458 et
3053 3405 3338 3475 castigatis
3355 3422 3587 3476 corpora
3605 3413 3810 3475 vestra,

536 3494 678 3549 diosi
699 3494 999 3548 sunt.Nam
1019 3493 1222 3564 quieos
1242 3491 1773 3562 beatificant,magis
1786 3493 2138 3549 confundunt
2219 3494 2276 3544 et
2303 3507 2406 3544 nos
2427 3491 2772 3560 castigamus
2803 3511 2816 3559 ;
2849 3492 2946 3547 sed
2973 3498 3032 3547 et
3059 3493 3330 3564 quidquid
3343 3493 3542 3560 facitis,
3566 3496 3738 3550 etiam
3755 3504 3810 3552 et

535 3583 754 3638 animas
787 3599 1002 3636 eorum.
1034 3581 1315 3652 Scriptum
1348 3586 1435 3634 est
1454 3581 1603 3635 enim
1631 3599 1643 3634 :
1676 3581 1817 3645 Quia
1843 3582 1940 3652 qui
1963 3581 2136 3638 beati-

537 3673 709 3727 ﬁcant
735 3689 850 3737 vos,
885 3671 1160 3725 seducunt
1191 3687 1282 3723 vos
1317 3671 1493 3739 (Iw-ile
1523 3673 1630 3732 III).

617 3761 1004 3818 l3.Venerunt
1032 3760 1337 3830 aliquando
1370 3759 1616 3814 latrones
1643 3759 1702 3814 in
1731 3762 2140 3818 monasterium

537 3851 688 3905 senis
700 3850 1080 3921 (Prat.spirit.
1103 3867 1150 3904 c.
1178 3847 1330 3917 212),
1347 3853 1404 3902 et
1433 3847 1634 3902 dixeru
1652 3854 1715 3902 nt
1741 3849 1812 3902 ad
1837 3866 1967 3904 eum
2006 3851 2140 3906 Om-

539 3940 636 3994 nia
663 3956 786 4010 qum
814 3939 872 3993 in
903 3939 1044 3992 cella
1089 3943 1190 3992 tua
1231 3945 1366 3992 sunt
1395 3937 1592 3991 tollere
1622 3939 1896 3993 venimus.
1949 3940 2012 3994 Et
2042 3940 2135 3994 ille

538 4029 710 4084 dixit:
745 4029 1034 4092 Quantum
1055 4027 1208 4080 vobis
1222 4027 1459 4093 videtur,
1481 4026 1602 4091 filii,
1634 4027 2139 4084 tollite.‘Tulerunt

539 4133 674 4187 ergo
711 4117 1082 4188 quodcunque
1113 4115 1447 4170 invenerunt
1484 4115 1545 4168 in
1576 4115 1734 4182 cella,
1768 4121 1825 4170 et
1851 4115 2132 4174 abierunt.

541 4205 714 4260 Obliti
741 4209 874 4259 sunt
903 4210 1092 4258 autem
1117 4203 1195 4258 ibi
1224 4204 1835 4274 saccellum,quoderat
1847 4205 2138 4268 abscondi-

539 4304 662 4350 tum
704 4294 760 4348 in
809 4294 972 4348 cella.
1009 4293 1189 4347 Senex
1218 4309 1346 4346 vero
1374 4293 1576 4347 tollens
1607 4309 1756 4359 eum,
1795 4275 2019 4350 secttus
2051 4303 2136 4352 est

539 4389 668 4454 post
686 4399 798 4449 eos,
831 4384 1084 4438 clamans
1107 4387 1165 4436 et
1191 4382 1380 4436 dicens
1405 4399 1416 4434 :
1449 4381 1596 4448 Filii,
1611 4383 1788 4437 tollite
1809 4386 1958 4455 quod
1975 4386 2134 4442 obliti

540 4473 675 4528 estis
703 4473 762 4527 in
777 4473 936 4528 cella.
965 4471 1054 4528 Illi
1073 4488 1203 4526 vero
1235 4471 1578 4525 admirantes
1609 4472 1939 4542 patientiam
1963 4475 2132 4542 senis,

2216 3595 2319 3632 nos
2341 3579 2594 3634 facimus.
2613 3580 2764 3645 Quid
2795 3598 2929 3652 ergo
2952 3582 3078 3654 plus
3095 3582 3281 3637 facitis
3309 3599 3344 3636 a
3372 3582 3530 3638 nobis
3551 3585 3810 3640 sedentes

2215 3668 2274 3721 in
2297 3669 2521 3722 eremo?
2544 3670 2857 3741 Respondit
2885 3671 2966 3724 eis
2993 3687 3162 3726 senex
3196 3689 3207 3725 :
3242 3672 3306 3726 In
3336 3672 3520 3742 gratia
3549 3673 3649 3728 Dei
3683 3693 3811 3746 spe-

2222 3774 2414 3812 ramus
2443 3775 2564 3823 nos,
2599 3763 2656 3812 et
2679 3764 2924 3814 mentem
2954 3767 3204 3815 nostram
3233 3761 3594 3817 custodimus.
3629 3763 3699 3818 Et
3726 3765 3808 3818 illi

2223 3845 2486 3901 dixerunt
2506 3847 2558 3901 ei
2593 3866 2604 3900 :
2641 3847 2757 3902 Nos
2796 3849 2901 3903 hoc
2937 3849 3218 3905 custodire
3247 3867 3361 3905 non
3389 3867 3704 3922 possumus.
3742 3854 3807 3908 Et

2219 3937 2475 3992 aedificati
2504 3937 2842 3992 dimiserunt
2869 3956 3018 3994 eum.

2290 4027 2377 4082 17.
2403 4027 2582 4082 Senex
2597 4027 2823 4098 quidam
2855 4034 2978 4084 erat
3005 4028 3216 4083 habens
3245 4028 3543 4100 probatum
3570 4029 3813 4101 discipu-

2219 4115 2355 4181 lum,
2383 4133 2547 4188 quem
2574 4117 2876 4188 aliquando
2896 4118 3258 4177 contristatus
3287 4119 3500 4190 expulit
3518 4119 3684 4174 foras.
3713 4119 3813 4174 Ille

2217 4221 2347 4259 vero
2378 4205 2685 4277 discipulus
2709 4207 3066 4278 exspectabat
3113 4208 3312 4262 sedens
3359 4208 3520 4274 foris;
3575 4215 3636 4263 et
3683 4225 3815 4280 ape-

2218 4294 2368 4349 riens
2393 4312 2563 4349 senex
2594 4295 2804 4350 invenit
2832 4313 2982 4364 eum,
3009 4302 3067 4351 et
3093 4297 3479 4368 paenitentiam
3507 4297 3621 4368 egit
3659 4298 3812 4370 apud

2217 4401 2347 4438 eum
2369 4401 2556 4450 senex,
2581 4384 2771 4440 dicens
2801 4402 2812 4437 :
2845 4385 2929 4441 Tu
2959 4387 3127 4441 Pater
3158 4403 3316 4441 meus
3356 4404 3433 4452 es,
3467 4387 3600 4458 quia
3626 4387 3815 4441 humi-

2219 4472 2348 4526 litas
2381 4477 2438 4526 et
2477 4471 2751 4543 patientia
2778 4479 2875 4528 tua
2905 4472 3038 4528 vicit
3076 4473 3592 4544 pusillanimitatem
3637 4474 3816 4529 animi

537 4563 856 4618 retulerunt
879 4561 1071 4617 omnia
1097 4562 1156 4616 in
1179 4561 1320 4616 cella
1345 4561 1487 4632 ejus,
1507 4566 1565 4616 et
1581 4561 1987 4632 ptenitentiam'
2004 4581 2138 4635 ege-
2159 4543 2348 4616 I)mei.
2385 4561 2521 4616 Veni
2538 4561 2711 4629 intus,
2740 4563 2942 4617 amodo
2964 4563 3116 4618 enim
3148 4574 3208 4618 tu
3230 4579 3396 4618 senex
3427 4569 3484 4618 et
3509 4564 3813 4635 Paber,ego

538 4659 674 4707 runt
711 4668 926 4720 omnes,
973 4651 1044 4706 ad
1074 4649 1308 4706 invicem
1340 4650 1588 4705 dicentes
1615 4669 1625 4704 :
1675 4651 1781 4705 llic
1810 4669 1938 4707 vere
1968 4653 2136 4708 homo

540 4740 640 4796 Dei
669 4747 776 4795 est.

605 4829 696 4884 Μ.
725 4830 948 4884 Fratres
977 4828 1207 4900 quidam
1227 4834 1500 4884 venerunt
1519 4829 1589 4883 ad
1619 4846 1810 4884 senem
1833 4831 2135 4902 quemdam

537 4923 796 4972 sanctum
843 4918 900 4972 in
933 4918 1156 4972 deserto
1190 4917 1310 4972 loco
1359 4918 1669 4984 sedentem,
1703 4925 1761 4974 et
1795 4919 2138 4976 invenerunt

533 5006 670 5062 foris
697 5012 856 5062 extra
879 5005 1283 5062 monasterium
1295 5023 1531 5078 puerum
1558 5013 1879 5079 pascentem
1907 5027 2126 5080 pecora,

454 5161 462 5167 _
533 5104 592 5153 et
617 5099 940 5169 loquentem
976 5095 1144 5150 verba
1171 5113 1294 5166 quae
1322 5112 1433 5150 non
1473 5097 1711 5152 decebat
1759 5100 1944 5166 (Rulli,
1976 5102 2015 5154 ι.
2049 5113 2130 5168 ιιι,

535 5204 593 5244 η.
621 5187 730 5256 91).
764 5187 1072 5257 Postquam
1091 5191 1280 5240 autem
1310 5186 1572 5240 viderunt
1591 5203 1802 5252 senem,
1839 5191 1896 5240 et
1923 5187 2136 5243 indica-

532 5281 736 5332 verunt
760 5275 810 5329 ei
837 5273 1206 5345 cogitationes
1233 5291 1384 5340 suas,
1417 5280 1474 5328 et
1497 5275 1566 5328 de
1611 5275 1974 5344 responsione
2006 5277 2130 5348 ejus

531 5383 591 5422 se
612 5363 908 5438 profecisse
937 5369 1251 5428 senserunt,
1284 5363 1481 5417 dicunt
1505 5363 1557 5416 ei
1593 5381 1605 5416 :
1637 5363 1814 5429 Abba,
1846 5367 2125 5435 quomodo

527 5454 837 5527 acquiescis
867 5452 1073 5508 habere
1097 5459 1282 5508 tecum
1313 5468 1518 5522 pueros
1538 5451 1696 5516 istos,
1714 5457 1770 5506 et
1789 5469 1902 5508 non
1929 5455 2124 5525 praeci-

530 5544 616 5616 pis
638 5543 720 5598 eis
743 5560 814 5598 ne
849 5543 1185 5597 strinientur
1214 5539 1316 5607 (-14:
1345 5541 1368 5592 Ἰ
1396 5541 1465 5593 Et
1491 5540 1631 5594 dixit
1659 5557 1828 5596 senex
1857 5561 1868 5595 :
1901 5544 2122 5600 Credite

530 5632 928 5698 mihi,fratres,
957 5631 1077 5686 dies
1107 5629 1305 5696 habeo,
1321 5645 1388 5684 ex
1409 5645 1518 5700 quo
1537 5631 1660 5684 volo
1691 5630 1770 5686 eis
1798 5632 2120 5704 praecipere,

529 5725 587 5777 et
615 5721 893 5793 redarguo
932 5720 1232 5792 meipsum,
1285 5718 1511 5776 dicens:
1549 5720 1609 5776 Si
1639 5720 1744 5780 hoc
1773 5738 1976 5797 parum
2003 5739 2120 5780 non

2219 4655 2407 4705 autem
2431 4651 2654 4722 juvenis
2679 4656 2736 4706 et
2759 4651 3064 4723 discipulus
3104 4652 3369 4725 quoniam
3396 4669 3564 4724 opere
3591 4660 3696 4709 tuo
3725 4671 3818 4708 su-

2218 4740 2428 4812 perasti
2459 4757 2642 4794 meam
2673 4747 3041 4796 senectutem.

2295 4827 2378 4886 18.
2410 4828 2638 4884 Dicebat
2667 4830 2895 4901 quidam
2920 4847 3118 4886 senum
3149 4831 3297 4903 quod
3316 4831 3558 4887 audierit
3585 4832 3817 4904 aliquos

2216 4918 2362 4972 viros
2390 4924 2712 4974 sanctorum
2743 4919 2926 4974 dicere
2963 4937 3084 4975 esse
3115 4921 3353 4993 juvenes
3403 4921 3498 4993 qui
3538 4922 3818 4977 ducatum

2213 5007 2503 5080 praebeant
2527 5007 2752 5063 senibus
2771 5009 2831 5063 in
2856 5009 2971 5064 vita
2989 5009 3114 5077 hac,
3135 5015 3194 5064 et
3214 5012 3817 5072 narraverunt.dicen-

2216 5103 2332 5152 tes:
2369 5097 2502 5169 quia
2521 5103 2646 5152 erat
2667 5097 2896 5170 quidam
2926 5097 3177 5154 ebriosus
3199 5105 3450 5166 senex,et
3469 5099 3824 5172 operabatur

2214 5203 2384 5242 unam
2406 5193 2640 5241 mattam
2663 5186 2722 5241 in
2743 5187 2853 5254 die,
2880 5193 2935 5243 et
2956 5187 3232 5243 vendebat
3247 5205 3370 5242 eam
3385 5189 3442 5243 in
3463 5188 3650 5244 vicino
3667 5191 3816 5256 vico,

2213 5281 2270 5330 et
2301 5275 2525 5330 bibebat
2567 5276 2715 5348 quod
2745 5277 3054 5348 accipiebat
3078 5278 3150 5338 de
3187 5277 3365 5350 pretio
3411 5278 3551 5348 ejus.
3601 5279 3822 5334 Postea

2209 5382 2340 5419 vero
2370 5366 2523 5420 venit
2552 5367 2623 5420 ad
2650 5383 2779 5422 eum
2811 5366 3040 5438 quidam
3073 5367 3262 5432 frater,
3298 5373 3355 5422 et
3381 5366 3654 5422 manebat
3678 5386 3815 5423 cum

2207 5455 2348 5525 ipso,
2373 5455 2469 5526 qui
2501 5455 2760 5510 similiter
2775 5455 3113 5528 operabatur
3126 5463 3183 5511 et
3207 5457 3326 5528 ipse
3343 5461 3578 5511 mattam
3595 5473 3811 5512 unam:

2205 5543 2438 5598 tollebat
2461 5550 2654 5599 autem
2683 5562 2806 5600 eam
2823 5563 2991 5600 senex
3019 5552 3076 5600 et
3099 5545 3389 5606 vendebat,
3425 5552 3481 5600 et
3503 5545 3816 5602 ambarum

2204 5640 2510 5690 mattarum
2528 5635 2774 5706 pretium
2791 5635 3138 5707 expendebat
3155 5635 3213 5690 in
3235 5635 3679 5701 vino,illiautem
3693 5637 3815 5692 fra-

2202 5723 2278 5779 tri
2299 5723 2568 5780 elferebat
2577 5725 2972 5782 tantummodo
2985 5725 3271 5782 modicum
3284 5741 3487 5800 panem
3502 5725 3810 5784 adseram.
