3934 6382
101 385 204 444 973

1402 387 1643 443 VERBA
1681 386 2075 446 SENIORUM.

100 512 311 568 Etcum
331 512 438 569 hoc
464 512 690 569 trienno
714 513 929 586 jugiter
946 513 1173 583 faceret,
1197 515 1339 571 nihil
1363 515 1582 569 locutus
1614 522 1699 569 est
1714 514 1765 573 A
1780 515 2135 585 superiorum
2166 520 2359 584 033
2378 518 2527 573 enim
2555 519 2826 575 virtutum
2851 520 3027 575 millia
3051 527 3104 577 et
3131 522 3373 578 millium

96 601 268 657 frater
284 603 400 658 ille.
425 605 679 659 Posthmc
691 621 821 659 vero
842 605 984 660 dixit
1000 606 1279 660 fraterille
1293 606 1349 660 in
1369 606 1688 676 semetipso:

96 692 233 747 Ecce
261 693 450 749 nudus
476 710 624 761 sum,
658 700 715 749 et
756 712 959 765 panem
991 712 1119 750 cum
1160 703 1407 767 egestate
1438 697 1690 764 comedo,

95 799 323 854 surgam
365 799 498 854 ergo
519 789 577 838 et
602 784 885 840 discedam
913 786 1061 840 hinc.
1090 787 1301 841 Iterum
1329 793 1516 842 autem
1548 788 1694 858 cogi-

96 871 234 926 tavit
262 872 323 928 in
352 873 675 945 semetipso,
718 874 906 929 dicens
939 894 950 929 :
980 875 1085 931 Ubi
1129 875 1305 930 habeo
1350 876 1467 930 ire?
1518 877 1694 932 Sedeo

96 959 221 1027 hic;
252 978 357 1032 ego
393 962 544 1016 enim
576 964 994 1034 propterDeum
1026 964 1192 1018 sedeo
1212 965 1271 1019 in
1292 965 1395 1019 hac
1411 966 1525 1019 vita
1543 983 1696 1019 com-

98 1050 363 1105 muni.Et
376 1051 569 1106 statim
596 1052 859 1123 apparuit
888 1053 937 1107 ei
963 1054 1197 1125 angelus
1218 1054 1459 1123 Domini,
1476 1055 1694 1110 dicens:

98 1140 393 1211 Nusquam
439 1140 711 1207 discedas,
745 1142 1035 1198 veniemus
1075 1143 1223 1197 enim
1265 1161 1390 1199 cras
1421 1145 1491 1198 ad
1520 1150 1596 1198 te.
1632 1146 1700 1199 Et

100 1230 319 1299 rogavit
359 1230 536 1285 frater
569 1229 663 1285 ille
704 1248 896 1285 senem
940 1232 1100 1287 illum
1150 1234 1273 1304 ipsa
1318 1234 1426 1299 die,
1456 1234 1645 1288 dicens
1680 1254 1691 1288 :

101 1320 225 1374 Non
247 1319 502 1375 discedas
540 1320 670 1376 hinc
700 1321 923 1387 alicubi,
952 1322 1089 1393 quia
1134 1323 1363 1377 venient
1387 1323 1555 1377 hodie
1586 1323 1697 1378 mei

99 1410 298 1464 tollere
336 1426 448 1465 me.
497 1410 638 1464 Cum
668 1427 801 1481 ergo
830 1411 976 1466 facta
1005 1412 1203 1466 fuisset
1239 1413 1377 1466 hora
1416 1430 1528 1483 qua
1554 1414 1699 1467 sole-

100 1498 198 1554 bat
211 1515 381 1553 senex
395 1499 731 1554 descendere
753 1501 823 1554 ad
847 1500 1050 1567 vicum,
1068 1501 1209 1556 dixit
1225 1501 1385 1557 fratri
1408 1521 1419 1556 :
1450 1504 1575 1557 Non
1605 1520 1699 1557 ve-

101 1589 260 1644 nient
278 1589 463 1653 hodie,
500 1588 579 1643 fili
602 1608 615 1656 ;
639 1590 759 1661 jam
787 1590 938 1644 enim
968 1591 1128 1645 tarde
1153 1596 1255 1645 est.
1274 1592 1342 1646 Et
1368 1592 1461 1646 ille
1489 1592 1628 1646 dixit
1648 1593 1698 1646 ei

102 1678 281 1733 modis
310 1677 589 1743 omnibus,
606 1679 739 1750 quia
758 1678 982 1734 venient
1004 1698 1015 1733 :
1046 1686 1103 1735 et
1121 1681 1252 1735 dum
1271 1698 1399 1736 cum
1423 1698 1486 1736 eo
1504 1683 1698 1753 loque-

103 1774 278 1834 retur,
309 1768 575 1822 dormivit
602 1768 659 1822 in
682 1785 842 1839 pace;
862 1786 1031 1823 senex
1051 1781 1238 1825 autem
1262 1771 1449 1835 ﬂebat,
1469 1772 1659 1826 dicens
1684 1790 1695 1825 :

1777 604 1955 658 millia
1998 622 2169 669 unam
2216 607 2555 662 voluntatem
2601 610 2841 676 habent,
2890 611 3145 666 homines
3181 619 3373 667 autem

1775 694 1981 748 multas
1992 696 2456 751 voluntates.Non
2469 716 2693 769 possum
2715 716 2846 770 ergo
2864 700 3147 755 dimittere
3168 702 3368 766 Deum,

1777 789 1834 837 et
1854 783 2058 850 venire,
2084 790 2140 839 et
2160 802 2280 839 esse
2299 803 2426 840 cum
2447 788 2787 842 hominibus.

1848 870 1900 927 6.
1936 873 2084 929 Dixit
2105 873 2275 929 abbas
2303 877 2588 945 Agathon:
2616 878 2759 942 Quia
2788 880 3093 934 secundum
3122 880 3375 934 volunta-

1776 965 1894 1015 tem
1916 979 2099 1016 meam
2130 980 2421 1035 nunquam
2449 967 2975 1037 dormivi,rctinens
3004 969 3062 1022 in
3096 970 3259 1023 corde
3280 970 3373 1023 ad-

1778 1067 1969 1105 versus
2000 1070 2337 1124 quemquam
2369 1055 2638 1122 dolorem,
2679 1073 2860 1128 neque
2895 1058 3082 1111 dimisi
3132 1059 3374 1112 dormire

1775 1141 1950 1195 alium
1982 1142 2280 1197 habentem
2306 1145 2599 1199 adversum
2636 1162 2729 1199 me
2758 1147 2972 1218 aliquid
3006 1147 3187 1219 (Rulli,
3218 1152 3255 1202 1.
3291 1162 3370 1211 Ill,

1779 1248 1836 1286 η.
1870 1228 1980 1297 95).

1849 1321 1900 1376 7.
1922 1322 2275 1377 Ascendente
2291 1323 2592 1395 aliquando
2619 1325 2688 1377 de
2720 1325 2914 1396 Scythi
2937 1324 3136 1379 abbate
3164 1327 3377 1380 Joanne

1781 1427 1909 1465 cum
1937 1411 2059 1465 aliis
2088 1411 2376 1479 fratribus,
2402 1413 2625 1479 erravit,
2655 1416 2749 1484 qui
2785 1414 2862 1468 eis
2880 1414 3145 1468 ducatum
3176 1413 3382 1485 praebe-

1781 1499 1896 1566 bat,
1929 1500 1987 1553 in
2016 1501 2133 1567 via;
2168 1507 2290 1556 erat
2320 1502 2470 1556 enim
2505 1518 2630 1557 nox.
2679 1503 2747 1556 Et
2775 1503 3037 1557 dixerunt
3060 1504 3261 1557 fratres
3289 1503 3382 1558 ab-

1782 1588 1898 1643 bati
1926 1590 2127 1644 Joanni
2154 1591 2331 1654 :Quid
2353 1591 2605 1657 facimus,
2637 1591 2799 1658 abba,
2825 1593 2958 1663 quia
2983 1593 3188 1647 erravit
3208 1594 3382 1647 frater

1782 1678 1887 1732 iste
1915 1679 1984 1732 de
2013 1679 2119 1745 via,
2152 1696 2222 1733 ne
2250 1680 2393 1735 forte
2423 1680 2731 1735 moriamur
2744 1682 3115 1736 errantes?Et
3133 1682 3272 1735 dixit
3300 1683 3380 1736 eis

1783 1784 1951 1821 senex
1984 1786 1996 1821 :
2032 1768 2089 1822 Si
2117 1768 2423 1823 dixerimus
2449 1770 2499 1822 ei
2534 1770 2767 1840 aliquid,
2799 1770 3243 1825 contristabitur.
3272 1772 3380 1826 Sed

3269 395 3375 454 974
3470 416 3477 423 ·

104 1858 229 1912 Heu
257 1874 369 1923 me,
387 1857 485 1923 fili,
511 1857 645 1929 quia
658 1858 850 1913 multis
874 1859 1037 1913 annis
1062 1859 1166 1913 sub
1196 1861 1540 1930 negligentia
1556 1861 1697 1927 vivo,
1719 1852 1763 1911 B
1782 1873 1906 1910 ecce
1934 1856 2077 1911 facio
2108 1857 2384 1928 meipsum
2413 1858 2574 1929 quasi
2596 1858 2893 1923 defectum,
2927 1865 2982 1913 et
3007 1859 3128 1913 dico
3150 1877 3240 1913 me
3268 1877 3381 1915 non

105 1953 167 2002 tu
195 1951 388 2002 autem
416 1946 474 2001 in
512 1963 683 2018 parvo
710 1953 963 2019 tempore
993 1950 1221 2003 salvasti
1258 1950 1507 2004 animam
1544 1956 1700 2005 tuam
1783 1962 1945 2016 posse
1975 1946 2284 2013 ambulare,
2316 1947 2411 2001 sed
2437 1947 2599 2017 jaceo
2628 1948 2717 2000 hic
2747 1964 2928 2018 usque
2958 1950 3226 2002 mane.Et
3244 1949 3382 2003 fece-

104 2054 206 2108 per
233 2035 582 2109 patientiam.
608 2037 674 2091 Et
692 2053 758 2090 ex
777 2036 872 2091 illo
887 2037 978 2091 die
996 2037 1175 2093 factus
1193 2045 1277 2093 est
1296 2056 1464 2093 senex
1483 2040 1701 2094 sobrius
1783 2040 1917 2090 runt
1944 2036 2041 2089 sic.
2076 2036 2183 2090 Sed
2215 2042 2271 2089 et
2295 2036 2503 2090 residui
2532 2036 2794 2091 dixerunt
2819 2056 2830 2091 ε
2864 2038 2978 2092 Nec
3016 2055 3117 2092 nos
3152 2038 3379 2107 ibimus,

105 2133 161 2180 et
184 2125 470 2197 probatus.

178 2212 265 2272 19.
299 2214 574 2270 Dicebant
601 2215 669 2269 de
699 2216 940 2287 quodam
969 2215 1160 2284 fratre,
1194 2217 1290 2289 qui
1332 2218 1452 2272 seni
1482 2217 1705 2273 cuidam

107 2321 311 2377 magno
337 2304 554 2359 vicinus
578 2311 717 2370 erat,
752 2306 885 2376 quia
925 2306 1334 2376 ingrederetur,
1381 2314 1437 2362 et
1484 2312 1711 2380 raperet

108 2394 381 2466 quidquid
410 2393 644 2449 haberet
672 2411 841 2450 senex
866 2395 926 2449 in
955 2396 1096 2450 cella
1121 2413 1223 2451 sua
1247 2399 1431 2463 (Rulli,
1458 2401 1496 2452 ι.
1530 2412 1613 2464 III,
1646 2414 1703 2451 η.

111 2485 176 2539 74
207 2503 219 2552 ;
247 2485 461 2550 Pasch.,
493 2502 538 2538 c.
570 2483 625 2552 3,
657 2501 714 2538 η.
749 2484 821 2553 2).
853 2485 1094 2540 Videbat
1120 2492 1310 2540 autem
1358 2504 1487 2541 eum
1517 2485 1704 2553 senex,

112 2579 169 2627 et
197 2590 312 2647 non
356 2572 689 2644 objurgabat
718 2590 867 2640 eum,
919 2575 1018 2628 sed
1056 2575 1421 2646 extorquebat
1452 2575 1555 2630 sibi
1583 2576 1706 2646 plus

111 2663 278 2718 solito
310 2661 569 2717 manibus
595 2663 837 2735 operari,
868 2664 1063 2718 dicens
1093 2684 1103 2717 :
1143 2665 1340 2730 Credo,
1371 2682 1512 2736 opus
1539 2664 1711 2719 habet

111 2751 289 2808 frater
304 2751 432 2806 iste.
465 2752 531 2805 Et
552 2751 809 2822 exigebat
827 2769 861 2805 a
878 2769 938 2806 se
958 2754 1230 2823 majorem
1249 2755 1414 2807 solito
1436 2753 1704 2822 laborem;

109 2847 169 2896 et
192 2840 542 2911 astringebat
563 2847 811 2896 ventrem
833 2859 1018 2906 suum,
1042 2848 1105 2897 ut
1125 2859 1250 2897 cum
1280 2843 1594 2912 indigentia
1625 2860 1712 2897 co-

109 2930 368 3003 mederet
392 2946 597 3001 panem
657 2930 798 2985 Cum
830 2937 1020 2986 autem
1050 2932 1194 2985 mori
1240 2932 1499 3003 coepisset
1544 2949 1712 2987 senex

1786 2126 1878 2179 sed
1911 2124 2228 2179 sedebimus
2257 2131 2443 2179 tecum
2469 2145 2482 2179 :
2517 2132 2574 2180 et
2602 2127 2871 2181 sederunt
2893 2144 3068 2198 usque
3092 2145 3276 2196 mane,
3309 2145 3380 2183 ne

1786 2204 2152 2285 objurgarent
2169 2215 2400 2268 fratrem
2419 2215 2598 2270 illum.

1860 2303 1912 2357 8.
1947 2304 2124 2357 Senex
2154 2304 2382 2374 quidam
2397 2311 2519 2358 erat
2547 2305 2875 2376 inEgypto,
2909 2311 3209 2377 antequam
3228 2306 3382 2361 veni-

1790 2397 1879 2446 ret
1904 2392 2017 2446 illic
2042 2392 2211 2446 abbas
2240 2394 2440 2447 Pastor
2465 2410 2475 2445 :
2507 2393 2599 2447 ille
2616 2400 2805 2448 autem
2822 2412 2988 2448 senex
3016 2395 3255 2450 habebat
3281 2413 3383 2450 no-

1789 2481 1974 2535 titiam
1998 2482 2287 2536 hominum
2318 2488 2375 2536 et
2402 2483 2645 2537 multum
2674 2483 2941 2537 honorem
2970 2486 3276 2553 (Ra/11,127).
3302 2500 3384 2553 III,

1792 2587 1849 2624 η.
1880 2568 1987 2640 95).
2014 2571 2153 2625 Cum
2176 2588 2310 2641 ergo
2340 2572 2683 2626 ascendisset
2698 2572 2870 2626 abbas
2887 2574 3084 2627 Pastor
3106 2574 3174 2627 de
3196 2575 3390 2645 Scythi

1790 2677 1918 2714 cum
1947 2660 2081 2726 suis,
2114 2661 2453 2716 dimiserunt
2473 2662 2632 2717 illum
2679 2679 2890 2730 senem,
2924 2668 2979 2717 et
3018 2670 3293 2718 venerunt
3319 2665 3387 2717 ad

1792 2750 2052 2804 abbatem
2093 2752 2380 2805 Pastorem
2418 2771 2428 2806 :
2464 2752 2769 2806 invidiatns
2814 2758 3002 2806 autem
3041 2770 3208 2807 senex
3248 2754 3391 2807 male

1794 2839 2130 2910 loquebatur
2158 2841 2228 2894 de
2254 2842 2354 2895 eis.
2373 2842 2491 2895 Hoc
2519 2842 2753 2895 audiens
2785 2842 3001 2906 Pastor,
3017 2843 3393 2897 contristaba-

1792 2932 1907 2997 tur,
1940 2936 1998 2983 et
2023 2930 2160 2984 dicit
2187 2930 2453 2984 fratribus
2484 2931 2598 2985 suis
2629 2949 2640 2983 :
2675 2930 2822 2995 Quid
2867 2931 3135 2985 faciemus
3163 2932 3231 2985 de
3261 2948 3393 2985 sene

107 3022 227 3089 ille,
275 3020 768 3076 circumsteterunt
796 3038 925 3075 eum
963 3020 1183 3075 fratres.
1228 3022 1628 3099 Etrespiciens
1654 3022 1713 3076 in
1796 3018 1904 3073 isto
1934 3035 2155 3089 magno,
2191 3019 2324 3090 quia
2352 3020 2525 3074 nosin
2544 3020 2908 3073 tribulatione
2925 3020 3198 3074 miserunt
3212 3021 3393 3074 homi-

111 3126 245 3166 eum
273 3109 371 3181 qui
395 3109 706 3176 furabatur,
740 3109 880 3163 dixit
899 3109 950 3164 ei
984 3127 995 3164 :
1026 3110 1208 3181 Junge
1248 3116 1306 3164 te
1339 3112 1448 3165 huc
1487 3112 1557 3165 ad
1599 3129 1708 3166 me.
1729 3130 1773 3191 c
1796 3129 1895 3167 nes
1917 3114 2370 3184 derelinquentes
2384 3130 2596 3179 senem,
2627 3118 2683 3167 et
2702 3112 2771 3166 ad
2793 3129 2893 3166 nos
2912 3113 3390 3183 quinihilsumus,

109 3201 179 3256 Et
210 3198 397 3255 tenuit
424 3205 480 3253 et
509 3199 791 3254 osculatus
816 3205 901 3253 est
930 3216 1130 3254 manus
1161 3201 1302 3270 ejus,
1333 3199 1550 3255 dicens:
1570 3202 1712 3255 Gra-
1795 3203 2496 3268 attendentes?Quomodo
2528 3219 2660 3272 ergo
2683 3219 2980 3271 possumus
3002 3219 3201 3256 sanare
3222 3220 3349 3256 eum
3376 3204 3395 3256 ἶ

109 3291 224 3345 tias
242 3305 350 3360 ago
379 3288 502 3343 istis
524 3288 801 3353 manibus,
819 3288 1151 3360 frater,quia
1171 3294 1399 3360 propter
1416 3290 1553 3344 istas
1573 3291 1713 3345 vado
1797 3291 1866 3344 Et
1894 3290 2037 3344 dixit
2066 3291 2146 3345 eis
2171 3309 2181 3343 ε
2207 3292 2395 3345 Facite
2425 3290 2634 3360 aliquid
2665 3290 2734 3344 ad
2763 3290 3127 3360 gustandum,
3149 3292 3395 3345 ettollite

106 3380 170 3434 in
198 3395 376 3449 regno
406 3378 692 3433 carlorum.
718 3379 816 3433 Ille
841 3384 1033 3433 autem
1065 3384 1431 3450 compunctus
1460 3385 1517 3433 et
1542 3380 1716 3451 poeni-
1794 3381 2083 3434 vasculum
2105 3380 2238 3447 vini,
2264 3386 2322 3435 et
2345 3397 2539 3434 eamus
2560 3379 2629 3433 ad
2648 3396 2796 3444 eum,
2823 3386 2875 3432 et
2892 3385 3185 3450 gustemns
3205 3380 3391 3446 simul,

110 3467 355 3523 tentiam
382 3482 574 3537 agens,
603 3466 781 3522 factus
818 3472 905 3521 est
932 3467 1104 3521 etiam
1144 3467 1261 3539 ipse
1292 3467 1562 3539 probatus
1590 3484 1712 3522 mo-
1799 3469 2033 3522 forsitan
2052 3486 2152 3540 per
2164 3469 2280 3523 haec
2299 3486 2594 3540 possumus
2617 3485 2816 3523 sanare
2837 3469 3091 3524 animum
3119 3470 3259 3539 ejus.
3283 3470 3396 3523 Tu-

109 3557 352 3624 nachus,
384 3556 698 3627 exemplum
728 3572 954 3611 sumens
981 3556 1050 3610 de
1080 3557 1295 3611 actibus
1343 3557 1535 3628 magni
1564 3557 1716 3612 illius
1800 3559 1988 3612 lerunt
2011 3575 2143 3628 ergo
2168 3576 2307 3629 quos
2335 3564 2671 3630 paraverant
2708 3558 2878 3622 cibos,
2934 3565 2991 3612 et
3031 3563 3400 3629 perrexerunt

112 3646 323 3701 senis‘.
1800 3647 1872 3700 ad
1899 3664 2027 3701 eum
2053 3666 2065 3714 ;
2094 3652 2152 3701 et
2178 3648 2316 3702 dum
2340 3648 2636 3717 pulsarent
2660 3647 2886 3714 ostium,
2917 3648 3208 3718 respondit
3225 3647 3395 3701 disci-

360 3736 706 3792 LIBELLUS
743 3736 1060 3792 DECIMUS
1099 3737 1470 3793 SEPTIMUS.
1777 3737 1965 3808 ,pulus
1992 3738 2135 3807 ejus,
2163 3736 2357 3791 dicens
2389 3755 2401 3789 :
2437 3736 2544 3800 Qui
2574 3736 2746 3790 estis?
2775 3737 2845 3790 Et
2861 3736 2942 3789 illi
2974 3736 3271 3791 dixerunt:
3297 3737 3397 3790 Dic

723 3826 796 3880 De
825 3825 1110 3879 charitate.
1801 3825 2007 3891 abbati,
2042 3826 2175 3896 quia
2220 3826 2420 3879 Pastor
2454 3830 2558 3894 est,
2602 3831 2657 3879 et
2695 3824 2977 3879 desiderat
3014 3824 3267 3879 benedici
3298 3842 3399 3896 per

192 3913 244 3967 1.
288 3912 444 3967 Dixit
485 3912 658 3969 abbas
693 3913 972 3968 Antonius
1014 3933 1026 3968 :
1071 3914 1185 3984 Ego
1219 3915 1339 3985 jam
1388 3931 1502 3970 non
1548 3914 1719 3969 timeo
1800 3932 1916 3969 vos.
1941 3916 2059 3969 Hoc
2088 3921 2276 3970 autem
2298 3914 2525 3970 nuntiat
2542 3914 2593 3968 ei
2613 3914 2919 3985 discipulus
2941 3915 3082 3984 ejus.
3115 3915 3215 3969 Ille
3246 3931 3398 3969 man-

112 4003 322 4069 Deum,
354 4002 453 4056 sed
497 4019 645 4072 amo,
678 4002 811 4075 quia
854 4019 1016 4058 amor
1062 4004 1214 4058 foras
1257 4003 1410 4057 misit
1456 4003 1718 4058 timorem
1801 4004 2402 4071 davit,dicens:Vade,
2439 4004 2570 4075 quia
2600 4020 2711 4057 non
2738 4003 2875 4056 mihi
2900 4009 3077 4057 vacat.
3101 4004 3188 4058 Illi
3209 4009 3396 4059 autem

118 4093 173 4161 (Ι
197 4093 364 4146 Joan.
397 4094 489 4161 Iv).
1801 4098 2220 4164 perseverantes
2236 4092 2295 4146 in
2313 4098 2569 4145 caumate
2584 4092 2868 4146 dixerunt:
2890 4091 3019 4146 Non
3038 4092 3394 4160 discedimus,

187 4179 243 4234 2.
269 4180 423 4234 Dixit
446 4180 678 4236 iterum:
704 4182 848 4246 Quia
863 4182 931 4237 de
950 4183 1201 4254 proximo
1226 4187 1311 4237 est
1327 4182 1440 4238 vita
1456 4188 1513 4237 et
1528 4199 1678 4237 mors
1704 4201 1716 4251 ;
1802 4183 1911 4237 nisi
1940 4183 2313 4237 meruerimus
2343 4181 2783 4235 benedictionem
2804 4182 2975 4236 senis.
3009 4183 3189 4236 Senex
3209 4188 3394 4239 autem

112 4270 165 4325 si
196 4269 349 4324 enim
370 4270 655 4326 lucremur
674 4270 1287 4338 fratrem,lucrabimur
1306 4273 1519 4341 Deum;
1553 4272 1600 4327 si
1618 4290 1721 4328 au-
1802 4272 1995 4326 videns
2025 4272 2500 4344 perseverantiam
2529 4276 2585 4326 et
2606 4271 2979 4325 humilitatem
3009 4287 3226 4339 eorum,
3252 4289 3400 4327 com-

106 4365 236 4417 tem
251 4360 696 4415 scandalizamus
710 4361 961 4427 fratrem,
981 4361 1041 4416 in
1062 4362 1284 4417 Christo
1305 4379 1621 4433 peccamus.
1801 4367 2042 4433 punctus
2064 4361 2394 4432 aperuiteis,
2411 4366 2469 4416 et
2481 4360 2760 4414 intrantes
2774 4366 3144 4430 gustaverunt
3164 4378 3291 4415 cum
3308 4378 3394 4429 eo;

187 4450 245 4503 3.
275 4448 465 4503 Abbas
482 4450 726 4505 Ammon
759 4450 829 4505 de
865 4452 987 4506 loco
1007 4451 1300 4518 Nilrionis,
1339 4453 1491 4507 venit
1517 4453 1587 4506 ad
1618 4452 1718 4507 ab-
1801 4468 1928 4505 cum
1960 4468 2092 4521 ergo
2113 4451 2535 4513 manducarent,
2558 4450 2873 4503 dixitsenex
2893 4468 2904 4503 :
2927 4451 2991 4505 In
3004 4450 3236 4504 veritate
3251 4451 3393 4518 dico,

110 4537 310 4593 batem
337 4539 668 4605 Antonium,
701 4544 758 4594 et
784 4540 925 4594 dixit
953 4541 1005 4595 ei
1037 4559 1050 4595 :
1084 4540 1259 4595 Video
1281 4542 1412 4612 quia
1444 4528 1987 4612 majoremDminus
2033 4556 2204 4610 quam
2235 4539 2381 4610 quod
2413 4544 2498 4593 est
2529 4538 2714 4591 audivi
2741 4537 2810 4591 de
2853 4538 3030 4593 vobis:
3073 4539 3397 4609 centuplum

111 4627 371 4682 laborem
395 4644 564 4699 quam
574 4634 636 4683 tu
653 4629 924 4696 sustineo,
945 4636 1001 4684 et
1030 4631 1309 4701 quomodo
1325 4647 1530 4685 nomen
1557 4636 1717 4686 tuum

107 4716 481 4788 magnificum
511 4723 599 4772 est
625 4718 684 4772 in
713 4718 1035 4774 hominibus
1063 4736 1232 4791 super
1252 4719 1377 4773 me?
1408 4720 1478 4773 Et
1500 4718 1641 4773 dixit
1668 4717 1719 4772 ei

109 4805 294 4863 abbas
322 4807 634 4862 Antonius:
666 4807 945 4872 Quoniam
974 4813 1032 4863 et
1058 4825 1162 4879 ego
1191 4808 1362 4879 diligo
1387 4810 1566 4864 Deum
1593 4808 1718 4880 plus

111 4911 289 4968 quam
320 4900 403 4952 tu.

187 4984 247 5041 4.
276 4984 448 5040 Venit
463 4984 766 5057 aliquando
784 4985 956 5041 abbas
974 4986 1231 5042 Hilarion
1250 4986 1319 5042 de
1335 4986 1634 5043 Palaestina
1649 4986 1721 5041 ad

113 5072 389 5128 abbatem
416 5075 724 5129 Antonium
745 5074 805 5129 in
821 5080 1090 5141 montem,
1111 5080 1169 5129 et
1191 5074 1328 5129 dicit
1348 5076 1400 5130 ei
1421 5074 1593 5130 abbas
1612 5077 1723 5131 An-

1802 4630 1951 4684 enim
1984 4635 2069 4683 est
2098 4628 2245 4699 quod
2262 4628 2419 4681 video
2443 4627 2500 4681 in
2516 4642 2683 4696 opere
2710 4631 2912 4681 vestro.
2930 4627 3130 4681 Factus
3159 4634 3244 4681 est
3264 4645 3396 4698 ergo

1800 4718 2015 4774 amicus
2043 4717 2124 4771 eis
2153 4734 2219 4770 ex
2248 4717 2342 4771 illo
2373 4717 2480 4771 die.

1871 4808 1923 4863 9.
1956 4806 2108 4862 Dixit
2134 4805 2305 4860 abbas
2323 4807 2552 4859 Pastor:
2575 4804 2789 4859 Conare
2801 4804 3110 4859 secundum
3132 4805 3398 4861 virtutem

1800 4903 1958 4953 tuam
1979 4896 2118 4951 nulli
2132 4894 2360 4950 omnino
2374 4898 2556 4949 facere
2578 4893 2877 4961 malum,et
2895 4901 3109 4949 castum
3124 4912 3284 4950 serva
3304 4912 3401 4951 cor

1802 4993 1965 5042 tuum
1986 4985 2140 5040 omni
2162 4984 2397 5049 homini.

1880 5076 1945 5134 10
1960 5122 1971 5133 .
1984 5076 2196 5130 Iterum
2216 5073 2383 5130 dixit:
2404 5074 2530 5128 Non
2551 5074 2865 5147 estaliquid
2881 5076 3065 5146 majus
3079 5074 3393 5133 dilectione,

114 5162 317 5218 tonius
343 5180 354 5209 ε
389 5163 540 5218 Bene
567 5162 788 5231 venisti,
822 5162 1061 5231 Lucifer,
1098 5164 1195 5236 qui
1230 5181 1398 5220 mane
1442 5166 1626 5221 oriris.
1657 5166 1726 5221 Et
1806 5166 1979 5221 etiam
2007 5170 2071 5219 ut
2090 5163 2335 5218 animam
2359 5179 2517 5217 suam
2538 5170 2711 5235 ponat
2731 5164 2856 5236 quis
2876 5182 2975 5235 pro
3001 5162 3251 5234 proximo
3273 5179 3395 5216 suo.

117 5252 270 5307 dixit
296 5251 468 5307 abbas
489 5253 745 5308 Hilarion
772 5271 785 5307 :
826 5254 941 5308 Pax
970 5253 1092 5322 tibi,
1124 5253 1387 5309 columna
1408 5255 1567 5321 lucis,
1602 5271 1725 5327 quae
1806 5255 2027 5311 Etenim
2057 5255 2104 5309 si
2133 5253 2258 5326 quis
2287 5253 2520 5308 audiens
2538 5271 2852 5309 sermonem
2869 5254 3108 5315 tristem,
3133 5267 3259 5306 cum
3276 5266 3399 5321 pos‘

116 5342 373 5398 sustines
402 5342 593 5397 orbem
612 5349 920 5398 terrarum.

1805 5346 1882 5401 sit
1918 5346 2035 5417 ipse
2068 5344 2126 5398 id
2146 5343 2345 5409 facere,
2385 5348 2563 5397 certet
2587 5350 2755 5414 atque
2780 5341 3072 5405 sustineat,
3106 5346 3162 5393 et
3183 5330 3296 5393 non
3314 5356 3398 5393 rc-

195 5431 249 5488 5.
268 5430 423 5487 Dixit
449 5430 620 5486 abbas
644 5433 864 5487 Marcus
889 5432 1082 5487 abbati
1102 5433 1339 5488 Arsenio
1367 5452 1379 5487 :
1414 5434 1598 5498 Quare
1620 5452 1723 5490 nos
1806 5434 2100 5490 contristet
2125 5452 2138 5501 ;
2168 5434 2253 5487 vel
2283 5433 2452 5487 etiam
2480 5433 2528 5487 si
2554 5433 2716 5487 laesus
2748 5431 2807 5486 in
2828 5448 2888 5485 re
2914 5430 3101 5500 aliqua
3123 5428 3400 5499 patienter

115 5521 311 5592 fugis?
336 5521 406 5576 Et
424 5521 563 5575 dicit
579 5520 631 5576 ei
653 5537 821 5577 senex
850 5541 861 5576 :
883 5522 1000 5577 Scit
1026 5523 1196 5591 Deus,
1228 5522 1361 5593 quia
1389 5524 1560 5594 diligo
1594 5541 1721 5592 vos;

118 5612 225 5667 sed
254 5627 374 5666 non
398 5627 627 5684 possum
658 5628 779 5667 esse
809 5628 940 5667 cum
976 5613 1092 5667 Deo
1122 5619 1180 5667 et
1207 5629 1335 5667 cum
1363 5612 1722 5685 hominibus;

1802 5524 2015 5588 tulerit,
2030 5538 2141 5576 non
2162 5522 2479 5576 retribuens
2491 5519 2844 5575 contristanti
2863 5528 3030 5588 atque
3051 5517 3273 5571 lzedenti
3304 5535 3362 5573 se
3383 5537 3395 5585 ;

1807 5630 1872 5669 eo
1907 5612 2072 5667 modo
2092 5611 2416 5683 hujusmodi
2444 5611 2609 5665 homo
2636 5609 2885 5665 animam
2926 5623 3086 5662 suam
3116 5607 3275 5680 ponit
3298 5624 3401 5683 pro

196 5754 217 5792 ¹
255 5753 361 5814 Hic
386 5752 449 5810 in
487 5751 653 5809 editis
682 5751 1025 5827 sequebatur
1051 5769 1109 5811 η.
1140 5751 1230 5824 20,
1266 5753 1336 5810 de
1363 5752 1553 5813 Thaisi
1578 5754 1898 5827 meretrice;
1929 5754 2027 5811 sed
2058 5752 2383 5810 eam’habes
2409 5750 2506 5808 lib.
2540 5766 2560 5809 ι
2588 5750 2737 5807 inter
2762 5749 2939 5808 Vitas.
