3934 6394
476 406 483 411 ’
577 405 684 467 975
1286 436 1302 471 \

1699 406 1792 463 DE
1829 405 2018 464 VITIS
2057 408 2350 464 PATRUM
2389 408 2602 465 LIBER
2640 410 2706 466 V.

3777 417 3836 474 76

574 537 828 610 proximo
850 552 951 593 suo
986 538 1169 607 (Ra/)2,
1194 538 1233 590 ι.
1266 548 1325 601 ιι,
1351 549 1407 590 η.
1439 530 1573 601 201;
1604 535 1815 600 Pasch.,
1844 552 1890 591 ο.
1917 532 2003 600 37,
2038 552 2095 589 η.
2121 534 2173 601 3,
2199 542 2243 601 Α
2264 535 2478 589 audivit
2504 535 2674 589 etiam
2718 535 2963 591 vicinum
2999 552 3164 592 suum
3210 537 3382 594 alium
3408 540 3743 598 monachum
3767 544 3837 598 di-

572 628 817 698 Append.
852 627 1046 693 Mart,
1079 642 1136 680 η.
1170 624 1281 694 14).

647 717 733 777 il.
766 718 1020 790 Contigit
1045 717 1348 790 aliquando
1373 717 1633 773 abbatem
1663 716 1872 772 Pambo
1912 716 2022 770 iter
2046 733 2173 771 cum

568 807 838 864 fratribus
864 808 924 863 in
952 807 1207 880 partibus
1232 807 1467 880 ngypti
1481 806 1695 873 facere;
1728 811 1785 861 et
1806 805 1995 861 videns
2007 822 2169 877 quos-

569 896 702 952 dam
731 897 1025 954 szeculares
1055 897 1313 952 sedentes
1343 896 1484 951 dixit
1511 896 1597 951 eis
1629 914 1640 949 :
1676 895 1920 965 Surgite,
1944 900 2001 949 et
2023 895 2169 950 salu-

567 991 706 1055 tate,
740 992 798 1043 et
808 987 1149 1043 ‘osculamini
1178 986 1481 1042 monachos
1507 990 1574 1041 ut
1599 984 2030 1051 benedicamini,
2057 984 2169 1039 fre-

567 1081 808 1148 quenter
835 1076 985 1133 enim
1003 1093 1133 1133 cum
1160 1076 1276 1132 Deo
1299 1076 1630 1149 loquuntur,
1645 1079 1705 1129 et
1721 1078 1915 1129 sancta
1925 1079 2059 1129 sunt
2071 1089 2172 1128 ora

566 1181 765 1222 eorum
796 1167 1045 1235 (Βιιιγηι.
1070 1180 1155 1234 ιιι,
1186 1183 1246 1221 n.
1276 1163 1418 1234 164).
1864 1215 1873 1225 .

637 1254 731 1310 ‘12.
761 1254 1034 1310 Dicebant
1062 1255 1132 1310 de
1156 1254 1358 1310 abbate
1382 1253 1725 1326 Paphnutio,
1755 1253 1891 1324 quia
1917 1268 2030 1306 non
2058 1252 2169 1306 cito

565 1341 799 1399 bibebat
829 1344 1274 1415 vinum(Ru/7‘.,l.
1300 1357 1384 1412 Ill,
1409 1360 1468 1398 η.
1500 1341 1964 1413 151).Ambulans
1980 1347 2170 1396 autem

565 1431 867 1503 aliquando
894 1433 1022 1500 iter,
1056 1433 1380 1505 supervenit
1406 1432 1464 1487 in
1487 1439 1768 1488 conventu
1796 1432 2095 1498 latronum,
2115 1436 2173 1485 et

562 1518 780 1576 invenit
806 1538 900 1577 eos
921 1521 1174 1577 bibentes
1204 1540 1215 1576 :
1244 1523 1505 1594 cognovit
1531 1527 1721 1577 autem
1765 1538 1895 1575 eum
1924 1519 2020 1591 qui
2052 1520 2169 1592 pri-

564 1625 693 1665 mus
714 1616 838 1666 erat
851 1612 1133 1667 latronum
1142 1618 1218 1678 ,et
1232 1611 1444 1666 sciebat
1454 1611 1588 1682 quia
1599 1627 1710 1665 non
1721 1609 1940 1665 biberet
1952 1609 2160 1664 vinum.

563 1699 775 1756 Videns
795 1717 928 1772 ergo
957 1718 1088 1756 eum
1118 1701 1188 1756 de
1218 1702 1397 1757 multo
1424 1700 1615 1755 labore
1642 1699 2170 1770 fatigatum,imple-

564 1788 646 1843 vit
672 1789 901 1845 calicem
922 1789 1055 1857 vini,
1071 1794 1128 1844 et
1151 1790 1211 1844 in
1237 1790 1349 1844 alia
1375 1806 1548 1844 manu
1575 1789 1760 1843 tenuit
1776 1788 2027 1859 gladium
2046 1804 2169 1842 eva-

560 1878 839 1949 ginatum,
899 1884 957 1933 et
994 1878 1132 1935 dicit
1172 1878 1293 1934 seni
1327 1897 1339 1934 :
1388 1878 1446 1933 Si
1476 1895 1589 1933 non
1614 1876 1778 1944 bibis,
1813 1878 2060 1932 occidam
2085 1883 2163 1931 te.
2182 1904 2231 1965 B

562 1967 756 2023 Sciens
784 1973 977 2023 autem
1002 1985 1172 2024 senex
1195 1969 1328 2041 quia
1354 1968 1684 2022 mandatum
1697 1967 1799 2022 Dei
1820 1967 1938 2021 vult
1957 1967 2156 2034 facere,

560 2062 620 2112 et
641 2057 833 2113 volens
861 2074 992 2113 eum
1020 2058 1247 2126 lucrari,
1262 2057 1476 2129 accepit
1492 2056 1717 2112 etbibit.
1733 2056 1833 2111 Ille
1852 2073 1982 2111 vero
2003 2056 2159 2128 prin-

559 2162 690 2219 ceps
717 2147 1004 2203 latronum
1030 2147 1418 2220 paenitentiam
1445 2147 1593 2219 apud
1610 2162 1740 2201 eum
1768 2146 1903 2216 egit,
1929 2145 2151 2201 dicens:

558 2236 792 2307 Ignosce
818 2236 976 2304 mihi,
1009 2236 1172 2305 abba,
1203 2237 1336 2308 quia
1362 2236 1687 2291 contristavi
1714 2241 1792 2290 te.
1832 2236 1901 2289 Et
1946 2235 2084 2290 dicit
2111 2235 2161 2290 ei

459 2352 465 2359 -
559 2338 730 2381 senex
762 2344 773 2380 :
810 2326 989 2382 Credo
1009 2326 1068 2381 in
1080 2327 1196 2382 Deo
1210 2343 1355 2394 meo,
1388 2325 1523 2398 quia
1537 2342 1640 2397 per
1658 2326 1809 2380 hunc
1841 2325 2070 2379 calicem
2086 2325 2163 2380 fa-

557 2413 666 2470 ciet
685 2415 1129 2471 misericordiam
1159 2421 1346 2471 tecum
1375 2422 1433 2470 et
1462 2415 1521 2469 in
1541 2415 1646 2470 hoc
1670 2415 1892 2481 saeculo,
1915 2420 1973 2469 et
2001 2414 2061 2469 in
2079 2413 2162 2469 fu-

556 2508 707 2559 turo.
740 2504 811 2560 Et
828 2504 1118 2577 respondit
1146 2504 1361 2576 primus
1391 2504 1676 2559 latronum
1711 2522 1723 2558 :
1763 2504 1833 2558 Et
1864 2520 1967 2574 ego
1992 2503 2157 2557 credo

554 2591 617 2647 in
634 2593 911 2665 Deo,quia
927 2594 1130 2649 amodo
1150 2610 1263 2648 non
1274 2593 1476 2648 faciam
1489 2593 1655 2648 alicui
1669 2593 1976 2665 quidquam
1999 2593 2153 2648 mali.

556 2680 627 2737 Et
651 2681 902 2738 lucratus
925 2688 1013 2738 est
1039 2699 1209 2738 senex
1236 2699 1402 2737 omne
1415 2683 1712 2754 collegium
1733 2683 1958 2737 illorum
1978 2682 2154 2737 latro-

554 2785 713 2839 num,
735 2788 837 2844 per
856 2771 913 2827 id
932 2773 1081 2844 quod
1109 2789 1168 2827 se
1196 2778 1429 2845 propter
1446 2773 1626 2828 Deum
1646 2771 1860 2827 dimisit
1878 2771 2152 2827 voluntati

552 2873 750 2916 eorum
758 2902 771 2917 .

624 2949 715 3007 ‘13.
747 2946 899 3006 Dixit
916 2949 1089 3007 abbas
1110 2950 1483 3024 Hyperichius
1516 2971 1528 3006 :
1563 2951 1727 3023 Eripe
1768 2951 2084 3023 proximum
2117 2969 2151 3008 a

2259 629 2474 679 centem
2503 648 2516 681 :
2548 624 2695 689 Quid
2727 625 2885 692 facio,
2916 626 3051 697 quia
3078 627 3392 698 proximum
3415 634 3501 685 est
3521 637 3832 699 mercatum,

2258 720 2316 768 et
2342 730 2455 768 non
2476 713 2653 769 habeo
2684 732 2849 769 ansas
2898 732 3039 787 quas
3065 716 3347 789 imponam
3369 720 3649 790 sportellis
3675 722 3837 777 meis?

2256 802 2356 857 Ille
2377 820 2508 857 vero
2551 804 2779 859 resolvit
2807 821 2971 859 ansas
2993 821 3132 877 quas
3160 805 3506 878 imposuerat
3548 810 3831 881 sportellis,

2252 896 2310 946 et
2332 892 2493 947 fratri
2522 892 2605 947 illi
2632 893 2812 948 vicino
2841 894 3051 961 attulit,
3079 894 3269 950 dicens
3292 914 3303 949 :
3329 897 3467 952 Ecce
3495 897 3633 953 istas
3652 916 3836 971 super-

2252 980 2395 1036 ﬂuas
2416 982 2613 1050 habeo,
2645 983 2800 1050 tolle,
2833 983 3059 1055 impone
3087 983 3145 1039 in
3175 990 3394 1056 sportas
3421 991 3569 1045 tuas.
3618 988 3686 1043 Et
3715 989 3834 1044 fecit

2252 1086 2393 1141 opus
2418 1071 2609 1126 fratris
2638 1072 2728 1127 sui
2757 1074 3024 1144 perficere
3071 1073 3142 1128 ad
3185 1075 3334 1146 quod
3370 1091 3510 1148 opus
3548 1083 3687 1145 erat,
3722 1095 3836 1150 pro-

2253 1160 2441 1231 prium
2470 1166 2661 1216 autem
2691 1178 2833 1234 opus
2860 1163 3092 1235 reliquit
3119 1163 3527 1236 imperfectum.

2328 1249 2413 1306 l7.
2466 1249 2737 1306 Dicebant
2781 1252 2850 1306 de
2905 1253 3150 1323 quodam
3199 1270 3332 1309 sene
3377 1254 3434 1309 in
3473 1255 3684 1328 Scythi,
3715 1255 3839 1327 quia

2252 1339 2566 1409 aegrotavit,
2596 1346 2654 1394 et
2679 1341 2857 1395 voluit
2875 1342 3217 1396 manducare
3233 1343 3515 1398 modicum
3540 1361 3744 1416 panem
3763 1362 3840 1400 re-

2254 1433 2473 1483 centem
2505 1443 2519 1484 :
2550 1430 2658 1483 hoc
2684 1435 2873 1484 autem
2897 1432 3131 1486 audiens
3160 1432 3388 1503 quidam
3418 1434 3839 1490 exercitatorum

2252 1516 2513 1585 fratrum,
2543 1519 2677 1574 tulit
2696 1520 2959 1575 melotem
2980 1538 3160 1589 suam,
3175 1527 3232 1577 et
3254 1522 3404 1577 misit
3424 1522 3481 1577 in
3498 1540 3621 1578 eam
3642 1540 3834 1596 panem

2250 1607 2478 1674 siccum,
2524 1614 2582 1663 et
2619 1610 2825 1664 vadens
2872 1610 2932 1664 in
2959 1611 3283 1683 Egyptum,
3321 1613 3559 1667 mutavit
3586 1613 3745 1668 illum
3771 1615 3835 1669 ad

2250 1712 2453 1767 panem
2481 1704 2781 1765 recentem,
2817 1704 2875 1753 et
2902 1700 3093 1754 attulit
3118 1701 3257 1755 seni.
3304 1702 3371 1756 Et
3409 1718 3537 1757 cum
3574 1702 3836 1758 vidissent

2248 1784 2451 1840 fratres
2481 1803 2656 1857 panes
2678 1788 2801 1843 illos
2831 1795 3103 1857 recentes,
3136 1790 3325 1845 mirati
3342 1796 3502 1860 sunt;
3544 1808 3713 1847 senex
3741 1808 3835 1848 au-

2248 1880 2362 1929 tem
2392 1876 2574 1931 noluit
2590 1882 2838 1947 gustare,
2871 1878 3093 1933 dicens:
3120 1879 3264 1943 Quia
3294 1879 3725 1951 sanguisfratris
3737 1888 3833 1937 est.

2244 1964 2314 2018 Et
2342 1973 2681 2035 rogaverunt
2715 1983 2897 2034 senes,
2938 1967 3186 2023 dicentes
3224 1986 3236 2022 :
3272 1967 3501 2040 Propter
3539 1970 3720 2024 Deum
3749 1987 3837 2025 co-

2241 2054 2425 2120 mede,
2452 2072 2523 2109 ne
2548 2072 2785 2111 vacuum
2797 2057 2873 2111 sit
2897 2057 3233 2113 sacrificium
3244 2057 3433 2113 fratris
3454 2058 3635 2115 istius.
3654 2061 3836 2131 Atque

2238 2142 2320 2197 ita
2346 2150 2575 2215 rogatus
2602 2146 2862 2200 comedit.

2318 2232 2402 2287 18.
2430 2234 2628 2288 Frater
2660 2234 3027 2306 interrogavit
3054 2237 3351 2308 quemdam
3382 2237 3793 2306 senem,dicens
3820 2259 3834 2294 :

2241 2321 2365 2377 Duo
2420 2330 2553 2378 sunt
2580 2324 2800 2392 fratres,
2835 2342 2900 2379 ex
2925 2325 3126 2396 quibus
3171 2342 3317 2381 unus
3345 2326 3580 2398 quiescit
3614 2328 3670 2382 in
3700 2329 3836 2383 cella

2242 2428 2362 2478 sua,
2400 2413 2734 2484 protrahens
2775 2414 3058 2485 jejunium
3087 2432 3182 2470 sex
3228 2416 3467 2482 dierum,
3499 2423 3556 2473 et
3595 2418 3837 2473 multum

2241 2500 2347 2555 sibi
2372 2502 2620 2557 laborem
2640 2504 2961 2575 imponens;
2986 2505 3130 2559 alter
3156 2521 3285 2560 vero
3314 2506 3713 2577 aegrotantibus
3741 2509 3834 2562 de-

2239 2592 2427 2646 servit.
2468 2593 2642 2664 Cujus
2669 2610 2809 2665 opus
2850 2594 3036 2664 magis
3077 2601 3371 2667 acceptum
3414 2603 3500 2651 est
3536 2596 3649 2651 Deo
3674 2597 3701 2650 7
3730 2597 3835 2652 Re-

2236 2681 2462 2751 spondit
2489 2682 2539 2737 ei
2562 2700 2731 2737 senex
2754 2701 2768 2739 :
2805 2683 2863 2739 Si
2894 2683 3068 2738 frater
3091 2684 3204 2751 ille,
3232 2685 3327 2756 qui
3353 2701 3448 2740 sex
3476 2685 3669 2741 diebus
3681 2687 3832 2758 jeju-

2236 2769 2393 2824 nium
2417 2770 2579 2838 levat,
2613 2773 2895 2845 appendat
2922 2790 2982 2827 se
3013 2790 3114 2845 per
3136 2790 3322 2843 nares,
3349 2791 3461 2830 non
3492 2780 3673 2847 potest
3703 2792 3827 2831 esse

2234 2860 2466 2930 aequalis
2497 2861 2578 2915 illi
2608 2862 2704 2933 qui
2735 2861 3151 2918 inﬁrmantibus
3171 2863 3442 2918 deservit.

2302 2948 2391 3005 19.
2405 2950 2778 3021 Interrogavit
2798 2952 3025 3024 quidam
3044 2969 3233 3008 senem
3253 2953 3570 3025 quemdam,
3592 2954 3781 3010 dicens
3804 2974 3820 3012 :

550 3039 815 3111 peccatis,
857 3047 1069 3113 quanta
1124 3040 1226 3096 tibi
1264 3047 1349 3096 est
1384 3040 1579 3108 virtus,
1626 3038 1749 3095 sine
1786 3041 2144 3113 improperio,
2231 3036 2665 3101 Quomodosunt
2684 3040 2850 3094 modo
2872 3040 3101 3112 quidam
3120 3039 3439 3095 laborantes
3460 3042 3516 3095 in
3540 3058 3827 3097 conversa-

552 3128 819 3200 quoniam
848 3130 999 3186 Deus
1016 3136 1403 3186 convertentes
1428 3148 1542 3186 non
1578 3130 1803 3202 repellit
1829 3147 1864 3185 a
1890 3148 1969 3186 se.
2015 3132 2151 3186 Ver-
2230 3126 2403 3194 tione,
2419 3133 2477 3182 et
2499 3144 2612 3183 non
2643 3128 2924 3201 accipiunt
2946 3129 3185 3201 gratiam
3217 3130 3363 3185 sicut
3393 3130 3608 3202 antiqui
3631 3134 3820 3200 (Ruﬁl,

546 3215 684 3273 bum
713 3223 900 3274 autem
925 3219 1151 3275 malitiae
1172 3227 1229 3275 et
1258 3220 1521 3292 nequitiae
1540 3236 1651 3275 non
1669 3220 1884 3275 habitet
1906 3221 1965 3275 in
1982 3221 2147 3276 corde
2170 3273 2209 3292 η
2232 3218 2328 3270 lib.
2356 3230 2435 3281 ιιι,
2470 3235 2534 3272 η.
2567 3216 2659 3274 181
2684 3237 2697 3286 ;
2741 3220 2954 3286 Pasch.,
2988 3236 3107 3289 cap.
3138 3218 3227 3286 98,
3258 3236 3317 3273 η.
3350 3218 3398 3289 4)
3420 3220 3445 3272 7
3483 3219 3627 3274 Dicit
3652 3220 3705 3273 ei
3734 3237 3824 3275 se-

546 3311 646 3363 tuo
665 3308 933 3364 adversus
952 3308 1184 3365 fratrem
1199 3314 1381 3375 tuum,
1398 3315 1464 3365 ut
1481 3310 1660 3382 possis
1675 3309 1890 3364 dicere:
1915 3310 2147 3365 Dimitte
2168 3306 2211 3332 υ
2230 3320 2337 3359 nex
2371 3324 2384 3361 ε
2415 3306 2705 3371 Quiatunc
2736 3307 2983 3363 Charitas
3000 3312 3141 3371 erat.
3157 3314 3215 3363 et
3236 3308 3619 3381 unusquisque
3642 3310 3827 3380 proxi-

545 3396 708 3453 nobis
726 3397 917 3453 debita
938 3405 1150 3467 nostra,
1185 3399 1332 3455 sicut
1350 3404 1408 3455 et
1436 3415 1539 3455 nos
1557 3399 1898 3455 dimittimus
1927 3398 2145 3455 debito-
2230 3409 2388 3449 mum
2417 3412 2583 3451 suum
2612 3396 2872 3452 trahebat
2898 3413 3154 3466 sursum;
3185 3413 3335 3452 nunc
3361 3403 3551 3453 autem
3591 3397 3825 3470 refrige-

545 3485 703 3542 ribus
730 3487 937 3543 nostris
960 3489 1179 3557 (Matth.
1212 3492 1309 3558 γι).
1458 3486 1462 3491 ’
2230 3490 2417 3538 scente
2433 3484 2724 3551 charitate,
2739 3487 3129 3559 unusquisque
3149 3486 3466 3559 proximum
3478 3503 3641 3542 suum
3658 3486 3823 3542 deor-

616 3574 707 3632 14.
729 3576 852 3632 Duo
880 3576 1084 3633 fratres
1112 3584 1276 3634 erant
1292 3578 1352 3634 in
1367 3578 1535 3635 Cellis
1559 3597 1570 3634 ε
1593 3594 1741 3634 unus
1766 3583 1957 3634 autem
1984 3596 2050 3634 ex
2065 3578 2146 3634 eis
2227 3587 2353 3627 sum
2370 3573 2561 3639 trahit,
2596 3579 2655 3629 et
2672 3578 2970 3646 propterea
2985 3574 3228 3647 gratiam
3238 3590 3352 3630 non
3378 3576 3821 3632 meremuracci-

544 3678 715 3720 senex
739 3671 879 3733 erat,
900 3672 955 3722 et
976 3667 1211 3739 rogabat
1237 3667 1396 3723 illum
1414 3669 1508 3740 qui
1526 3673 1649 3724 erat
1655 3668 1898 3739 juvenis,
1912 3669 2102 3724 dicens
2128 3688 2140 3725 :
2227 3680 2380 3736 pere.
2870 3710 2875 3715 .

544 3753 869 3812 laneamus
897 3756 1086 3823 simul,
1133 3756 1328 3813 frater.
1363 3758 1431 3813 Et
1458 3758 1553 3812 ille
1580 3757 1720 3813 dixit
1747 3758 1798 3812 ei
1832 3776 1844 3811 :
1878 3758 2145 3814 Peccator
2296 3756 2384 3814 20.
2418 3758 2793 3813 Perrexerunt
2839 3756 3140 3829 aliquando
3181 3762 3298 3813 tres
3348 3757 3548 3814 fratres
3575 3758 3645 3813 ad
3673 3775 3819 3815 mes-

544 3861 691 3914 sum,
721 3851 779 3900 et
806 3862 920 3901 non
948 3862 1178 3917 possum
1208 3862 1439 3902 manere
1468 3851 1672 3914 tecum,
1714 3846 1859 3902 abba
1877 3847 2065 3917 (Rulf.,
2100 3852 2138 3903 ι.
2224 3857 2367 3909 sem,
2400 3849 2458 3899 et
2484 3850 2853 3916 susceperunt
2874 3849 3091 3899 certum
3116 3844 3362 3915 spatium
3391 3843 3679 3915 sexaginta
3699 3861 3820 3899 mo—

543 3946 629 4002 m,
663 3950 722 3989 η.
758 3934 903 4007 152).
938 3935 1040 3991 Ille
1067 3940 1259 3991 autem
1289 3936 1526 4008 rogabat
1545 3954 1692 4003 eum,
1713 3936 1903 3991 dicens
1926 3954 1938 3990 :
1958 3936 2140 3991 Etiam
2222 3931 2444 3988 diorum
2465 3933 2615 4004 quod
2645 3938 2923 3988 meterent
2951 3934 3219 4003 (Append.
3248 3935 3438 4001 Mart,
3472 3949 3529 3988 η.
3551 3933 3627 4003 9).
3654 3932 3817 3989 Unus

540 4038 861 4096 possumus.
883 4022 1020 4079 Erat
1036 4030 1224 4079 autem
1242 4041 1410 4080 senex
1432 4024 1526 4080 ille
1554 4026 1817 4093 mundus,
1842 4031 1900 4081 et
1917 4024 2143 4081 nolebat
2223 4026 2412 4076 autem
2444 4039 2510 4077 ex
2535 4022 2617 4077 eis
2644 4022 2768 4095 ipsa
2796 4022 2985 4094 prima
3007 4022 3099 4077 die
3126 4022 3403 4078 inﬁrmari
3430 4022 3614 4095 coepit,
3643 4028 3702 4079 et
3732 4041 3819 4079 re-

545 4111 762 4178 audire,
795 4112 928 4183 quia
956 4113 1263 4168 monachus
1291 4113 1525 4169 haberet
1539 4114 1597 4169 in
1626 4115 1875 4186 cogitatu
1904 4115 2140 4169 fornica-
2222 4127 2413 4166 versus
2440 4116 2526 4166 est
2547 4112 2617 4166 ad
2649 4112 2847 4170 cellam
2878 4128 3056 4167 suam.
3074 4112 3195 4167 Duo
3214 4116 3404 4167 autem
3421 4112 3516 4184 qui
3534 4128 3819 4168 remanse-

544 4201 776 4255 tionem.
804 4201 876 4256 Et
901 4200 1038 4256 dicit
1066 4202 1117 4256 ei
1140 4202 1339 4258 frater:
1374 4202 1605 4259 Dimitte
1630 4203 1772 4258 mihi
1799 4221 1971 4259 unam
2000 4204 2138 4259 heb—
2219 4206 2367 4269 rant,
2381 4218 2526 4257 unus
2546 4202 2709 4257 alteri
2728 4202 2869 4257 dixit
2889 4221 2899 4257 :
2917 4202 3052 4257 Ecce
3072 4202 3247 4257 frater
3264 4202 3435 4270 vides,
3468 4202 3601 4274 quia
3628 4202 3817 4258 incur-

545 4289 864 4355 domadam,
897 4296 955 4345 et
977 4289 1184 4346 iterum
1207 4291 1522 4363 loquemur.
1545 4292 1714 4347 Venit
1728 4310 1861 4364 ergo
1882 4311 2067 4361 senex,
2083 4299 2141 4350 et
2220 4290 2296 4344 rit
2322 4291 2381 4345 in
2410 4291 2800 4363 aegritudinem
2829 4292 3002 4346 frater
3031 4296 3256 4360 noster;
3293 4297 3558 4363 extorque
3586 4307 3724 4362 ergo
3753 4298 3816 4347 tu

542 4379 735 4435 volens
762 4396 892 4435 eum
906 4380 1130 4451 juvenis
1157 4380 1253 4435 ille
1278 4381 1535 4453 probare,
1558 4381 1808 4438 dicebat:
1843 4384 1908 4439 In
1935 4401 2141 4456 magna
2221 4378 2410 4434 animo
2438 4385 2556 4445 tuo,
2574 4386 2631 4435 et
2657 4397 2761 4451 ego
2787 4380 3047 4435 similiter
3060 4397 3188 4435 meo
3206 4380 3519 4452 paululum,
3543 4386 3601 4435 et
3623 4381 3821 4436 creda-

540 4474 730 4537 334
750 4470 1062 4525 tentatione
1082 4469 1293 4526 incurri
1313 4470 1670 4527 hebdomada
1684 4473 1810 4540 ista,
1834 4473 1998 4542 abba;
2019 4492 2142 4547 per.
2220 4484 2350 4522 mus
2368 4468 2428 4523 in
2449 4469 2582 4535 Deo,
2599 4470 2731 4541 quia
2752 4487 2852 4542 per
2866 4470 3179 4525 orationem
3195 4471 3244 4540 ej
3253 4486 3317 4524 us
3337 4469 3696 4541 implebimus
3712 4486 3818 4525 nos

540 4576 681 4632 gens
707 4559 855 4615 enim
884 4576 987 4632 pro
1010 4560 1324 4616 ministerio
1339 4561 1652 4633 quodamin
1666 4562 1868 4631 vicum,
1886 4562 2057 4619 incidi
2078 4565 2139 4620 in
2158 4597 2206 4633 η
2219 4557 2330 4613 duo
2357 4575 2546 4630 opera,
2563 4565 2621 4614 et
2648 4564 2923 4615 metemus
2943 4565 3162 4631 partem
3190 4558 3384 4630 ipsius.
3400 4559 3541 4614 Cum
3554 4575 3694 4630 ergo
3721 4576 3819 4614 ex-

540 4649 859 4705 mulierem.
883 4650 955 4705 Et
977 4649 1117 4707 dixit
1156 4649 1207 4705 ei
1247 4667 1452 4706 senex:
1479 4652 1649 4706 Estne
1677 4652 2042 4723 poenitentia?
2070 4654 2138 4710 Et
2162 4647 2203 4658 “’
2218 4647 2522 4719 plicassent
2532 4666 2769 4704 messem
2780 4650 3070 4705 totiusloci
3082 4649 3233 4704 illius
3244 4664 3406 4721 quem
3426 4654 3815 4720 susceperant,

540 4737 682 4793 dixit
701 4738 910 4794 frater:
942 4738 1147 4794 Etiam.
1179 4739 1359 4795 Senex
1387 4746 1575 4796 autem
1598 4740 1774 4796 dixit:
1803 4741 1922 4813 Ego
1949 4748 2137 4799 tecum
2216 4745 2492 4794 venerunt
2536 4740 2789 4812 accipere
2826 4739 3112 4795 mercedes
3139 4755 3272 4794 suas
3305 4756 3316 4792 :
3366 4743 3424 4793 et
3474 4744 3821 4807 vocaverunt

538 4833 702 4899 porto
732 4827 1094 4883 medietatem
1122 4830 1335 4900 peccati
1366 4830 1552 4902 hujus.
1604 4831 1761 4886 Tunc
1787 4831 1928 4886 dixit
1962 4832 2138 4888 frater
2216 4827 2449 4884 fratrem
2468 4829 2648 4895 illum,
2663 4829 2941 4884 dicentes:
2964 4828 3333 4896 Veni,frater,
3356 4826 3541 4899 accipe
3558 4827 3819 4884 laborem

539 4913 674 4971 ille:
722 4916 877 4972 Hodo
906 4917 1019 4972 scio
1066 4917 1198 4988 quia
1235 4936 1534 4990 possumus
1562 4919 1730 4975 simul
1776 4937 2026 4977 manere.
2068 4922 2137 4977 Et
2216 4922 2399 4973 tuum.
2424 4918 2494 4973 Et
2530 4918 2623 4973 ille
2652 4918 2793 4974 dixit
2817 4918 2898 4973 eis
2930 4936 2942 4971 :
2975 4917 3211 4982 Qualem
3238 4916 3485 4972 laborem
3514 4917 3814 4990 accipiam,

537 5011 869 5061 manserunt
891 5006 1059 5061 simul
1085 5023 1262 5079 usque
1282 5009 1355 5063 ad
1374 5010 1585 5065 exitum
1605 5026 1790 5065 suum.
2216 5008 2313 5080 qui
2334 5024 2446 5065 non
2466 5009 2708 5065 messui?
2737 5010 2806 5065 Et
2832 5008 2913 5063 illi
2929 5008 3191 5063 dixerunt
3203 5008 3255 5062 ei
3274 5026 3287 5062 :
3310 5007 3674 5063 Orationibus
3684 5024 3822 5063 con-

612 5093 696 5152 15.
729 5093 882 5150 Dixit
904 5094 1133 5166 quidam
1153 5097 1387 5152 Patrum
1412 5116 1423 5151 :
1448 5098 1508 5153 Si
1536 5098 1661 5171 quis
1682 5104 1739 5154 te
1768 5098 1996 5171 petierit
2010 5116 2133 5155 rem
2216 5105 2500 5155 summata
2528 5106 2613 5154 est
2642 5099 2873 5161 messis;
2925 5097 3051 5152 veni
3105 5114 3259 5169 ergo,
3291 5097 3475 5169 accipe
3523 5097 3821 5153 mercedes

535 5183 869 5257 aliquam,et
884 5183 1159 5241 violenter
1167 5186 1495 5258 praestiteris
1512 5187 1665 5254 ei,sit
1686 5187 1939 5243 voluntas
1955 5190 2132 5245 animi
2214 5190 2538 5244 tuas.Facta
2548 5206 2680 5261 ergo
2694 5188 2933 5261 plurima
2952 5187 3311 5243 contentione
3329 5187 3480 5241 inter
3496 5203 3593 5244 eos
3608 5186 3682 5242 de
3712 5188 3824 5242 hac

532 5274 593 5331 in
621 5273 678 5329 id
704 5274 853 5347 quod
880 5273 1068 5343 datur,
1092 5274 1237 5331 sicut
1259 5276 1531 5348 scriptum
1551 5282 1664 5331 est:
1692 5276 1834 5343 Quia
1854 5278 1902 5333 si
1922 5278 2047 5349 quis
2073 5284 2130 5334 te
2212 5295 2306 5345 re;
2340 5278 2434 5333 illo
2465 5279 2677 5334 scilicet
2705 5278 2949 5333 dicente:
2970 5278 3096 5332 Non
3116 5276 3503 5349 accipiam,qui
3530 5292 3649 5332 non
3665 5276 3824 5332 labo-

533 5366 915 5439 angariaverit
933 5366 1218 5434 milliario,
1237 5366 1374 5420 vade
1390 5382 1517 5421 cum
1534 5366 1655 5437 ipso
1676 5367 1786 5422 duo
1809 5368 2023 5433 (Matth.
2038 5372 2123 5437 v):
2210 5368 2359 5436 ravi;
2386 5368 2497 5423 illis
2523 5385 2653 5424 vero
2674 5384 2786 5423 non
2816 5366 3315 5438 acquiescentibus,
3330 5365 3437 5420 nisi
3456 5371 3514 5420 et
3541 5366 3668 5437 ipse
3684 5383 3823 5438 per-

530 5455 637 5512 hoc
661 5461 853 5511 autem
872 5461 975 5523 est,
997 5461 1063 5511 ut
1081 5455 1128 5511 si
1142 5454 1268 5527 quis
1287 5460 1345 5510 te
1356 5455 1583 5527 petierit
1593 5471 1712 5511 rem
1734 5456 2003 5529 aliquam,
2028 5458 2127 5513 des
2209 5458 2421 5530 ciperet
2433 5464 2651 5530 partem
2672 5474 2853 5521 suam,
2872 5455 3208 5511 abieruntad
3221 5454 3496 5527 judicium
3512 5455 3819 5527 cujusdam

529 5544 583 5601 ei
608 5562 676 5603 ex
702 5546 892 5602 animo
920 5550 979 5601 et
999 5544 1221 5617 spiritu.
2206 5547 2398 5619 magni
2427 5548 2596 5603 senis.
2618 5548 2688 5603 Et
2713 5547 2855 5602 dixit
2882 5546 2933 5600 ei
2963 5545 3057 5600 ille
3076 5544 3281 5601 frater:
3298 5544 3658 5600 Perreximus
3672 5550 3813 5611 tres,

604 5634 687 5692 16.
713 5635 987 5691 Dicebant
1012 5634 1082 5691 de
1112 5634 1357 5709 quodam
1383 5633 1559 5691 fratre
1586 5635 1719 5708 quia
1744 5653 1873 5693 cum
1901 5637 2123 5694 fecisset
2202 5641 2268 5693 ut
2295 5643 2634 5694 meteremus
2663 5638 2723 5693 in
2752 5654 2888 5710 agro
2916 5634 3212 5707 cujusdam
3240 5634 3311 5690 ad
3338 5634 3649 5690 mercedes.
3666 5635 3812 5690 Cum

524 5728 747 5801 sportas
764 5729 823 5781 et
835 5724 1119 5797 posuisset
1136 5725 1217 5783 eis
1237 5740 1403 5785 ansas
1419 5727 1606 5801 (Ilum,
1639 5728 1735 5784 lib.
1762 5743 1839 5798 ιιι,
1854 5744 1928 5804 ⁸η.
1964 5726 2112 5801 147),
2200 5733 2392 5786 autem
2419 5727 2852 5786 venissemusad
2875 5727 3061 5785 locum
3088 5740 3256 5799 quem
3279 5723 3519 5782 messuri
3543 5739 3781 5784 eramus
