3934 6378
98 301 212 357 977

1422 303 1661 360 VERBA
1699 303 2089 360 SENIORUM.

3283 305 3390 364 978

98 427 233 499 ipsa
253 426 442 499 prima
457 424 550 482 die
576 425 635 482 in
659 425 993 498 aegritudine
1013 424 1205 491 cecidi,
1230 429 1288 480 et
1310 442 1566 483 reversus
1586 444 1710 484 sum
1728 426 2211 499 Acogitationem,
2239 427 2372 483 tulit
2398 442 2496 483 vas
2525 432 2583 484 et
2609 428 2745 485 lavit
2788 430 2993 488 vulnus
3032 430 3186 488 senis
3212 430 3384 499 illius,

100 515 164 570 in
186 515 391 571 cellam
418 532 624 583 meam,
645 532 749 571 nec
772 532 889 571 una
900 515 991 570 die
1014 520 1225 570 metere
1253 517 1559 587 praevalens
1586 534 1714 572 cum

102 604 209 659 eis.
244 605 316 660 Et
340 621 491 661 nunc
510 610 719 676 cogunt
745 621 837 659 me
866 604 977 665 isti,
1011 603 1263 659 dicentes
1289 622 1299 658 :
1332 605 1548 672 Frater,
1563 606 1709 671 veni,

100 694 300 766 accipe
328 694 616 750 mercedes
643 693 739 749 ubi
760 710 873 749 non
903 692 1195 748 laborasti.
1224 693 1499 750 Dixerunt
1525 700 1715 751 autem

102 788 165 838 et
190 782 279 838 illi
298 783 502 839 fratres
526 801 541 838 :
573 783 790 838 Revera
814 782 1163 854 perreximus
1183 788 1414 849 metere,
1442 789 1500 839 et
1526 801 1716 840 susce-

100 871 301 944 pimus
336 872 587 944 spatium
612 872 907 943 sexaginta
933 872 1252 927 modiorum
1282 873 1431 944 quod
1474 879 1718 928 metere-

101 977 270 1028 mus;
298 965 356 1015 et
383 960 430 1015 si
446 962 747 1017 fuissemus
768 961 874 1016 toti
893 967 1029 1028 tres,
1046 978 1173 1016 cum
1193 962 1395 1032 grandi
1414 962 1604 1017 labore
1628 963 1717 1017 vix

102 1050 491 1123 potuissemus
513 1051 787 1123 explicare
818 1050 991 1117 illud;
1015 1050 1364 1106 orationibus
1391 1056 1581 1106 autem
1611 1051 1718 1107 fra-

101 1140 213 1195 tris
244 1140 419 1211 hujus
453 1157 556 1195 nos
584 1140 695 1196 duo
728 1140 975 1195 velocius
1011 1156 1181 1211 quam
1212 1145 1328 1195 tres
1352 1141 1638 1212 potuimus
1662 1148 1721 1197 et

105 1229 528 1285 demessuimus
570 1245 791 1301 agrum.
833 1235 890 1284 et
916 1229 1153 1283 dicimus
1201 1230 1253 1284 ei
1289 1248 1300 1284 :
1333 1231 1495 1297 Veni,
1531 1231 1719 1303 accipe

110 1318 406 1374 mercedes
436 1323 585 1385 tuas,
616 1325 675 1375 et
704 1336 817 1374 non
847 1319 981 1373 vult.
1010 1320 1127 1373 Hoc
1156 1324 1348 1373 autem
1371 1320 1605 1375 audiens
1629 1338 1719 1376 se-

105 1424 238 1474 nex,
272 1408 511 1463 miratus
541 1413 644 1474 est,
679 1414 737 1463 et
781 1407 924 1463 dixit
975 1408 1075 1463 uni
1120 1409 1189 1462 de
1219 1409 1506 1465 monachis
1552 1410 1669 1465 suis
1702 1428 1713 1464 :

106 1497 350 1552 Percute
363 1497 589 1568 signum
612 1497 727 1567 (45)
746 1497 805 1551 in
834 1498 975 1552 cella
998 1497 1257 1565 fratrum,
1289 1504 1352 1553 ut
1376 1504 1720 1571 congregent

106 1602 170 1641 se
199 1586 293 1642 hic
320 1603 535 1642 omnes.
568 1587 676 1652 Qui
699 1604 826 1642 cum
853 1586 1157 1654 venissent,
1180 1587 1324 1642 dixit
1349 1589 1428 1643 eis
1456 1607 1468 1642 :
1497 1589 1716 1656 Venite,

1797 523 1854 572 et
1881 516 2153 588 recolligit
2172 516 2354 589 ipsam
2381 533 2587 589 aquam
2614 517 2674 574 in
2705 534 2832 574 vase
2855 539 2869 582 :
2901 525 2959 574 et
2985 521 3206 592 quoties
3224 520 3386 577 sitie-

1796 606 1911 672 bat,
1943 623 2011 661 ex
2039 623 2105 662 ea
2132 604 2375 661 bibebat.
2419 607 2601 678 Cmpit
2643 613 2833 663 autem
2868 608 3077 665 iterum
3118 610 3385 683 cogitatio

1797 712 1902 751 sua
1932 695 2231 752 sollicitare
2260 711 2409 763 eum,
2442 695 2633 750 dicens
2667 714 2678 750 :
2715 696 2773 750 Si
2803 713 2917 753 non
2945 697 3027 752 vis
3054 698 3267 770 fugere,
3301 699 3387 755 vel

1798 802 1911 841 non
1936 785 2094 841 bibas
2125 785 2361 841 fetorem
2412 784 2580 841 hunc.
2621 785 2820 841 Frater
2858 793 3049 843 autem
3094 788 3189 844 ille
3235 787 3387 845 labo-

1799 873 1978 940 rabat,
2003 880 2061 929 et
2086 875 2395 930 toleranter
2421 872 2655 940 ferebat,
2687 873 2884 932 bibens
2913 876 3226 932 lavaturam
3260 878 3387 933 vul-

1796 963 1948 1019 neris
1976 964 2144 1018 illius.
2182 964 2250 1020 Et
2275 980 2404 1019 cum
2433 964 2514 1018 ita
2536 963 2885 1020 ministraret
2912 965 3051 1033 seni,
3083 965 3223 1021 vidit
3240 967 3391 1022 Deus

1798 1053 2130 1107 charitatem
2157 1053 2366 1108 laboris
2395 1053 2443 1123 ej
2452 1070 2535 1112 us.
2556 1059 2615 1108 et
2636 1053 2793 1110 illam
2812 1054 3126 1111 lavaturam
3143 1055 3392 1113 vulneris

1800 1144 1859 1196 in
1887 1158 2093 1214 aquam
2120 1141 2550 1197 mundissimam
2578 1142 2765 1210 vertit,
2807 1148 2865 1199 et
2901 1160 3096 1199 senem
3123 1142 3390 1203 invisibili

1800 1232 2210 1287 medicamento
2247 1231 2486 1287 sanavit.

2065 1320 2411 1376 LIBELLUS
2437 1320 2752 1377 DECIMUS
2783 1320 3130 1378 OCTAVUS.

2040 1411 2115 1464 De
2138 1411 2504 1479 pravidentzâ€™a
2531 1412 2641 1464 sive
2680 1414 3154 1482 contemplatione.

1875 1500 1925 1557 1.
1948 1499 2147 1553 Frater
2163 1498 2303 1553 abiit
2320 1498 2391 1553 ad
2410 1498 2608 1554 cellam
2631 1498 2851 1555 abbatis
2865 1500 3087 1555 Arsenii
3107 1500 3167 1556 in
3184 1501 3396 1575 Scythi,

1803 1594 1859 1643 et
1878 1588 2121 1643 attendit
2140 1605 2240 1660 per
2259 1588 2581 1654 fenestram,
2598 1594 2656 1644 et
2673 1588 2816 1644 vidit
2830 1606 3023 1643 senem
3035 1594 3217 1645 totum
3239 1589 3403 1663 quasi

106 1674 336 1742 fratres,
362 1681 420 1730 et
438 1675 629 1730 audite
652 1676 819 1730 hodie
831 1678 1048 1746 justum
1061 1676 1360 1747 judicium.
1377 1677 1722 1733 Etindicavit
1803 1678 2030 1749 igneum
2066 1697 2077 1732 :
2111 1683 2234 1733 erat
2260 1681 2450 1733 autem
2480 1676 2655 1731 frater
2682 1677 2777 1732 ille
2807 1678 3012 1749 dignus
3040 1678 3138 1751 qui
3157 1679 3296 1734 talia
3318 1679 3402 1736 in-

109 1764 193 1820 eis
215 1764 410 1820 omnia
432 1770 692 1832 senex,et
712 1766 1052 1836 adjudicavit
1078 1765 1311 1820 fratrem
1331 1766 1509 1833 illum,
1535 1773 1600 1822 ut
1628 1752 1779 1823 ac-B
1798 1772 2071 1822 tueretur.
2106 1768 2174 1821 Et
2203 1782 2330 1821 cum
2365 1766 2661 1837 pulsasset,
2708 1782 2966 1838 egressus
2996 1773 3083 1823 est
3109 1784 3297 1835 senex,
3344 1773 3404 1824 et

109 1854 328 1926 ciperet
356 1855 641 1910 mercedes
669 1871 818 1921 suas,
852 1862 910 1909 et
935 1854 1144 1909 faceret
1163 1872 1228 1909 ex
1259 1856 1345 1909 his
1367 1856 1716 1911 mercedibus

110 1945 262 2016 quod
293 1944 414 2017 ipse
435 1945 619 2000 vellet.
650 1947 715 2000 Et
746 1946 1005 2001 discessit
1023 1946 1198 2001 frater
1229 1947 1323 2001 ille
1353 1948 1715 2004 contristatus

110 2039 169 2090 et
194 2034 445 2106 plorans,
469 2035 629 2107 quasi
659 2035 1047 2107 praejudicium
1068 2052 1285 2108 passus.

180 2122 274 2180 21.
305 2124 536 2180 Dicebat
575 2124 804 2197 quidam
840 2141 1007 2179 senex
1042 2143 1056 2181 :
1103 2126 1248 2190 Quia
1288 2126 1489 2181 Patres
1537 2127 1716 2181 nostri

109 2213 575 2270 consuetudinem
609 2213 930 2269 habuerunt
947 2214 1135 2269 venire
1158 2215 1229 2269 ad
1254 2215 1425 2269 cellas
1444 2232 1712 2271 novorum

109 2303 376 2370 fratrum,
401 2303 498 2375 qui
526 2303 764 2358 solitarii
793 2304 1110 2359 conversari
1138 2304 1409 2369 volebant,
1446 2310 1504 2359 et
1526 2306 1715 2360 visita-

109 2390 251 2447 bant
273 2408 387 2457 eos,
417 2409 488 2448 ne
508 2393 632 2465 quis
646 2409 840 2447 eorum
853 2397 1103 2447 tentatus
1126 2409 1160 2447 a
1180 2393 1528 2449 daemonibus
1554 2395 1716 2449 laede-

107 2487 272 2537 retur
288 2486 481 2548 685
507 2498 542 2536 a
569 2482 905 2553 cogitatione
930 2499 1050 2537 sua.
1082 2483 1152 2537 Et
1181 2482 1229 2537 si
1260 2483 1484 2555 quando
1510 2483 1714 2555 aliquis

108 2570 713 2628 eoruminveniebatur
730 2573 912 2639 laesus,
930 2571 1283 2627 adducebant
1304 2589 1431 2627 eum
1454 2572 1525 2627 ad
1545 2574 1714 2629 eccle-

113 2660 285 2728 siam,
313 2667 373 2717 et
388 2660 701 2733 ponebatur
720 2661 891 2733 pelvis
912 2678 1042 2716 cum
1063 2678 1229 2733 aqua,
1248 2666 1306 2716 et
1330 2660 1498 2717 fiebat
1526 2679 1628 2734 pro
1646 2679 1712 2717 eo

108 2750 297 2806 oratio
319 2750 417 2823 qui
441 2750 849 2807 tentationibus
873 2750 1182 2818 laborabat,
1216 2756 1274 2806 et
1301 2752 1565 2807 lavabant
1591 2769 1714 2808 om-

107 2856 213 2896 nes
255 2838 460 2895 fratres
487 2856 691 2896 manus
727 2856 857 2896 suas
886 2841 945 2895 in
980 2841 1144 2911 pelvi,
1188 2845 1246 2895 et
1275 2840 1717 2913 perfundebatur

105 2945 262 3001 aqua
278 2928 378 2984 illa
394 2928 556 2984 fratri
585 2929 682 3001 qui
695 2929 1039 2997 tentabatur,
1058 2935 1228 3001 atque
1252 2929 1334 2985 ita
1361 2930 1554 2986 statim
1581 2947 1712 3003 pur-

103 3018 356 3091 gabatur
390 3018 566 3077 frater
592 3020 710 3075 ille.

1796 1856 1936 1911 vidit
1963 1859 2196 1910 fratrem
2225 1855 2384 1909 illum
2414 1860 2754 1926 stupentem,
2789 1861 2846 1911 et
2883 1856 3022 1911 dicit
3040 1856 3092 1912 ei
3122 1879 3136 1914 :
3166 1857 3276 1913 Diu
3314 1862 3403 1913 est

1799 1946 1948 2017 quod
1968 1945 2057 2000 hic
2076 1945 2300 2017 pulsas?
2323 1961 2394 1999 ne
2412 1944 2625 2015 aliquid
2643 1944 2831 1999 vidisti
2854 1944 2877 1999 7
2900 1946 2968 1999 Et
2992 1946 3086 2000 ille
3106 1945 3400 2019 respondit

1798 2036 1849 2090 ei
1880 2058 1892 2090 :
1925 2036 2071 2090 Non.
2106 2036 2174 2089 Et
2199 2035 2521 2106 colloquens
2547 2050 2677 2089 cum
2703 2050 2788 2100 eo,
2823 2034 3039 2089 dimisit
3065 2051 3215 2091 eum.

1866 2124 1920 2178 2.
1962 2124 2118 2179 Dixit
2143 2123 2315 2178 abbas
2352 2124 2551 2179 Daniel
2574 2125 2772 2192 (Ruf/1,
2808 2126 2904 2179 lib.
2942 2137 3026 2191 In,
3056 2140 3115 2179 Î·.
3150 2121 3259 2195 38),
3296 2125 3393 2197 qui

1797 2218 1921 2268 erat
1948 2213 2256 2285 discipulus
2286 2212 2503 2267 abbatis
2531 2212 2772 2277 Arsenii,
2805 2212 2937 2284 quia
2958 2214 3210 2270 narravit
3228 2213 3395 2268 eiâ€˜abâ€”

1795 2302 1896 2358 bas
1927 2302 2217 2369 Arsenius,
2260 2307 2537 2373 tanquam
2568 2301 2638 2356 de
2663 2301 2774 2357 alio
2802 2301 2991 2374 aliquo
3020 2302 3211 2357 dicens
3236 2303 3399 2375 (puto

1798 2398 1989 2447 tamen
2021 2392 2169 2464 quod
2208 2391 2277 2445 de
2306 2407 2372 2446 eo
2413 2390 2747 2460 dicebatur),
2781 2391 2913 2462 quia
2941 2408 3069 2447 cum
3095 2391 3316 2447 sederet
3340 2391 3401 2447 in

1797 2482 1941 2537 cella
1967 2498 2071 2536 sua
2099 2480 2329 2552 quidam
2350 2496 2570 2547 senum,
2603 2479 2754 2534 venit
2778 2496 2880 2535 vox
2900 2480 3089 2536 dicens
3117 2481 3170 2535 ei
3194 2497 3209 2537 :
3232 2480 3394 2550 Veni,

1796 2571 2091 2626 ostendam
2122 2569 2223 2624 tibi
2251 2585 2424 2641 opera
2451 2569 2764 2624 hominum.
2799 2569 2868 2625 Et
2885 2586 3122 2642 surgens
3149 2570 3304 2637 exiit,
3336 2574 3396 2626 et

1797 2660 1958 2715 duxit
1985 2676 2114 2715 eum
2137 2659 2196 2713 in
2219 2658 2520 2731 quemdam
2552 2659 2758 2726 locum,
2778 2664 2836 2714 et
2854 2658 3099 2714 ostendit
3117 2658 3169 2714 ei
3184 2658 3401 2715 Ethio-

1797 2766 1928 2822 pem
1958 2749 2297 2804 incidentem
2330 2749 2500 2820 ligna,
2526 2753 2582 2803 et
2600 2748 2896 2804 facientem
2926 2748 3205 2804 sarciam
3228 2765 3396 2821 gran-

1798 2840 1947 2907 dem,
1984 2844 2043 2894 et
2069 2837 2326 2894 tentabat
2364 2843 2590 2910 portare
2628 2854 2775 2905 eam,
2807 2842 2866 2893 et
2909 2854 3023 2894 non
3067 2842 3307 2911 poterat,
3340 2844 3400 2894 et

1797 2945 1899 3001 pro
1940 2945 2006 2983 eo
2033 2933 2101 2984 ut
2129 2928 2376 2983 auferret
2414 2944 2479 2983 ex
2507 2927 2728 2983 sarcina
2754 2926 2873 2992 illa,
2902 2926 3023 2983 ibat
3048 2927 3201 2995 item,
3225 2932 3284 2983 et
3309 2926 3394 2983 in-

1794 3017 2015 3074 cidebat
2041 3005 2214 3089 ï¬gna,
2248 3022 2306 3073 et
2342 3015 2585 3072 addebat
2609 3017 2682 3072 ad
2712 3016 2993 3072 sarcinam
3025 3034 3043 3073 :
3070 3016 3177 3072 hoc
3203 3020 3397 3073 autem

175 3107 271 3166 22.
293 3108 417 3164 Duo
435 3125 597 3165 senes
615 3108 808 3164 multis
838 3108 1003 3164 annis
1031 3109 1203 3164 simul
1219 3110 1533 3166 conversati
1554 3116 1704 3177 sunt,
1728 3112 1772 3174 Î¿
1794 3107 2032 3163 faciebat
2073 3107 2303 3162 diutius.
2346 3107 2415 3161 Et
2452 3106 2759 3178 procedens
2788 3106 3101 3178 paululum,
3148 3105 3395 3161 ostendit

105 3203 165 3255 et
182 3214 481 3270 nunquam
502 3200 653 3254 inter
680 3216 739 3254 se
769 3198 925 3253 litem
954 3198 1508 3269 habuerunt(Ru/f.,l.
1535 3215 1618 3267 In,
1648 3218 1708 3257 Î·.

104 3286 218 3359 96).
241 3287 394 3343 Dixit
412 3294 601 3343 autem
624 3304 771 3343 unus
794 3288 957 3343 alteri
981 3306 994 3345 :
1016 3288 1308 3343 Faciamus
1324 3294 1381 3343 et
1406 3306 1508 3344 nos
1537 3306 1710 3345 unam

100 3378 291 3438 litem,
311 3377 457 3433 sicut
474 3378 731 3433 homines
758 3378 990 3432 faciunt.
1012 3378 1080 3431 Et
1102 3378 1196 3432 ille
1217 3378 1507 3449 respondit
1524 3378 1704 3447 fratri,

101 3467 301 3523 dicens
334 3486 345 3521 :
378 3467 579 3522 Nescio
608 3467 849 3539 qualiter
878 3468 977 3521 fiat
1005 3467 1096 3524 lis.
1130 3468 1200 3522 Et
1236 3468 1332 3522 ille
1362 3467 1539 3523 dixit:
1571 3469 1708 3524 Ecce

101 3573 259 3631 pono
285 3556 344 3611 in
372 3557 557 3612 medio
584 3557 936 3621 laterculum,
972 3562 1030 3611 et
1059 3573 1163 3627 ego
1203 3557 1326 3612 dico
1355 3575 1367 3610 :
1400 3558 1588 3612 Meum
1624 3564 1709 3613 est

102 3648 235 3703 hoc.
267 3647 351 3702 Tu
379 3651 568 3702 autem
597 3646 686 3701 dic
719 3664 731 3701 :
764 3647 911 3712 Non,
942 3646 1041 3700 sed
1082 3662 1271 3701 meum
1320 3651 1437 3711 est;
1476 3646 1607 3702 inde
1636 3647 1710 3702 sit

105 3736 226 3791 litis
253 3736 499 3791 initium.
533 3736 849 3791 Posuerunt
884 3752 1016 3805 ergo
1058 3740 1263 3790 testam
1292 3736 1352 3790 in
1381 3736 1567 3791 medio
1596 3738 1705 3804 sui,

105 3831 168 3882 et
194 3825 333 3881 dicit
358 3842 504 3882 unus
524 3842 722 3881 eorum
751 3845 763 3880 :
796 3827 983 3880 Meum
1005 3830 1090 3880 est
1120 3826 1243 3880 hoc.
1270 3826 1339 3880 Et
1357 3826 1501 3881 alter
1529 3826 1668 3880 dixit
1691 3844 1703 3879 :

103 3917 258 3983 Non,
291 3916 388 3971 sed
416 3932 605 3971 meum
634 3920 738 3970 est.
772 3916 841 3971 Et
875 3915 969 3969 ille
1019 3914 1310 3987 respondit
1357 3915 1409 3970 ei
1464 3932 1477 3971 :
1524 3916 1708 3970 Etiam

102 4012 275 4062 tuum
305 4010 425 4072 est;
458 4005 591 4060 tolle
619 4021 751 4075 ergo
780 4010 837 4059 et
878 4004 1036 4059 vade.
1080 4005 1148 4059 Et
1173 4004 1569 4071 discesserunt,
1604 4022 1708 4059 nec

101 4094 450 4151 contendere
478 4094 627 4150 inter
653 4111 713 4149 se
737 4098 1058 4166 potuerunt.

180 4182 271 4242 23.
300 4184 497 4239 Frater
523 4184 725 4255 aliquis
752 4181 1120 4253 interrogavit
1146 4199 1339 4237 senem
1378 4183 1701 4254 quemdam,

103 4275 305 4330 dicens
339 4292 352 4329 :
387 4274 446 4329 Si
471 4274 662 4329 videro
703 4273 953 4339 fratrem,
988 4272 1058 4327 de
1088 4288 1199 4343 quo
1228 4272 1415 4327 audivi
1458 4273 1707 4345 aliquam

1794 3198 1846 3252 ei
1876 3197 2164 3252 hominem
2185 3212 2381 3252 rursus
2408 3199 2653 3250 stantem
2680 3210 2853 3266 super
2879 3194 3083 3260 lacum,
3108 3197 3167 3248 et
3194 3193 3393 3266 imple-

1791 3287 1872 3341 vit
1908 3302 2003 3341 vas
2034 3302 2198 3357 aqua,
2232 3289 2290 3340 et
2331 3299 2400 3339 ex
2437 3300 2502 3338 eo
2550 3282 2937 3338 iufundentem
2993 3283 3053 3337 in
3083 3282 3388 3339 cisternam

1790 3381 2097 3448 pertusam,
2114 3391 2236 3446 quae
2263 3374 2509 3429 cisterna
2534 3374 2744 3427 iterum
2763 3388 2971 3444 aquam
2990 3372 3173 3444 ipsam
3200 3372 3387 3428 refun-

1790 3466 2028 3521 debatiu
2051 3466 2255 3519 lacum.
2282 3464 2351 3519 Et
2379 3463 2517 3519 dicit
2543 3463 2596 3518 ei
2622 3462 2867 3517 iterum:
2900 3461 3063 3528 Veni,
3093 3462 3386 3519 ostendam

1789 3555 1893 3611 tibi
1922 3555 2075 3610 aliud
2098 3573 2111 3622 ;
2146 3559 2203 3609 et
2231 3570 2356 3608 ecce
2384 3553 2497 3607 vidi
2534 3552 2829 3623 templum,
2860 3556 2920 3606 et
2946 3550 3087 3606 duos
3115 3550 3264 3606 viros
3292 3567 3384 3607 se-

1790 3645 1986 3700 dentes
2012 3644 2071 3699 in
2113 3644 2291 3715 equis,
2341 3646 2399 3701 et
2426 3646 2715 3714 portantes
2755 3640 2975 3712 lignum
3001 3646 3385 3696 transversum

1792 3750 1969 3788 unum
1988 3737 2182 3787 contra
2199 3747 2375 3787 unum
2403 3748 2415 3783 :
2436 3729 2696 3785 volebant
2714 3734 2906 3785 autem
2925 3744 3027 3800 per
3037 3729 3274 3800 januam
3299 3728 3385 3784 in-

1790 3828 1943 3877 trare
1970 3822 2031 3877 in
2059 3821 2352 3893 templum,
2385 3824 2443 3875 et
2469 3835 2582 3875 non
2608 3823 2869 3892 poterant
2901 3822 3133 3890 propter
3163 3817 3382 3889 lignum

1791 3911 1948 3978 illud,
1980 3911 2128 3982 quod
2165 3910 2224 3965 in
2269 3914 2586 3964 transverso
2634 3906 2953 3980 portabant,
2987 3911 3045 3961 et
3083 3922 3197 3962 non
3224 3906 3383 3961 incli-

1787 4007 1987 4056 nantes
2015 4017 2075 4055 se
2120 4016 2268 4055 unus
2299 4004 2424 4071 post
2451 3998 2644 4065 alium,
2677 4002 2743 4053 ut
2785 3997 2946 4052 ï¬eret
2971 3995 3193 4067 lignum
3239 3993 3382 4050 illud

1788 4092 2082 4155 directum,
2121 4092 2515 4144 remanserunt
2542 4086 2679 4141 foris
2709 4090 2871 4140 extra
2894 4086 3129 4157 januam
3160 4082 3380 4155 templi.

1789 4181 1860 4236 Et
1882 4197 2009 4235 cum
2037 4180 2439 4250 interrogasset
2466 4176 2603 4250 quid
2638 4176 2745 4231 hoc
2775 4178 2944 4243 esset,
2976 4173 3070 4229 ille
3094 4172 3386 4245 respondit

1790 4270 1876 4325 ei:
1908 4270 1979 4345 H_i
1998 4274 2132 4326 sunt
2160 4269 2255 4341 qui
2280 4272 2507 4341 portant
2536 4266 2688 4322 velut
2700 4264 2937 4336 justitim
2964 4279 3093 4319 cum
3120 4259 3386 4335 superbia

101 4364 354 4436 culpam,
386 4379 499 4419 non
539 4378 768 4435 possum
795 4362 1031 4417 suadere
1058 4361 1247 4416 animo
1279 4379 1404 4417 meo
1432 4367 1496 4417 ut
1524 4362 1705 4417 intro-
1782 4361 2004 4431 jugum,
2036 4365 2094 4414 et
2121 4358 2401 4414 humiliati
2421 4373 2534 4413 non
2552 4360 2687 4411 sunt
2705 4359 2771 4410 ut
2793 4353 3080 4425 corrigant
3104 4368 3166 4408 se
3184 4356 3245 4407 et
3265 4368 3384 4407 am-

103 4454 313 4511 ducam
341 4468 471 4509 eum
499 4452 559 4508 in
581 4453 781 4507 cellam
819 4468 1003 4507 meam
1029 4470 1041 4520 ;
1073 4452 1122 4507 si
1159 4456 1349 4506 autem
1370 4451 1576 4507 vvidero
1605 4451 1706 4507 bo-
1728 4437 1983 4505 Dbulent
2000 4448 2290 4504 humiliter
2308 4447 2368 4502 in
2396 4446 2484 4501 via
2513 4444 2741 4511 Christi;
2774 4449 3006 4516 propter
3033 4439 3183 4514 quod
3211 4446 3271 4496 et
3296 4456 3383 4496 re-

101 4559 249 4599 num
273 4541 522 4610 fratrem,
553 4543 739 4615 ipsum
788 4541 1029 4597 libenter
1072 4541 1332 4612 suscipio.
1366 4541 1436 4595 Et
1472 4541 1613 4596 dixit
1657 4541 1708 4595 ei
1790 4544 2023 4594 manent
2041 4536 2225 4593 forisa
2250 4551 2423 4607 regno
2452 4534 2574 4589 Dei.
2598 4534 2698 4590 Ille
2722 4536 2913 4588 autem
2941 4530 3039 4604 qui
3066 4530 3222 4602 ligna
3246 4529 3386 4585 inci-

103 4650 320 4690 senex:
353 4633 414 4688 Si
449 4631 585 4688 facis
609 4632 823 4689 bonum
852 4630 1013 4686 fratri
1042 4630 1213 4699 bono,
1233 4630 1315 4684 illi
1345 4646 1546 4701 parum
1574 4650 1588 4692 ;
1624 4630 1709 4684 al-

101 4722 219 4779 teri
247 4721 483 4794 duplum
510 4722 792 4794 impende,
817 4721 936 4793 ipse
963 4726 1049 4775 est
1070 4720 1220 4774 enim
1244 4719 1341 4790 qui
1365 4719 1703 4775 infirmatur.

180 4811 272 4868 24.
317 4811 470 4867 Dixit
509 4812 740 4884 quidam
783 4827 950 4865 senex
985 4829 997 4865 :
1047 4810 1351 4880 Nunquam
1398 4808 1708 4863 desideravi

104 4918 254 4975 opus
291 4902 440 4973 quod
475 4902 613 4958 mihi
652 4902 791 4956 utile
830 4905 995 4965 esset,
1029 4904 1087 4955 et
1134 4898 1299 4953 fratri
1333 4914 1458 4952 meo
1487 4898 1710 4969 dispen-

105 4993 270 5048 dium
299 4991 525 5058 faceret,
544 4990 866 5062 hujusmodi
887 4989 1097 5044 habens
1118 5005 1297 5060 spem,
1336 4987 1469 5058 quia
1486 4988 1708 5042 lucrum

104 5080 303 5139 fratris
331 5081 464 5149 mei,
495 5097 635 5154 opus
663 5078 1112 5136 fructificationis
1144 5084 1230 5133 est
1259 5076 1419 5132 mihi.

180 5171 272 5231 25.
293 5171 534 5237 Quidam
551 5170 729 5225 frater
748 5173 871 5223 erat
892 5168 1148 5223 minister
1179 5167 1470 5239 cujusdam
1502 5166 1705 5222 Patris.

109 5260 363 5332 Contigit
382 5265 574 5316 autem
598 5264 666 5315 ut
692 5259 894 5314 vulnus
917 5259 1078 5314 fieret
1104 5257 1164 5312 in
1181 5273 1413 5328 corpore
1442 5256 1612 5321 senis,
1651 5261 1711 5311 et

107 5352 298 5410 sanies
345 5351 527 5406 multa
554 5367 621 5406 ex
650 5365 716 5405 eo
741 5365 870 5405 cum
915 5347 1093 5403 fetore
1122 5348 1447 5420 proï¬‚ueret.
1478 5346 1711 5401 Dicebat

109 5448 306 5500 autem
325 5440 592 5512 cogitatio
610 5455 715 5495 sua
736 5438 895 5494 fratri
915 5437 998 5493 illi
1018 5437 1113 5509 qui
1139 5436 1190 5491 ei
1211 5435 1560 5492 deserviebat
1581 5453 1593 5489 :
1621 5436 1712 5491 Di-

110 5532 276 5591 scede
301 5531 452 5599 hinc,
480 5530 615 5602 quia
642 5544 756 5585 non
776 5533 934 5600 potes
959 5526 1240 5583 sustinere
1266 5526 1502 5581 fetorem
1525 5530 1713 5597 putre~

116 5623 267 5685 diuis
284 5620 469 5683 istius.
483 5620 585 5682 Ille
605 5634 737 5681 vero
754 5616 949 5687 frater,
963 5621 1029 5675 ut
1041 5615 1374 5695 reprimeret
1388 5615 1487 5688 huj
1494 5614 1714 5675 usmodi

1791 4629 1893 4695 dit,
1943 4628 2111 4682 homo
2149 4631 2232 4681 est
2278 4626 2337 4680 in
2385 4623 2626 4697 peccatis
2663 4621 2876 4688 multis,
2907 4625 2966 4675 et
3000 4635 3102 4692 pro
3131 4618 3241 4674 illis
3269 4634 3384 4675 non

1792 4716 2332 4789 agitpaanitentiam,
2350 4730 2454 4769 nec
2471 4710 2752 4768 subtrahit
2776 4711 2845 4765 de
2867 4708 3108 4781 peccatis
3131 4707 3267 4775 suis,
3285 4708 3386 4763 sed

1790 4814 1847 4863 et
1863 4805 2187 4876 iniquitates
2198 4803 2428 4859 adhibet
2445 4818 2617 4874 supra
2637 4799 2964 4872 iniquitates
2984 4814 3133 4854 suas.
3159 4797 3268 4864 Qui
3288 4814 3385 4854 au-

1789 4902 1905 4951 tem
1942 4912 2090 4966 aqua
2143 4894 2342 4966 implet
2381 4893 2705 4957 cisternam,
2736 4890 2903 4944 homo
2948 4893 3035 4943 est
3075 4887 3173 4961 qui
3214 4903 3388 4960 opera

1792 4986 2020 5059 quidem
2045 4984 2177 5039 facit
2202 4982 2367 5049 bona,
2394 4981 2491 5037 sed
2511 4980 2653 5053 quia
2668 4978 2841 5034 habet
2869 4978 3041 5034 etiam
3069 4977 3129 5033 in
3161 4978 3243 5034 eis
3264 4994 3389 5050 per-

1791 5076 1968 5130 mixta
1994 5078 2051 5129 et
2082 5073 2251 5138 mala,
2280 5088 2382 5144 pro
2407 5071 2513 5125 hoc
2546 5069 2733 5142 perdit
2751 5068 2922 5123 etiam
2955 5072 3012 5123 et
3042 5066 3190 5122 bona
3212 5082 3386 5138 opera

1792 5181 1913 5220 sua.
1931 5164 2283 5235 Quapropter
2301 5159 2559 5217 convenit
2576 5174 2804 5214 omnem
2822 5157 3111 5213 hominem
3131 5155 3383 5211 sobrium

1794 5271 1916 5310 esse
1953 5254 2013 5309 in
2055 5250 2475 5321 considerandis
2513 5248 2776 5321 operibus
2826 5246 2963 5309 suis,
2993 5261 3064 5300 ne
3092 5244 3151 5299 in
3181 5258 3387 5299 vanum

1794 5344 2051 5399 videatur
2078 5343 2357 5399 sustinere
2388 5339 2626 5395 labores.

1774 5444 1782 5459 '
1862 5433 1915 5487 3.
1950 5433 2213 5488 Narravit
2256 5432 2463 5486 iterum
2492 5427 2664 5483 abbas
2711 5424 2929 5489 Daniel,
2962 5422 3153 5478 dicens
3183 5440 3196 5477 :
3237 5421 3389 5477 Dixit

1794 5525 1962 5579 Pater
1977 5529 2170 5577 noster
2180 5521 2355 5576 abbas
2379 5518 2651 5575 Arsenius
2672 5516 2741 5569 de
2758 5514 3001 5585 quodam
3017 5515 3212 5578 Ï‰Î´
3231 5528 3387 5578 sene,

1795 5612 1891 5688 qui
1922 5617 2046 5668 erat
2063 5626 2303 5685 magnus
2326 5610 2385 5668 in
2412 5609 2516 5666 hac
2540 5607 2672 5673 vita,
2690 5604 2926 5677 simplex
2956 5605 3147 5659 autem
3172 5600 3233 5660 in
3256 5601 3389 5671 fide,
