3934 6380
529 302 633 360 979

1678 302 1772 358 DE
1806 300 1998 358 VITIS
2033 299 2334 356 PATRUM
2367 300 2584 357 LIBER
2617 301 2686 357 ν.

3698 301 3800 362 980

529 430 586 480 et
614 425 840 480 errabat
866 442 967 496 pro
997 441 1063 479 eo
1107 426 1256 496 quod
1280 431 1404 480 erat
1429 425 1622 492 idiota,
1657 432 1715 482 et
1737 427 1975 493 dicebat,
2005 425 2382 498 nonAperire
2418 426 2638 482 labores
2666 429 2809 499 ejus,
2837 431 2896 484 et
2923 429 3132 485 reversi
3165 434 3299 486 sunt
3326 446 3455 486 cum
3484 429 3700 502 gaudio
3729 432 3796 486 ad

531 541 651 578 esse
682 525 1016 578 naturaliter
1039 540 1241 594 corpus
1269 524 1476 579 Christi
1508 542 1711 596 panem
1745 543 1911 598 quem
1944 525 2122 580 sumi-

530 631 673 678 mus,
707 614 799 667 sed
833 615 1072 684 ﬁguram
1101 614 1223 682 ejus
1269 631 1410 668 esse.
1454 615 1572 669 Hoc
1599 622 1788 670 autem
1829 615 2122 669 audientes

526 703 634 756 duo
655 719 816 756 senes
846 702 993 774 quod
1023 702 1235 756 diceret
1256 703 1404 757 hunc
1435 713 1771 770 sermOncm,
1801 709 1857 757 et
1883 705 2123 758 scientes

529 791 660 862 quia
687 808 895 862 magna
926 792 1195 845 essetvita
1227 795 1283 845 et
1296 792 1644 846 conversatio
1674 794 1817 862 ejus,
1841 793 2124 862 cogitave-

525 886 661 934 runt
682 881 814 952 quia
833 881 1161 934 innocenter
1174 886 1231 934 et
1249 881 1584 952 simpliciter
1597 882 1808 936 diceret
1830 882 1950 946 hoc,
1969 887 2027 935 et
2038 898 2124 935 ve-

527 976 734 1024 nerunt
759 971 830 1024 ad
857 987 1006 1036 eum,
1035 975 1092 1024 et
1113 969 1307 1023 dicunt
1334 970 1384 1024 ei
1417 989 1430 1024 :
1455 970 1631 1037 Abba,
1656 971 1972 1024 audivimus
2002 987 2123 1024 ser-

525 1076 746 1113 monem
770 1061 1061 1129 cujusdam
1077 1059 1340 1124 inﬁdelis,
1357 1059 1452 1130 qui
1473 1060 1608 1113 dicit
1629 1059 1760 1131 quia
1775 1059 1934 1130 panis
1957 1076 2124 1130 quem

525 1149 818 1214 sumimus,
842 1165 951 1202 non
977 1154 1183 1202 natura
1211 1165 1414 1220 corpus
1441 1149 1667 1215 Christi,
1700 1149 1798 1202 sed
1831 1150 2014 1218 ﬁgura
2039 1153 2126 1202 est

525 1239 664 1309 ejus.
699 1240 878 1293 Senex
906 1244 1097 1291 autem
1135 1239 1214 1291 ait
1252 1237 1332 1291 eis
1376 1256 1387 1292 :
1423 1239 1538 1307 Ego
1567 1255 1692 1292 sum
1720 1238 1817 1310 qui
1854 1238 1958 1291 hoc
1986 1237 2120 1291 dixi.

523 1329 611 1383 Illi
631 1333 822 1383 autem
851 1327 1126 1397 rogabant
1152 1343 1300 1391 eum,
1323 1327 1574 1382 dicentes
1609 1347 1621 1382 :
1653 1329 1780 1382 Non
1809 1328 1889 1381 sic
1906 1333 2119 1388 teneas,

522 1417 684 1484 abba,
707 1417 804 1470 sed
829 1417 974 1471 sicut
991 1416 1236 1471 Ecclesia
1265 1417 1542 1470 catholica
1569 1417 1807 1470 tradidit
1841 1435 1853 1470 :
1899 1433 2000 1470 nos
2022 1433 2124 1470 au-

520 1513 636 1560 tem
655 1507 936 1560 credimus
965 1505 1100 1576 quia
1126 1506 1287 1576 panis
1317 1506 1434 1576 ipse
1464 1523 1666 1578 corpus
1695 1505 1905 1560 Christi
1935 1511 2038 1570 est,
2069 1511 2126 1559 et

522 1597 663 1651 calix
692 1597 809 1668 ipse
840 1602 927 1650 est
952 1595 1180 1666 sanguis
1219 1596 1435 1650 Christi
1467 1595 1777 1650 secundum
1805 1595 2118 1660 veritatem,

521 1690 580 1740 et
609 1703 722 1740 non
769 1685 1074 1740 secundum
1104 1687 1344 1755 ﬁguram
1403 1703 1414 1738 :
1449 1686 1545 1739 sed
1577 1686 1722 1740 sicut
1749 1685 1804 1740 in
1849 1685 2121 1756 principio

2205 517 2373 570 cellas
2404 533 2552 572 suas.

2271 606 2326 660 4.
2351 607 2562 662 Iterum
2591 609 2711 680 ipse
2730 607 2901 664 abbas
2931 609 3130 664 Daniel
3157 609 3409 665 narravit
3425 610 3496 665 de
3525 610 3638 666 alio
3671 627 3801 666 sene

2205 711 2429 766 magno,
2463 697 2558 768 qui
2589 697 2878 752 habitabat
2905 699 2965 753 in
3011 697 3304 754 inferiores
3331 705 3522 772 partes
3549 701 3799 774 Egypti,

2206 785 2336 855 quia
2367 785 2580 840 diceret
2608 804 2710 858 per
2735 787 3153 859 simplicitatem
3202 789 3350 860 quod
3395 789 3804 845 Melchisedech

2206 874 2324 944 ipse
2355 881 2440 928 est
2461 876 2610 930 ﬁlius
2639 876 2758 931 Dei.
2788 877 2906 930 Hoc
2935 883 3124 932 autem
3150 877 3460 933 indicatum
3495 885 3582 934 est
3601 885 3808 935 sancta:

2205 964 2490 1019 memoriae
2511 966 2719 1036 Cyrillo
2741 966 3156 1038 archiepiscopo
3178 967 3644 1032 Alexandrino,et
3654 969 3808 1024 misit

2207 1053 2277 1106 ad
2302 1070 2450 1107 eum.
2475 1055 2666 1108 Sciens
2697 1061 2886 1110 autem
2909 1055 3042 1127 quia
3060 1056 3290 1127 signifer
3316 1063 3464 1112 esset
3481 1057 3577 1113 ille
3607 1075 3802 1126 senex,

2207 1149 2263 1196 et
2291 1143 2561 1214 quidquid
2593 1149 2809 1216 peteret
2853 1161 2889 1198 a
2925 1145 3041 1200 Deo
3083 1145 3436 1202 revelabatur
3461 1147 3534 1213 ei,
3584 1153 3644 1202 et
3672 1147 3807 1219 quia

2207 1232 2534 1303 simpliciter
2552 1234 2762 1288 diceret
2797 1235 2902 1288 hoc
2927 1234 3180 1303 verbum,
3203 1253 3337 1290 usus
3365 1241 3452 1292 est
3475 1237 3804 1308 hujusmodi

2207 1322 2444 1388 ratione,
2479 1323 2670 1377 dicens
2703 1323 2920 1390 :Abba,
2954 1341 3090 1395 rogo
3124 1330 3182 1380 te
3219 1325 3351 1396 quia
3375 1326 3436 1380 in
3463 1327 3804 1396 cogitatione

2207 1427 2336 1465 mea
2365 1417 2467 1476 est,
2502 1413 2650 1482 quod
2680 1413 3084 1468 Melchisedech
3121 1413 3240 1486 ipse
3267 1414 3341 1468 sit
3386 1415 3535 1470 ﬁlius
3581 1415 3714 1485 Dei;
3749 1423 3806 1472 et

2206 1517 2404 1556 rursus
2441 1501 2553 1556 alia
2604 1501 2868 1572 cogitatio
2923 1519 3052 1557 mea
3077 1503 3214 1558 dicit
3260 1504 3393 1575 quia
3423 1521 3536 1558 non
3563 1505 3656 1572 sit,
3706 1505 3806 1559 sed

2208 1589 2376 1644 homo
2405 1591 2497 1656 sit,
2530 1597 2588 1645 et
2617 1592 2874 1646 sacerdos
2905 1608 3157 1648 summus
3182 1593 3350 1647 fuerit
3374 1593 3494 1648 Dei.
3523 1594 3802 1658 Quoniam

2206 1696 2340 1748 ergo
2370 1679 2564 1734 haesito
2595 1680 2664 1734 de
2695 1681 2816 1743 hoc,
2847 1681 3052 1736 idcirco
3076 1682 3201 1736 misi
3221 1681 3292 1736 ad
3323 1687 3378 1756 te
3400 1687 3462 1738 ut
3478 1683 3800 1755 depreceris

518 1776 805 1846 pulverem
833 1775 900 1828 de
921 1780 1075 1828 terra
1103 1747 1380 1845 accipiens
1411 1774 1708 1844 plasmavit
1735 1747 2120 1828 hominemad
2141 1747 2188 1807 B
2206 1769 2404 1833 Deum,
2439 1776 2717 1840 quatenus
2746 1770 2996 1824 revelare
3016 1771 3120 1825 tibi
3152 1753 3416 1842 dignetur
3443 1771 3513 1827 de
3532 1747 3636 1827 hoc
3663 1773 3802 1844 quid

516 1864 822 1933 imaginem
876 1880 1056 1930 suam,
1109 1869 1166 1917 et
1194 1879 1360 1917 nemo
1391 1868 1578 1935 potest
1623 1863 1812 1918 dicere
1845 1865 1979 1934 quia
2008 1879 2122 1917 non

519 1959 640 2007 erat
670 1954 854 2022 imago
882 1953 1004 2016 Dei,
1023 1953 1276 2023 quamvis
1303 1953 1882 2023 incomprehensibilis
1910 1971 1926 2016 ;
1957 1953 2037 2006 ita
2065 1957 2122 2006 et

515 2060 696 2114 panis,
731 2059 898 2114 quem
944 2043 1083 2096 dixit
1117 2061 1128 2096 :
1161 2042 1305 2106 Quia
1335 2059 1536 2112 corpus
1565 2059 1753 2096 meum
1804 2049 1908 2106 est,
1937 2041 2120 2095 credi-

516 2149 642 2186 mus
671 2131 805 2202 quia
866 2132 1174 2185 sccundum
1221 2131 1512 2185 veritatem
1544 2148 1746 2202 corpus
1775 2131 1984 2185 Christi
2013 2135 2117 2184 est.

517 2225 698 2276 Senex
727 2227 916 2275 autem
957 2220 1038 2274 ait
1086 2220 1167 2274 eis
1212 2238 1224 2273 :
1266 2220 1387 2274 Nisi
1418 2221 1603 2292 reipsa
1649 2236 1978 2290 cognovero,
2011 2236 2119 2273 non

519 2311 656 2364 mihi
689 2310 960 2364 satisfacit
981 2309 1267 2381 responsio
1299 2316 1502 2364 vestra.
1524 2309 1612 2365 Illi
1643 2316 1836 2363 autem
1863 2309 2125 2362 dixerunt

514 2401 584 2454 ad
631 2416 808 2453 eum:
860 2400 1236 2470 Deprecemur
1284 2399 1463 2453 Deum
1513 2398 1864 2452 hebdomoda
1906 2399 2010 2451 hac
2054 2397 2123 2452 de

516 2489 791 2560 mysterio
815 2488 938 2553 hoc,
962 2493 1018 2541 et
1033 2487 1313 2541 credimus
1329 2487 1462 2558 quia
1481 2489 1630 2542 Deus
1652 2486 1920 2541 revelabit
1940 2486 2122 2540 nobis.

515 2580 694 2632 Senex
724 2593 855 2630 vero
886 2593 1015 2630 cum
1043 2577 1252 2647 gaudio
1289 2577 1537 2647 suscepit
1564 2592 1883 2630 sermonem
1921 2576 2114 2643 istum,

514 2671 572 2720 et
599 2665 1006 2736 deprecabatur
1033 2667 1232 2730 Deum,
1270 2665 1461 2719 dicens
1495 2684 1506 2719 :
1540 2664 1796 2730 Domine,
1830 2665 1877 2718 si
1927 2669 1990 2718 tu
2023 2681 2118 2718 co-

514 2754 734 2825 gnoscis
763 2755 1033 2824 quoniam
1061 2770 1172 2808 non
1203 2771 1304 2824 per
1335 2753 1607 2808 malitiam
1638 2753 1961 2807 incredulus
1989 2770 2115 2807 sum

519 2843 601 2896 rei
635 2843 822 2912 hujus,
857 2842 954 2894 sed
995 2858 1095 2912 per
1123 2842 1500 2909 ignorantiam
1531 2859 1734 2907 errem,
1771 2841 1955 2895 revela
1979 2857 2116 2910 ergo

518 2933 678 2996 mihi,
709 2931 943 2985 Domine
963 2932 990 2985 J
997 2948 1125 2984 esus
1148 2931 1388 2996 Christe,
1409 2931 1558 3002 quod
1580 2947 1773 2984 verum
1797 2937 1908 2986 est.
1936 2931 2045 2985 Sed
2063 2935 2120 2984 et

515 3023 597 3076 illi
628 3037 790 3075 senes
821 3019 1091 3074 abeuntes
1120 3020 1178 3074 in
1235 3021 1376 3073 cella
1423 3037 1543 3086 sua,
1595 3019 1876 3090 rogabant
1903 3025 1960 3074 et
1987 3019 2114 3091 ipsi,

2203 1858 2409 1912 veritas
2438 1858 2660 1913 habeat.
2695 1860 2876 1914 Senex
2917 1866 3110 1914 autem
3161 1859 3231 1914 de
3255 1861 3673 1916 conversatione
3697 1879 3804 1916 sua

2204 1965 2566 2019 przesumens,
2610 1964 2738 2002 cum
2773 1949 2978 2002 ﬁducia
3016 1949 3157 2004 dixit
3188 1967 3200 2004 :
3232 1950 3318 2004 Da
3351 1950 3490 2004 mihi
3545 1967 3646 2022 per
3679 1956 3802 2006 tres

2205 2037 2322 2091 dies
2348 2037 2619 2103 inducias,
2668 2043 2726 2092 et
2752 2054 2856 2108 ego
2885 2038 3153 2110 deprecor
3179 2039 3358 2094 Deum
3385 2039 3456 2094 de
3489 2040 3594 2094 hac
3623 2056 3701 2107 re,
3749 2047 3808 2094 et

2205 2127 2467 2181 renuntio
2486 2127 2584 2181 tibi
2617 2127 2766 2198 quod
2795 2127 2933 2181 mihi
2955 2127 3124 2183 fuerit
3143 2129 3448 2183 revelatum
3472 2129 3542 2184 de
3562 2129 3683 2184 hoc.
3714 2131 3806 2186 In-

2206 2222 2363 2270 trans
2392 2232 2525 2286 ergo
2569 2217 2626 2270 in
2660 2217 2860 2271 cellam
2889 2234 3067 2285 suam,
3098 2217 3503 2290 deprecabatur
3527 2219 3705 2273 Deum
3733 2219 3805 2274 de

2207 2305 2372 2360 verbo
2403 2307 2540 2374 hoc;
2581 2313 2639 2361 et
2667 2307 2892 2361 veniens
2931 2313 3059 2378 post
3099 2313 3213 2361 tres
3249 2307 3368 2362 dies
3412 2308 3552 2362 dixit
3595 2314 3806 2364 sancta:

2207 2396 2492 2450 memoriae
2522 2396 2731 2467 Cyrillo
2755 2413 2766 2448 :
2797 2397 2977 2450 Homo
3005 2399 3092 2450 est
3118 2396 3538 2451 Melchisedech.
3569 2397 3806 2452 Archia-

2207 2485 2467 2556 piscOpus
2482 2491 2669 2540 autem
2694 2485 2983 2556 respondit
3001 2485 3077 2539 ei:
3107 2487 3396 2550 Quomodo
3419 2492 3637 2541 constat
3649 2487 3804 2559 apud

2206 2581 2280 2639 te,
2312 2574 2492 2628 abba?
2528 2576 2598 2630 Et
2625 2575 2718 2629 ille
2739 2575 2878 2629 dixit
2907 2574 2958 2629 ei
2991 2593 3003 2628 :
3047 2576 3195 2630 Deus
3223 2575 3474 2630 ostendit
3499 2577 3636 2631 mihi
3671 2593 3804 2631 om-

2200 2681 2299 2719 nes
2315 2663 2677 2734 patriarchas,
2698 2664 2778 2718 ita
2795 2669 2858 2719 ut
2878 2665 3083 2734 singuli
3099 2681 3293 2720 eorum
3309 2681 3496 2720 coram
3516 2681 3605 2720 me
3620 2672 3806 2720 trans-

2199 2753 2348 2808 irent
2376 2753 2446 2808 ab
2473 2754 2653 2808 Adam
2684 2770 2862 2824 usque
2907 2753 2978 2808 ad
3008 2754 3431 2820 Melchisedech,
3482 2760 3540 2810 et
3567 2756 3806 2826 angelus

2200 2843 2470 2897 assistens
2493 2843 2631 2897 mihi
2656 2843 2796 2897 dixit
2820 2860 2831 2895 :
2866 2843 3004 2898 Ecce
3034 2843 3138 2897 iste
3166 2849 3254 2897 est
3275 2844 3678 2899 Melchisedech
3705 2863 3719 2898 :
3747 2850 3804 2900 et

2202 2933 2348 2998 ideo,
2379 2932 2810 3004 archiepiscope,
2837 2936 3022 2986 certus
3043 2937 3162 2986 esto
3193 2932 3328 3004 quia
3357 2933 3437 2986 sic
3464 2937 3567 2988 est.
3589 2932 3801 2987 Abiens

2204 3027 2393 3076 autem
2416 3039 2601 3085 senex,
2621 3038 2721 3092 per
2735 3021 3098 3092 semetipsum
3117 3021 3456 3094 praedicabat
3481 3022 3612 3094 quia
3631 3023 3797 3077 homo

516 3111 765 3165 dicentes
793 3127 805 3164 :
835 3110 1072 3164 Domine
1095 3111 1226 3163 Jesu
1260 3109 1503 3176 Christe,
1537 3110 1721 3164 revela
1747 3109 1868 3163 seni
1903 3113 2116 3180 myste—
2137 3105 2180 3166 C
2203 3117 2350 3165 esset
2370 3110 2796 3165 Melchisedech.
2825 3111 2894 3165 Et
2910 3110 3134 3181 gavisus
3163 3116 3250 3165 est
3280 3111 3574 3182 magniﬁce
3594 3119 3797 3168 sanctae

515 3202 664 3256 rium
695 3202 816 3262 hoc,
853 3205 916 3254 ut
943 3200 1137 3253 credat
1165 3204 1222 3253 et
1250 3215 1361 3252 non
1405 3199 1606 3269 perdat
1632 3199 1884 3252 laborem
1929 3214 2114 3252 suum.

517 3290 1011 3345 Exaudivitautem
1026 3289 1174 3343 Deus
1196 3294 1466 3359 utrosque
1490 3307 1501 3342 :
1523 3293 1581 3342 et
1599 3287 1951 3342 hebdomada
1971 3303 2119 3342 com-

517 3381 669 3450 pleta
710 3383 985 3432 venerunt
1034 3375 1323 3432 Dominico
1351 3375 1441 3430 die
1473 3376 1531 3430 in
1570 3377 1823 3438 ecclesia,
1870 3381 1927 3430 et
1957 3377 2120 3430 sede-

517 3474 653 3522 runt
698 3468 803 3538 ipsi
849 3473 965 3520 tres
1005 3467 1107 3520 soli
1148 3483 1317 3538 super
1345 3465 1518 3519 sedile
1549 3466 1618 3518 de
1652 3465 1851 3535 scirpo,
1883 3465 2033 3535 quod
2062 3463 2122 3519 in

520 3558 749 3612 modum
777 3557 942 3610 fascis
973 3563 1098 3611 erat
1128 3557 1382 3626 ligatum,
1412 3555 1631 3608 medius
1660 3560 1850 3608 autem
1892 3553 2124 3608 sedebat

520 3663 689 3700 senex
717 3647 829 3700 ille.
862 3646 1057 3716 Aperti
1083 3653 1216 3700 sunt
1260 3650 1450 3698 autem
1481 3643 1625 3698 oculi
1655 3660 1850 3698 eorum
1897 3643 2122 3698 intelle-

521 3737 768 3802 ctuales;
801 3741 857 3790 et
886 3735 1110 3806 quando
1140 3733 1306 3806 positi
1351 3739 1485 3787 sunt
1525 3749 1698 3804 panes
1727 3733 1784 3786 in
1816 3733 2004 3794 altari,
2036 3732 2121 3786 vi-

521 3825 760 3879 debatur
787 3825 894 3878 illis
918 3825 1308 3880 tantummodo
1331 3823 1511 3877 tribus
1543 3828 1814 3892 tanquam
1852 3822 2122 3893 puerulus

517 3915 711 3984 jacens
751 3931 921 3986 super
971 3915 1168 3968 altare.
1205 3914 1272 3966 Et
1303 3929 1431 3966 cum
1463 3911 1811 3965 extendisset
1830 3910 2123 3982 presbyter

522 4021 742 4068 manus,
778 4010 842 4057 ut
868 4005 1157 4072 frangeret
1186 4019 1406 4072 panem,
1439 4000 1731 4054 descendit
1759 4000 1994 4068 angelus
2018 4000 2124 4054 Do-

523 4093 664 4146 mini
692 4094 768 4166 de_
791 4093 926 4145 C(I'lO
956 4091 1168 4145 habens
1209 4091 1453 4144 cultrum
1504 4089 1562 4142 in
1601 4105 1792 4154 manu,
1828 4095 1885 4142 et
1914 4089 2124 4143 secavit

523 4182 826 4252 puerulum
869 4180 1048 4243 illum,
1091 4179 1425 4248 sanguinem
1449 4193 1579 4230 vero
1603 4177 1916 4248 excipiebat
1941 4177 2000 4230 in
2029 4195 2122 4232 ca-

522 4271 652 4324 lice.
682 4271 824 4324 Cum
854 4275 1042 4322 autem
1099 4267 1392 4338 presbyter
1444 4267 1729 4336 frangeret
1759 4266 1817 4320 in
1873 4266 2124 4337 partibus

525 4359 711 4432 parvis
747 4375 968 4430 panem,
1019 4357 1188 4410 etiam
1238 4363 1295 4410 et
1355 4356 1586 4426 angelus
1638 4355 1920 4409 incidebat
1965 4356 2126 4427 pueri

2203 3200 2492 3254 memoria:
2523 3200 2787 3272 Cyrillus.

2277 3294 2327 3346 5.
2363 3293 2512 3346 Puer
2538 3297 2662 3346 erat
2702 3292 2888 3346 adhuc
2933 3296 3140 3347 sanctae
3185 3293 3471 3346 memoriae
3518 3293 3790 3364 Ephraem,

2206 3388 2262 3436 et
2287 3381 2428 3436 vidit
2473 3383 2756 3437 somnium
2785 3383 2900 3436 sive
2942 3381 3364 3448 revelationem,
3400 3382 3531 3454 quia
3561 3389 3695 3438 nata
3725 3384 3797 3438 sit

2205 3464 2334 3518 vitis
2356 3463 2416 3518 in
2444 3463 2638 3534 lingua
2655 3464 2798 3534 ejus,
2833 3469 2890 3518 et
2909 3463 3165 3529 creverit,
3193 3469 3251 3516 et
3277 3462 3594 3534 impleverit
3616 3469 3793 3518 totam

2201 3557 2413 3608 terram
2440 3553 2726 3608 fructifera
2782 3553 2990 3615 nimis;
3024 3557 3082 3606 et
3137 3552 3270 3624 quia
3318 3551 3571 3608 venirent
3609 3553 3797 3607 omnia

2200 3643 2449 3698 volatilia
2467 3643 2609 3708 cceli,
2647 3649 2704 3698 et
2729 3641 3096 3698 eomedebant
3129 3643 3199 3697 de
3235 3642 3420 3697 fructu
3445 3642 3572 3697 vitis
3606 3642 3791 3710 illius;

2205 3738 2478 3803 quantum
2491 3739 2679 3788 autem
2693 3733 2860 3787 mand
2869 3731 3122 3795 ucabant,
3132 3748 3198 3786 eo
3208 3731 3448 3803 amplius
3461 3731 3797 3804 implebatur

2207 3823 2388 3876 fructu
2414 3823 2648 3890 (Supra,
2685 3827 2746 3876 in
2786 3823 2900 3876 Vita
2926 3808 3196 3890 Ephrem,
3231 3837 3348 3890 cap.
3383 3819 3453 3892 i).

2277 3909 2330 3967 6.
2358 3913 2568 3966 Iterum
2587 3911 2727 3966 vidit
2754 3911 2982 3982 quidam
3013 3917 3334 3965 sanctorum
3362 3910 3422 3964 in
3435 3914 3620 3976 03'
3647 3926 3793 3964 som-

2208 4001 2294 4055 nis
2319 4001 2572 4055 ordinem
2593 4000 2908 4070 angelicum
2925 3999 3352 4054 descendentem
3365 3999 3436 4053 de
3458 3999 3797 4068 caelolSupra

2209 4093 2273 4144 in
2316 4093 2429 4144 Vita
2459 4091 2728 4159 Ephra'm,
2763 4107 2810 4143 ο.
2839 4089 2917 4160 3),
2952 4088 3260 4143 secundum
3292 4094 3624 4160 praeceptum
3672 4088 3795 4153 Dei,

2208 4179 2508 4234 habentem
2536 4179 2593 4233 in
2622 4195 2792 4234 manu
2811 4177 3037 4244 librum,
3061 4179 3165 4232 hoc
3190 4183 3275 4232 est
3293 4183 3508 4232 tomum
3528 4177 3797 4250 scriptum

2207 4269 2361 4323 intus
2391 4273 2448 4322 et
2461 4268 2596 4322 foris
2630 4287 2641 4322 :
2671 4268 2933 4323 dicebant
2950 4273 3139 4323 autem
3161 4267 3232 4322 ad
3261 4267 3496 4322 invicem
3527 4283 3540 4319 :
3577 4267 3678 4321 Cui
3705 4267 3801 4320 de-

2209 4358 2304 4413 bet
2332 4359 2605 4412 committi
2633 4359 2778 4412 hoc?
2806 4358 3044 4422 Quidam
3067 4363 3256 4412 autem
3293 4355 3556 4411 dicebant
3583 4356 3651 4411 de
3681 4357 3795 4422 illo,

525 4448 778 4503 membra
799 4448 856 4501 in
875 4447 1105 4501 modicis
1127 4446 1398 4518 partibus.
1418 4446 1560 4498 Cum
1582 4450 1776 4498 autem
1799 4447 2126 4500 accessisset
2147 4435 2307 4501 Dalii
2335 4447 2404 4501 de
2433 4448 2575 4502 alio:
2601 4447 3013 4520 responderunt
3040 4454 3232 4501 autem
3260 4451 3318 4500 et
3334 4445 3595 4500 dixerunt
3621 4464 3633 4498 :
3658 4445 3802 4499 Vere

527 4555 713 4605 senex,
737 4543 802 4592 ut
827 4537 1104 4607 acciperet
1122 4543 1372 4590 sanctam
1397 4535 1869 4599 communionem,
1890 4536 2025 4590 data
2043 4542 2129 4589 est

528 4627 634 4699 ipsi
679 4627 780 4681 soli
811 4643 939 4681 caro
960 4625 1236 4696 sanguine
1265 4629 1577 4678 cruentata.
1601 4625 1762 4688 Quod
1797 4642 1926 4679 cum
1958 4625 2128 4679 vidis-

530 4723 632 4782 set,
669 4717 978 4788 pertimuit,
1003 4721 1060 4769 et
1073 4715 1356 4777 clamavit,
1381 4714 1572 4768 dicens
1599 4733 1610 4768 :
1635 4715 1834 4779 Credo,
1867 4715 2124 4780 Domine,

531 4806 664 4875 quia
682 4805 843 4876 panis
863 4805 959 4875 qui
986 4805 1044 4858 in
1065 4805 1228 4858 altari
1252 4803 1499 4874 ponitur,
1522 4821 1723 4874 corpus
1751 4810 1912 4858 tuum
1944 4811 2048 4868 est,
2071 4811 2129 4858 et

529 4895 670 4948 calix
689 4901 818 4948 tuus
837 4902 922 4947 est
945 4893 1191 4962 sanguis.
1218 4895 1286 4947 Et
1309 4895 1498 4948 statim
1525 4893 1672 4947 facta
1690 4899 1776 4948 est
1801 4910 1931 4964 pars
1951 4893 2050 4947 illa
2068 4893 2126 4948 in

530 5000 701 5038 manu
728 4985 848 5053 ejus
876 4983 1056 5054 panis,
1091 4983 1395 5036 secundum
1426 4982 1774 5054 mysterium,
1799 4989 1857 5037 et
1887 4983 2129 5053 sumpsit

529 5072 667 5126 illud
694 5072 752 5126 in
782 5089 896 5136 ore,
941 5071 1152 5140 gratias
1179 5089 1351 5142 agens
1388 5073 1503 5126 Deo
1557 5073 1832 5126 Dixerunt
1862 5077 2051 5125 autem
2076 5073 2126 5126 ei

530 5179 726 5218 senes:
751 5164 901 5217 Deus
933 5162 1038 5217 scit
1067 5162 1374 5216 humanam
1398 5167 1692 5227 naturam;
1719 5161 1851 5232 quia
1881 5176 1995 5215 non
2025 5179 2126 5232 po-

530 5260 642 5308 test
670 5253 813 5307 vesci
833 5252 1094 5307 carnibus
1119 5253 1322 5316 crudis,
1358 5258 1416 5306 et
1439 5256 1731 5322 prOpterea
1759 5251 2128 5306 transformat

532 5361 732 5415 corpus
758 5359 920 5396 suum
957 5342 1012 5396 in
1044 5359 1266 5411 panem,
1299 5347 1356 5394 et
1394 5339 1728 5408 sanguinem
1767 5357 1930 5394 suum
1962 5340 2020 5394 in
2043 5341 2126 5394 vi-

533 5451 688 5496 num,
721 5433 808 5486 his
847 5431 942 5503 qui
970 5433 1108 5485 illud
1136 5447 1263 5484 cum
1291 5430 1400 5482 ﬁde
1421 5428 1753 5499 suscipiunt.
1793 5431 1861 5484 Et
1889 5435 2127 5499 egerunt

535 5523 744 5589 gratias
779 5523 894 5576 Dec
937 5522 1006 5576 de
1035 5536 1169 5575 sene
1215 5519 1310 5573 illo
1335 5537 1346 5584 ;
1371 5518 1504 5589 quia
1547 5535 1659 5572 non
1692 5521 1947 5590 permisit
1979 5521 2126 5575 Deus

2212 4537 2435 4609 quidem
2470 4537 2696 4608 utrique
2747 4537 2926 4592 sancti
2961 4542 3095 4591 sunt
3121 4542 3179 4590 et
3199 4535 3360 4607 justi,
3402 4551 3539 4606 quos
3567 4534 3749 4590 dicitis
3783 4553 3796 4599 ;

2213 4632 2598 4681 verumtamen
2639 4627 2744 4682 hoc
2779 4626 2860 4680 eis
2899 4625 3173 4680 committi
3221 4641 3333 4680 non
3375 4629 3582 4699 potest.
3625 4624 3802 4679 Multa

2212 4717 2379 4771 etiam
2402 4717 2514 4770 alia
2543 4717 2772 4771 nomina
2791 4722 3112 4771 sanctorum
3141 4715 3406 4780 dicentes,
3428 4720 3624 4785 postea
3652 4713 3800 4768 dixe-

2212 4811 2380 4860 runt:
2415 4806 2559 4870 Quia
2589 4807 2801 4860 nemini
2830 4811 3016 4876 potest
3051 4804 3212 4859 alteri
3241 4805 3345 4858 hoc
3383 4803 3658 4858 committi
3693 4803 3799 4858 nisi

2211 4897 2469 4966 Ephraem
2495 4913 2508 4950 :
2542 4902 2598 4949 et
2617 4895 2751 4949 vidit
2777 4911 2945 4950 senex
2972 4895 3085 4959 ille,
3119 4893 3208 4948 cui
3235 4894 3340 4948 hoc
3366 4893 3424 4948 in
3453 4893 3663 4948 somnis
3699 4909 3799 4964 ap—

2209 4985 2415 5056 paruit,
2449 4985 2582 5055 quia
2613 4985 2868 5055 Ephrmm
2888 4984 3168 5039 dederunt
3185 4989 3404 5039 tomum
3430 4983 3610 5037 illum.
3635 4983 3798 5038 Mane

2210 5080 2398 5129 autem
2437 5091 2674 5145 surgens
2708 5073 2922 5129 audivit
2959 5074 3216 5145 Ephraem
3245 5072 3535 5128 docentem
3568 5078 3623 5127 et
3652 5072 3800 5126 velut

2209 5164 2422 5218 fontem
2461 5163 2820 5218 ebulliemem
2849 5163 2920 5217 de
2942 5179 3040 5218 ore
3063 5163 3282 5234 ipsius:
3317 5167 3376 5216 et
3411 5161 3671 5232 cognovit
3713 5178 3798 5215 se-

2209 5271 2332 5317 nex,
2383 5255 2478 5324 qui
2523 5254 2806 5308 somnium
2856 5253 3089 5319 viderat,
3147 5253 3283 5324 quia
3331 5252 3571 5324 Spiritus
3622 5250 3797 5306 sancti

2209 5343 2460 5414 operatio
2487 5349 2590 5410 est,
2621 5344 2769 5414 quod
2799 5342 3194 5414 egrediebatur
3219 5342 3288 5396 de
3317 5341 3478 5396 labiis
3517 5341 3791 5412 Ephrmm.

2280 5431 2332 5488 7.
2367 5433 2640 5487 Dicebant
2665 5433 2734 5486 de
2760 5431 2962 5486 abbate
2993 5433 3230 5496 Zenone,
3247 5431 3379 5503 quia
3399 5447 3526 5486 cum
3558 5445 3797 5485 morare-

2207 5528 2304 5577 tur
2329 5523 2387 5576 in
2418 5522 2626 5592 Scythi,
2661 5521 2795 5576 exiit
2813 5527 2976 5576 nocte
3005 5522 3074 5576 de
3102 5522 3243 5576 cella
3262 5537 3364 5576 sua
3395 5521 3546 5576 velut
3560 5520 3630 5575 ad
3650 5519 3796 5592 palu-
