3934 6456
216 326 337 387 981
1531 337 1771 394 VERBA
1810 339 2201 396 SENIORUM.
3422 334 3527 401 983

214 454 354 510 dem
387 457 575 524 (Ruf/2.
609 458 703 511 lib.
737 471 825 522 IlI,
868 474 925 513 η.
953 457 1113 527 2λ10);
1167 465 1224 514 et
1251 477 1378 515 cum
1411 467 1671 528 errasset,
1697 462 1891 526 fecitA
1913 465 2074 519 niens
2101 465 2491 530 eum,intravit
2504 466 2564 519 in
2579 465 2777 521 cellam
2800 465 2940 534 ejus.
2957 461 3312 519 Theoctistus
3334 467 3527 518 autem

218 548 343 599 tres
364 544 486 599 dies
504 550 563 599 et
585 550 701 600 tres
714 552 907 601 noctes
931 547 1227 602 ambulans
1244 555 1299 603 et
1318 549 1581 605 laborans
1602 570 1615 616 ;
1640 558 1696 606 et
1720 570 1847 607 cum
1931 555 2177 625 suscepit
2223 571 2352 608 eum
2383 554 2660 624 gaudens.
2704 554 2843 608 Cum
2884 568 3018 622 ergo
3046 552 3346 623 coepissent
3372 552 3526 623 loqui

222 632 546 700 defecisset,
566 634 766 690 cecidit
786 636 1134 691 semianimis
1162 656 1172 691 ε
1195 643 1251 693 et
1262 656 1385 693 ecce
1404 641 1672 710 puerulus
1692 641 1850 695 stetit
1929 643 2307 707 secrete,dicit
2326 643 2377 696 ei
2399 660 2565 697 senex
2590 661 2601 695 :
2633 642 2924 707 Quomodo
2952 642 3102 696 circa
3126 647 3182 697 te
3212 647 3299 695 est
3323 640 3525 696 frater?

223 726 365 777 ante
397 740 530 777 eum
560 723 773 779 habens
802 741 1006 796 panem
1042 732 1098 780 et
1117 727 1449 782 surisculam
1473 746 1650 799 aquae,
1676 736 1733 783 et
1763 731 1845 785 di-
1927 733 2104 786 Etille
2118 732 2288 786 dixit:
2321 730 2683 808 Orationibus
2711 731 2826 785 tuis
2846 731 3007 785 bene.
3047 732 3116 785 Et
3140 729 3282 784 dixit
3312 747 3480 785 senex
3506 750 3517 786 :

218 811 391 866 cebat
414 812 466 866 ei
494 831 504 866 :
532 814 1037 883 Surge,manduca.
1066 817 1164 870 Ille
1179 822 1365 871 autem
1386 835 1620 887 surgens
1641 820 1836 884 oravit,

215 901 563 957 existimans
595 903 727 973 quia
775 904 1112 975 phantasma
1140 912 1322 971 esset;
1346 924 1486 977 puer
1539 914 1727 963 autem
1758 925 1843 962 re-

212 990 525 1061 spondens,
562 992 702 1046 dixit
729 994 815 1046 ei:
852 994 999 1048 Bene
1031 995 1229 1049 fecisti.
1280 996 1349 1049 Et
1398 996 1602 1050 iterum
1661 999 1841 1053 oravit

212 1082 489 1149 secundo,
518 1087 575 1137 et
603 1082 789 1136 tertio.
814 1084 881 1137 Et
911 1083 1051 1137 dixit
1078 1084 1159 1137 ei:
1192 1086 1340 1139 Bene
1358 1086 1555 1140 fecisti.
1590 1088 1837 1157 Surgens

213 1186 357 1240 ergo
415 1172 630 1243 accepit
676 1177 734 1225 et
787 1173 1169 1228 manducavit.
1203 1175 1272 1228 Et
1300 1177 1545 1246 posthaec
1573 1177 1715 1231 dixit
1745 1178 1830 1231 ei:

216 1260 515 1324 Quantum
549 1260 871 1325 ambulasti,
895 1266 1116 1316 tantum
1132 1264 1294 1333 longe
1311 1281 1370 1318 es
1387 1266 1570 1318 acella
1590 1272 1688 1319 tua
1707 1285 1716 1318 :
1735 1267 1834 1320 sed

209 1365 459 1419 surgens
486 1366 722 1421 sequere
756 1366 864 1403 me.
900 1351 969 1404 Et
999 1352 1188 1406 statim
1220 1352 1481 1407 inventus
1503 1359 1588 1407 est
1616 1354 1673 1408 in
1696 1356 1836 1408 cella

208 1454 340 1493 sua.
362 1438 515 1493 Dixit
542 1455 676 1509 ergo
706 1438 757 1493 ei
774 1456 939 1493 senex
962 1464 974 1497 :
1000 1438 1140 1494 Veni
1161 1441 1328 1507 intra,
1350 1446 1406 1495 et
1424 1442 1496 1497 da
1519 1442 1679 1497 nobis
1700 1461 1827 1498 ora-

207 1527 450 1582 tionem.
472 1528 683 1582 Etcum
701 1528 1169 1596 intrassetsenex,
1194 1531 1286 1584 ille
1321 1531 1505 1586 subito
1536 1548 1650 1586 non
1675 1549 1828 1587 com-

209 1617 431 1688 paruit.

298 1706 355 1763 8.
388 1707 542 1761 Dixit
574 1706 746 1762 abbas
775 1709 1207 1773 JoanneszQuia
1226 1709 1363 1765 vidit
1384 1710 1609 1780 quidam
1632 1729 1830 1766 senum

1927 822 2010 875 Ne
2034 820 2371 892 impugnant
2388 827 2444 875 te
2463 820 2866 890 cogitationes?
2886 821 2956 874 Et
2976 820 3067 873 ille
3086 819 3227 873 dixit
3252 836 3262 871 :
3286 819 3519 875 Interim

1928 909 2065 964 bene
2091 927 2232 964 sum.
2282 909 2656 964 Erubescebat
2702 910 2849 963 enim
2882 908 3067 962 dicere
3098 909 3169 962 ei.
3206 907 3275 963 Et
3302 908 3442 962 dixit
3470 908 3520 962 ei

1922 1013 2119 1052 senex:
2146 1000 2283 1053 Ecce
2311 1004 2449 1070 quot
2468 1015 2645 1052 annos
2669 997 2846 1052 habeo
2859 997 2917 1051 in
2939 998 3386 1052 convcrsationes
3412 998 3517 1052 loci

1919 1088 2101 1153 istius,
2150 1095 2205 1141 et
2248 1104 2440 1141 omnes
2470 1088 2753 1141 honorant
2781 1104 2889 1153 me,
2923 1094 2979 1141 et
3004 1092 3194 1141 tamen
3214 1086 3272 1141 in
3303 1087 3407 1140 hac
3436 1104 3519 1140 se-

1918 1183 2141 1231 nectute
2164 1194 2288 1230 mea
2316 1177 2549 1230 infestus
2571 1176 2708 1230 mihi
2738 1183 2824 1231 est
2851 1176 3082 1247 spiritus
3112 1176 3512 1230 fornicationis.

1917 1267 1986 1320 Et
2024 1267 2312 1337 respondit
2329 1266 2699 1331 'l‘heoctistus,
2721 1266 2941 1318 dicens:
2975 1266 3169 1329 Crede,
3189 1265 3349 1331 abba,
3384 1265 3519 1336 quia

1917 1360 1974 1407 et
2018 1355 2180 1408 mihi.
2224 1357 2403 1409 Senex
2437 1361 2627 1408 autem
2656 1353 2957 1407 simulabat
2983 1354 3122 1407 alias
3150 1354 3517 1423 cogitationes

1912 1443 2019 1496 sibi
2070 1460 2190 1496 esse
2231 1443 2516 1507 molestas,
2575 1443 2751 1496 donec
2805 1442 3013 1495 taceret
3067 1459 3194 1496 eum
3236 1442 3509 1497 confiteri.

1910 1532 2124 1586 Deinde
2150 1531 2285 1586 dicit
2321 1531 2371 1585 ei
2397 1545 2409 1579 :
2459 1532 2579 1595 Quo
2625 1531 2790 1585 modo
2814 1532 3086 1601 jejunas?
3116 1531 3186 1585 Et
3212 1530 3305 1584 ille
3340 1531 3507 1587 dixit:

1912 1621 1997 1675 Ad
2025 1638 2250 1675 nonam.
2274 1620 2417 1675 Dicit
2450 1620 2499 1674 ei
2532 1634 2729 1673 senex:
2762 1621 2966 1690 Jejuna
3000 1637 3176 1690 usque
3205 1620 3275 1673 ad
3305 1637 3506 1686 seram,

1910 1716 1971 1765 et
1992 1710 2212 1765 abstine
2244 1717 2316 1776 te,
2339 1716 2394 1764 et
2418 1710 2749 1763 commenda
2760 1709 3079 1779 Evangelia,
3095 1715 3160 1763 ut
3188 1710 3512 1765 memoriter

205 1795 273 1849 in
303 1813 534 1851 excessu
557 1797 782 1864 mentis,
807 1802 921 1852 tres
938 1800 1239 1852 monachos
1253 1804 1631 1854 stantestrans
1648 1818 1821 1869 mare;
1842 1789 2172 1865 Bretineas,
2219 1800 2316 1852 sed
2350 1804 2408 1853 et
2452 1798 2591 1852 alias
2634 1797 2890 1852 residuas
2921 1815 2989 1851 ex
3019 1798 3208 1851 animo
3238 1799 3510 1853 meditare

204 1890 269 1938 et
294 1884 448 1939 facta
480 1891 564 1939 est
592 1902 694 1939 vox
724 1886 795 1940 ad
824 1902 918 1940 eos
950 1904 1014 1940 ex
1044 1888 1157 1941 alia
1182 1893 1340 1958 parte
1359 1888 1584 1952 littoris,
1610 1890 1819 1946 dicens:
1908 1889 2242 1961 Scripturas;
2267 1894 2324 1942 et
2350 1888 2398 1942 si
2412 1887 2516 1942 tibi
2546 1886 2861 1941 ascenderit
2878 1886 3145 1956 cogitatio
3173 1888 3341 1953 mala,
3368 1904 3510 1943 nun-

201 1973 464 2045 Accipite
491 1975 610 2028 alas
639 1975 832 2045 igneas
854 1980 912 2030 et
928 1976 1110 2029 venite
1138 1977 1209 2029 ad
1240 1994 1346 2030 me.
1370 1977 1440 2031 Et
1463 1978 1573 2031 duo
1597 1979 1824 2049 quidem
1907 1994 2075 2048 quam
2101 1978 2362 2031 deorsum
2391 1976 2648 2047 aspicias,
2683 1975 2779 2029 sed
2807 1992 3027 2047 semper
3056 1976 3125 2029 de
3153 1992 3379 2030 sursum
3402 1995 3415 2043 ;
3450 1982 3508 2032 et

201 2078 280 2117 ex
307 2063 391 2117 eis
429 2070 765 2135 acceperunt
785 2065 921 2129 alas,
942 2070 999 2118 et
1019 2066 1347 2119 volaverunt
1363 2066 1431 2120 ad
1463 2067 1616 2121 aliud
1642 2068 1819 2133 littus,
1906 2067 2095 2120 statim
2116 2072 2171 2120 te
2197 2066 2466 2120 Dominus
2498 2064 2877 2136 adjuvabit.Et
2905 2065 3192 2134 corrigens
3211 2081 3380 2119 senex
3398 2065 3506 2121 fra-

200 2154 363 2207 unde
412 2152 561 2208 facta
588 2159 675 2208 est
702 2170 823 2209 vox.
855 2154 1079 2209 Tertius
1107 2172 1236 2209 vero
1264 2156 1540 2209 remansit
1567 2162 1624 2209 et
1653 2156 1821 2211 ﬂebat
1904 2161 2050 2209 trem
2067 2155 2245 2221 illum,
2272 2171 2525 2209 reversus
2541 2159 2626 2208 est
2648 2154 2705 2207 in
2724 2154 3085 2208 solitudinem
3106 2155 3362 2208 suam.Et
3375 2171 3501 2211 cum

203 2248 269 2296 et
299 2242 580 2297 clamabat
608 2243 846 2300 fortiter.
872 2244 1073 2298 Postea
1094 2261 1224 2297 vero
1249 2245 1392 2298 datm
1405 2250 1536 2299 sunt
1556 2245 1661 2299 sibi
1692 2247 1813 2312 alae,
1902 2243 2606 2309 observaret,vidititerum
2627 2243 2935 2297 daemonem
2958 2243 3140 2309 illum,
3170 2248 3226 2296 et
3252 2243 3390 2297 dicit
3409 2244 3459 2297 ei
3483 2262 3495 2296 :

202 2333 311 2387 sed
360 2348 474 2387 non
502 2332 699 2402 igneae,
734 2334 832 2387 sed
865 2333 1101 2387 infirmae
1146 2339 1202 2387 et
1226 2333 1456 2396 debiles,
1489 2335 1571 2388 ita
1600 2339 1663 2388 ut
1691 2352 1815 2388 cum
1901 2334 2005 2389 Ubi
2034 2334 2186 2387 vadis
2216 2333 2540 2387 iterum?Et
2568 2333 2661 2387 ille
2692 2332 2982 2405 respondit
3011 2347 3023 2381 :
3048 2332 3500 2388 Commemorare

202 2421 369 2476 omni
392 2421 582 2476 labore
607 2421 912 2492 mergendo
940 2429 997 2476 et
1016 2423 1358 2491 resurgendo
1379 2423 1545 2477 nimis
1575 2423 1816 2479 afﬂictus
1898 2423 2193 2477 fratres.Et
2215 2421 2520 2477 abiit.Cum
2535 2427 2722 2476 autem
2745 2426 3141 2493 reverteretur,
3159 2426 3350 2488 638
3363 2422 3500 2477 dicit

196 2510 429 2565 veniret
457 2508 607 2566 illuc.
644 2510 733 2565 Sic
761 2516 846 2564 est
875 2515 933 2564 et
958 2511 1250 2580 generatio
1282 2512 1416 2577 haec,
1448 2530 1571 2583 quae
1591 2514 1638 2567 si
1669 2516 1815 2569 acci-
1900 2512 1950 2565 ei
1966 2529 2130 2566 senex
2157 2535 2168 2569 :
2192 2512 2483 2576 Quomodo
2505 2516 2637 2565 sunt
2667 2510 2745 2570 ibi
2779 2509 3018 2564 fratres?
3047 2511 3115 2564 Et
3143 2510 3238 2564 ille
3267 2526 3497 2582 respon-

192 2598 288 2668 pit
318 2614 552 2668 pennas,
588 2614 702 2653 non
738 2603 931 2653 tamen
970 2599 1180 2669 igneas:
1213 2600 1309 2653 sed
1351 2600 1440 2653 vix
1468 2600 1723 2656 infirmas
1752 2609 1809 2657 et

194 2686 420 2741 debiles
442 2692 625 2757 potest
654 2688 926 2758 accipere.

272 2775 521 2832 9.Abbas
533 2777 810 2831 Macarius
831 2777 1121 2832 habitabat
1148 2779 1205 2832 in
1229 2780 1348 2833 loco
1371 2780 1538 2833 nimis
1569 2780 1809 2838 deserto:

191 2870 330 2920 erat
353 2870 544 2921 autem
570 2866 722 2920 solus
744 2867 800 2920 in
822 2884 887 2921 eo
911 2868 1195 2921 solitarius
1212 2869 1404 2937 (Ruf/1,
1436 2873 1475 2923 ι.
1505 2884 1585 2935 lll,
1622 2888 1679 2923 η.
1714 2870 1808 2936 61;

188 2956 417 3020 Fascia,
450 2972 495 3010 ο.
525 2955 577 3021 1,
614 2972 671 3010 η.
703 2955 780 3023 8}.
816 2957 881 3012 In
908 2956 1171 3011 inferiore
1200 2974 1329 3010 vero
1358 2963 1515 3029 parte
1553 2964 1675 3012 erat
1695 2960 1804 3014 alia

189 3044 464 3109 solitudo.
483 3044 539 3098 in
555 3062 668 3115 qua
694 3045 1022 3100 habitabant
1038 3046 1266 3117 plurimi
1298 3047 1517 3103 fratres.
1530 3048 1804 3103 Observa-

1894 2601 2005 2655 dit:
2038 2601 2208 2655 Male.
2240 2602 2417 2655 Senex
2460 2604 2649 2653 autem
2680 2599 2856 2653 dixit:
2898 2598 3127 2663 Quare?
3183 2599 3252 2654 Et
3284 2599 3379 2654 ille
3410 2616 3496 2655 re-

1895 2690 2119 2761 spondit
2142 2704 2153 2738 :
2181 2689 2439 2754 Quiatoti
2459 2688 2637 2743 sancti
2652 2694 2811 2755 sunt;
2836 2694 2893 2742 et
2922 2689 3105 2760 majus
3124 2689 3497 2760 malum,quia

1897 2785 1954 2833 et
1982 2797 2147 2845 unus,
2183 2796 2351 2849 quem
2388 2778 2560 2832 habui
2588 2778 2833 2832 amicum
2862 2782 2918 2832 et
2947 2777 3299 2832 obedientem
3331 2779 3488 2846 mihi,

1897 2870 2067 2923 etiam
2105 2869 2225 2940 ipse
2261 2868 2447 2923 nescio
2497 2868 2646 2922 unde
2689 2866 2988 2921 subversus
3018 2872 3122 2933 est,
3155 2873 3211 2921 et
3240 2884 3342 2921 nec
3370 2868 3490 2940 ipse

1896 2958 2035 3012 mihi
2065 2956 2386 3028 acquiescit,
2419 2957 2516 3011 sed
2546 2956 2805 3011 omnibus
2834 2957 3175 3011 sanctiorest
3193 2956 3390 3012 factus.
3422 2959 3493 3014 Et

1887 3052 2188 3118 propterea
2210 3047 2397 3117 juravi
2420 3047 2541 3116 jam
2570 3063 2682 3100 non
2711 3046 2913 3100 calcari
2943 3046 3013 3099 ad
3038 3046 3198 3100 illum
3224 3047 3332 3100 nisi
3363 3052 3489 3118 post

186 3133 299 3188 bat
326 3139 515 3203 autem
545 3151 716 3189 senex
746 3135 817 3190 ad
845 3135 972 3200 iter,
1006 3142 1062 3190 et
1090 3136 1227 3190 vidit
1271 3138 1537 3191 Satanam
1570 3138 1798 3192 venien-
1816 3149 1858 3209 δ
1883 3136 2114 3206 longum
2141 3141 2380 3207 tempus.
2408 3137 2537 3190 Haec
2556 3135 2746 3189 dicens
2766 3134 3035 3212 transivit
3052 3134 3376 3205 relinquens
3405 3153 3489 3190 se-

186 3227 317 3277 tem
344 3222 405 3277 in
434 3223 627 3278 habitu
655 3225 918 3290 hominis,
945 3230 1008 3278 ut
1029 3226 1411 3296 transiretper
1435 3227 1632 3280 cellam
1656 3228 1796 3296 ejus.

187 3311 509 3366 Videbatur
535 3318 726 3367 autem
755 3314 945 3368 tunica
973 3314 1055 3368 uti
1083 3315 1232 3368 linea
1253 3314 1479 3368 omnino
1509 3321 1726 3370 vetusta
1746 3322 1803 3370 et

188 3406 320 3456 tota
348 3402 609 3470 cribrata,
635 3408 691 3457 et
719 3420 819 3473 per
840 3403 1027 3457 omnia
1050 3403 1324 3457 foramina
1339 3405 1461 3473 ejus
1483 3404 1802 3475 pendebant

188 3491 479 3561 ampullm.
504 3492 571 3546 Et
591 3492 729 3546 dixit
764 3493 814 3546 ei
835 3509 1001 3546 senex
1026 3511 1037 3545 :
1064 3491 1204 3557 Ohe,
1234 3494 1452 3563 major:
1494 3493 1587 3547 ubi
1603 3494 1800 3548 vadis?

189 3581 266 3636 Et
284 3580 377 3633 ille
398 3581 683 3652 respondit
704 3601 714 3634 :
738 3582 893 3635 Vado
929 3598 1370 3636 commemorare
1385 3584 1796 3638 fratres.Senex

182 3674 388 3725 autem
413 3670 557 3725 dixit
574 3671 684 3724 illi:
710 3671 783 3724 Ut
796 3670 926 3741 quid
950 3670 1052 3724 tibi
1083 3672 1343 3741 ampulla;
1366 3671 1485 3725 ista:
1508 3673 1530 3724 ἰ)
1565 3677 1622 3726 et
1652 3673 1795 3727 dixit

186 3759 277 3813 illi
305 3760 576 3814 :Gustum
619 3759 887 3814 fratribus
916 3767 1096 3830 porto.
1135 3761 1202 3813 Et
1232 3760 1372 3813 dixit
1399 3761 1450 3814 ei
1479 3779 1648 3815 senex
1682 3781 1694 3820 :
1726 3763 1795 3815 Et

187 3852 344 3902 totas
390 3864 516 3901 cum
558 3853 729 3917 gustu
773 3849 980 3919 porta?
1029 3850 1097 3903 Et
1131 3849 1455 3918 respondit:
1488 3851 1701 3916 Etiam;
1742 3851 1792 3904 si

186 3952 371 3991 unum
401 3936 695 3990 alicuinon
714 3938 913 4007 placet,
938 3939 1165 3991 offeram
1199 3938 1349 3992 aliud
1375 3957 1387 4005 ;
1418 3938 1665 3992 siautem
1691 3956 1793 3993 nec

184 4024 353 4091 illud,
372 4025 514 4079 dabo
532 4026 780 4088 tertium,
805 4032 863 4080 et
886 4027 965 4080 ita
989 4045 1087 4097 per
1108 4027 1452 4093 ordinem,ut
1472 4028 1650 4082 modis
1679 4046 1794 4083 om-

186 4114 359 4185 nibus
380 4115 467 4168 vel
487 4131 662 4170 unum
703 4134 771 4169 ex
804 4116 885 4169 eis
907 4117 1123 4185 placeat
1148 4115 1219 4170 ei.
1248 4118 1316 4170 Et
1342 4134 1468 4170 cum
1496 4118 1595 4170 hoc
1621 4118 1792 4171 dixis-

177 4176 297 4271 set,
328 4205 586 4272 transiit;
630 4212 687 4260 et
721 4206 1052 4283 observabat
1093 4223 1259 4260 senex
1305 4206 1624 4260 custodiens
1651 4208 1783 4273 vias,

186 4295 368 4350 donec
393 4294 486 4348 ille
516 4294 720 4350 iterum
750 4300 1063 4349 remearet:
1111 4290 1173 4349 et
1212 4312 1338 4349 cum
1386 4296 1613 4349 vidisset
1660 4314 1785 4350 eum

1885 3242 2044 3293 nem;
2078 3241 2245 3279 senex
2285 3240 2414 3277 vero
2447 3228 2673 3277 sanctus
2705 3222 2936 3276 intravit
2971 3222 3031 3275 in
3070 3223 3269 3276 cellam
3298 3239 3480 3291 suam,

1885 3314 2127 3367 adorans
2155 3320 2212 3368 et
2231 3313 2443 3383 gratias
2474 3329 2645 3382 agens
2674 3312 2790 3365 Deo
2824 3310 3117 3365 Salvatori.

1961 3403 2049 3458 10.
2074 3402 2260 3457 Abbas
2290 3401 2566 3457 Macarius
2596 3401 2784 3454 volens
2812 3399 3094 3453 consolari
3131 3399 3351 3467 fratres,
3393 3401 3482 3454 di-

1885 3494 2075 3548 cebat:
2101 3493 2268 3546 Venit
2287 3493 2395 3545 huc
2425 3490 2725 3561 aliquando
2742 3506 2867 3543 cum
2883 3492 3061 3542 matre
3081 3505 3183 3542 sua
3195 3506 3353 3560 puer,
3387 3490 3481 3561 qui

1882 3601 1915 3637 a
1946 3582 2220 3637 daemonio
2247 3580 2568 3645 vexabatur,
2603 3585 2659 3633 et
2687 3578 2902 3633 dicebat
2929 3578 3096 3632 matri
3111 3595 3223 3633 sua:
3245 3593 3257 3627 :
3279 3580 3479 3649 Surge,

1879 3689 2071 3726 eamus
2099 3671 2247 3724 hinc.
2284 3671 2387 3724 Illa
2411 3674 2600 3723 autem
2629 3668 2882 3722 dicebat:
2908 3668 3034 3721 Non
3064 3684 3293 3739 possum
3318 3668 3482 3739 pedi-

1880 3761 1984 3815 bus
2015 3760 2324 3814 ambulare.
2360 3759 2432 3813 Et
2468 3759 2691 3812 dicebat
2739 3757 2791 3809 ei
2821 3757 2967 3811 ﬁlius
3024 3769 3195 3811 suus:
3254 3757 3370 3828 Ego
3422 3763 3477 3812 te

1876 3856 2055 3922 porto.
2094 3849 2159 3903 Et
2187 3848 2497 3902 admiratus
2529 3864 2653 3901 sum
2686 3846 2952 3900 astutiam
2985 3844 3477 3917 daemonum,quo—

1876 3940 2040 3993 modo
2071 3956 2164 3992 eos
2195 3937 2397 3991 exinde
2418 3938 2614 4006 fugare
2642 3935 2878 3990 volebat.

1954 4028 2034 4085 11.
2069 4027 2300 4082 Dicebat
2328 4027 2533 4080 iterum
2562 4026 2631 4079 de
2677 4023 3019 4079 desolatione
3051 4023 3243 4096 Scythi
3269 4024 3341 4079 ad
3359 4024 3473 4079 fra-

1876 4125 2024 4173 tres:
2060 4117 2294 4182 Quando
2324 4116 2571 4170 videritis
2602 4114 2797 4167 cellam
2828 4113 3157 4167 zediiicatam
3181 4114 3344 4184 juxta
3371 4132 3471 4184 pa-

1870 4208 2077 4272 ludem,
2121 4206 2319 4261 scitote
2376 4205 2509 4276 quia
2551 4220 2720 4275 prope
2778 4208 2863 4257 est
2900 4202 3170 4257 desolatio
3232 4203 3468 4274 Scythi;

1872 4297 2094 4368 quando
2131 4300 2322 4350 autem
2352 4294 2579 4348 arbores
2606 4292 2878 4356 videritis,
2916 4293 3036 4363 jam
3086 4298 3215 4346 ante
3235 4293 3468 4363 januam

187 4400 379 4449 senex,
397 4384 531 4438 dicit
552 4385 603 4438 ei
628 4402 638 4437 :
668 4384 849 4438 Sanus
881 4384 978 4440 sis.
1030 4385 1097 4438 Et
1117 4385 1408 4454 respondit
1426 4385 1510 4439 ei:
1566 4386 1671 4439 Ubi
1706 4392 1788 4439 est
1810 4414 1852 4469 D
1871 4392 1983 4452 est;
2018 4386 2241 4456 quando
2271 4389 2463 4439 autem
2491 4382 2738 4437 videritis
2758 4398 2981 4453 pueros.
3008 4382 3191 4436 tollite
3221 4383 3456 4437 melotes

188 4472 333 4529 mihi
358 4474 509 4528 salus
532 4474 556 4526 ?
579 4473 645 4528 Et
665 4474 799 4528 dicit
819 4473 868 4527 ei
892 4491 1057 4528 senex
1078 4492 1088 4526 ε
1117 4473 1342 4538 Quare?
1368 4475 1435 4527 Et
1458 4475 1746 4545 respondit
1771 4494 1785 4529 :

188 4561 335 4627 Quia
379 4562 543 4617 modo
579 4580 773 4617 omnes
811 4563 1143 4617 sanctii‘icati
1175 4569 1324 4628 sunt,
1360 4568 1415 4617 et
1451 4581 1616 4618 nemo
1647 4564 1788 4619 mihi

184 4650 509 4722 acquiescit.
537 4653 602 4707 Et
619 4652 758 4707 dixit
774 4653 823 4706 ei
839 4670 1005 4707 senex
1028 4672 1037 4706 :
1064 4652 1358 4707 Neminem
1382 4669 1514 4722 ergo
1541 4654 1787 4707 amicum

186 4739 363 4796 habes
382 4740 493 4795 illic
515 4740 618 4796 ?Et
638 4742 951 4813 respondit:
980 4742 1167 4797 Unum
1189 4742 1581 4796 tantummodo
1607 4742 1785 4795 habeo

183 4830 420 4885 fratrem
437 4831 659 4897 illic,vel
680 4832 796 4902 ipse
816 4832 967 4886 solus
982 4831 1116 4884 mihi
1128 4831 1431 4902 acquiescit
1454 4849 1465 4898 ;
1491 4837 1547 4884 et
1562 4832 1784 4902 quando

184 4920 340 4974 videt
358 4937 470 4990 me,
508 4921 852 4976 convertitur
873 4921 1027 4975 velut
1048 4927 1263 4974 ventus.
1291 4921 1468 4974 Senex
1489 4938 1616 4974 vero
1648 4921 1786 4975 dixit

186 5008 240 5063 ei
264 5026 275 5062 :
311 5009 379 5063 Et
397 5009 533 5080 quid
551 5015 781 5064 vocatur
801 5009 976 5063 frater
991 5008 1119 5063 ille?
1146 5009 1456 5080 Respondit
1483 5028 1496 5076 ;
1530 5009 1783 5063 Theocti-

184 5104 306 5153 stus
357 5098 635 5168 [Ruf/inus
670 5099 1130 5170 Theopemptus].
1166 5099 1234 5153 Et
1262 5115 1386 5152 cum
1420 5100 1524 5152 hoc
1553 5098 1785 5154 dixisset

180 5187 424 5242 transiit.
450 5188 696 5259 Surgens
714 5194 903 5243 autem
925 5188 1100 5242 abbas
1125 5187 1420 5253 Macarius,
1442 5188 1686 5258 perrexit
1712 5190 1784 5243 ad

181 5277 502 5332 inferiorem
533 5294 814 5332 eremum:
842 5278 991 5349 quod
1019 5294 1145 5332 cum
1170 5278 1440 5331 vidissent
1459 5278 1781 5343 fratres,ac-

181 5371 451 5439 ceperunt
477 5384 664 5422 ramos
692 5368 1026 5439 palmarum,
1070 5372 1123 5422 et
1168 5374 1532 5422 occurrerunt
1556 5369 1775 5423 obviam

180 5458 252 5523 ei,
280 5462 338 5511 et
380 5456 592 5527 singuli
645 5473 839 5511 eorum
868 5457 1143 5528 parabant
1171 5458 1339 5511 cellas
1384 5474 1533 5524 suas,
1576 5458 1775 5512 incerti

1874 4480 2106 4540 vestras,
2135 4479 2192 4527 et
2221 4473 2505 4528 discedite.

1939 4562 2027 4619 1‘2.
2060 4563 2246 4617 Abbas
2276 4564 2511 4633 Moyses,
2544 4559 2639 4631 qui
2666 4557 2955 4614 habitabat
2979 4559 3038 4613 in
3068 4560 3252 4623 Petra,
3283 4562 3466 4633 impu-

1867 4659 2072 4723 gnatus
2105 4658 2190 4705 est
2227 4650 2528 4721 aliquando
2560 4648 2727 4703 nimis
2754 4664 2789 4701 a
2817 4646 3181 4703 fornicatione
3210 4667 3221 4715 ;
3256 4656 3313 4703 et
3335 4668 3464 4706 cum

1869 4759 1980 4796 non
2002 4741 2327 4812 praevaleret
2350 4756 2409 4792 se
2435 4745 2626 4792 tenere
2648 4736 2705 4790 in
2731 4736 2889 4790 cella.
2920 4736 3166 4806 perrexit
3185 4742 3243 4792 et
3257 4738 3466 4795 indica-

1866 4829 1946 4883 vit
1969 4830 2074 4883 hoc
2102 4828 2290 4902 abbati
2321 4828 2532 4883 Isidoro
2558 4845 2569 4892 ;
2605 4833 2662 4879 et
2690 4824 2907 4895 rogavit
2934 4841 3064 4879 eum
3090 4842 3257 4881 senex
3288 4835 3352 4884 ut
3377 4848 3464 4885 re-

1866 4924 2177 4974 verteretur
2206 4918 2261 4971 in
2285 4917 2483 4971 cellam
2511 4932 2671 4969 suam
2705 4916 2887 4984 (lin/II,
2912 4916 3007 4968 lib.
3040 4929 3123 4983 Ill,
3159 4933 3217 4971 η.
3245 4919 3464 4987 'lU).Ille

1866 5014 2054 5063 autem
2080 5025 2193 5062 non
2220 5006 2514 5078 acquievit,
2546 5004 2734 5059 dicens
2759 5022 2769 5057 :
2795 5002 2922 5058 Non
2944 5022 3192 5076 possum,
3224 5006 3464 5066 abba.Et

1865 5098 2169 5169 assumpsit
2196 5114 2346 5163 eum,
2379 5100 2437 5150 et
2475 5094 2678 5149 levavit
2714 5111 2905 5149 secum
2933 5095 2993 5150 in
3022 5095 3208 5152 domo.
3244 5098 3314 5152 Et
3327 5098 3463 5155 dicit

1869 5188 1945 5242 ei:
1970 5187 2210 5242 Attende
2234 5186 2304 5240 ad
2335 5186 2627 5241 Occasum.
2648 5183 3019 5239 Etattendens
3047 5186 3188 5239 vidit
3206 5187 3460 5242 multitu-

1866 5278 2056 5332 dinem
2076 5277 2420 5331 dmmonum:
2445 5280 2502 5329 et
2538 5273 2597 5327 hi
2626 5280 2790 5328 erant
2816 5273 3052 5339 confusi,
3082 5279 3139 5328 et
3166 5274 3457 5331 turbantes

1860 5384 1919 5421 se
1948 5367 2016 5421 ad
2043 5363 2651 5438 oppugnandum.Dicit
2675 5363 2727 5416 ei
2757 5362 2960 5416 iterum
2987 5362 3451 5422 abbaslsidorus:

1857 5458 2088 5527 Respice
2116 5458 2187 5510 ad
2218 5455 2533 5511 Orientem.
2557 5454 2627 5507 Et
2654 5451 2912 5515 attendit,
2946 5456 3002 5504 ct
3029 5451 3166 5505 vidit
3187 5452 3455 5508 innume-

179 5547 324 5619 apud
344 5563 513 5618 quem
543 5546 781 5601 declina!
796 5551 870 5601 et.
892 5548 1071 5602 Senex
1094 5551 1283 5601 autem
1307 5547 1630 5618 requirebat
1651 5547 1773 5619 quis
1855 5546 2085 5600 rabilem
2102 5545 2518 5600 multitudinem
2536 5541 2862 5611 angelorum
2880 5539 2936 5593 in
2952 5540 3454 5615 gloria.Dixitergo

176 5639 322 5694 inter
345 5653 444 5692 eos
462 5635 814 5693 Theoctistus
834 5642 1128 5693 vocaretur
1148 5637 1207 5692 in
1237 5637 1356 5690 loco
1378 5636 1473 5691 illo
1500 5653 1511 5689 :
1540 5642 1597 5691 et
1622 5636 1773 5691 inve-

1857 5636 2027 5692 abbas
2066 5634 2349 5690 Isidorus:
2420 5632 2558 5707 Ecce
2596 5628 2689 5683 isti
2741 5634 2874 5684 sunt
2911 5629 3008 5700 qui
3036 5630 3193 5685 missi
3222 5637 3356 5687 sunt
3382 5634 3453 5688 ad
