3934 6430
478 297 584 361 983

1614 302 1711 360 DE
1746 301 1938 361 VITIS
1974 297 2274 360 PATRUM
2306 299 2524 357 LIBER
2558 300 2630 356 V.

3664 297 3779 364 984

479 426 865 485 auxiliandum
890 447 903 497 ;
958 428 1054 501 qui
1082 444 1213 484 vero
1242 428 1313 485 ad
1352 429 1624 487 Occasum
1652 432 1982 500 ascendunt,
2013 428 2304 493 hiAmalo
2336 426 2537 500 (Thess.
2567 442 2637 494 v;
2670 429 2703 482 Ι
2723 428 2836 482 Pet.
2867 424 3000 492 III)?
3029 423 3179 481 Dicit
3223 423 3276 479 ei
3296 421 3470 479 abbas
3499 422 3719 479 Pastor
3752 443 3770 479 :

479 524 613 574 sunt
641 519 736 591 qui
764 519 1100 590 impugnant
1123 535 1255 588 nos;
1281 520 1472 592 plures
1500 538 1633 593 ergo
1663 522 1759 593 qui
1787 521 2076 577 nobiscum

481 612 632 674 sunt,
660 624 827 679 quam
858 608 954 679 qui
982 608 1279 664 adversum
1308 626 1410 665 nos
1439 616 1573 666 sunt
1603 613 1698 681 (IV
1720 614 1841 680 Reg.
1873 614 1967 681 v1).
2010 611 2080 665 Et

479 694 563 750 ita
590 712 763 767 agens
801 697 1016 768 gratias
1064 698 1179 753 Deo
1210 698 1384 753 abbas
1411 700 1630 772 Moyses
1660 700 1901 772 sumpsit
1929 700 2076 755 ﬁdu-

482 784 649 851 ciam,
689 791 747 841 et
774 802 1029 842 reversus
1060 787 1227 843 estin
1254 789 1452 843 cellam
1479 806 1660 844 suam.

565 872 647 932 l3.
678 875 913 930 Dicebat
948 875 1121 931 abbas
1151 878 1370 950 Moyses
1400 878 1458 933 in
1489 879 1717 951 Scythi:
1748 879 1806 935 Si
1833 879 2080 935 custodi-

484 979 613 1018 mus
639 964 907 1019 mandata
934 970 1161 1036 patrum
1203 973 1545 1033 nostrorum,
1595 984 1698 1039 ego
1739 972 2089 1040 praesumens

485 1052 556 1107 de
574 1053 690 1108 Deo
713 1054 962 1125 spondeo
981 1053 1134 1109 vobis
1156 1055 1289 1127 quia
1308 1056 1418 1111 huc
1438 1055 1661 1112 barbari
1681 1073 1794 1112 non
1826 1057 2083 1112 venient:

486 1141 533 1196 si
559 1147 750 1198 autem
780 1157 894 1197 non
931 1143 1382 1214 custodierimus,
1422 1146 1760 1201 desolandus
1799 1152 1885 1201 est
1933 1147 2086 1202 locus

486 1228 613 1286 iste.

557 1320 648 1375 14.
681 1320 1017 1378 Sedentibus
1039 1323 1341 1395 aliquando
1360 1324 1625 1379 fratribus
1653 1326 1803 1397 apud
1827 1326 2087 1381 eumdem

491 1408 752 1465 abbatem
781 1412 1031 1483 Moysen,
1092 1412 1228 1467 dicit
1256 1414 1361 1472 eis:
1417 1414 1556 1469 Ecce
1584 1413 1808 1469 barbari
1834 1415 2000 1470 hodie
2030 1416 2087 1470 in

494 1498 689 1571 Scythi
719 1499 963 1568 venient,
990 1501 1087 1556 sed
1115 1501 1329 1573 surgite
1355 1507 1413 1557 et
1433 1503 1628 1575 fugite.
1659 1504 1865 1559 Dicunt
1891 1505 1943 1559 ei
1960 1505 2041 1559 illi
2071 1524 2083 1558 ;

2160 517 2290 572 Haec
2310 520 2494 588 passio
2510 520 2753 588 quatuor
2771 515 2967 570 modos
2984 514 3158 570 habet
3179 532 3191 567 :
3216 513 3463 585 primum
3479 512 3553 568 de
3571 512 3779 579 corde,

2158 605 2468 660 secundum
2488 605 2558 660 de
2588 610 2839 677 aspectu;
2855 604 3087 660 tertium
3107 603 3177 658 de
3195 602 3410 674 lingua,
3426 606 3673 673 quartus
3688 606 3787 656 est

2161 695 2344 750 facere
2371 695 2583 749 malum
2611 711 2712 766 pro
2743 694 2913 749 malo.
2957 693 3018 749 Si
3045 692 3197 748 enim
3225 691 3476 764 potueris
3521 707 3785 764 purgare

2162 801 2276 851 cor,
2291 800 2405 839 non
2425 784 2578 839 venit
2596 784 2669 838 ad
2693 789 2981 855 aspectum
3005 801 3018 850 ;
3046 781 3265 837 custodi
3278 781 3451 836 etiam
3473 796 3547 835 ne
3573 784 3788 846 639

2161 874 2411 946 loquaris
2432 893 2450 939 ;
2478 873 2526 928 si
2550 878 2740 929 autem
2766 874 2986 928 locutus
3008 872 3200 939 fueris,
3228 871 3339 926 cito
3358 876 3416 926 te
3433 869 3678 943 corripe,
3705 886 3785 924 ne

2166 961 2337 1017 facias
2366 963 2579 1017 malum
2609 978 2710 1035 pro
2729 962 2902 1017 malo.

2242 1050 2328 1109 l9.
2360 1052 2627 1107 Narravit
2654 1057 2882 1107 sanctus
2912 1050 3152 1106 Basilius
3180 1049 3491 1122 episcopus,
3521 1048 3729 1104 dicens
3760 1067 3777 1105 :

2167 1141 2299 1197 Fuit
2330 1141 2389 1196 in
2416 1142 2659 1214 quodam
2689 1140 3029 1197 monasterio
3065 1140 3403 1195 feminarum
3433 1138 3589 1210 virgo
3618 1155 3786 1211 quae-

2168 1231 2320 1299 dam,
2343 1248 2466 1302 qua:
2480 1232 2713 1287 stultam
2731 1247 2855 1286 esse
2872 1247 2939 1286 ac
2956 1230 3267 1285 daemonem
3286 1245 3346 1284 se
3361 1228 3569 1283 habere
3596 1228 3787 1282 simu-

2168 1319 2322 1375 labat
2368 1322 2635 1391 (Pallad..
2686 1336 2732 1375 c.
2765 1319 2855 1387 41,
2899 1318 3034 1389 4‘2):
3082 1318 3216 1384 Quae
3270 1334 3449 1390 usque
3505 1318 3649 1373 adeo
3706 1317 3785 1372 ab

2169 1408 2431 1465 omnibus
2450 1409 2575 1464 aliis
2599 1425 2700 1482 pro
2715 1425 2905 1464 errore
2924 1407 3254 1471 habebatur,
3276 1406 3359 1462 ita
3380 1411 3446 1461 ut
3460 1422 3564 1460 nec
3581 1404 3783 1460 cibum

2171 1498 2398 1570 quidem
2429 1514 2556 1553 cum
2594 1514 2662 1553 ea
2685 1503 2969 1570 caperent.
2997 1496 3190 1552 Talem
3217 1494 3494 1567 siquidem
3522 1495 3784 1565 elegerat

492 1588 566 1643 Et
586 1594 647 1644 tu
678 1605 791 1644 non
828 1590 1028 1661 fugies,
1060 1590 1242 1647 abba?
1294 1594 1394 1648 Ille
1423 1600 1613 1648 autem
1642 1595 1779 1649 dicit
1807 1595 1923 1649 eis:
1973 1596 2090 1667 Ego
2172 1587 2365 1655 Vitam,
2399 1592 2466 1642 ut
2492 1604 2524 1642 a
2555 1587 2798 1658 coquina
2819 1602 3111 1658 nunquam
3140 1585 3425 1650 recedens,
3456 1584 3633 1639 totius
3661 1582 3785 1638 illic

493 1692 596 1749 per
625 1682 712 1733 tot
738 1693 917 1734 annos
946 1687 1207 1752 exspecto
1256 1682 1405 1738 diem
1444 1684 1636 1751 istum,
1680 1689 1744 1739 ut
1792 1685 2095 1757 impleatur
2112 1673 3783 1775 Bministeriiimpleretofﬁcium:eteratsecundumvulgare

495 1783 681 1822 sermo
706 1768 930 1823 Domini
954 1771 1065 1825 mei
1083 1772 1112 1825 J
1117 1787 1215 1826 esu
1235 1772 1444 1828 Christi
1465 1773 1698 1829 dicentis
1721 1793 1733 1827 :
1761 1774 1970 1830 Omnes
2000 1774 2097 1845 qui
2112 1762 2156 1775 “’
2178 1765 2554 1838 proverbium,
2572 1766 2841 1820 universae
2859 1765 3059 1819 domus
3068 1764 3323 1836 spongia,
3345 1762 3643 1835 impletum
3658 1778 3698 1816 ει
3718 1778 3783 1817 se

497 1856 776 1929 accipiunt
800 1859 1072 1930 gladium,
1095 1861 1284 1932 gladio
1302 1861 1568 1935 peribunt
1595 1865 1809 1934 (Matth.
1841 1863 1988 1936 xxv).
2020 1865 2094 1918 At

2179 1854 2346 1909 rebus
2362 1854 2624 1926 probans,
2645 1855 2793 1927 quod
2810 1854 3017 1909 sanctis
3034 1852 3189 1908 libris
3199 1852 3469 1925 scriptum
3495 1852 3744 1923 legimus
3763 1869 3779 1907 :

494 1945 575 2000 illi
603 1946 864 2002 dixerunt
913 1948 995 2005 ei:
1049 1950 1244 2022 Neque
1299 1968 1401 2007 nos
1429 1952 1730 2024 fugiamus,
1780 1953 1877 2007 sed
1906 1958 2092 2008 tecum
2176 1944 2234 1998 Si
2265 1943 2408 2015 quis,
2432 1944 2635 2015 inquit,
2667 1958 2733 1998 ex
2765 1944 2920 1998 VObiS
2948 1948 3111 2015 putat
3136 1959 3198 1998 se
3226 1958 3348 1997 8886
3375 1942 3694 2013 εερίθιιιειιι
3716 1940 3781 1996 in

495 2036 911 2093 moriemur.Et
936 2038 1031 2093 ille
1060 2039 1201 2094 dixit
1213 2039 1322 2095 eis:
1348 2042 1464 2112 Ego
1491 2058 1720 2097 causam
1751 2059 1865 2097 non
1895 2041 2093 2100 habeo:
2177 2033 2283 2087 hoc
2307 2033 2541 2101 Πὶιωάο,
2567 2034 2642 2088 Sit
2680 2033 2905 2099 Stultus,
2954 2037 3021 2088 ut
3053 2033 3277 2105 sapiens
3306 2032 3408 2086 ﬁat
3434 2031 3482 2106 (Ῑ
3506 2031 3628 2087 θον·
3662 2032 3778 2098 ιιι).

497 2126 884 2198 unusquisque
906 2133 1156 2183 vestrum
1184 2130 1371 2185 videat
1398 2131 1677 2202 quomodo
1705 2131 2097 2186 sedeat.Erant
2178 2123 2310 2177 Haec
2331 2122 2507 2193 igitur
2532 2122 2848 2177 involutum
2874 2122 3075 2194 pannis
3100 2121 3312 2177 habens
3331 2126 3517 2194 caput,
3538 2121 3620 2175 ita
3637 2137 3779 2192 quo-

498 2220 689 2270 autem
719 2222 935 2288 septem
965 2219 1169 2274 fratres
1218 2236 1347 2274 cum
1378 2236 1463 2287 eo,
1503 2225 1561 2275 et
1599 2220 1795 2275 dicunt
1824 2221 1875 2275 ei
1902 2240 1915 2275 :
1955 2222 2095 2276 Ecce
2178 2228 2287 2283 que
2315 2212 2376 2266 in
2404 2211 2663 2267 omnibus
2711 2211 3024 2281 seI'Viebat;
3070 2217 3282 2267 €33th
3309 2217 3497 2266 autem
3529 2210 3776 2282 Virgines

497 2303 722 2360 barbari
750 2307 1273 2380 approPinquarunt
1292 2310 1499 2380 januag,
1525 2315 1582 2365 et
1608 2310 1800 2365 statim
1820 2311 2097 2365 intrantes
2176 2307 2353 2356 tonsa:
2381 2302 2609 2357 cucullis
2636 2301 3052 2374 cooperiuntur.
3074 2301 3244 2357 Nulla
3266 2301 3564 2372 aliquando
3590 2300 3777 2372 potuit

496 2392 722 2449 barbari
751 2396 1076 2452 occiderunt
1113 2415 1227 2453 eos.
1286 2399 1444 2454 Unus
1471 2405 1660 2454 autem
1689 2416 1754 2454 ex
1784 2400 1865 2455 eis
1894 2400 2098 2455 timore
2178 2390 2324 2444 hanc
2351 2391 2421 2445 de
2450 2391 2874 2462 quadringentis
2894 2390 3198 2462 Virginibus
3221 2390 3409 2446 Videre
3436 2390 3777 2446 manducan‘

501 2484 712 2538 carnali
740 2486 1073 2556 perterritus
1116 2488 1279 2560 fugit,
1338 2494 1395 2544 et
1420 2488 1712 2544 abscondit
1739 2506 1800 2544 se
1824 2494 1951 2561 post
1977 2490 2098 2561 ple-
2180 2484 2314 2547 tem,
2344 2496 2635 2552 nunquam
2660 2497 2763 2553 per
2777 2497 2944 2536 omne
2971 2497 3147 2536 aevum
3169 2496 3337 2535 suum
3364 2479 3510 2534 sedit
3527 2479 3776 2534 admen-

501 2576 620 2627 ctas
648 2573 718 2628 de
746 2575 974 2646 palmis;
1004 2582 1061 2631 et
1089 2577 1227 2633 vidit
1251 2583 1468 2651 septem
1505 2595 1739 2634 coronas
1764 2579 2102 2634 descenden-
2182 2586 2322 2625 sam-
2350 2572 2399 2624 Α
2418 2571 2576 2625 milia
2590 2571 2678 2625 νει
2708 2570 2985 2625 mOdiOam
3006 2576 3226 2643 Partem
3246 2569 3408 2642 Panis
3419 2570 3649 2641 accepit,
3677 2570 3777 2625 sed

503 2666 590 2716 tes
618 2667 679 2717 et
705 2670 1038 2720 coronantes
1080 2665 1345 2722 abbatem
1399 2668 1649 2739 Moysem
1694 2673 1752 2723 et
1777 2685 1872 2722 sex
1900 2668 2101 2723 fratres
2182 2660 2355 2714 micas
2397 2665 2623 2715 tantum
2680 2660 2978 2731 detel‘gens
3028 2660 3277 2731 ipsarum
3324 2674 3665 2725 mensarum.
3722 2664 3780 2714 et

506 2750 604 2822 qui
632 2767 761 2807 cum
783 2768 849 2807 eo
879 2753 1104 2810 fuerant
1128 2756 1427 2812 interiecti.
2184 2748 2420 2805 abluens
2450 2749 2609 2817 ollas,
2642 2748 2730 2804 his
2758 2749 2894 2804 solis
2919 2748 3203 2804 alimoniis
3230 2753 3496 2804 contenta
3535 2748 3776 2804 vivebat.

578 2839 945 2897 15.Dicebant
998 2844 1068 2898 de
1096 2844 1298 2900 abbate
1341 2846 1583 2913 Silvano,
1640 2846 1771 2919 quia
1796 2847 1973 2902 voluit
1998 2847 2103 2902 ali-
2184 2839 2340 2894 Nulli
2366 2854 2618 2910 unquam
2645 2838 2778 2893 fecit
2802 2838 3089 2910 injuriam,
3121 2838 3278 2895 nulla
3313 2837 3490 2911 ipsius
3523 2854 3784 2893 murmur

505 2930 729 3001 quando
757 2948 989 3003 pergere
1027 2933 1088 2988 in
1126 2934 1388 3007 Syriam;
1429 2939 1485 2989 et
1530 2928 1672 2990 dicit
1707 2935 1760 2990 ei
1798 2936 2103 3008 discipulus
2184 2928 2414 2996 audivit,
2438 2928 2580 2984 nulli
2605 2934 2704 2984 aut
2723 2945 2923 3001 parum
2943 2928 3187 2983 autsatis
3206 2928 3392 2983 locuta
3410 2933 3776 2999 estunquam.

505 3035 641 3074 suus
665 3020 885 3076 Marcus
909 3039 921 3074 :
948 3022 1270 3090 Pater,nolo
1300 3024 1449 3079 exire
1463 3024 1714 3086 hinc.sed
1739 3041 1921 3097 neque
1945 3031 2001 3080 te
2021 3026 2160 3097 di-n
2184 3015 2256 3069 Et
2282 3020 2432 3069 certe
2462 3030 2590 3069 cum
2619 3014 2691 3070 ab
2720 3013 2980 3070 omnibus
3017 3014 3340 3080 caederetur.
3370 3030 3496 3069 cum
3524 3013 3777 3070 omnium

506 3074 677 3164 mitto
702 3074 880 3178 abire,
902 3074 2095 3185 ang'sigggci'JJinﬁ‘c'neglige;
2116 3074 2162 3136 θ
2182 3103 2310 3158 odio
2334 3104 2561 3168 viveret.
2605 3103 2902 3158 maledicta
2930 3102 3185 3158 omnium
3220 3074 3550 3173 susiineret.
3580 3106 3775 3157 sancte

505 3198 579 3255 Et
633 3216 761 3255 cum
802 3207 1154 3274 exspectaret
1180 3202 1372 3271 abbas,
1412 3204 1582 3260 tertia
1612 3205 1701 3260 die
1731 3205 1994 3260 dormivit
2042 3205 2094 3261 in

2183 3193 2465 3277 Pyoterio,
2479 3193 2570 3249 cui
2585 3194 2691 3248 hoc
2716 3192 3051 3249 vocabulum
3071 3190 3609 3264 erat,probatissimo
3627 3191 3766 3258 viro,

502 3304 641 3360 pace
666 3288 892 3346 Marcus
919 3290 1223 3364 discipulus
1253 3295 1398 3365 ejus.
2184 3299 2519 3356 semperque
2547 3284 2607 3339 in
2626 3283 2849 3338 deserto
2869 3281 3073 3338 viventi
3089 3281 3268 3337 astitit
3293 3282 3526 3353 angelus
3553 3280 3774 3336 Domini

578 3376 667 3436 16.
717 3379 955 3436 Dicebat
989 3381 1161 3451 abbas
1196 3384 1459 3451 Joannes,
1508 3384 1603 3457 qui
1638 3385 1927 3442 exsiliatus
1954 3391 2041 3442 est
2068 3404 2094 3443 a

2185 3375 2429 3447 quadam
2458 3376 2547 3430 die
2576 3374 2792 3430 sedenti
2819 3375 2881 3430 in
2908 3374 3031 3430 loco
3077 3374 3428 3446 Porphyrite,
3462 3373 3773 3445 affatusque

508 3459 797 3516 Marciano
825 3484 838 3519 :
871 3462 1017 3527 Quia
1042 3464 1298 3521 venimus
1328 3466 1631 3538 aliquando
1643 3468 1712 3522 de
1734 3468 1898 3540 Syria
1924 3467 2104 3523 adab-
2186 3470 2274 3519 est
2300 3464 2387 3519 his
2415 3463 2599 3519 verbis
2630 3477 2642 3513 :
2681 3465 2814 3530 Cur,
2846 3463 3050 3536 inquit,
3081 3464 3295 3535 grande
3331 3462 3543 3535 aliquid
3568 3478 3689 3517 esse
3713 3468 3772 3517 te

504 3547 694 3605 batem
721 3551 1033 3619 Pastorem,
1066 3558 1124 3609 et
1149 3554 1470 3611 volebamus
1497 3556 1846 3628 interrogare
1874 3575 2002 3613 eum
2033 3558 2104 3613 de
2185 3553 2387 3620 credis,
2402 3558 2466 3609 ut
2492 3558 2740 3621 sanctus,
2758 3558 2814 3608 et
2840 3553 2901 3607 in
2924 3552 3248 3624 hujusmodi
3266 3552 3474 3624 degens
3499 3552 3618 3607 loco
3633 3552 3658 3604 Τ
3678 3551 3774 3606 Vis

507 3638 718 3694 duritia
744 3641 946 3696 cordis.
979 3643 1159 3698 Senex
1179 3650 1370 3700 autem
1395 3645 1586 3701 Graece
1613 3645 2105 3719 nesciebat,neque
2185 3644 2373 3699 videre
2398 3644 2693 3699 mulierem
2724 3650 2779 3704 te
2812 3642 3188 3698 sanctiorem?
3215 3642 3369 3697 Vade
3389 3642 3461 3697 ad
3487 3641 3774 3697 Tabenne-

500 3726 784 3803 interpres
812 3731 1434 3790 inveniebatur.Videns
1459 3752 1592 3807 ergo
1617 3753 1719 3791 nos
1746 3753 1915 3792 senex
1930 3736 2106 3793 tribu-

506 3820 707 3888 lantes,
740 3821 908 3894 coepit
944 3822 1139 3878 Graeca
1176 3824 1370 3896 lingua
1398 3825 1571 3898 loqui.
1602 3826 1795 3881 dicens
1826 3844 1837 3880 :
1883 3827 2105 3882 Natura

506 3926 668 3984 aqua;
698 3912 883 3968 mollis
911 3918 1016 3981 est,
1057 3913 1259 3986 lapidis
1306 3919 1498 3970 autem
1526 3915 1670 3971 dura
1706 3923 1820 3985 est;
1851 3922 1908 3971 et
1934 3917 1982 3971 si
2008 3934 2103 3972 vas

508 4015 667 4072 aquae
698 4002 925 4073 plenum
977 4004 1220 4075 pendeat
1247 4021 1418 4076 supra
1444 4006 1785 4078 lapidem,ex
1811 4023 1922 4078 quo
1962 4006 2103 4061 assi-

506 4089 617 4145 due
645 4091 864 4146 stillans
889 4096 1054 4163 gutta
1082 4093 1247 4148 cadat
1270 4094 1329 4148 in
1355 4094 1621 4166 lapidem,
1653 4096 1899 4166 perforat
1926 4113 2055 4152 eum
2087 4114 2101 4163 ;

432 4226 451 4241 ,
507 4178 591 4233 ita
617 4184 676 4233 et
701 4197 886 4236 sermo
924 4180 1148 4237 divinus
1178 4182 1320 4238 lenis
1348 4190 1452 4250 est,
1490 4201 1589 4238 cor
1615 4189 1806 4240 autem
1847 4190 2104 4241 nostrum

508 4268 714 4324 durum
748 4288 760 4338 ;
801 4270 1036 4325 audiens
1089 4287 1226 4342 ergo
1263 4279 1430 4328 homo
1477 4272 1804 4345 frequenter
1855 4275 2105 4330 divinum

505 4374 847 4429 sermonem,
876 4359 1129 4432 aperitur
1155 4378 1251 4415 cor
1272 4362 1396 4433 ejus
1441 4362 1512 4416 ad
1550 4363 1865 4419 timendum
1895 4365 2095 4420 Deum.

2188 3734 2458 3789 siotarum
2481 3733 2886 3789 monasterium
2905 3733 3263 3799 feminarum,
3292 3736 3350 3787 et
3367 3748 3537 3787 unam
3558 3748 3623 3787 ex
3641 3731 3774 3803 ipsis

2186 3824 2303 3878 illic
2325 3823 2575 3878 invenies
2589 3822 2888 3878 habentem
2906 3823 2966 3878 in
2986 3822 3167 3895 capite
3184 3838 3467 3889 coronam,
3487 3821 3773 3894 ipsamque

2183 3929 2454 3984 cognosce
2482 3917 2539 3967 te
2566 3929 2687 3968 esse
2714 3912 3022 3969 meliorem.
3041 3913 3175 3978 Quae
3190 3912 3324 3968 dum
3343 3917 3538 3967 contra
3554 3916 3772 3966 tantum

2184 4001 2452 4073 populum
2481 4000 2600 4056 sola
2628 4000 2824 4056 diebus
2852 4018 2918 4057 ac
2947 4000 3202 4056 noctibus
3231 4005 3464 4072 pugnat,
3488 4015 3583 4055 cor
3599 3997 3770 4071 ipsius

2187 4108 2223 4145 a
2249 4091 2363 4146 Deo
2382 4107 2672 4162 nunquam
2698 4091 2946 4157 recessit,
2972 4096 3037 4146 tu
3066 4094 3256 4146 autem
3282 4106 3396 4146 uno
3416 4089 3476 4145 in
3497 4090 3615 4145 loco
3633 4088 3785 4160 resis

2187 4180 2345 4247 dens,
2385 4196 2567 4252 neque
2605 4197 2887 4252 quoquam
2916 4180 3217 4252 aliquando
3264 4178 3644 4252 progrediens,
3673 4194 3771 4251 per

2188 4286 2381 4325 omnes
2400 4270 2568 4325 urbes
2578 4270 2765 4325 animo
2782 4276 2839 4325 et
2857 4270 3197 4342 cogitatione
3212 4268 3769 4341 vagaris.Statimque

2182 4360 2253 4414 ad
2280 4361 2667 4432 supradictum
2698 4360 3105 4416 monasterium
3144 4360 3316 4427 venit,
3370 4364 3429 4414 et
3478 4358 3767 4430 magistros

582 4446 667 4504 17.
695 4448 847 4504 Dixit
887 4449 1061 4505 abbas
1098 4452 1300 4507 Pastor
1323 4471 1334 4506 ;
1356 4453 1637 4524 scriptum
1661 4458 1774 4510 est;
1815 4437 2164 4519 Quemad-D
2181 4448 2419 4504 fratrum
2450 4450 2685 4520 rogavit,
2703 4450 3205 4505 utintroducerent
3232 4465 3360 4504 eum
3388 4449 3460 4504 ad
3484 4447 3767 4504 habitacu-

503 4537 733 4593 modum
761 4539 1048 4594 desiderat
1061 4557 1255 4597 cervus
1286 4542 1357 4597 ad
1386 4542 1566 4598 fontes
1591 4544 1977 4615 aquarum,ita
1995 4546 2096 4600 de-

506 4626 719 4683 siderat
745 4628 937 4683 anima
964 4645 1092 4684 mea
1119 4630 1190 4685 ad
1217 4635 1292 4697 te,
1336 4631 1661 4703 Deus(Psal.
1686 4646 1798 4704 XL).
1815 4634 2094 4699 Quoniam

502 4715 836 4786 igiturcervi
848 4717 906 4773 in
933 4718 1236 4774 solitudine
1246 4726 1537 4792 serpentes
1546 4721 1818 4793 plurimos
1827 4723 2095 4795 glutiunt,

503 4811 561 4858 et
583 4821 712 4860 cum
741 4807 958 4863 accensi
980 4825 1174 4864 eorum
1202 4825 1416 4865 veneno
1443 4809 1749 4878 fuerint,ad
1777 4829 1953 4885 aquas
1982 4830 2104 4885 per-

503 4890 695 4945 venire
723 4890 1064 4959 desiderant,
1097 4893 1351 4949 bibentes
1383 4901 1571 4950 autem
1601 4902 1895 4953 tentantur
1924 4916 1958 4952 a
1987 4898 2101 4953 fer-

504 4996 636 5034 vore
665 4980 973 5052 serpentini
1003 4983 1186 5052 virus;
1212 4984 1292 5038 ita
1314 4989 1371 5038 et
1406 4986 1667 5041 monachi
1691 4988 1750 5041 in
1779 4988 2101 5042 solitudini-

504 5068 608 5125 bus
628 5069 965 5138 habitantes,
980 5073 1362 5129 accenduntur
1388 5075 1705 5131 daemonum
1725 5076 2103 5146 malignorum

505 5177 741 5226 veneno,
774 5166 832 5217 et
857 5168 1157 5235 propterea
1184 5164 1508 5220 desiderant
1538 5164 1780 5221 Sabbato
1810 5165 2101 5220 Dominico

500 5252 692 5308 venire
721 5252 793 5308 ad
816 5252 997 5308 fontes
1026 5256 1431 5326 aquarum,hoc
1453 5260 1539 5310 est
1574 5255 1644 5310 ad
1670 5271 1871 5327 corpus
1900 5260 1957 5310 et
1976 5272 2102 5310 san-

499 5342 732 5413 guinem
771 5343 998 5399 Domini
1035 5345 1213 5400 nostri
1266 5346 1400 5400 Jesu
1428 5344 1656 5411 Christi,
1695 5350 1759 5399 ut
1787 5352 2103 5417 purgentur

503 5432 573 5487 ab
603 5433 759 5488 omni
788 5434 1164 5490 amaritudine
1193 5435 1511 5489 daemonum
1538 5434 1932 5506 malignorum.

574 5520 1039 5595 18.Interrogavit
1053 5525 1258 5596 aliquis
1278 5523 1538 5579 abbatem
1556 5524 1862 5590 Pastorem,
1881 5525 2092 5581 dicens:

501 5610 645 5676 Quid
667 5618 752 5669 est
778 5613 926 5688 quod
953 5614 1223 5688 scriptum
1249 5618 1355 5683 est,
1378 5614 1504 5670 Non
1530 5614 1733 5671 reddas
1761 5616 1977 5672 malum
1995 5632 2096 5691 pro

2182 4540 2300 4594 lum
2326 4539 2684 4594 feminarum.
2716 4539 2894 4604 Quem
2917 4554 3047 4594 mox
3066 4539 3166 4606 illi,
3181 4544 3247 4593 ut
3268 4538 3449 4593 virum
3468 4553 3582 4593 non
3595 4537 3765 4592 solum

2183 4628 2298 4682 vita
2324 4628 2650 4699 gloriosum,
2684 4645 2878 4683 verum
2907 4628 3076 4683 etiam
3107 4632 3163 4683 et
3192 4626 3551 4699 provectioris
3571 4626 3761 4694 aetatis,

2184 4735 2312 4773 cum
2339 4718 2542 4773 fiducia
2571 4718 2773 4789 grandi
2793 4717 3073 4773 introduci
3092 4717 3660 4787 fecerunt.Ingressus
3675 4733 3766 4771 au-

2182 4813 2316 4873 tem,
2352 4824 2546 4863 omnes
2555 4823 2774 4862 sorores
2783 4807 3119 4862 desideravit
3135 4806 3409 4878 inspicere
3432 4822 3443 4859 :
3467 4805 3616 4861 inter
3634 4822 3764 4878 quas

2184 4897 2361 4952 solam
2390 4898 2567 4964 illam,
2586 4903 2815 4969 propter
2835 4914 3004 4969 quam
3024 4901 3275 4963 venerat,
3298 4911 3413 4950 non
3433 4893 3765 4950 videbat.Ait

2185 4992 2376 5041 autem
2392 4987 2462 5041 ad
2480 4992 2828 5058 postremum
2856 5007 2867 5041 :
2888 4987 3116 5053 Omnes,
3130 4984 3475 5058 inquit,mihi
3492 4984 3757 5050 adducite,

2184 5075 2376 5129 deesse
2406 5076 2546 5130 mihi
2583 5075 2805 5130 videtur
2833 5075 3040 5147 aliqua.
3074 5076 3278 5130 Dicunt
3306 5075 3358 5130 ei
3393 5092 3406 5128 :
3453 5074 3649 5138 Unam,
3679 5072 3760 5128 in-

2183 5167 2641 5238 quiunt,stultam
2667 5168 2920 5234 lPallad.,
2940 5166 3140 5237 salem)
3152 5165 3422 5221 habemus
3438 5164 3759 5218 intrinsecus

2180 5256 2240 5312 in
2268 5257 2524 5328 coquina.
2558 5257 2649 5312 Sic
2677 5256 2828 5310 enim
2860 5272 2955 5310 eas
3001 5272 3125 5328 quae
3168 5273 3203 5311 a
3225 5256 3476 5310 daemone
3504 5258 3759 5308 vexantur

2181 5348 2485 5418 appellant.
2518 5348 2593 5401 At
2618 5347 2712 5401 ille
2742 5364 2754 5399 :
2787 5345 3073 5413 Exhibete,
3108 5346 3308 5418 inquit,
3350 5345 3422 5399 ad
3466 5360 3556 5398 me
3590 5342 3755 5415 ipsam

2183 5453 2423 5508 quoque,
2438 5441 2503 5491 ut
2523 5437 2896 5493 eamvideam.
2911 5438 3033 5501 Quo
3052 5435 3262 5503 audito,
3296 5451 3467 5506 supra
3492 5448 3755 5488 memora.

2176 5533 2296 5582 tam
2324 5542 2522 5582 vocare
2547 5532 2855 5599 coeperunt.
2888 5528 3024 5592 Quae
3052 5541 3180 5581 cum
3207 5525 3382 5581 nollet
3406 5523 3618 5589 audire,
3642 5538 3752 5576 sen-

2177 5617 2610 5686 tiens,utcredo,
2633 5616 2864 5690 aliquid,
2887 5621 2987 5674 aut
2998 5615 3250 5673 fortassis
3259 5614 3364 5673 hoc
3377 5614 3563 5688 ipsum
3578 5610 3751 5668 divina
