3934 6376
148 325 253 387 985
1420 339 1658 397 VERBA
1696 341 2087 401 SENIORUM.
3322 337 3426 398 985

146 455 484 513 revelatione
501 472 858 530 cognoscens,
881 459 1078 516 dicunt
1090 461 1161 516 ei:
1181 461 1419 520 Sanctus
1435 465 1732 538 Pyoterius
1754 474 1800 530 Α
1821 473 1939 523 toto
1958 484 2189 540 corpore
2205 468 2377 540 prius,
2387 470 2680 523 exeuntem
2690 463 2761 520 ab
2772 462 3006 520 ecclesia
3017 464 3170 521 claro
3189 464 3418 537 quidem

147 548 203 599 te
230 544 415 602 videre
444 546 743 603 desiderat.
769 549 903 604 Erat
931 548 1081 604 enim
1102 550 1190 605 vir
1215 552 1377 609 fama:
1407 571 1471 609 ac
1491 557 1737 612 nominis
1815 558 1973 613 vultu
1994 558 2343 630 candidaque
2356 572 2607 629 corpore,
2640 555 2922 610 daemones
2938 559 3130 610 autem
3161 555 3257 626 qui
3286 559 3419 611 ante

147 635 393 706 grandis.
409 638 743 708 Cumquead
762 637 1376 710 eumfuissetexhibita,
1399 644 1735 717 vidissetque
1817 646 2087 701 tenebant
2112 663 2262 712 eum,
2298 650 2493 717 postea
2519 645 2589 698 de
2618 645 2782 714 longe
2806 648 3127 715 sequentes;
3158 649 3421 700 sanctum

148 737 333 794 panno
351 723 593 780 frontem
609 724 786 797 ipsius
799 725 1125 793 involutam,
1153 730 1389 800 projecit
1407 748 1466 785 se
1484 732 1553 786 ad
1568 733 1736 804 pedes
1822 752 1950 790 vero
2003 736 2265 807 angelum
2291 736 2455 805 juxta
2502 734 2687 806 ipsum
2718 732 3101 788 ambulantem
3141 734 3329 789 laetum
3362 738 3421 789 et

150 809 343 883 ipsius,
376 813 597 869 dicens:
632 814 873 871 Benedic
892 833 1002 884 me,
1026 817 1227 890 inquit.
1260 819 1420 884 Quod
1444 838 1637 877 rursus
1667 823 1740 877 ad
1819 830 2142 896 promptum
2156 825 2560 895 ctgaudentem
2572 840 2743 894 supra
2755 822 3418 878 eumvalde.Paulusvero

149 900 299 956 illius
317 903 488 974 pedes
512 908 648 959 tunc
663 910 721 959 et
746 904 870 976 ipsa
892 905 1040 973 fecit,
1063 923 1127 961 ac
1147 907 1286 962 dixit
1309 924 1323 963 :
1345 909 1429 965 Tu
1457 927 1547 965 me
1577 911 1739 966 bene-
1821 913 2053 967 exiliens
2083 930 2209 968 cum
2237 912 2445 983 gaudio
2466 910 2762 977 clamabat,
2790 910 3124 967 benedicens
3146 913 3327 967 Deum
3360 916 3419 968 et

146 989 502 1057 dic,domine.
526 993 735 1049 Omnes
762 1010 982 1050 sorores
1006 995 1418 1069 obstupuerunt
1447 999 1634 1066 simul,
1660 1001 1740 1055 di-
1821 1001 2044 1057 dicens:
2080 1002 2126 1056 Ο
2150 1001 2448 1056 ineffabilis
2469 1000 2856 1055 misericordia
2882 1000 2983 1055 Dei
3013 1005 3071 1056 et
3099 1000 3349 1056 bonitas!
3379 1017 3413 1055 ο

147 1085 335 1136 centes
360 1100 371 1136 :
403 1082 551 1151 Noli,
579 1081 742 1150 abba,
763 1084 934 1139 talem
952 1084 1218 1157 injuriam
1239 1088 1554 1158 sustinere;
1585 1090 1741 1145 fatua

150 1174 232 1225 est
259 1170 410 1225 enim
423 1171 532 1227 ista
552 1188 722 1244 quam
742 1174 945 1231 cernis.
969 1175 1038 1230 Et
1055 1182 1283 1232 sanctus
1312 1178 1605 1249 Pyoterius
1636 1180 1741 1234 hoc

146 1258 281 1332 ipsis
327 1260 588 1316 omnibus
628 1261 738 1316 ait:
775 1263 905 1330 Vos,
947 1264 1150 1336 inquit,
1201 1267 1337 1322 estis
1364 1268 1567 1336 fatuae;
1607 1285 1741 1324 nam

147 1348 263 1404 haec
287 1354 346 1404 et
361 1354 549 1405 vestra
575 1355 633 1406 et
653 1368 779 1406 mea
800 1357 887 1408 est
908 1354 1112 1409 Amma
1132 1353 1260 1425 (46).
1287 1358 1404 1411 Hoc
1415 1358 1564 1412 enim
1582 1358 1641 1413 in
1673 1376 1742 1413 ea

146 1442 347 1494 vocant
372 1438 453 1493 illi
506 1438 743 1495 feminas
772 1441 1112 1513 spirituales.
1148 1445 1216 1499 Et
1243 1446 1510 1516 deprecor
1536 1448 1736 1515 Deum,

149 1525 245 1593 ait,
300 1532 367 1581 ut
385 1527 621 1599 dignum
651 1528 776 1601 ipsa
804 1530 865 1585 in
888 1531 979 1586 die
1003 1533 1203 1603 judicii
1233 1552 1451 1589 merear
1476 1534 1737 1594 inveniri.

151 1616 268 1680 Quo
297 1617 514 1685 audito,
542 1634 737 1673 omnes
764 1619 933 1675 simul
961 1622 1031 1675 ad
1062 1624 1231 1694 pedes
1266 1624 1441 1695 ipsius
1485 1627 1741 1696 procide-

149 1709 299 1769 runt,
334 1705 566 1778 singulm
594 1708 751 1763 varia
787 1715 1015 1781 peccata
1039 1712 1089 1766 ei
1118 1712 1345 1784 propria
1374 1716 1732 1775 conﬁtentes.

1823 1089 2022 1145 divinae
2050 1090 2440 1145 miserationes
2469 1091 2590 1160 ejus
2617 1094 2675 1145 et
2697 1089 3124 1145 innumerabilis
3170 1088 3415 1145 bonitas!

1826 1179 2071 1233 Currens
2110 1184 2301 1234 autem
2323 1185 2380 1234 et
2420 1178 2726 1235 ascendens
2757 1195 2926 1250 super
2972 1179 3148 1234 altum
3178 1179 3420 1250 gradum

1823 1285 2029 1339 magna
2057 1286 2187 1323 voce
2215 1268 2469 1323 dicebat:
2516 1265 2732 1333 Venite,
2764 1268 2951 1323 videte
2978 1285 3150 1340 opera
3186 1267 3409 1323 Domini
3508 1300 3521 1307 ν

1824 1374 1992 1429 quam
2012 1358 2289 1413 terribilia
2306 1362 2459 1423 sunt,
2480 1362 2538 1412 et
2558 1357 2710 1411 omni
2724 1361 2955 1428 stupore
2977 1356 3166 1427 digna.
3198 1357 3417 1423 Venite,

1821 1446 2006 1502 videte
2035 1464 2163 1502 eum
2194 1447 2290 1519 qui
2318 1447 2438 1501 vult
2474 1463 2669 1501 omnes
2700 1446 2956 1500 homines
2987 1446 3222 1512 salvare,
3257 1450 3314 1500 et
3342 1445 3414 1500 ad

1823 1536 2168 1607 agnitionem
2185 1536 2435 1591 veritatis
2465 1535 2653 1590 venire
2676 1536 2723 1601 (Ι
2749 1537 2916 1601 Tim.,
2949 1532 3034 1605 11).
3057 1534 3425 1599 Venite,ado-

1823 1642 2013 1681 remus
2041 1631 2097 1680 et
2111 1625 2464 1697 procidamus
2485 1630 2615 1679 ante
2631 1640 2780 1693 eum,
2809 1628 2866 1678 et
2886 1624 3168 1679 dicamus:
3200 1623 3343 1688 Quia
3359 1628 3423 1679 tu

1822 1716 1975 1770 solus
1987 1721 2185 1786 potens
2201 1732 2260 1769 es
2281 1719 2508 1786 peccata
2518 1713 2914 1768 dimittere.Ad
2925 1713 3070 1767 hanc
3088 1729 3277 1767 vocem
3296 1713 3422 1784 ejus

148 1793 271 1848 Alia
282 1794 434 1850 enim
449 1795 684 1853 abluens
707 1800 898 1853 sordes
918 1800 1087 1856 catini
1108 1819 1280 1873 supra
1299 1820 1424 1857 eam
1453 1820 1511 1859 se
1530 1803 1741 1860 fudisse
1756 1833 1803 1893 B
1823 1820 2018 1859 omnes
2039 1803 2723 1874 cucurrerunt,cupientes
2747 1802 2941 1857 audire
2962 1818 3085 1874 quae
3108 1801 3424 1858 dicebat.Et

147 1882 383 1951 dicebat;
401 1885 513 1942 alia
533 1903 663 1942 vero
681 1889 929 1960 colaphis
950 1906 1072 1945 eam
1091 1908 1125 1946 a
1145 1909 1204 1946 se
1224 1891 1572 1948 verberatam
1592 1911 1738 1966 saepe

146 1974 530 2044 memorabat;
561 1976 674 2031 alia
712 1994 878 2033 nares
914 1979 1089 2051 ipsius
1117 1981 1299 2054 sinapi
1325 1982 1584 2053 impletas
1614 2001 1649 2038 a
1678 2001 1738 2039 se

143 2078 265 2141 esse
277 2064 523 2120 deﬂebat
543 2084 559 2127 ;
592 2071 805 2122 caeterze
826 2084 1048 2140 quoque
1072 2070 1320 2125 diversas
1337 2071 1657 2128 referebant
1678 2090 1738 2129 se

149 2151 198 2205 ei
208 2150 446 2224 injurias
464 2154 763 2227 irrogasse.
783 2157 892 2212 Pro
905 2158 1106 2229 quibus
1118 2159 1378 2216 omnibus
1398 2168 1623 2216 sanctus
1644 2161 1738 2216 ille

145 2238 280 2296 fusis
300 2242 419 2297 Deo
447 2244 703 2315 precibus
732 2263 991 2317 egressus
1020 2253 1124 2302 est.
1156 2249 1293 2303 Post
1320 2267 1526 2322 paucos
1547 2256 1739 2306 autem

149 2329 264 2385 dies
293 2347 406 2386 non
434 2333 619 2389 ferens
645 2335 744 2389 illa
766 2340 981 2391 tantam
1007 2337 1094 2391 sui
1111 2338 1369 2408 gloriam,
1394 2345 1666 2412 tantoque
1678 2357 1738 2394 se

149 2420 341 2476 nolens
361 2438 615 2478 sororum
629 2424 841 2480 honore
859 2426 1152 2493 cumulari,
1169 2428 1503 2500 gravarique
1526 2447 1587 2484 se
1616 2446 1739 2484 cre-

1822 1893 2275 1948 convenientibus
2287 1910 2377 1948 om
2385 1893 2546 1947 nibus
2557 1890 3044 1946 referebatPaulus
3058 1908 3180 1963 quae
3191 1890 3422 1946 vidisset

1821 1988 2123 2055 antequam
2140 1983 2198 2037 in
2218 1983 2508 2038 ecclesiam
2528 1981 2824 2045 intrarent,
2833 1997 2956 2052 quae
2968 1985 3164 2051 postea
3188 1979 3416 2035 iterum.

1822 2073 1888 2127 Et
1919 2072 2293 2142 interrogavit
2319 2072 2478 2126 illum
2506 2071 2710 2133 virum,
2743 2075 2810 2124 ut
2832 2069 3045 2124 diceret
3065 2069 3117 2123 ei
3163 2085 3412 2135 causam,

1820 2177 1921 2233 pro
1934 2178 2046 2233 qua
2058 2161 2110 2216 ei
2130 2161 2315 2216 subito
2329 2165 2546 2216 tantam
2558 2159 3082 2214 mutationemDeus
3103 2158 3415 2215 donaverit.

1821 2251 2004 2305 Homo
2026 2267 2158 2322 ergo
2188 2251 2281 2305 ille
2312 2250 2596 2305 convictus
2628 2248 2875 2313 aPaulo,
2927 2264 3116 2303 coram
3159 2246 3419 2303 omnibus

1823 2339 1919 2411 qui
1948 2340 2096 2395 circa
2120 2340 2304 2411 ipsum
2334 2344 2498 2394 erant
2524 2343 2718 2410 aperte
2742 2337 3007 2404 narravit,
3040 2336 3233 2392 dicens
3259 2351 3271 2386 :
3303 2337 3420 2407 Ego

1823 2434 2082 2500 peccator
2106 2428 2275 2483 homo
2304 2444 2449 2494 sum,
2483 2433 2541 2482 et
2578 2429 2755 2483 multo
2783 2433 3037 2499 tempore
3066 2427 3127 2481 in
3171 2426 3417 2482 fornica-

153 2508 286 2565 dens
314 2513 764 2569 excusationibus
777 2514 1146 2586 singularum,
1172 2523 1397 2588 egressa
1416 2524 1502 2573 est
1528 2520 1598 2574 de
1626 2536 1744 2573 mo-
1823 2518 1976 2574 tione
2004 2517 2109 2572 vixi
2135 2534 2313 2590 usque
2350 2534 2500 2572 nunc
2535 2536 2546 2573 :
2586 2517 2908 2589 ingrediens
2936 2520 3126 2571 autem
3169 2515 3335 2571 modo
3360 2515 3422 2571 in

156 2600 400 2656 nasterio
416 2602 514 2657 illo
528 2604 760 2669 occulte,
783 2609 841 2660 et
855 2622 965 2676 quo
995 2606 1145 2674 ierit,
1173 2607 1230 2661 in
1252 2625 1420 2679 quem
1434 2625 1494 2663 se
1523 2609 1744 2664 miserit
1824 2610 2075 2661 sanctam
2094 2605 2384 2660 ecclesiam
2404 2605 2525 2673 Dei,
2545 2605 2732 2660 audivi
2752 2621 2940 2660 vocem
2950 2603 3232 2677 loquentis
3250 2603 3311 2659 in
3330 2620 3416 2671 eo,

150 2687 354 2757 locum,
381 2692 469 2746 vel
499 2708 609 2764 quo
634 2693 747 2749 ﬁne
772 2694 1055 2763 defecerit,
1081 2696 1148 2751 ad
1163 2697 1373 2752 nullius
1392 2698 1578 2770 potuit
1600 2699 1744 2754 noti—
1824 2695 1923 2751 ubi
1946 2695 2084 2751 dicit
2113 2713 2129 2750 :
2162 2694 2473 2761 Lavamini,
2513 2694 2712 2749 mundi
2742 2698 2939 2761 estote,
2970 2693 3186 2749 auferte
3205 2692 3420 2749 malum

150 2777 287 2834 tiam
315 2784 626 2852 pervenire.
1827 2785 2232 2855 cogitationum
2258 2790 2573 2839 vestrarum
2601 2783 2671 2838 ab
2697 2783 2872 2838 oculis
2898 2781 3057 2850 meis,
3102 2782 3301 2838 discite
3323 2781 3423 2838 be-

220 2867 308 2927 20.
341 2872 529 2927 Beatae
559 2873 844 2930 memoriae
882 2875 1091 2931 Paulus
1140 2876 1404 2949 Simplex,
1436 2878 1742 2951 discipulus
1823 2873 2098 2939 nefacere,
2167 2877 2224 2928 et
2263 2873 2311 2928 si
2360 2872 2572 2928 fuerint
2627 2877 2858 2944 peccata
2910 2876 3099 2927 vestra
3143 2876 3417 2943 tanquam

150 2956 367 3015 abbatis
393 2961 644 3030 Antonii,
668 2964 917 3020 narravit
939 2965 1194 3037 patribus
1219 2967 1389 3022 talem
1413 2984 1566 3022 rem:
1600 2967 1743 3033 Quia
1824 2962 2185 3035 phoenicium,
2209 2962 2363 3017 velut
2390 2962 2485 3017 nix
2512 2961 2941 3017 dealbabuntur.
2974 2961 3044 3016 Et
3066 2960 3113 3016 si
3135 2960 3422 3016 volueritis

150 3047 451 3121 aliquando
469 3051 702 3108 veniens
720 3053 779 3108 in
807 3055 1148 3110 monasterio
1168 3055 1430 3111 visitandi
1448 3057 1652 3127 gratia,
1686 3062 1745 3111 et
1827 3057 1886 3108 et
1911 3052 2204 3108 audieritis
2228 3069 2337 3119 me,
2370 3051 2519 3107 bona
2553 3056 2720 3107 terrae
2737 3050 3042 3106 comedetis
3082 3051 3300 3121 (Isaia,
3341 3048 3413 3122 1).

149 3154 249 3209 pro
277 3140 918 3209 iratruminstructione,
938 3149 1064 3216 post
1073 3150 1398 3200 consuetam
1420 3146 1489 3200 ad
1506 3145 1741 3200 invicem
1761 3192 1803 3216 η
1828 3142 1963 3213 Ego,
1996 3141 2197 3213 inquit,
2233 3140 2537 3196 fornicator
2559 3141 2619 3195 in
2638 3141 2744 3195 hoc
2769 3155 3028 3195 sermone
3051 3141 3423 3211 compunctus

152 3192 169 3209 .
228 3192 234 3193 κ
372 3192 407 3195 --
433 3192 1398 3216 -~m—-m-m--m-.tuna-"um-
1420 3192 1741 3200 -μ--τ-ν---ς
1828 3192 1963 3213 -οη
1996 3192 2197 3213 --ην---ι
2560 3192 2738 3195 --ην-
3066 3192 3101 3193 η
3164 3192 3201 3211 κ.
3230 3192 3249 3193 ρ
3312 3192 3345 3193 η

152 3229 610 3296 consolationem,
625 3231 981 3289 intraverunt
1004 3233 1061 3289 in
1090 3234 1385 3290 ecclesiam
1404 3235 1523 3301 Dei,
1542 3234 1744 3290 missas
1760 3192 1805 3254 Ο
1826 3248 1952 3286 sum
1973 3230 2161 3297 nimis,
2191 3234 2249 3284 et
2269 3230 2642 3301 ingemiscens
2652 3229 2804 3284 intra
2817 3227 3218 3284 conscientiam
3237 3243 3424 3283 meam

150 3333 304 3373 more
333 3319 501 3375 solito
530 3320 870 3377 celebrare‘.
895 3323 1100 3379 Beatus
1131 3340 1265 3395 ergo
1285 3325 1493 3380 Paulus
1519 3324 1745 3380 intuens
1826 3320 1940 3375 dixi
1965 3320 2037 3375 ad
2078 3320 2294 3375 Deum:
2326 3320 2413 3374 Tu
2458 3319 2628 3386 Deus,
2663 3317 2759 3391 qui
2807 3316 3008 3373 venisti
3048 3317 3107 3372 in
3147 3316 3425 3372 mundum

153 3407 221 3462 ad
249 3425 712 3483 unumquemque
731 3412 1140 3468 introeuntium
1159 3414 1219 3468 in
1239 3413 1749 3480 ecclesiam,inten-
1826 3415 2145 3483 peccatores
2199 3409 2379 3463 salvos
2407 3407 2611 3475 facere,
2663 3413 2721 3463 et
2778 3407 2875 3480 qui
2924 3407 3043 3462 haec
3093 3422 3217 3478 quae
3256 3405 3425 3460 modo

156 3496 321 3553 debat
336 3499 489 3571 quali
512 3499 701 3556 animo
717 3501 872 3557 intus
893 3502 1151 3572 intraret;
1173 3502 1417 3558 habebat
1428 3504 1579 3558 enim
1600 3504 1746 3558 hanc
1826 3501 1972 3557 lecta
2002 3503 2136 3553 sunt
2163 3497 2469 3570 promisisti
2493 3514 2593 3571 per
2603 3498 2957 3570 prophetam,
2981 3496 3199 3568 comple
3223 3496 3423 3551 effectu

154 3588 397 3658 gratiam
426 3587 534 3645 sibi
545 3590 737 3646 datam
755 3608 790 3646 a
807 3592 943 3661 Deo,
968 3597 1031 3648 ut
1042 3593 1123 3648 sic
1143 3592 1358 3649 videret
1373 3611 1744 3666 unumquem~
1830 3594 1889 3646 et
1915 3605 2083 3661 opere
2131 3587 2302 3642 etiam
2330 3588 2390 3642 in
2445 3603 2536 3642 me
2563 3586 2797 3659 indigno
2825 3590 2883 3641 et
2937 3590 3247 3658 peccatore.
3281 3584 3423 3640 Ecce

158 3693 264 3749 que
291 3678 456 3749 cujus
475 3679 651 3735 animi
678 3685 843 3748 esset,
874 3681 1019 3737 sicut
1043 3698 1145 3737 nos
1166 3682 1337 3738 facies
1362 3689 1582 3739 nostras
1600 3683 1749 3738 vide-
1832 3678 1983 3735 enim
2013 3677 2214 3732 amodo
2235 3675 2503 3748 promitto
2548 3675 2654 3731 tibi
2693 3681 2752 3731 et
2779 3675 3026 3748 spondeo
3057 3690 3335 3742 sermone,
3369 3678 3427 3729 et

157 3782 279 3823 mus
291 3769 363 3824 ad
378 3768 636 3826 invicem:
659 3770 758 3825 sed
777 3775 834 3825 et
844 3772 1118 3843 cujusque
1137 3772 1749 3845 angelumgaudentem
1834 3774 2000 3829 corde
2031 3774 2318 3839 conﬁteor,
2345 3771 2611 3844 quiajam
2629 3786 2743 3825 non
2775 3786 2941 3842 agam
2965 3769 3114 3824 ultra
3134 3768 3273 3824 illud
3302 3784 3427 3823 ma-

157 3855 214 3911 in
255 3858 353 3913 eis.
416 3859 869 3931 Ingredientibus
918 3877 1052 3932 ergo
1106 3862 1369 3917 omnibus
1418 3863 1569 3917 clara
1613 3863 1752 3918 facie
1832 3864 1972 3930 lum,
2008 3863 2106 3918 sed
2132 3861 2467 3917 abrenuntio
2514 3858 2669 3916 omni
2698 3859 3005 3931 iniquitati,
3034 3862 3093 3913 et
3118 3857 3297 3912 servio
3322 3856 3424 3911 tibi

160 3951 215 4002 et
240 3947 535 4020 splendido
563 3949 932 4017 vultu,unum
959 3950 1099 4006 vidit
1123 3948 1349 4023 nigrum
1382 3957 1439 4007 et
1450 3950 1749 4008 obscurum

157 4053 387 4110 corpore
441 4042 580 4106 toto,
638 4043 697 4094 et
750 4038 1030 4095 daemones
1067 4057 1135 4095 ex
1156 4047 1397 4113 utraque
1437 4047 1598 4114 parte
1627 4042 1749 4114 ejus

157 4130 411 4183 tenentes
421 4132 480 4183 et
488 4128 777 4184 trahentes
790 4145 920 4183 eum
930 4130 1001 4184 ad
1021 4130 1431 4203 semetipsos,et
1444 4131 1751 4203 capistrum

155 4214 213 4270 in
240 4216 473 4273 naribus
495 4218 617 4289 ejus
658 4217 946 4274 mittentes
978 4235 990 4272 :
1026 4224 1281 4275 sanctum
1309 4237 1439 4275 vero
1484 4222 1750 4293 angelum

157 4305 272 4376 ejus
285 4307 355 4361 de
374 4306 541 4378 longe
555 4306 853 4379 lugubrem
875 4307 1209 4382 tristemque
1227 4316 1575 4382 sequentem.
1600 4312 1749 4367 Pau-

154 4393 239 4451 lus
248 4401 448 4464 ωε)
464 4413 597 4452 vero
615 4397 932 4470 lacrymans
944 4404 1001 4453 et
1014 4415 1188 4455 manu
1208 4399 1534 4472 frequenter
1553 4406 1748 4473 pectus

1829 3953 2032 4008 amodo
2058 3952 2115 4006 in
2145 3950 2486 4007 conscientia
2513 3949 2743 4004 munda.
2774 3947 2953 4004 Hodie
2981 3964 3134 4019 ergo,
3156 3946 3414 4015 Domine,

1834 4041 1960 4097 etin
1981 4041 2234 4096 bachora
2244 4039 2462 4112 suscipe
2482 4055 2572 4093 me
2583 4037 2951 4110 pmnitentem
2971 4042 3029 4091 et
3055 4035 3423 4108 interpellan-

1832 4137 1949 4187 tem
1974 4136 2051 4200 te,
2084 4137 2141 4186 et
2167 4129 2587 4185 renuntiantem
2600 4144 2765 4184 omne
2776 4131 3086 4199 peccatum.
3113 4126 3180 4181 In
3204 4123 3292 4180 his
3319 4123 3422 4196 igi-

1831 4225 1927 4275 tur
1955 4218 2439 4292 promissionibus,
2470 4218 2569 4285 ait,
2601 4233 2860 4289 egressus
2895 4232 3023 4271 sum
3049 4215 3120 4270 de
3168 4214 3422 4282 ecclesia,

1831 4314 2086 4365 statuens
2115 4309 2306 4365 anima
2334 4325 2478 4376 mea,
2506 4307 2647 4363 nihil
2683 4307 2833 4362 ultra
2861 4321 3028 4376 agere
3057 4304 3192 4360 mali
3237 4320 3427 4360 coram

1832 4398 2006 4453 oculis
2034 4397 2278 4453 Domini.
2309 4397 2471 4467 Quod
2499 4411 2629 4451 cum
2651 4394 2962 4460 audissent,
2999 4408 3195 4448 omnes
3222 4391 3428 4448 clama.

154 4486 403 4541 tundens
421 4485 653 4541 sedebat
681 4492 813 4543 ante
841 4488 1152 4556 ecclesiam,
1182 4489 1408 4560 plorans
1435 4490 1596 4545 valde
1620 4507 1749 4546 eum
1767 4476 2032 4542 Dverunt
2060 4487 2131 4542 ad
2158 4485 2463 4542 Dominum
2486 4500 2618 4541 voce
2656 4499 2879 4554 magna,
2913 4482 3162 4537 dicentes
3196 4499 3211 4537 τ
3245 4480 3430 4546 Quam

155 4574 248 4645 qui
268 4575 319 4630 ei
338 4574 469 4631 talis
489 4582 846 4649 apparuerat.
879 4578 986 4643 Qui
1004 4582 1196 4633 autem
1217 4578 1481 4634 videbant
1507 4579 1655 4652 quod
1671 4579 1750 4634 fa-

154 4663 351 4733 ciebat,
367 4670 555 4722 ettam
572 4667 810 4722 celerem
833 4668 881 4739 ej
890 4685 954 4724 us
970 4669 1364 4735 mutationem,
1389 4673 1447 4723 et
1468 4669 1746 4742 lacrymas

153 4758 207 4809 et
215 4755 884 4828 luctum,interrogabant
892 4763 1155 4829 rogantes
1167 4775 1297 4813 eum
1308 4763 1373 4813 ut
1387 4758 1599 4813 diceret
1609 4759 1744 4830 quid

153 4850 299 4900 esset
310 4845 460 4917 quod
470 4845 705 4915 videret,
719 4847 986 4902 timentes
996 4864 1066 4902 ne
1081 4847 1216 4919 quid
1236 4847 1294 4902 in
1310 4849 1745 4920 reprehensione

153 4934 404 4990 omnium
430 4935 677 5003 vidisset,
711 4953 812 5008 pro
842 4952 952 5008 quo
980 4937 1098 4992 haec
1118 4937 1345 4992 faceret.
1377 4937 1746 4993 Postulabant

152 5022 320 5079 etiam
335 5030 403 5079 ut
415 5024 487 5080 ad
505 5025 705 5081 missas
714 5025 953 5081 intraret
965 5043 1092 5082 cum
1105 5025 1203 5081 eis.
1219 5028 1335 5082 Pan
1344 5027 1432 5082 lus
1448 5032 1638 5083 autem
1650 5044 1745 5082 eos

152 5114 449 5185 repellens,
490 5121 548 5170 et
575 5132 789 5187 negans
818 5133 878 5172 se
906 5117 1313 5188 ingressurum,
1338 5117 1569 5173 sedebat
1592 5117 1743 5173 foras

147 5202 337 5273 jacens
384 5209 443 5259 et
469 5205 696 5277 plorans
743 5205 912 5260 nimis
945 5206 1108 5260 illum
1138 5206 1234 5279 qui
1270 5205 1320 5261 ei
1346 5207 1538 5262 taliter
1567 5224 1741 5280 appa-

151 5298 359 5350 ruerat.
391 5293 526 5349 Post
551 5295 843 5368 paululum
873 5301 1060 5350 autem
1080 5295 1308 5351 dimisso
1328 5296 1576 5350 ecclesia:
1607 5313 1739 5351 con-

1831 4576 2191 4648 magniﬁcata
2201 4579 2529 4646 sunt,opera
2538 4570 2920 4639 tua,Domine!
2937 4569 3128 4625 omnia
3136 4569 3197 4623 in
3207 4569 3426 4641 sapien-

1830 4665 1911 4720 tia
1937 4664 2115 4720 fecisti
2138 4665 2298 4732 (Psal.
2337 4661 2478 4733 cm).
2522 4662 2875 4733 Quapropter
2923 4661 3290 4730 agnoscentes
3318 4657 3425 4712 hoc

1830 4753 2138 4810 Christiani
2166 4753 2237 4808 de
2260 4751 2468 4807 sanctis
2519 4749 2821 4822 Scripturis
2867 4765 2933 4804 ac
2969 4746 3171 4803 divinis
3207 4746 3422 4803 revela-

1825 4843 2089 4910 tionibus,
2114 4848 2384 4915 quantam
2412 4842 2563 4897 Deus
2592 4839 2799 4895 habeat
2826 4837 3136 4895 bonitatem
3155 4835 3303 4893 circa
3329 4854 3425 4893 eos

1829 4934 1926 5006 qui
1952 4934 2024 4988 ad
2053 4949 2184 4988 eum
2212 4933 2408 4987 devote
2437 4930 2786 5002 confugiunt,
2820 4935 2879 4985 et
2905 4945 3007 5002 per
3031 4929 3424 5003 pmnitentiam

1830 5022 2142 5079 emundant
2166 5021 2356 5095 priora
2383 5020 2606 5087 delicta,
2639 5036 2753 5075 non
2774 5020 2958 5076 solum
2987 5035 3101 5074 non
3150 5022 3432 5090 coguntur

1826 5130 2022 5185 poenas
2060 5112 2275 5167 solvere
2302 5127 2404 5183 pro
2435 5110 2677 5183 peccatis
2706 5114 2839 5164 ante
2866 5106 3200 5175 commissis,
3232 5120 3431 5161 verum

1827 5203 1999 5259 etiam
2013 5207 2437 5274 consequuntur
2453 5199 2730 5272 promissa
2750 5197 2916 5254 bona.
2935 5198 3062 5253 Non
3084 5212 3216 5267 ergo
3235 5194 3431 5267 despe-

1823 5309 2014 5348 remus
2029 5292 2099 5347 de
2112 5296 2305 5346 nostra
2319 5290 2500 5345 salute
2514 5311 2527 5345 :
2549 5289 2682 5361 quia
2691 5288 2836 5344 sicut
2853 5303 2954 5359 per
2963 5284 3169 5341 Isaiam
3189 5285 3427 5356 praphev

152 5386 337 5447 ventu,
363 5383 574 5439 iterum
594 5385 803 5440 Paulus
831 5383 1160 5441 attendebat
1187 5384 1437 5457 singulos
1471 5390 1739 5441 exeuntes
1822 5389 1940 5441 tam
1971 5380 2232 5455 promisit
2260 5397 2356 5436 eos
2387 5379 2484 5453 qui
2502 5379 2560 5434 in
2576 5378 2815 5451 peccatis
2835 5373 3216 5431 suntinvoluti
3236 5374 3422 5429 denuo

152 5473 215 5524 ut
268 5488 509 5545 quorum
557 5473 857 5531 introitum
920 5479 1242 5546 agnoverat,
1303 5474 1473 5530 sciret
1545 5476 1740 5546 quales
1822 5474 2097 5538 lavare,et
2113 5471 2260 5526 sicut
2279 5471 2465 5526 lanam
2488 5475 2545 5524 et
2571 5469 2756 5524 nivem
2774 5465 3056 5531 dealbare,
3073 5469 3131 5519 et
3148 5463 3426 5520 bonorum

155 5559 385 5630 exirent,
420 5568 478 5619 et
513 5563 654 5620 vidit
678 5563 836 5621 illum
867 5565 1050 5619 virum
1094 5564 1322 5636 nigrum
1355 5568 1413 5620 et
1438 5563 1741 5621 obscurum
1824 5561 2156 5628 caelestium,
2183 5577 2305 5632 quae
2333 5560 2393 5615 in
2423 5557 2665 5616 caelestis
2687 5555 3000 5613 Jerusalem
3018 5552 3243 5610 civitate
3270 5558 3422 5625 sunt,

224 5688 368 5751 Ruﬂ‘.
398 5691 438 5749 1.
466 5705 552 5761 111,
581 5707 641 5749 n.
676 5690 799 5763 167;
832 5692 1032 5763 Pasch;
1064 5710 1114 5750 ο.
1146 5690 1236 5763 23,
1270 5708 1329 5752 n.
1361 5689 1417 5751 2.
1444 5692 1641 5753 Simile
1661 5692 1723 5752 in
1751 5689 1923 5761 Ruﬁ},
1958 5688 2057 5750 lib.
2087 5702 2151 5759 n,
2175 5703 2298 5760 cap.
2338 5683 2426 5755 14,
2457 5683 2528 5742 de
2553 5679 2807 5755 Eulogio.
