3934 6380
251 511 3537 549 m

781 635 1626 807 VERBA
1647 636 3030 893 _§_I§_NIORUM

730 952 1076 1008 LIBELLUS
1101 953 1388 1008 PRIMUS.

533 1042 608 1094 Dc
631 1044 991 1110 praesidentia
1020 1059 1112 1096 seu
1145 1047 1615 1112 contemplatione.

334 1127 489 1184 Abiit
516 1129 817 1201 aliquando
831 1132 1128 1187 Zacharias
1149 1133 1219 1186 ad
1230 1132 1487 1187 abbatem
1510 1151 1672 1188 suum
1688 1134 1864 1188 Silva-

1877 957 1923 1012 A
1946 968 2115 1023 super
2137 953 2289 1022 justo
2313 953 2628 1024 reperitur;
2659 971 2836 1010 unum
2862 955 3014 1010 enim
3035 956 3087 1010 ei
3119 961 3177 1011 et
3195 957 3430 1030 simplex
3459 962 3546 1013 est

1950 1059 2064 1106 cor,
2099 1043 2169 1095 ad
2198 1043 2375 1096 Deum
2405 1049 2626 1098 tantum
2657 1045 2982 1116 respiciens.
3018 1046 3115 1100 Est
3141 1053 3332 1102 autem
3363 1053 3421 1103 et
3465 1049 3543 1104 al-

1949 1130 2101 1196 bum,
2134 1130 2345 1185 habens
2376 1132 2844 1188 illuminationem
2879 1134 3024 1199 ﬁdei,
3061 1140 3118 1189 et
3137 1136 3320 1190 omnis
3340 1152 3542 1207 opera-

254 1219 926 1285 num,etinveniteumin
940 1238 1167 1276 excessu
1190 1223 1648 1284 mentis,eterant
1663 1240 1863 1277 manus
1946 1221 2027 1274 tio
2055 1221 2193 1291 justi
2224 1221 2282 1275 in
2313 1222 2476 1276 corde
2508 1223 2683 1294 ipsius
2713 1230 2816 1292 est;
2843 1241 2974 1279 nam
3005 1230 3062 1279 et
3082 1242 3318 1281 acumen
3346 1228 3541 1283 stimu-

255 1307 389 1378 ejus
416 1313 657 1363 extensae
687 1310 744 1364 in
774 1311 996 1364 caelum.
1024 1312 1091 1365 Et
1121 1329 1250 1366 cum
1274 1311 1504 1366 vidisset
1531 1313 1626 1378 ita,
1662 1313 1864 1368 clausit
1945 1311 2126 1365 lorum
2149 1313 2290 1381 ejus,
2319 1311 2584 1366 adversus
2605 1312 2891 1366 diabolum
2919 1320 3005 1367 est
3031 1315 3536 1386 prOpugnaculum.

257 1396 557 1464 ostium,et
571 1399 726 1466 exiit;
752 1405 809 1454 et
837 1401 1054 1454 intrans
1071 1401 1215 1455 circa
1238 1401 1433 1454 horam
1457 1407 1671 1455 sextam
1692 1407 1860 1472 atque

257 1500 494 1553 nonam,
525 1487 739 1543 invenit
765 1505 894 1543 eum
923 1489 1118 1544 eodem
1169 1491 1364 1556 modo;
1393 1491 1540 1545 circa
1583 1490 1859 1545 decimam

255 1591 396 1630 vero
449 1576 648 1631 horam
704 1578 963 1649 pulsavit,
1019 1584 1076 1633 et
1121 1579 1427 1650 ingressus,
1462 1581 1676 1634 invenit
1729 1597 1858 1634 eum

255 1664 730 1735 quiescentem,et
747 1667 883 1722 dicit
898 1669 974 1722 ei:
1001 1668 1146 1733 Quid
1179 1668 1420 1722 habuisti
1443 1669 1627 1731 hodie.
1645 1670 1813 1724 Pater
1829 1669 1857 1723 ?

255 1753 370 1818 Qui
399 1754 539 1810 dixit
568 1756 618 1809 ei
643 1775 654 1809 :
690 1757 1015 1812 Infirmatus
1033 1775 1156 1812 sum
1176 1758 1359 1820 hodie,
1387 1759 1484 1812 fili.
1512 1759 1610 1812 Ille
1635 1776 1760 1813 vero
1781 1765 1859 1813 te-

250 1859 401 1898 nens
429 1845 598 1916 pedes
645 1847 788 1917 ejus,
819 1847 1084 1902 dicebat:
1119 1849 1242 1902 Non
1286 1853 1341 1902 te
1388 1848 1689 1916 dimittam,
1750 1850 1857 1903 nisi

250 1932 400 1987 mihi
431 1933 766 1989 indicaveris
804 1935 939 2006 quid
969 1935 1176 1994 vidisti.
1213 1936 1526 2008 Respondit
1555 1938 1606 1990 ei
1637 1955 1805 1992 senex
1840 1957 1851 1992 :

245 2020 370 2091 Ego
399 2023 456 2076 in
485 2024 687 2078 cmlum
729 2031 924 2096 raptus
955 2043 1099 2091 sum,
1132 2033 1188 2080 et
1229 2026 1341 2080 vidi
1375 2032 1568 2093 045
1612 2028 1851 2097 gloriam

242 2109 372 2177 Dei,
407 2117 464 2166 et
491 2113 604 2166 illic
629 2113 758 2168 steti
780 2130 959 2184 usque
980 2115 1165 2180 modo,
1187 2120 1245 2169 et
1258 2131 1405 2168 nunc
1429 2115 1692 2170 dimissus
1709 2134 1856 2172 sum.

323 2199 374 2255 2.
411 2201 562 2256 Dixit
588 2208 783 2257 sancta
815 2204 1156 2274 Syncletica:
1195 2204 1518 2259 Efﬁciamur
1548 2207 1854 2276 prudentes

247 2289 401 2344 sicut
427 2298 735 2363 serpentes,
769 2298 826 2348 et
853 2293 1135 2365 simplices
1153 2295 1298 2348 sicut
1315 2294 1602 2360 columbae,
1622 2301 1688 2350 ut
1703 2306 1853 2351 astu-

243 2385 310 2433 te
329 2379 711 2452 intelligamus
738 2383 968 2454 laqueos
989 2383 1195 2437 diaboli
1220 2403 1230 2451 ;
1251 2400 1381 2437 nam
1406 2385 1709 2454 prudentes
1731 2387 1850 2440 fieri

245 2469 400 2524 sicut
425 2477 715 2541 serpentes
743 2472 955 2526 dictum
991 2479 1094 2539 est,
1126 2479 1192 2527 ut
1232 2489 1344 2528 non
1386 2474 1712 2544 ignoremus
1742 2475 1848 2529 im-

245 2564 420 2630 petus
451 2559 661 2615 diaboli
692 2567 748 2616 et
775 2568 926 2616 artes
955 2564 1097 2633 ejus.
1145 2563 1365 2618 Etenim
1405 2564 1588 2617 simile
1634 2565 1849 2634 aliquid

248 2664 322 2701 ex
349 2649 459 2703 alio
489 2649 660 2704 simili
686 2658 1004 2723 superatur,
1028 2669 1159 2706 nam
1191 2661 1248 2706 et
1273 2652 1601 2723 simplicitas
1633 2654 1836 2708 colum-

168 2811 177 2819 _
241 2737 334 2792 bae
355 2737 792 2796 demonstratur.

322 2825 373 2881 3.
408 2827 636 2884 Dicebat
666 2831 892 2901 quidam
935 2831 1204 2886 Patrum:
1239 2832 1381 2896 Quia
1423 2833 1554 2887 dum
1590 2833 1849 2888 sederent

243 2916 552 2989 aliquando
567 2920 814 2975 seniores
835 2926 892 2975 et
909 2921 1277 2992 loquerentur
1287 2922 1356 2976 de
1367 2923 1844 2990 aedificationibus,

243 3012 372 3061 erat
397 3007 545 3062 inter
574 3026 668 3064 eos
692 3027 839 3064 unus
867 3011 1208 3081 praevidens;
1241 3016 1294 3066 et
1316 3012 1454 3066 vidit
1471 3013 1703 3082 angelos
1732 3031 1848 3068 ma-

245 3112 358 3150 nus
389 3098 667 3168 agitantes
699 3105 754 3154 et
786 3101 1034 3154 lavantes
1067 3117 1162 3154 eos
1202 3103 1393 3170 (Ruf/1,
1442 3105 1481 3156 ι.
1515 3116 1597 3166 III,
1641 3119 1696 3156 η.
1731 3101 1845 3158 36).

243 3185 325 3240 Ut
351 3192 537 3241 autem
570 3188 812 3243 venisset
828 3189 1036 3243 locutio
1061 3189 1730 3253 szecularis,discedebant
1752 3208 1848 3244 an-

240 3275 378 3346 geli,
404 3282 460 3332 et
481 3277 878 3333 volutabantur
907 3279 1058 3349 porci
1082 3278 1138 3332 in
1170 3279 1354 3332 medio
1383 3279 1531 3350 pleni
1553 3279 1842 3345 fetoribus,

251 3370 314 3419 et
337 3365 663 3435 polluebant
679 3383 793 3433 eos;
817 3383 944 3420 cum
971 3373 1159 3421 autem
1177 3383 1374 3421 rursus
1394 3367 1758 3438 loquerentur
1778 3368 1847 3422 de

243 3453 636 3522 aediﬁcatione,
671 3455 968 3510 veniebant
1011 3455 1217 3511 iterum
1247 3461 1305 3510 et
1328 3455 1588 3510 lavabant
1621 3473 1715 3510 eos
1744 3472 1846 3510 an-

241 3543 382 3614 geli.

243 3727 334 3776 est
364 3741 376 3775 :
412 3723 592 3795 Super
620 3723 838 3779 duobus
866 3732 924 3778 et
952 3724 1138 3778 tribus
1159 3724 1405 3794 peccatis
1435 3726 1570 3795 Tyri
1597 3733 1847 3780 avertam

242 3828 359 3878 me,
409 3829 580 3884 super
626 3823 869 3884 quatuor
897 3820 1088 3868 autem
1130 3830 1244 3867 non
1286 3819 1534 3868 avertam
1567 3817 1841 3884 (Amos,l);

241 3901 493 3972 cogitare
527 3903 757 3968 malum,
790 3909 846 3957 et
873 3904 1191 3957 consentire
1223 3903 1510 3973 cogitatui,
1546 3909 1602 3956 et
1649 3905 1838 3976 loqui;

243 3997 511 4062 quartum
542 4009 672 4046 vero
715 3999 802 4047 est
836 3994 1103 4064 perﬁcere
1132 4009 1289 4063 opus.
1339 3994 1403 4048 In
1434 3993 1539 4048 hoc
1569 4011 1701 4064 ergo
1729 4011 1842 4050 non

240 4081 518 4135 avertitur
545 4080 630 4135 ira
654 4081 898 4136 Domini.

318 4171 372 4224 5.
405 4169 676 4226 Dicebant
705 4171 774 4225 de
823 4171 1067 4243 quodam
1118 4188 1250 4226 sene
1280 4188 1484 4242 magno
1518 4172 1575 4227 in
1607 4173 1800 4244 Scythi
1827 4191 1838 4226 :

242 4259 702 4332 Quotiescunque
720 4260 921 4315 fratres
938 4261 1290 4316 aediﬁcabant
1311 4263 1844 4333 cellulam,egredie-

247 4348 415 4403 batur
434 4366 560 4404 cum
584 4351 810 4420 gaudio,
840 4356 896 4404 et
915 4367 1128 4422 ponens
1155 4350 1580 4405 fundamentum
1607 4369 1717 4406 non
1738 4352 1846 4407 dis-

242 4437 479 4493 cedebat
523 4439 700 4494 donec
751 4445 1230 4506 commoraretur;
1285 4441 1588 4512 aliquando
1655 4447 1844 4496 autem

241 4527 435 4582 exiens
464 4527 535 4582 ad
557 4528 936 4583 fabricandam
963 4529 1158 4583 cellam
1189 4529 1631 4585 contristabatur
1662 4531 1837 4586 valde.

245 4616 320 4671 Et
339 4616 530 4670 dicunt
555 4616 756 4671 fratres
781 4635 791 4669 :
813 4617 998 4681 Quare
1018 4617 1196 4671 tristis
1217 4633 1282 4671 ac
1305 4624 1538 4672 maestus
1569 4635 1644 4682 es,
1669 4617 1842 4674 abba?

246 4704 358 4768 Qui
387 4705 526 4760 dixit
553 4705 632 4760 eis
663 4725 676 4759 :
709 4706 1058 4761 Desolandus
1083 4711 1170 4760 est
1215 4707 1368 4761 locus
1395 4707 1518 4772 iste,
1554 4707 1673 4760 ﬁlii.
1723 4709 1838 4778 Ego

242 4793 398 4848 enim
417 4794 528 4848 vidi
561 4794 827 4866 quoniam
855 4812 1120 4850 accensus
1150 4801 1233 4849 est
1276 4795 1422 4866 ignis
1453 4796 1508 4850 in
1542 4797 1752 4867 Scythi,
1783 4803 1839 4851 et

2015 1401 2067 1454 7.
2101 1401 2250 1454 Dixit
2293 1400 2595 1472 aliquando
2631 1402 2774 1456 alter
2815 1419 2984 1456 senex
3029 1421 3040 1456 :
3089 1404 3398 1459 Sunamitis
3435 1405 3542 1460 Eli-

1943 1507 2115 1544 szeum
2143 1491 2408 1560 suscepit,
2444 1508 2509 1544 eo
2535 1491 2685 1561 quod
2715 1508 2828 1546 non
2859 1491 3094 1547 haberet
3122 1493 3383 1548 allectum
3411 1511 3539 1549 cum

1941 1579 2128 1650 aliquo
2157 1580 2382 1634 homine
2407 1582 2636 1646 (Pasch.,
2664 1597 2710 1635 ο.
2745 1579 2830 1645 37,
2860 1597 2915 1635 η.
2943 1581 2997 1648 4,
3029 1586 3252 1637 nomine
3277 1585 3536 1650 Macarii;

1939 1669 2178 1736 Append.
2212 1670 2400 1734 Mart.,
2438 1668 2614 1739 11.16).
2643 1670 2860 1724 Dicitur
2889 1671 3209 1726 Sunamites
3239 1689 3536 1743 personam

1941 1756 2148 1812 habere
2172 1758 2392 1823 animae,
2411 1758 2637 1812 Elisaeus
2667 1775 2796 1812 vero
2827 1776 3124 1830 personam
3147 1760 3390 1832 Spiritus
3407 1779 3539 1817 san-

1940 1845 2033 1900 cti.
2065 1846 2408 1917 Quacumque
2429 1863 2562 1915 ergo
2585 1847 2725 1901 hora
2749 1847 2960 1902 recedit
2997 1849 3188 1904 anima
3217 1867 3252 1904 a
3283 1851 3537 1906 saeculari

1940 1934 2264 1990 confusione
2309 1941 2366 1989 et
2410 1935 2849 2007 perturbatione,
2894 1937 3153 1992 adveniet
3197 1939 3250 1993 ei
3297 1939 3540 2011 Spiritus

1940 2025 2060 2090 Dei,
2094 2032 2149 2080 et
2175 2031 2308 2080 tunc
2331 2026 2537 2096 poterit
2565 2043 2760 2097 parere
2779 2043 2908 2080 cum
2938 2026 3009 2080 sit
3034 2027 3261 2081 sterilis.

2015 2116 2066 2168 8.
2101 2115 2260 2169 Alius
2299 2115 2526 2185 quidam
2560 2116 2790 2170 Patrum
2821 2115 2998 2169 dixit:
3034 2115 3178 2180 Quia
3213 2117 3358 2171 oculi
3383 2117 3536 2189 porci

1875 2230 1926 2292 Β
1942 2205 2199 2258 naturale
2218 2204 2428 2258 habent
2438 2205 2876 2274 ﬁgmentum,ita
2890 2210 2953 2259 ut
2965 2205 3296 2260 necessitate
3313 2223 3539 2279 semper

1937 2293 2236 2348 intendant
2266 2295 2324 2348 in
2355 2300 2528 2360 terra,
2563 2311 2663 2348 nec
2693 2295 2996 2365 aliquando
3016 2295 3233 2366 possint
3258 2297 3535 2367 respicere

1934 2383 2004 2436 ad
2034 2384 2256 2438 caelum.
2294 2383 2384 2439 Sic
2415 2401 2548 2453 ergo
2577 2389 2633 2438 et
2659 2385 2846 2438 anima
2880 2385 3003 2455 ejus
3024 2385 3120 2456 qui
3149 2385 3207 2440 in
3237 2384 3533 2440 dulcedine

1933 2472 2243 2527 delectatur
2292 2473 2663 2544 voluptatum,
2710 2474 2882 2527 semel
2937 2474 3167 2545 delapsa
3214 2474 3273 2528 in
3304 2474 3536 2530 luxuriae

1933 2578 2172 2622 caenum.
2205 2562 2431 2616 difficile
2459 2568 2642 2634 potest
2673 2563 2950 2634 respicere
2981 2563 3050 2616 ad
3082 2564 3280 2630 Deum,
3313 2569 3413 2619 aut
3438 2580 3532 2619 sa-

1934 2668 2064 2720 pere
2095 2651 2306 2722 aliquid
2337 2651 2568 2722 dignum
2599 2653 2734 2706 Deo.
3009 2712 3015 2719 ,

2004 2740 2057 2794 9.
2090 2740 2221 2794 Fuit
2241 2739 2469 2811 quidam
2486 2755 2724 2809 magnus
2747 2740 2898 2794 inter
2915 2741 3311 2812 praevidentes;
3339 2741 3429 2796 hic
3451 2741 3530 2797 af-

1932 2827 2194 2884 ﬁrmabat
2222 2830 2410 2884 dicens
2436 2850 2447 2883 :
2482 2830 2628 2894 Quia
2650 2831 2916 2885 virtutem
2942 2829 3030 2900 (2),
3062 2849 3230 2902 quam
3250 2832 3360 2886 vidi
3380 2837 3530 2887 stare

1932 2935 2100 2989 super
2120 2917 2420 2988 baptisma,
2453 2918 2564 2972 vidi
2595 2919 2765 2973 etiam
2794 2936 2964 2990 super
2987 2920 3384 2976 vestimentum
3408 2937 3531 2976 mo-

1931 3007 2114 3070 nachi,
2142 3009 2366 3077 quando
2398 3008 2600 3079 accipit
2625 3007 2880 3062 habitum
2901 3009 3272 3080 spiritualem.

2012 3096 2094 3153 10.
2121 3097 2356 3151 Cuidam
2387 3098 2506 3151 seni
2534 3098 2665 3151 data
2695 3105 2782 3151 est
2807 3099 2992 3167 gratia
3012 3098 3235 3152 videndi
3265 3115 3389 3169 qua:
3420 3099 3522 3154 fie-

1929 3184 2088 3251 bant,
2113 3191 2168 3239 et
2197 3185 2454 3240 diccbat:
2493 3186 2637 3250 Quia
2682 3186 2795 3239 vidi
2841 3187 2898 3240 in
2936 3186 3185 3240 coenobio
3225 3187 3526 3258 aliquando

1929 3275 2296 3329 meditantem
2327 3275 2384 3329 in
2415 3275 2553 3328 cella
2571 3274 2894 3340 fratrem,et
2909 3293 3032 3330 ecce
3053 3277 3272 3331 daemon
3298 3279 3526 3334 veniens

1929 3364 2112 3418 stabat
2140 3364 2274 3418 foris
2299 3365 2515 3418 cellam.
2554 3365 2620 3418 Et
2648 3365 2783 3419 dum
2812 3365 2984 3419 frater
3011 3366 3104 3419 ille
3136 3366 3522 3436 meditaretur,

1930 3469 2042 3506 non
2067 3453 2402 3524 praevalebat
2429 3452 2665 3523 ingredi;
2690 3470 2816 3506 cum
2840 3460 3028 3507 autem
3056 3459 3330 3509 cessasset
3344 3455 3523 3511 medi-

1928 3542 2120 3608 tando,
2153 3548 2287 3596 tunc
2308 3541 2735 3612 ingrediebatur
2761 3543 2853 3596 ille
2881 3543 3120 3598 daemon.

404 3633 556 3687 Dixit
584 3634 814 3706 quidam
855 3652 1024 3689 senex
1057 3653 1068 3688 :
1104 3635 1219 3689 Hoc
1253 3639 1340 3688 est
1377 3635 1524 3705 quod
1565 3633 1841 3705 scriptum
1864 3595 1908 3658 Ο
1940 3595 1947 3596 7
1999 3631 2084 3686 11.
2111 3595 2404 3686 Dicebant}
2412 3633 2479 3686 de
2498 3633 2740 3702 quodam
2760 3648 2911 3698 sene,
2935 3633 3069 3704 quia
3086 3633 3418 3706 deprecatus
3438 3643 3524 3692 est

1929 3720 2200 3785 Deum,ut
2225 3720 2436 3774 videret
2448 3721 2832 3777 daemonesEt
2853 3721 3160 3776 revelatum
3179 3730 3266 3777 est
3286 3724 3336 3777 ei
3363 3743 3374 3777 :
3395 3725 3522 3780 Non

1928 3826 2067 3880 opus
2095 3810 2268 3863 habes
2299 3810 2484 3864 videre
2504 3827 2615 3864 eos.
2645 3811 2823 3865 Senex
2834 3817 3023 3866 autem
3040 3812 3273 3881 rogabat
3291 3813 3481 3868 dicens
3505 3834 3517 3869 :

1927 3899 2090 3966 Quia,
2106 3900 2362 3963 Domine,
2381 3905 2536 3970 potes
2559 3917 2646 3954 me
2667 3905 2959 3971 protegere
2976 3901 3159 3970 gratia
3176 3904 3374 3957 tua.At
3391 3920 3522 3959 vero

1925 3989 2075 4043 Deus
2096 3989 2360 4043 revelavit
2380 3989 2568 4044 oculos
2585 3991 2725 4060 ejus,
2746 3995 2803 4044 et
2822 3990 2957 4044 vidit
2981 3991 3238 4061 eos,quia
3253 3997 3523 4064 tanquam

1927 4095 2058 4150 apes
2087 4079 2167 4134 sic
2194 4079 2545 4133 circumdant
2571 4079 2878 4145 hominem,
2929 4079 3233 4135 stridentes
3260 4081 3523 4139 dentibus

1925 4169 2042 4222 suis
2063 4185 2232 4240 super
2260 4185 2424 4234 eum;
2460 4169 2660 4239 Angeli
2683 4185 2812 4223 vero
2839 4169 2942 4223 Dei
2966 4169 3332 4241 increpabant
3361 4188 3476 4230 eos.

1997 4258 2085 4312 12.
2118 4257 2273 4312 Dixit
2302 4258 2530 4330 quidam
2562 4275 2731 4313 senex
2750 4275 2765 4316 :
2781 4258 2921 4324 Quia
2943 4259 3054 4313 duo
3075 4260 3276 4316 fratres
3293 4267 3456 4316 erant
3471 4259 3524 4317 ei

1931 4347 2112 4413 vicini,
2144 4364 2291 4402 unus
2313 4348 2663 4419 peregrinus,
2700 4354 2756 4402 et
2785 4365 2930 4403 unus
2959 4347 3206 4403 inchoris
3237 4349 3348 4418 (3):
3403 4357 3525 4407 erat

1909 4433 2118 4490 'autem
2130 4437 2456 4507 peregrinus
2470 4437 2561 4491 ille
2580 4437 2858 4491 modicum
2875 4437 3264 4506 negligentior;
3283 4439 3378 4493 ille
3392 4456 3522 4496 vero

1925 4520 2169 4575 inchoris
2187 4521 2472 4576 studiosus
2501 4522 2679 4575 valde.
2696 4521 2944 4591 Contigit
2957 4527 3146 4576 autem
3169 4527 3234 4576 ut
3251 4522 3527 4580 dormiret

1928 4608 2022 4662 ille
2049 4611 2378 4681 peregrinus
2398 4610 2456 4664 in
2487 4627 2642 4682 pace.
2674 4613 2748 4665 At
2769 4611 2860 4664 ille
2884 4627 3050 4664 senex
3080 4610 3295 4664 vicinus
3320 4628 3517 4669 eorum

1923 4714 2050 4752 cum
2070 4705 2217 4753 esset
2241 4698 2570 4770 praevidens,
2597 4698 2735 4752 vidit
2753 4697 3171 4752 multitudinem
3189 4699 3522 4769 angelorum

1922 4788 2290 4843 deducentem
2319 4789 2564 4842 animam
2587 4789 2708 4857 ejus
2729 4809 2742 4848 ;
2768 4791 2966 4841 etcum
2988 4788 3307 4859 perveniret
3330 4790 3522 4845 adcce-

240 4883 580 4954 accipientes
636 4884 838 4939 fratres
892 4885 1108 4956 palmas
1153 4886 1427 4940 caedentes
1457 4878 2048 4942 exstinxeruntDlum
2073 4884 2136 4932 ut
2161 4879 2417 4942 intraret»
2449 4876 2591 4931 facta
2620 4884 2705 4932 est
2733 4878 2966 4948 qumstio
2994 4878 3063 4932 de
3101 4878 3214 4934 ίηο·
3263 4879 3331 4934 Et
3372 4881 3524 4938 venit

241 4989 408 5040 eum;
445 4979 502 5027 et
528 4973 734 5028 iterum
765 4990 1032 5028 accensus
1061 4980 1178 5041 est;
1213 4980 1269 5028 et
1288 4974 1620 5045 accipientes
1638 4975 1838 5030 fratres

237 5078 439 5117 rursus
457 5063 670 5135 palmas
691 5064 965 5118 caedentes
986 5064 1378 5119 exstinxerunt
1393 5080 1542 5132 eum;
1561 5065 1727 5119 tertio
1748 5083 1841 5119 ac-

238 5167 442 5207 census
462 5159 548 5206 est
577 5159 634 5207 et
653 5152 904 5223 implevit
922 5158 1097 5207 totam
1124 5153 1396 5225 Scythim,
1419 5160 1475 5208 et
1485 5155 1603 5224 jam
1618 5171 1728 5209 non
1746 5173 1840 5226 po-

236 5241 353 5296 tuit
377 5241 675 5312 exstingui.
709 5242 840 5297 Ideo
867 5259 969 5312 ego
999 5243 1301 5296 contristor
1327 5260 1392 5296 ac
1428 5250 1658 5297 moestus
1689 5261 1837 5298 sum.

310 5326 364 5386 6.
398 5331 549 5385 Dixit
569 5331 799 5401 quidam
829 5348 996 5386 senex
1030 5350 1041 5384 :
1080 5333 1362 5403 Scriptum
1386 5337 1507 5388 est.
1553 5334 1745 5387 Justus
1776 5339 1839 5388 ut

235 5419 428 5492 palma
460 5420 697 5474 ﬂorebit.
730 5421 1024 5490 Significat
1044 5427 1233 5475 autem
1256 5422 1344 5475 hic
1362 5439 1547 5476 sermo
1564 5421 1840 5478 bonorum

235 5515 470 5564 actuum
489 5509 732 5564 fructum
753 5510 930 5564 altum
954 5517 1011 5564 et
1023 5516 1238 5564 rectum
1257 5527 1322 5564 ac
1340 5510 1560 5565 dulcem
1586 5531 1595 5564 :
1619 5518 1705 5566 est
1715 5529 1841 5566 vero

237 5598 301 5655 in
323 5597 514 5670 palma
532 5615 711 5653 unum
740 5598 1075 5654 incarduum
1109 5601 1208 5670 (l),
1242 5607 1298 5654 et
1324 5599 1508 5670 ipsum
1540 5600 1841 5655 candidum

239 5703 471 5747 omnem
498 5687 711 5746 habens
736 5689 1122 5764 operationem
1145 5689 1206 5747 in
1227 5706 1320 5762 se;
1351 5689 1532 5746 simile
1565 5695 1756 5748 autem
1785 5694 1844 5747 et

1920 4986 2022 5024 vox
2049 4969 2117 5022 de
2145 4985 2314 5039 super
2340 4967 2558 5022 dicens:
2595 4967 2950 5022 Manifestum
2977 4974 3064 5023 est
3078 4969 3211 5040 quia
3238 4970 3521 5026 modicum

1922 5057 2296 5129 negligentior
2323 5057 2447 5123 fuit,
2479 5057 2572 5111 sed
2596 5063 2826 5129 propter
2850 5059 3360 5130 peregrinationem
3397 5060 3520 5130 ejus

1921 5148 2133 5220 aperite
2163 5147 2231 5202 ei.
2265 5149 2334 5202 Et
2364 5152 2491 5218 post
2521 5149 2638 5202 haec
2667 5147 2933 5202 dormivit
2959 5155 3015 5202 et
3040 5147 3135 5202 ille
3162 5147 3427 5214 inchoris,
3462 5153 3520 5203 et

1919 5239 2068 5293 venit
2100 5238 2282 5292 omnis
2306 5237 2563 5306 cognatio
2589 5239 2711 5306 ejus
2734 5237 2803 5290 ad
2827 5254 2976 5290 eum.
3012 5237 3258 5290 Cernens
3278 5253 3406 5291 vero
3424 5236 3520 5293 ille

1921 5345 2087 5382 senex
2124 5345 2236 5382 non
2267 5327 2454 5380 venire
2485 5327 2714 5397 angelos
2741 5327 2811 5380 ad
2857 5325 3238 5379 deducendam
3269 5325 3519 5381 animam

1923 5419 2064 5488 ejus,
2101 5418 2338 5471 miratus
2367 5421 2481 5482 est;
2513 5422 2570 5470 et
2591 5416 2792 5470 cadens
2813 5415 2870 5468 in
2902 5413 3099 5468 faciem
3119 5430 3280 5468 suam
3309 5415 3367 5468 in
3390 5431 3519 5472 con-

1925 5512 2116 5578 spectu
2140 5506 2258 5573 Dei,
2279 5505 2413 5560 dixit
2436 5523 2448 5560 :
2470 5503 2760 5569 Quomodo
2778 5503 3106 5574 peregrinus
3135 5503 3230 5557 ille
3265 5520 3394 5559 cum
3424 5521 3519 5561 ne—

1921 5595 2224 5667 gligentior
2250 5595 2420 5652 fuerit
2449 5595 2619 5648 talem
2645 5592 2884 5662 gloriam
2914 5590 3128 5656 habuit,
3171 5597 3228 5648 et
3272 5593 3519 5653 hiemum

1923 5686 2208 5745 studiosus
2243 5691 2392 5744 esset
2413 5684 2554 5744 nihil
2573 5681 2900 5757 hujusmodi
2932 5681 3179 5741 meruit?
3206 5683 3276 5740 Et
3294 5684 3445 5742 venit
3463 5685 3516 5748 ei
