3934 6386
435 378 544 438 995

1532 372 1627 429 DE
1663 371 1854 430 VITIS
1892 368 2190 428 PATRUM
2225 369 2441 446 LIBER
2475 371 2572 429 v1.

3606 371 3709 432 996

434 525 541 563 vox
571 507 762 564 dicens
793 523 804 559 :
840 503 943 560 Hic
983 501 1267 558 studiosus
1293 517 1422 557 cum
1449 501 1604 556 venit
1643 505 1709 556 ut
1735 500 2025 567 dormiret,
2045 501 2096 560 Α
2115 515 2309 554 omnes
2338 499 2408 554 ab
2439 499 2598 572 ipsa;
2647 499 2707 554 in
2729 497 3000 554 ebrietate
3028 501 3218 554 autem
3255 498 3390 568 vini,
3416 515 3547 556 cum
3574 500 3710 556 viris

435 597 659 670 aperuit
685 595 874 652 oculos
904 610 1054 658 suos,
1087 598 1144 648 et
1161 591 1577 664 viditparentes
1589 608 1719 646 suos
1741 593 1958 656 ﬂentes,
1975 597 2032 644 et

439 686 728 742 consolata
759 689 846 739 est
873 683 1066 738 anima
1101 683 1244 753 ejus.
1290 681 1629 752 Peregrinus
1658 696 1789 735 vero
1835 685 2032 746 646

431 776 543 839 ille,
573 775 706 830 licet
733 773 1108 845 negligentior
1135 771 1324 838 fuerit,
1355 771 1574 826 nullum
1606 785 1838 826 suorum
1859 769 2025 838 vidit,

430 871 488 921 et
512 865 682 930 ﬂevit,
717 870 775 918 et
793 865 942 918 Deus
972 862 1292 917 consolatus
1321 866 1407 915 est
1424 877 1573 916 eum.

508 951 592 1011 13.
629 953 892 1008 Narravit
921 953 1066 1006 alter
1094 951 1324 1022 quidam
1344 951 1600 1015 Patrum,
1624 950 1756 1021 quia
1775 956 1902 1005 erat
1922 951 2028 1006 ali-

433 1043 558 1116 quis
588 1042 872 1098 solitarius
897 1042 956 1096 in
985 1057 1174 1096 eremo
1193 1039 1520 1111 Nilipoleos,
1537 1045 1594 1094 et
1609 1040 1967 1096 ministrabat
1977 1041 2028 1094 ei

431 1133 668 1205 quidam
689 1130 1096 1197 saecularis,sed
1110 1130 1456 1185 fidelis.Erat
1469 1135 1659 1186 autem
1676 1135 1734 1184 et
1752 1129 1809 1184 in
1831 1131 2026 1185 eadem

431 1222 656 1278 civitate
685 1223 874 1288 homo,
895 1221 988 1292 qui
1007 1226 1130 1275 erat
1151 1219 1322 1285 dives,
1347 1219 1489 1274 etim
1497 1219 1641 1291 pius.
1667 1219 1918 1290 Contigit
1933 1236 2031 1274 au-

430 1317 547 1368 tem
569 1317 636 1367 ut
664 1316 982 1366 moreretur
1003 1309 1099 1364 ille
1123 1309 1295 1376 dives,
1321 1313 1379 1364 et
1397 1308 1637 1364 ducebat
1665 1326 1792 1364 cum
1824 1315 1944 1364 tota
1958 1308 2032 1364 ci-

433 1401 580 1456 vitas
599 1401 769 1456 simul
789 1406 847 1454 et
865 1399 1157 1472 episcOpus
1191 1415 1320 1454 cum
1353 1397 1727 1470 lampadibus.
1761 1399 2030 1470 Egressus

437 1496 524 1546 est
539 1495 731 1546 autem
753 1495 811 1544 et
827 1490 920 1544 ille
939 1489 1033 1560 qui
1053 1487 1414 1543 ministrabat
1431 1488 1514 1542 illi
1537 1489 1806 1554 solitario,
1829 1505 2031 1543 secun-

434 1581 571 1636 dum
601 1579 1064 1635 consuetudinem
1091 1583 1322 1650 portans
1347 1577 1424 1632 illi
1455 1594 1660 1649 panes;
1701 1583 1759 1632 et
1795 1578 2028 1646 invenit,

437 1670 572 1742 quia
601 1669 923 1724 comederat
937 1684 1066 1722 eum
1086 1666 1352 1733 bellua,et
1366 1667 1568 1722 cecidit
1580 1668 1639 1721 in
1661 1667 1859 1722 faciem
1871 1685 2032 1724 suam

433 1761 493 1814 in
522 1764 822 1831 conspectu
852 1757 1098 1820 Domini,
1119 1757 1345 1812 dicens:
1373 1757 1499 1811 Non
1515 1773 1748 1826 surgam
1774 1757 2032 1826 hinc,do-

2111 589 2412 644 luxuriosis
2437 587 2856 645 demorabatur.
2899 587 3270 660 Dispensabat
3317 595 3510 645 autem
3539 595 3598 644 et
3643 605 3710 644 ea

2112 695 2234 750 quae
2258 678 2409 734 intus
2426 679 2579 734 domi
2608 684 2769 734 erant
2790 683 3062 750 tanquam
3081 677 3344 733 meretrix
3365 679 3628 752 pessima,
3646 683 3711 734 ut

2111 767 2282 822 etiam
2304 767 2623 822 substantia
2641 768 2823 822 multa
2842 767 3002 822 valde
3017 783 3127 822 non
3145 767 3392 839 potuerit
3416 767 3579 822 nobis
3593 766 3709 824 suf-

2109 856 2304 925 ﬁcere;
2337 873 2469 911 nam
2499 857 2631 911 huic
2655 873 2690 911 a
2721 857 2888 912 Patre
2918 873 3042 910 meo
3071 857 3329 926 delegata
3348 856 3710 928 eratdispen-

2109 946 2252 1000 satio
2291 946 2521 1000 domus:
2556 963 2790 1018 corpore
2821 950 3012 1000 autem
3042 961 3144 1000 suo
3175 945 3254 1000 ita
3281 945 3340 998 in
3359 945 3708 1018 turpitudine

2110 1033 2467 1102 abutebatur,
2501 1042 2566 1091 ut
2589 1035 2752 1108 pauci
2773 1036 2844 1090 de
2859 1036 2978 1090 vico
3008 1034 3131 1107 ipso
3155 1034 3442 1106 potuerint
3461 1035 3707 1105 eﬂugere

2109 1123 2402 1179 libidinem
2414 1125 2462 1196 ej
2470 1142 2555 1180 us.
2585 1126 2892 1197 Nunquam
2907 1123 3125 1196 corpori
3143 1125 3193 1195 ej
3200 1141 3267 1179 us
3279 1123 3510 1179 morbus
3523 1141 3709 1180 occur-

2110 1219 2206 1281 rit,
2223 1230 2326 1268 nec
2340 1214 2588 1269 dolorem
2611 1215 2860 1286 aliquem
2873 1214 3050 1270 sensit
3064 1213 3151 1268 vel
3163 1213 3596 1285 aliquantulum,
3609 1213 3708 1269 sed

2111 1303 2448 1359 anativitate
2470 1320 2574 1358 sua
2586 1320 2766 1376 usque
2778 1304 2850 1359 ad
2874 1303 3135 1359 ultimum
3157 1303 3306 1358 diem
3325 1302 3609 1374 integrum
3623 1319 3712 1359 sa-

2111 1410 2362 1465 numque
2380 1410 2582 1466 corpus
2603 1410 2769 1449 suum
2789 1392 3058 1465 possedit.
3082 1393 3238 1448 Inter
3258 1391 3375 1448 haec
3400 1392 3634 1464 contigit
3646 1398 3711 1448 ut

2114 1489 2444 1556 patermeus
2462 1484 2629 1554 longa
2651 1482 2984 1554 aegritudine
3012 1481 3281 1552 fatigatus
3310 1487 3708 1548 moreretur,et

2113 1573 2378 1628 continuo
2393 1589 2492 1628 aer
2503 1579 2816 1628 commotus
2836 1577 3004 1639 est,et
3018 1571 3204 1643 pluvia
3224 1577 3282 1626 et
3300 1571 3714 1626 coruscationes

2113 1669 2282 1734 atque
2309 1663 2563 1718 tonitrua
2589 1679 2780 1718 aerem
2810 1659 3243 1729 conturbabant,
3264 1667 3322 1716 et
3339 1677 3521 1732 neque
3541 1665 3705 1716 nocte

2114 1769 2296 1823 neque
2315 1753 2406 1807 die
2430 1751 2612 1807 imber
2634 1751 2903 1807 cessando
2932 1750 3120 1806 triduo
3148 1767 3318 1823 super
3355 1751 3563 1806 lectum
3587 1750 3710 1805 sine

432 1865 536 1904 nec
550 1849 970 1903 demonstretur
986 1847 1123 1901 mihi
1139 1863 1173 1901 a
1195 1847 1310 1901 Deo
1332 1863 1454 1918 quae
1475 1853 1610 1901 sunt
1627 1847 1771 1916 haec;
1793 1847 1926 1918 quia
1939 1848 2032 1902 ille
2047 1863 2094 1924 Β
2113 1843 2406 1914 sepultura
2431 1843 2562 1898 fecit
2590 1859 2720 1897 eum
2752 1857 3000 1906 manere,
3048 1841 3130 1895 ita
3159 1846 3244 1896 .ut
3301 1839 3554 1896 homines
3603 1839 3714 1896 vici

435 1935 1059 2010 quidemimpiustalem
1079 1941 1410 2008 apparatum
1441 1935 1641 1990 habuit
1662 1935 1720 1990 in
1748 1936 2031 1992 deducen-

431 2025 535 2094 do;
569 2025 660 2080 hic
687 2041 838 2090 vero,
871 2025 970 2098 qui
1017 2025 1242 2080 servivit
1291 2023 1394 2079 tibi
1437 2024 1528 2078 die
1580 2031 1884 2096 noctuque,
1921 2026 2032 2081 ista

430 2115 684 2188 pertulit.
717 2115 787 2168 Et
814 2130 940 2169 ecce
966 2114 1200 2184 angelus
1229 2113 1452 2168 Domini
1499 2114 1729 2169 veniens
1759 2114 1900 2168 dixit
1928 2115 1979 2170 ei
2012 2134 2024 2169 :

431 2205 532 2260 Ille
561 2203 770 2278 impius
795 2206 864 2274 (4)
890 2202 1090 2258 habuit
1114 2219 1350 2275 parvum
1379 2219 1520 2274 opus
1569 2201 1781 2258 bonum
1826 2203 1886 2258 in
1925 2204 2030 2259 hoc

430 2297 651 2362 saeculo,
676 2301 734 2350 et
761 2295 973 2367 recepit
999 2294 1138 2350 illud
1167 2293 1276 2360 hic,
1309 2299 1375 2348 ut
1401 2294 1515 2348 illic
1539 2295 1752 2349 nullam
1773 2295 2028 2366 requiem

429 2386 680 2440 inveniat
711 2405 722 2440 :
753 2385 857 2440 iste
883 2388 1074 2439 autem
1103 2383 1410 2443 solitarius.
1433 2385 1567 2455 quia
1595 2384 1763 2439 homo
1793 2391 1916 2440 erat
1944 2402 2031 2440 or-

434 2481 602 2530 natus
622 2475 692 2529 ad
714 2491 940 2530 omnem
971 2473 1256 2539 virtutem,
1289 2472 1533 2527 habebat
1553 2490 1684 2528 vero
1709 2478 1767 2528 et
1797 2473 1936 2546 ipse,
1965 2479 2032 2530 ut

431 2564 620 2630 homo,
647 2564 929 2619 modicum
960 2563 1171 2634 aliquid
1200 2563 1397 2634 culpae,
1431 2569 1488 2618 et
1513 2563 1724 2634 recepit
1749 2563 1885 2619 illud
1916 2564 2024 2632 hic,

428 2659 495 2708 ut
521 2652 599 2708 ibi
627 2653 947 2708 inveniatur
973 2669 1150 2723 purus
1179 2668 1367 2707 coram
1399 2653 1533 2707 Deo.
1567 2653 1636 2707 Et
1659 2653 1740 2707 ita
1769 2655 2026 2709 consola-

434 2742 604 2797 tusin
633 2742 722 2796 his
749 2741 948 2806 verbis,
975 2740 1115 2795 abiit
1134 2741 1457 2812 gloriﬁcans
1477 2742 1655 2799 Deum
1686 2759 1858 2814 super
1869 2743 2026 2813 judi-

433 2833 521 2888 cia
549 2833 692 2904 ejus,
727 2832 861 2904 quia
887 2848 1020 2886 vera
1046 2837 1198 2887 sunt.

505 2922 592 2980 14.
608 2921 802 2977 Sancti
831 2923 1027 2977 Patres
1045 2921 1116 2976 de
1145 2921 1337 2992 Scythi
1362 2922 1838 2994 prOphetaverunt
1857 2923 1926 2978 de
1947 2925 2029 2978 ul-

434 3010 1260 3083 timageneratione,dicentes:
1288 3011 1432 3076 Quid
1461 3011 1674 3082 operati
1699 3029 1896 3066 sumus
1925 3029 2028 3068 nos

435 3104 620 3171 (Eu/7.,
639 3104 675 3156 ι.
694 3115 778 3167 III,
805 3098 1046 3167 n.197)?
1077 3101 1145 3155 Et
1167 3100 1512 3172 respondens
1534 3117 1682 3155 unus
1715 3119 1779 3156 ex
1809 3102 1922 3156 illis
1940 3103 2024 3156 vir

2110 1931 2262 1987 illius
2290 1937 2577 1986 moventes
2605 1931 2792 2002 capita
2811 1930 3231 1986 admirarentur
3253 1929 3402 2002 quod
3429 1935 3547 1985 tam
3586 1946 3712 1984 ma-

2114 2021 2229 2076 lum
2252 2014 2540 2077 universos
2575 2021 2794 2086 lateret,
2828 2020 3078 2075 dicentes
3111 2038 3122 2074 :
3165 2019 3257 2075 Sic
3287 2019 3441 2074 enim
3463 2019 3565 2074 Dei
3589 2024 3716 2075 erat

2110 2111 2390 2178 inimicus,
2422 2117 2488 2166 ut
2513 2127 2618 2166 nec
2638 2116 2792 2165 terra
2819 2127 2950 2165 eum
2981 2109 3218 2181 recipiat
3243 2108 3315 2163 ad
3345 2109 3714 2180 sepulturam.
3759 2178 3766 2185 _

2113 2201 2223 2256 Sed
2241 2209 2435 2256 tamen
2463 2217 2536 2256 ne
2564 2201 2716 2255 intra
2743 2200 2974 2254 domum
3006 2199 3283 2254 dissoluta
3303 2197 3556 2253 membra
3582 2200 3712 2270 ejus

2110 2290 2429 2361 ingressum
2497 2289 2864 2362 prohiberent
2920 2287 3322 2354 habitantibus,
3381 2287 3716 2343 imminente

2111 2380 2295 2434 adhuc
2336 2397 2466 2434 aere
2492 2379 2718 2434 turbido
2747 2385 2806 2433 et
2833 2378 3023 2450 pluvia
3054 2377 3446 2444 descendente,
3479 2377 3564 2431 vix
3601 2377 3715 2432 ali—

2111 2486 2222 2542 quo
2252 2469 2418 2524 modo
2447 2486 2576 2524 eum
2611 2469 2916 2539 sepultum
2943 2467 3298 2523 tradidimus.
3320 2468 3395 2522 At
3433 2483 3560 2521 vero
3589 2482 3715 2521 ma-

2110 2563 2200 2613 ter
2227 2575 2356 2614 mea
2381 2563 2510 2630 post
2536 2559 2654 2613 haec
2683 2557 2910 2612 licentia
2926 2556 3170 2628 plurima
3192 2562 3438 2628 accepta,
3457 2572 3582 2611 cum
3603 2555 3712 2610 im-

2110 2648 2390 2721 probitate
2418 2647 2667 2702 maxima
2693 2647 2942 2718 corporis
2964 2647 3053 2700 sui
3086 2645 3320 2701 libidine
3343 2644 3704 2712 abutebatur,

2109 2743 2168 2792 et
2214 2737 2587 2810 prostibulum
2619 2737 2878 2808 deinceps
2927 2735 3134 2790 faciens
3181 2736 3410 2791 domum
3455 2741 3713 2790 nostram

2108 2827 2168 2882 in
2191 2827 2372 2882 multa
2394 2827 2620 2881 luxuria
2643 2826 2780 2880 vixit
2797 2831 2967 2897 atque
2995 2824 3230 2880 deliciis.
3263 2825 3331 2880 Et
3358 2825 3494 2880 dum
3517 2824 3708 2879 adhuc

2109 2916 2344 2989 parvula
2360 2933 2563 2984 essem,
2583 2925 2640 2971 et
2660 2916 2926 2970 deﬁceret
2958 2914 3118 2970 nobis
3156 2914 3470 2970 substantia
3493 2920 3710 2980 nostra,

2109 3006 2196 3060 vix
2219 3006 2522 3077 aliquando
2553 3021 2680 3060 cum
2708 3005 2928 3071 timore,
2953 3004 3101 3059 sicut
3121 3003 3259 3058 mihi
3277 3003 3710 3069 videtur,morte

2109 3095 2261 3150 illius
2279 3095 2610 3150 adveniente
2637 3100 2857 3150 tantam
2887 3093 3098 3149 meruit
3123 3093 3335 3148 funeris
3361 3093 3705 3165 prosperita-

430 3206 648 3262 magnae
680 3191 825 3256 vitae,
845 3189 1070 3244 nomine
1103 3191 1174 3256 (5:
1211 3189 1419 3260 Cyrion
1463 3190 1598 3259 [Al.,
1630 3189 1912 3261 Squirion,
1945 3195 2088 3264 velo
2108 3192 2244 3251 tem,
2279 3190 2344 3240 ut
2372 3185 2544 3239 etiam
2569 3189 2865 3256 putaretur
2893 3199 2992 3238 aer
3022 3183 3191 3238 simul
3207 3182 3268 3238 in
3293 3182 3568 3254 exsequiis
3599 3182 3706 3236 de-

427 3279 727 3352 Isquirion,
748 3283 828 3332 vel
851 3279 1146 3349 Histirion]
1167 3277 1342 3332 dixit:
1379 3279 1504 3334 Non
1528 3280 1795 3334 mandata
1815 3279 1916 3334 Dei
1937 3297 2030 3335 cu-

429 3370 722 3424 stodimus.
769 3369 844 3422 At
882 3367 964 3422 illi
1005 3367 1408 3439 respondentes
1454 3369 1716 3424 dixerunt
1750 3387 1762 3424 :
1796 3369 1868 3423 Hi
1897 3387 2028 3425 vero

428 3459 526 3531 qui
555 3459 768 3514 fuerint
805 3463 931 3529 post
958 3474 1082 3521 nos,
1122 3457 1255 3529 quid
1283 3463 1451 3512 erunt
1477 3457 1720 3512 facturi?
1747 3458 1853 3522 Qui
1884 3459 2025 3514 dixit

427 3547 510 3602 eis
546 3565 558 3601 :
586 3546 895 3602 Dimidium
924 3545 1110 3618 operis
1139 3545 1318 3600 nostri
1343 3546 1632 3617 Operaturi
1661 3553 1810 3602 sunt.
1847 3548 1916 3602 Et
1942 3548 2026 3602 di-

431 3641 636 3690 xerunt
663 3635 715 3690 ei
751 3655 763 3690 :
811 3635 884 3690 Hi
915 3641 1124 3701 autem,
1163 3635 1260 3706 qui
1288 3641 1418 3706 post
1443 3636 1594 3706 ipsos
1629 3636 1855 3702 fuerint,
1891 3637 2024 3708 quid

423 3725 664 3781 facient?
695 3725 802 3790 Qui
830 3724 1149 3796 respondit:
1181 3725 1422 3780 Omnino
1442 3741 1556 3779 non
1580 3724 1808 3780 habebit
1825 3743 2026 3798 opera-

425 3815 638 3871 tionem
674 3815 966 3885 generatio
997 3815 1095 3868 illa
1120 3820 1378 3870 ventura.
1420 3815 1556 3869 Esse
1581 3820 1771 3870 autem
1803 3815 1915 3869 illis
1943 3815 2025 3872 vi-

424 3904 530 3960 deo
551 3905 977 3971 tentationes,et
993 3905 1088 3976 qui
1107 3904 1315 3976 reperti
1332 3903 1546 3959 fuerint
1563 3903 1783 3975 probati
1811 3905 1872 3959 in
1885 3909 2026 3960 tem-

425 4009 563 4067 pore
591 3994 978 4057 illo,meliores
997 4009 1166 4064 super
1187 4010 1289 4048 nos
1301 3999 1357 4047 et
1379 3993 1573 4048 Patres
1591 3999 1814 4049 nostros
1835 4000 2020 4050 erunt.

495 4084 521 4137 1
534 4082 585 4139 5.
605 4083 868 4137 Narravit
887 4082 1117 4152 quidam
1137 4082 1522 4148 senex,dicens
1541 4102 1553 4137 :
1581 4083 1726 4148 Quia
1740 4088 1864 4138 erat
1879 4101 2026 4154 qure-

427 4173 558 4228 dam
588 4170 743 4242 virgo
770 4175 1034 4242 provecta
1061 4177 1226 4226 aetate
1253 4171 1434 4238 valde,
1473 4189 1596 4242 qua:
1627 4172 1939 4243 profecerat
1965 4173 2025 4228 in

422 4251 630 4317 timore
669 4259 791 4314 Dei.
825 4259 892 4314 Et
922 4259 1268 4330 interrogata
1299 4276 1332 4314 a
1377 4277 1487 4325 me,
1517 4278 1640 4332 quae
1668 4278 1758 4316 res
1794 4278 1922 4316 eam
1954 4259 2025 4314 ad

425 4350 572 4404 hanc
583 4348 880 4404 adduxerit
898 4349 1398 4416 conversationem,
1421 4349 1517 4404 illa
1528 4349 1900 4421 ingemiscens
1913 4367 2025 4406 coe-

427 4439 515 4512 pit
541 4438 762 4494 dicere:
793 4437 929 4493 Mihi
953 4437 1199 4510 quidem,
1225 4455 1256 4494 o
1273 4438 1548 4494 mirabilis
1568 4439 1669 4507 vir,
1694 4457 1820 4496 cum
1843 4441 2027 4496 adhuc

2109 3275 2312 3330 ducere
2327 3275 2498 3330 funus
2525 3275 2667 3345 ejus.
2694 3275 2808 3343 Ego
2825 3289 2953 3328 vero
2977 3278 3103 3344 post
3122 3271 3336 3327 obitum
3357 3273 3478 3342 ejus
3498 3271 3711 3343 puella-

2110 3384 2232 3423 rem
2261 3385 2490 3440 egressa
2525 3374 2770 3434 aetatem,
2803 3372 2860 3422 et
2908 3366 3189 3422 desideria
3242 3366 3708 3437 titillationesque

2105 3458 2225 3528 jam
2252 3459 2500 3530 corporis
2529 3474 2656 3512 cum
2694 3474 2784 3511 me
2815 3461 3224 3529 permoverent,
3258 3455 3317 3510 in
3343 3454 3584 3526 quadam
3607 3453 3707 3510 die

2105 3547 2176 3602 ad
2191 3565 2502 3619 vesperam,
2526 3553 2590 3602 ut
2610 3546 2732 3601 ﬁeri
2753 3547 2912 3607 solet,
2939 3546 3184 3618 cogitare
3203 3544 3342 3616 ccepi
3370 3550 3538 3616 atque
3555 3559 3693 3598 con-

2107 3636 2356 3692 siderare
2374 3638 2536 3707 cujus
2555 3636 2728 3690 vitam
2750 3635 3013 3706 eligerem
3034 3634 3390 3700 imitandam;
3405 3639 3593 3688 utrum
3607 3647 3707 3704 pa-

2107 3727 2337 3798 tris,qui
2376 3726 2648 3792 modeste,
2678 3731 2736 3780 et
2769 3730 3082 3786 mansuete,
3116 3729 3173 3778 et
3201 3721 3384 3778 sobrie
3411 3721 3568 3789 vixit;
3598 3721 3702 3776 ed

2108 3832 2334 3871 rursum
2355 3815 2736 3886 recogitabam
2754 3813 3054 3885 illud,quia
3072 3812 3213 3867 nihil
3227 3812 3287 3867 in
3306 3811 3418 3866 vita
3435 3827 3538 3866 sua
3563 3827 3700 3866 con-

2107 3911 2334 3960 secutus
2355 3911 2441 3960 est
2461 3904 2611 3970 boni,
2633 3905 2729 3959 sed
2754 3920 2854 3975 per
2872 3919 3039 3958 omne
3058 3907 3280 3974 tempus
3290 3901 3351 3956 in
3371 3900 3701 3955 inﬁrmitate

2106 3999 2165 4048 et
2190 3993 2553 4050 tribulatione
2577 3998 2942 4065 consumptus
2960 3997 3124 4058 esset,
3139 3991 3220 4046 ita
3233 3991 3404 4046 ﬁnem
3421 3989 3546 4046 vita
3563 3987 3705 4044 acci-

2106 4084 2285 4156 piens,
2299 4089 2364 4139 ut
2381 4101 2482 4138 nec
2504 4085 2856 4155 sepulturam
2880 4083 2929 4153 ej
2939 4099 3004 4136 us
3024 4087 3180 4136 terra
3207 4081 3496 4152 reciperet.
3519 4079 3578 4134 Si
3602 4077 3708 4150 igi-

2106 4179 2202 4228 tur
2240 4172 2388 4228 bona
2415 4179 2564 4228 esset
2588 4171 2912 4243 hujusmodi
2943 4169 3293 4226 conversatio
3323 4168 3471 4240 apud
3499 4169 3700 4236 Deum,

2109 4279 2282 4335 quare
2293 4269 2416 4328 64
2429 4269 2478 4328 θ
2487 4279 2622 4332 ergo
2635 4266 2858 4316 tantum
2876 4261 3154 4316 malorum
3169 4264 3498 4314 consecutus
3515 4262 3601 4312 est
3609 4272 3709 4329 pa-

2107 4357 2196 4408 ter
2213 4367 2390 4418 meus,
2419 4353 2514 4424 qui
2545 4352 2626 4406 sic
2645 4352 2830 4406 vivere
2849 4350 3059 4421 elegit?
3090 4349 3200 4404 Sed
3227 4349 3373 4404 sicut
3402 4351 3599 4412 mater,
3619 4346 3707 4401 in-

2109 4441 2232 4513 quit
2251 4442 2530 4512 cogitatus
2547 4457 2724 4507 meus,
2745 4440 2955 4495 bonum
2981 4445 3067 4494 est
3084 4439 3287 4504 vivere,
3306 4437 3528 4493 tradere
3555 4435 3704 4491 volu-

425 4543 607 4583 essem
637 4527 890 4599 parvula,
922 4531 1044 4581 erat
1078 4533 1239 4598 pater
1279 4528 1564 4583 modestus
1590 4545 1654 4584 ac
1695 4523 2086 4584 mansuetus!)
2104 4533 2266 4604 ptati,
2283 4532 2516 4587 luxuriae
2537 4548 2602 4586 ac
2631 4531 2851 4585 libidini
2872 4547 3073 4602 corpus
3095 4549 3110 4599 ;
3134 4528 3342 4584 etenim
3370 4527 3468 4582 illa
3483 4526 3701 4582 nullum

423 4617 693 4682 moribus,
727 4615 926 4670 debilis
955 4631 1086 4670 vero
1116 4621 1174 4670 et
1197 4615 1456 4671 inﬁrmus
1483 4634 1714 4690 corpore
1757 4639 1768 4673 :
1819 4619 1915 4690 qui
1944 4619 2026 4674 ita

427 4707 566 4761 vixit
592 4722 785 4762 curam
817 4707 905 4760 sui
934 4721 1126 4777 agens,
1159 4711 1224 4760 ut
1240 4707 1329 4760 vix
1344 4705 1941 4778 aliquandovideretur
1953 4708 2024 4764 ab

422 4795 512 4850 his
524 4795 621 4868 qui
640 4795 698 4850 in
715 4795 910 4849 eodem
934 4794 1265 4850 habitabant
1279 4796 1638 4851 vico:terram
1655 4804 1845 4852 autem
1860 4815 2022 4855 suam

423 4885 648 4940 assidue
677 4883 1034 4956 operabatur,
1054 4890 1112 4938 et
1131 4883 1340 4940 ibidem
1369 4903 1592 4959 semper
1615 4889 1922 4961 occupabat
1945 4891 2022 4944 vi-
2053 4905 2060 4910 ί

422 4979 541 5029 tam
563 4989 744 5029 suam.
770 4973 830 5028 Si
858 4972 1082 5044 quando
1101 4973 1336 5030 fortasse
1363 4993 1535 5031 sanus
1559 4976 1774 5044 fuisset,
1807 4979 2021 5034 fructus

421 5064 656 5120 culturae
667 5078 782 5118 sua;
798 5061 951 5116 domi
965 5061 1254 5134 portabat;
1273 5065 1580 5136 plurimum
1591 5072 1782 5121 autem
1802 5073 2022 5140 tempo-

421 5153 502 5208 ris
529 5154 589 5208 in
619 5153 762 5207 lecto
791 5157 850 5206 et
876 5151 1246 5222 languoribus
1271 5153 1646 5221 detinebatur,
1670 5161 1940 5226 tantaque
1970 5157 2023 5213 ei

424 5247 548 5297 erat
562 5241 1012 5308 taciturnitas,ut
1038 5241 1432 5312 ignorantibus
1459 5261 1588 5299 eum
1609 5245 1730 5299 sine
1749 5262 1880 5300 voce
1907 5262 2024 5301 cre-

421 5331 652 5388 deretur
660 5333 992 5388 esse.Mater
1008 5349 1141 5388 vero
1157 5332 1297 5386 mihi
1315 5338 1439 5386 erat
1456 5350 1486 5387 e
1505 5335 1788 5389 contrario
1801 5335 2024 5392 curiosa

423 5421 636 5492 absque
666 5420 850 5486 modo,
882 5427 940 5475 et
958 5437 1082 5492 quae
1110 5421 1263 5476 ultra
1293 5437 1488 5475 omnes
1509 5438 1633 5492 quae
1662 5430 1825 5478 erant
1853 5423 1908 5478 in
1939 5441 2024 5480 re-

423 5508 589 5578 gione
608 5510 713 5563 hac
743 5510 964 5580 turpior
991 5515 1170 5578 esset;
1214 5526 1503 5564 sermones
1532 5527 1662 5566 vero
1693 5513 1814 5583 ejus
1842 5514 1923 5568 ita
1953 5515 2024 5569 ad

422 5597 709 5652 universos
729 5597 1114 5664 movebantur,
1135 5604 1200 5653 ut
1227 5603 1524 5670 putaretur
1539 5617 1706 5656 omne
1725 5619 1926 5674 corpus
1945 5601 2028 5675 ip-

426 5685 544 5743 sius
557 5685 752 5760 lingua
761 5703 883 5746 esse
903 5705 916 5744 :
930 5688 1061 5745 lites
1080 5689 1430 5761 frequentius
1445 5691 1942 5750 commovebantur
1951 5693 2026 5752 ad.

2103 4639 2246 4694 Opus
2271 4627 2436 4694 turpe
2481 4620 2872 4693 praetermisit;
2903 4620 2962 4674 in
2991 4619 3262 4674 ebrietate
3299 4623 3489 4673 autem
3535 4631 3700 4671 omne

2104 4717 2330 4783 tempus
2349 4710 2648 4766 incolumis
2668 4715 2838 4780 atque
2859 4724 3124 4780 prospere
3154 4707 3382 4778 degens,
3415 4705 3495 4760 ita
3525 4704 3695 4760 vitam

2105 4817 2268 4856 suam
2287 4799 2542 4872 explevit.
2570 4799 2717 4864 Quid
2743 4799 2910 4869 ergo?
2933 4797 3026 4853 Sic
3051 4801 3275 4869 Oportet
3302 4811 3392 4850 me
3409 4794 3610 4860 vivere,
3628 4792 3698 4847 si-

2104 4896 2200 4946 cut
2226 4896 2410 4944 mater
2436 4889 2596 4957 vixit;
2618 4888 2824 4970 melius
2850 4893 2937 4942 est
2963 4887 3116 4942 enim
3135 4884 3378 4958 propriis
3395 4883 3570 4940 oculis
3583 4899 3700 4938 cre-

2104 4980 2238 5034 dere
2252 4979 2339 5033 his
2351 4995 2474 5050 quae
2499 4977 2792 5033 manifeste
2822 4975 3048 5046 cognita
3073 4980 3226 5042 sunt,
3242 4980 3301 5030 et
3315 4973 3452 5029 nihil
3470 4977 3693 5046 praeter-

2103 5069 2348 5124 mittere.
2380 5069 2450 5123 Et
2474 5084 2603 5122 cum
2631 5067 2934 5139 placuisset
2969 5051 3107 5120 mihi
3140 5063 3358 5120 miserae
3393 5062 3572 5118 eidem
3610 5076 3698 5116 me

2103 5159 2444 5213 constituere
2473 5157 2620 5224 vitae,
2659 5155 2984 5228 supervenit
3003 5171 3130 5222 nox,
3162 5159 3221 5209 et
3247 5169 3416 5225 sopor
3439 5151 3699 5207 continuo

2103 5247 2243 5302 mihi
2261 5247 2513 5303 accessit.
2549 5248 2678 5302 Post
2703 5247 2807 5300 hos
2827 5261 3116 5300 sermones
3127 5243 3309 5298 astitit
3321 5239 3694 5313 mihiquidem

2102 5335 2305 5408 grandi
2332 5337 2559 5408 quidem
2586 5351 2836 5407 corpore,
2869 5339 3099 5406 aspectu
3137 5338 3329 5388 autem
3365 5329 3648 5386 horribilis
3679 5347 3692 5396 ;

2105 5425 2306 5480 deinde
2335 5425 2606 5480 intuendo
2627 5442 2720 5479 me
2756 5430 3095 5496 perterrens,
3121 5421 3392 5477 iracunda
3409 5419 3616 5474 visione
3641 5423 3698 5472 et

2109 5532 2310 5586 aspera
2336 5532 2466 5570 voce
2501 5513 2886 5584 interrogabat
2916 5529 3035 5568 me:
3067 5512 3167 5567 Dic
3192 5510 3351 5576 mihi,
3383 5508 3566 5580 inquit
3581 5506 3693 5574 ille,

2109 5621 2233 5676 quae
2253 5610 2386 5660 sunt
2403 5604 2770 5676 cogitationes
2785 5601 2968 5658 cordis
2983 5602 3070 5656 tui
3091 5601 3243 5672 7Ego
3258 5605 3446 5655 autem
3465 5597 3534 5652 ab
3545 5612 3698 5670 aspe-

2106 5701 2203 5752 ctu
2233 5696 2358 5770 ejus
2375 5699 2436 5750 et
2445 5693 2644 5752 habitu
2663 5693 3015 5763 tremefacta,
3033 5707 3216 5765 neque
3235 5689 3484 5765 aspicere
3497 5687 3698 5746 incum
