3934 6384
197 360 319 417 997

1523 356 1761 415 VERBA
1796 357 2193 418 SENIORUM.

3403 368 3513 427 998

199 486 512 546 audebam.
536 485 750 557 Majore
770 498 903 539 vero
921 498 1051 539 voce
1070 497 1226 545 usus,
1243 483 1448 538 iterum
1470 483 1644 553 jussit
1665 489 1730 538 ut
1750 500 1817 539 ea
1833 487 1882 545 Α
1903 485 2054 541 diam
2084 486 2207 553 Dei,
2242 502 2367 559 quia
2388 503 2564 559 poenae
2590 488 2851 561 repositae
2868 491 3004 546 sunt
3020 488 3110 545 his
3137 489 3235 563 qui
3265 490 3513 563 maligne

203 596 341 650 qua:
363 577 500 631 mihi
523 577 852 648 placuerant
878 574 1325 645 pronuntiarem.
1359 574 1474 643 Ego
1496 580 1681 627 autem
1704 591 1817 645 prae

203 668 422 722 timore
445 666 737 730 dissoluta,
750 669 808 718 et
825 680 1020 719 omnes
1037 662 1211 717 oblita
1226 661 1520 732 cogitatus,
1535 662 1676 716 nihil
1696 680 1817 717 esse

204 756 493 811 dicebam.
514 756 614 811 Ille
637 770 765 808 vero
784 758 1025 823 negante
1045 769 1134 807 me
1159 751 1455 805 revocabat
1470 751 1733 806 universa
1747 752 1818 806 ad

206 844 572 909 memoriam,
601 859 724 913 quae
754 842 813 896 in
841 841 1005 895 corde
1036 857 1159 894 meo
1192 840 1463 894 meditata
1491 856 1663 894 eram.
1707 841 1820 909 Ego

205 940 409 988 autem
430 933 681 988 convicta
701 936 759 986 et
781 931 851 984 ad
880 946 1102 1001 precem
1123 946 1409 995 conversa,
1439 928 1821 1000 supplic-abam

204 1024 439 1078 veniam
457 1021 742 1092 consequi,
769 1026 826 1074 et
839 1036 1068 1074 causam
1101 1019 1150 1073 ei
1177 1018 1475 1072 narrabam
1496 1019 1817 1089 hujusmodi

207 1113 519 1183 cogitatus.
544 1111 652 1176 Qui
680 1111 762 1165 ait
789 1109 926 1164 mihi
959 1128 970 1163 :
1005 1109 1146 1163 Veni
1177 1115 1235 1162 et
1256 1108 1375 1162 vide
1404 1118 1691 1179 utrosque,
1725 1124 1820 1179 pa-

207 1208 365 1257 trem
382 1209 439 1256 et
456 1207 716 1266 matrem,
736 1205 795 1254 et
813 1216 981 1270 quam
1000 1199 1241 1253 volueris
1257 1199 1429 1252 vitam
1444 1198 1646 1252 deinde
1676 1198 1818 1268 elige

208 1291 323 1346 tibi
344 1310 356 1360 ;
373 1297 431 1345 et
445 1290 872 1363 apprehendens
884 1288 1020 1343 mihi
1036 1303 1285 1354 manum,
1298 1287 1578 1342 trahebat.
1599 1288 1820 1342 Ducens

211 1386 413 1436 autem
433 1379 591 1434 mein
614 1378 913 1451 quemdam
936 1394 1195 1448 campum
1216 1393 1504 1446 magnum,
1520 1376 1820 1431 habentem

124 1492 135 1499 θ
207 1469 512 1542 paradisos
534 1469 743 1523 multos
765 1474 823 1522 et
841 1467 1088 1522 diversos
1115 1467 1345 1531 fructus,
1373 1470 1430 1520 et
1456 1466 1638 1520 varias
1664 1464 1821 1520 arbo-

212 1577 331 1626 res,
356 1565 413 1613 et
434 1557 909 1630 pulchritudinem
936 1556 1390 1621 inenarrabilem,
1406 1555 1714 1609 introduxit
1732 1572 1821 1609 me

216 1649 377 1704 intus
396 1648 525 1702 illic.
560 1648 871 1703 Occurrens
899 1653 1091 1701 autem
1127 1645 1267 1700 mihi
1302 1650 1462 1715 pater
1490 1660 1667 1709 meus,
1697 1660 1820 1698 am-

214 1740 481 1810 plexatus
512 1742 598 1792 est
624 1754 732 1804 me,
765 1742 820 1790 et
853 1735 1224 1799 osculabatur,
1262 1734 1434 1788 ﬁliam
1464 1750 1555 1787 me
1596 1749 1818 1787 vocans.

1899 576 2083 631 vivere
2113 577 2324 631 volunt.
2364 576 2649 649 Siquidem
2676 578 2774 633 illa
2804 578 2968 634 beata
2997 579 3154 650 virgo
3185 598 3251 635 ex
3279 581 3402 653 ipsa
3427 583 3513 637 vi-

1899 664 2055 719 sione
2083 682 2442 735 cognoscens,
2474 668 2709 721 multam
2741 685 2863 722 esse
2893 674 2951 722 et
2978 668 3253 724 bonorum
3274 670 3514 726 retribu-

1902 754 2116 808 tionem
2152 772 2405 825 operum,
2460 761 2516 810 et
2561 757 2839 811 malorum
2886 763 3114 812 actuum
3165 759 3349 830 turpis
3377 759 3503 816 vitae

1903 844 2175 898 maximas
2226 861 2348 899 esse
2379 861 2571 916 poenas
2599 845 2996 913 renuntiabat;
3039 847 3275 918 ideoque
3303 849 3509 904 efﬁcia-

1905 948 2033 987 mur
2076 933 2325 987 melioris
2363 934 2582 988 consilii
2642 935 3077 1007 nobismetipsis,
3125 943 3190 991 ut
3230 938 3511 1009 possimus

1905 1020 2053 1075 beati
2083 1022 2226 1077 ﬁeri.

1968 1111 2039 1165 'lli
2061 1111 2341 1165 .Narravit
2371 1112 2574 1167 iterum
2599 1129 2769 1168 senex
2789 1120 2847 1168 et
2863 1114 2932 1168 de
2962 1115 3206 1185 quodam
3226 1116 3506 1187 episcOpo,

1900 1203 1966 1253 ut
2004 1200 2244 1254 maxime
2294 1218 2359 1255 ex
2390 1217 2455 1255 eo
2486 1203 2745 1257 fiduciam
2784 1204 3121 1274 accipientes
3161 1204 3512 1275 diligentiam

1902 1295 2154 1344 nostram
2186 1290 2243 1343 in
2275 1291 2388 1344 Deo
2418 1290 2727 1346 habeamus
2765 1292 2835 1346 ad
2881 1293 3119 1347 salutem
3141 1296 3326 1361 (Ra/ﬂ,
3354 1298 3395 1349 ι.
3420 1309 3505 1361 III,

1905 1395 1963 1432 η.
1997 1376 2124 1445 166;
2162 1380 2372 1445 Pam/1.,
2401 1396 2443 1433 ο.
2470 1379 2559 1446 23,
2596 1397 2652 1445 n,
2684 1380 2759 1436 ll.
2798 1382 3181 1437 Nuntiabatur
3206 1399 3242 1436 a
3279 1383 3506 1454 quibus-

1902 1467 2032 1521 dam
2062 1468 2340 1540 episcopo,
2371 1470 2467 1540 qui
2515 1470 2665 1541 apud
2690 1487 2792 1525 nos
2822 1471 3182 1539 consistebat,
3227 1472 3373 1527 sicut
3392 1474 3507 1528 hec

1904 1557 2025 1628 ipse
2059 1558 2354 1629 episcopus
2377 1558 2674 1624 referebat,
2700 1561 2975 1630 quasdam
3004 1562 3356 1616 saecularium
3386 1579 3510 1617 ma-

1904 1651 2197 1701 tronarum
2226 1648 2368 1702 duas
2399 1665 2521 1702 esse
2549 1648 2814 1703 mulieres
2839 1650 3051 1713 ﬁdeles,
3076 1668 3199 1722 quae
3230 1652 3390 1723 quasi
3410 1651 3513 1706 im-

1907 1736 2106 1806 pudice
2132 1737 2401 1791 viverent.
2428 1738 2733 1808 Episcopus
2753 1744 2945 1793 autem
2975 1756 3041 1793 ex
3071 1740 3161 1794 his
3191 1741 3287 1812 qui
3317 1741 3368 1795 ei
3390 1741 3507 1796 haec

218 1828 340 1898 Ego
374 1843 502 1881 vero
532 1826 911 1897 circumplexa
938 1842 1087 1891 eum,
1120 1823 1387 1894 rogabam
1425 1829 1489 1879 ut
1531 1830 1881 1891 maneremB
1906 1824 2303 1879 nuntiaverant
2345 1832 2660 1880 commotus
2686 1833 2797 1895 est,
2825 1833 2884 1881 et
2925 1827 3241 1897 suspicatus
3270 1844 3340 1882 ne
3367 1827 3512 1884 forte

216 1932 352 1972 cum
384 1916 527 1988 ipso.
550 1918 626 1971 At
654 1916 767 1982 ille,
796 1916 976 1981 Nunc,
1004 1914 1202 1985 inquit,
1229 1931 1343 1969 non
1363 1918 1522 1984 potes
1544 1914 1634 1968 hic
1662 1930 1815 1981 esse;

216 2005 269 2060 si
291 2022 422 2060 vero
452 2021 579 2059 mea
609 2004 765 2075 sequi
796 2004 1031 2073 vestigia
1053 2004 1316 2068 volueris,
1356 2004 1544 2057 venies
1573 2005 1681 2058 huc
1710 2020 1823 2058 non

219 2100 356 2166 post
385 2095 625 2149 multum
652 2099 894 2165 tempus.
914 2095 1054 2148 Cum
1080 2100 1268 2149 autem
1290 2094 1475 2148 adhuc
1496 2110 1599 2163 ego
1629 2094 1824 2164 depre-

223 2200 391 2239 carer
420 2200 649 2238 manere
677 2200 805 2238 cum
824 2184 966 2254 ipso,
997 2185 1228 2238 trahens
1257 2200 1347 2238 me
1374 2200 1600 2237 rursum
1631 2199 1820 2248 manu,

226 2274 332 2344 qui
359 2290 449 2327 me
476 2273 552 2327 ibi
569 2273 841 2329 duxerat:
874 2273 1036 2338 Veni,
1066 2273 1165 2339 ait,
1194 2274 1488 2327 ostendam
1517 2272 1619 2326 tibi
1638 2282 1693 2326 et
1712 2290 1826 2326 ma-

227 2368 378 2418 trem
403 2368 719 2433 tuam,quae
739 2363 870 2432 igne
898 2362 1170 2425 exuritur,
1186 2369 1251 2417 ut
1270 2363 1413 2417 scias
1441 2362 1512 2417 ad
1534 2379 1701 2433 quem
1731 2363 1827 2416 ho-

224 2469 361 2508 rum
390 2452 593 2506 debeas
624 2452 904 2506 declinare
932 2451 1101 2506 vitam
1129 2459 1306 2506 tuam.
1343 2452 1607 2505 Statuens
1636 2457 1827 2506 autem

226 2559 324 2597 me
353 2542 412 2595 in
432 2542 598 2596 domo
626 2540 922 2596 tenebrosa
950 2546 1119 2612 atque
1142 2540 1397 2607 obscura,
1417 2541 1569 2595 omni
1589 2541 1829 2595 stridore

227 2629 767 2703 perturbationeque
811 2631 1044 2701 repleta,
1097 2629 1344 2683 ostendit
1381 2629 1520 2683 mihi
1546 2629 1827 2684 fornacem

226 2720 384 2790 ignis
404 2719 694 2774 ardentem
716 2726 777 2773 et
801 2719 978 2791 picem
998 2719 1325 2780 ferventem,
1349 2724 1409 2772 et
1427 2719 1699 2789 quosdam
1718 2719 1829 2773 illic

225 2810 514 2865 terribiles
527 2814 756 2881 aspectu
778 2814 992 2863 stantes
1009 2824 1178 2879 super
1190 2808 1491 2862 fornacem.
1509 2808 1623 2878 Ego
1640 2814 1830 2863 autem

227 2900 536 2971 inspiciens
556 2899 818 2954 deorsum
859 2898 1018 2952 video
1039 2904 1279 2952 matrem
1306 2914 1491 2952 meam
1520 2897 1579 2951 in
1608 2898 1829 2952 fornace

225 3006 413 3061 usque
440 2989 511 3043 ad
541 2989 744 3043 collum
773 2988 1108 3043 demersam.
1132 2987 1461 3041 stridentem
1489 2987 1751 3042 dentibus
1774 2993 1831 3042 et

227 3080 364 3149 igne
382 3078 693 3143 ardentem,
712 3082 769 3131 et
785 3076 1055 3131 vermium
1074 3077 1317 3130 multum
1332 3077 1564 3132 fetorem
1583 3076 1722 3131 ﬁeri.
1748 3076 1830 3131 Vi-

1906 1919 1962 1967 et
1986 1913 2109 1967 aliae
2141 1914 2466 1984 hujusmodi
2489 1921 2693 1980 essent,
2718 1916 2789 1970 ad
2809 1916 3224 1987 deprecandum
3242 1917 3421 1971 Deum
3451 1934 3511 1972 se

1904 2002 2196 2069 convertit,
2230 2003 2360 2057 inde
2383 2010 2569 2058 certus
2603 2005 2745 2059 efﬁci
2774 2022 2996 2075 rogans,
3018 2006 3165 2076 quod
3199 2010 3254 2061 et
3277 2005 3508 2062 meruit.

1905 2092 2040 2146 Post
2055 2092 2300 2147 divinam
2330 2093 2479 2147 enim
2510 2094 2664 2148 illam
2682 2099 2851 2164 atque
2872 2094 3182 2149 terribilem
3211 2111 3510 2150 consecra-

1907 2181 2136 2243 tionem,
2161 2182 2297 2236 dum
2316 2184 2647 2237 accederent
2665 2183 2871 2253 singuli
2889 2183 2959 2237 ad
2982 2184 3365 2255 participanda
3381 2200 3509 2239 san-

1908 2276 1997 2323 cta
2040 2271 2327 2341 mysteria,
2379 2288 2478 2342 per
2518 2272 2707 2326 vultus
2740 2289 2936 2327 eorum
2986 2272 3252 2328 cernebat
3286 2274 3506 2328 animas

1908 2359 2111 2430 quibus
2135 2376 2484 2431 unaquaeque
2507 2360 2821 2431 subjaceret
2850 2363 3109 2432 peccatis.
3152 2361 3226 2417 Et
3252 2368 3508 2434 peccato-

1909 2463 2036 2501 rum
2066 2453 2259 2514 048
2286 2448 2511 2520 quidem
2534 2450 2828 2504 hominum
2851 2451 3070 2506 videbat
3095 2450 3263 2505 facies
3292 2451 3502 2522 nigras,

1911 2536 2182 2607 quosdam
2205 2554 2334 2592 vero
2361 2537 2613 2609 ipsorum
2642 2544 2912 2611 tanquam
2936 2539 3006 2594 ab
3028 2545 3167 2595 aestu
3186 2545 3411 2595 exustas
3426 2540 3511 2595 fa-

1910 2625 2023 2679 cies
2052 2624 2341 2693 habentes,
2374 2628 2564 2682 oculos
2594 2634 2784 2683 autem
2813 2628 3016 2683 rubeos
3038 2646 3103 2683 ac
3124 2630 3467 2699 sanguineos
3494 2648 3508 2698 ;

1912 2714 2050 2768 alios
2071 2720 2260 2769 autem
2281 2732 2476 2770 eorum
2488 2717 2670 2771 claros
2689 2718 2916 2788 quidem
2934 2719 3365 2782 facie,candidos
3377 2735 3508 2773 vero

1913 2804 2140 2858 amictu.
2172 2806 2238 2859 Et
2268 2805 2365 2858 alii
2396 2806 2642 2876 quidem,
2673 2824 2801 2861 cum
2822 2808 3140 2878 acciperent
3168 2825 3369 2879 corpus
3403 2808 3511 2863 Do-

1912 2893 2070 2956 mini,
2105 2894 2374 2948 exurebat
2397 2912 2492 2949 eos
2519 2901 2576 2949 et
2601 2896 2935 2951 incendebat
2960 2916 2972 2964 ;
3001 2897 3127 2951 aliis
3155 2904 3347 2952 autem
3371 2898 3515 2953 sicut

1910 2982 2103 3037 lumen
2133 2983 2482 3038 efﬁciebatur
2508 2985 2567 3038 in
2597 3002 2676 3051 se,
2702 2991 2759 3039 et
2776 3003 2877 3057 per
2905 3002 2967 3040 os
2996 2986 3505 3057 ingressum,omne

1910 3089 2112 3143 corpus
2140 3089 2332 3127 eorum
2374 3074 2749 3128 illuminabat.
2784 3074 2960 3129 Erant
2986 3082 3174 3129 autem
3194 3076 3346 3130 inter
3364 3076 3517 3146 ipsos

225 3168 371 3222 dens
391 3173 578 3221 autem
600 3183 688 3222 me
707 3166 963 3231 illa,cum
987 3166 1204 3220 ululatu
1227 3164 1523 3225 clamabat,
1551 3151 1889 3220 ﬁliammec
1913 3162 2086 3215 etiam
2118 3162 2213 3232 qui
2244 3162 2555 3216 solitariam
2584 3163 2753 3217 vitam
2797 3164 3104 3233 elegerant,
3140 3170 3196 3217 et
3223 3164 3281 3217 hi
3311 3164 3407 3234 qui
3442 3164 3505 3220 in

225 3273 462 3310 vocans:
494 3257 617 3310 Heu
646 3272 756 3322 me,
792 3256 927 3322 ﬁlia,
951 3254 1019 3308 de
1043 3254 1282 3325 prepriis
1304 3254 1566 3325 operibus
1595 3256 1712 3308 haec
1733 3272 1830 3325 pa-

224 3347 375 3413 tior;
408 3346 540 3417 quia
566 3345 729 3417 quasi
757 3344 1129 3398 deliramenta
1169 3343 1307 3397 mihi
1339 3342 1673 3397 videbantur
1701 3344 1828 3398 uni-

226 3452 395 3490 versa
418 3452 540 3505 quae
561 3435 630 3489 de
658 3432 961 3488 sobrietate
987 3438 1177 3487 erant:
1200 3448 1369 3503 opera
1390 3438 1577 3487 autem
1599 3433 1833 3487 fornica-

225 3523 402 3579 tionis
417 3522 747 3578 etadulterii
763 3538 876 3576 non
904 3522 1043 3575 mihi
1058 3521 1352 3576 credebam
1371 3538 1491 3575 esse
1514 3528 1825 3588 tormenta;

227 3613 563 3668 ebrietatem
588 3628 714 3666 vero
730 3611 1080 3668 etluxuriam
1096 3628 1208 3665 non
1236 3610 1553 3665 arbitrabar
1577 3629 1698 3665 esse
1721 3628 1831 3683 pm-

225 3720 364 3772 nas;
388 3707 443 3757 et
472 3719 597 3756 ecce
619 3709 847 3773 propter
867 3717 1097 3772 parvam
1126 3699 1432 3764 libidinem,
1453 3706 1723 3771 quantam
1747 3718 1832 3756 re-

228 3791 380 3862 cipio
424 3790 743 3861 gehennam
792 3794 850 3843 et
878 3788 1128 3843 sustineo
1173 3805 1395 3859 poenas;
1443 3806 1570 3843 ecce
1604 3794 1834 3860 propter

228 3882 464 3951 exiguas
486 3879 714 3934 delicias
744 3884 956 3950 quanta
983 3879 1201 3933 exsolve
1224 3884 1541 3946 tormenta;
1575 3895 1699 3932 ecce
1730 3894 1830 3949 pro

227 3974 561 4040 contemptu
581 3968 701 4034 Dei,
728 3968 921 4039 quales
944 3967 1151 4039 recipio
1182 3968 1492 4034 mercedes;
1522 3969 1832 4039 apprehen-

230 4060 445 4114 dcrunt
468 4058 617 4112 enim
634 4074 725 4112 me
743 4057 1006 4111 universa
1032 4056 1341 4110 immobilia
1367 4057 1533 4110 mala.
1558 4058 1718 4111 Nunc
1748 4062 1834 4111 est

228 4154 461 4220 tempus
489 4146 699 4213 auxilii,
737 4162 770 4200 o
794 4146 938 4213 ﬁlia;
967 4162 1116 4200 nunc
1147 4146 1440 4199 recordare
1463 4145 1834 4200 nutrimento-

230 4253 365 4292 rum
383 4253 507 4307 quaa
522 4252 555 4289 a
573 4252 663 4289 me
674 4240 972 4289 consecuta
985 4251 1065 4302 es;
1081 4251 1230 4289 nunc
1240 4234 1485 4289 retribue
1498 4234 1831 4290 beneﬁcium

232 4326 286 4382 si
304 4326 437 4397 quid
454 4324 585 4380 boni
604 4324 904 4396 aliquando
917 4324 1198 4395 accepisti.
1215 4324 1498 4390 Miserere,
1514 4324 1835 4396 inquit,mei

235 4433 364 4488 quae
393 4414 563 4469 ardeo
590 4414 709 4485 igni
737 4420 793 4468 et
820 4413 890 4468 ab
917 4414 1039 4485 ipso
1068 4430 1391 4480 consumar;
1430 4414 1695 4469 miserere
1725 4415 1834 4469 mei

1913 3251 2036 3320 conj
2046 3250 2189 3319 ugiis
2206 3251 2488 3321 erant,qui
2501 3252 2674 3322 etipsi
2694 3252 2774 3306 ita
2785 3268 2906 3306 esse
2930 3252 3278 3307 videbantur.
3295 3253 3510 3308 Deinde

1913 3339 2186 3393 convertit
2207 3357 2286 3404 se,
2320 3346 2376 3393 et
2405 3341 2575 3410 coepit
2599 3341 2771 3394 etiam
2810 3341 2930 3411 ipse
2959 3341 3289 3396 mulieribus
3309 3342 3503 3397 distri-

1911 3428 2176 3490 buere,ut
2204 3436 2563 3498 cognosceret
2585 3430 2776 3500 quales
2807 3437 2865 3484 et
2889 3431 3141 3501 ipsarum
3171 3438 3361 3487 essent
3386 3432 3506 3487 ani-

1911 3534 2017 3571 mae
2040 3538 2056 3583 ;
2089 3526 2146 3571 et
2173 3518 2313 3572 vidit
2337 3519 2510 3572 simili
2550 3519 2716 3573 modo
2737 3520 2857 3573 ﬁeri
2888 3520 3080 3591 nigras
3109 3526 3277 3592 atque
3303 3520 3507 3577 rubeas

1911 3606 2080 3661 facies
2117 3624 2332 3674 earum,
2366 3609 2704 3678 sanguineas
2736 3625 2957 3680 quoque
2983 3616 3041 3663 et
3060 3610 3234 3665 albas.
3260 3611 3506 3683 Interip-

1912 3713 2005 3750 sas
2023 3702 2215 3751 autem
2243 3698 2593 3752 advenerunt
2611 3705 2667 3752 et
2686 3698 2792 3752 illae
2821 3698 2945 3753 dua:
2974 3700 3389 3770 mulieresque;
3422 3716 3515 3755 ae-

1913 3792 2120 3840 cusatae
2143 3792 2305 3840 erant
2322 3786 2402 3840 illi
2434 3787 2711 3859 episcopo,
2745 3794 2975 3858 propter
3002 3805 3141 3858 quas
3168 3789 3412 3843 maxime
3440 3790 3513 3845 ad

1911 3875 2057 3928 hanc
2073 3892 2295 3945 precem
2319 3882 2376 3930 et
2406 3876 2835 3947 pravidentiam
2872 3883 3125 3932 venerat:
3150 3878 3512 3933 cernitetiam

1913 3963 2083 4034 ipsas,
2118 3964 2251 4018 dum
2272 3965 2544 4019 accedunt
2558 3966 2626 4019 ad
2658 3971 2912 4019 sanctum
2936 3967 3513 4038 mysterium,clarum

1915 4052 2186 4107 habentes
2217 4054 2431 4108 vultum
2456 4061 2512 4109 et
2542 4055 2931 4122 honoriﬁcum,
2958 4056 3197 4111 candida
3223 4073 3353 4111 vero
3369 4058 3514 4113 stola

1917 4142 2384 4198 circumamictas.
2412 4144 2624 4199 Deinde
2644 4162 2770 4199 cum
2792 4146 2994 4217 etipsae
3014 4146 3361 4217 participataa
3382 4147 3517 4202 fuis-

1916 4237 2045 4286 sent
2072 4234 2339 4305 mysterio
2365 4234 2591 4300 Christi,
2625 4234 2782 4289 factae
2806 4242 2941 4290 sunt
2974 4237 3121 4291 sicut
3150 4252 3184 4290 a
3210 4236 3424 4292 lumine
3452 4237 3517 4292 il-

1915 4321 2185 4376 lustrataz.
2212 4323 2457 4377 Rursum
2479 4324 2772 4395 episcopus
2793 4325 2861 4379 ad
2889 4325 3112 4379 solitam
3142 4340 3366 4397 precem
3388 4342 3516 4382 con-

1914 4411 2258 4479 vertebatur,
2290 4414 2613 4483 supplicans
2642 4415 2778 4480 Deo,
2810 4414 3092 4468 etdiscere
3129 4415 3359 4485 cupiens
3389 4430 3515 4470 mo-

234 4521 364 4577 quae
393 4504 451 4558 in
482 4503 803 4575 hujusmodi
846 4502 1186 4557 cruciatibus
1216 4502 1532 4570 exanimor;
1566 4503 1833 4559 miserere
1851 4499 2050 4565 Ddum
2076 4501 2629 4572 revelationumquze
2658 4502 2710 4555 ei
2740 4502 3137 4557 demonstratae
3158 4501 3511 4559 fuerant.As-

234 4593 371 4660 mei,
389 4593 521 4660 ﬁlia,
546 4599 604 4647 et
630 4592 923 4664 porrigens
943 4608 1172 4646 manum
1192 4598 1349 4647 tuam
1373 4592 1515 4646 educ
1534 4593 1708 4647 mede
1733 4594 1839 4648 hoc

234 4686 380 4739 loco.
402 4684 489 4737 Me
512 4688 703 4738 autem
729 4688 1021 4736 recusante
1050 4681 1154 4735 hoc
1175 4680 1356 4735 facere
1382 4688 1612 4753 propter
1630 4699 1725 4735 eos
1740 4683 1836 4753 qui

234 4772 316 4828 ibi
346 4772 623 4838 astabant,
654 4788 849 4826 rursus
879 4788 1008 4826 cum
1048 4770 1311 4842 lacrymis
1351 4769 1668 4825 clamabat:
1696 4770 1837 4826 Filia

236 4878 388 4928 mea,
406 4862 608 4933 adjuva
622 4877 731 4928 me,
747 4866 804 4915 et
818 4861 933 4915 noli
948 4860 1234 4931 despicere
1248 4861 1441 4915 ﬂetum
1462 4860 1703 4931 propriae
1720 4877 1836 4915 ma-

237 4952 346 5007 tris
368 4956 477 5007 tuaa
497 4957 806 5006 :memento
825 4950 1034 5006 doloris
1051 4950 1162 5004 mei
1184 4950 1243 5005 in
1266 4950 1357 5004 die
1378 4950 1742 5021 parturientis
1756 4956 1830 5017 te,

238 5046 301 5096 et
326 5057 399 5097 ne
427 5058 517 5096 me
546 5040 818 5112 despicias
847 5057 970 5111 quae
997 5041 1268 5110 gehennae
1287 5040 1416 5110 igne
1435 5039 1698 5111 depereo.
1723 5040 1838 5110 Ego

238 5137 432 5186 autem
457 5147 634 5186 avoce
656 5131 779 5201 ejus
809 5129 1070 5201 lacrymis
1087 5136 1384 5196 commota,
1410 5129 1720 5184 humanum
1740 5130 1839 5184 ali-

240 5220 377 5292 quid
404 5220 677 5292 patiebar,
702 5226 759 5274 et
776 5219 915 5290 coepi
937 5235 1064 5274 cum
1087 5219 1331 5273 clamore
1351 5219 1653 5273 condolens
1681 5219 1732 5273 ei
1757 5219 1839 5273 in-

234 5310 565 5382 gemiscere.
598 5310 971 5379 Exsurgentes
1015 5325 1143 5362 vero
1175 5308 1233 5365 hi
1264 5308 1361 5379 qui
1397 5315 1561 5363 erant
1586 5309 1646 5363 in
1671 5310 1838 5364 domo

238 5416 387 5465 mea,
413 5410 471 5453 ct
498 5398 865 5454 ascendentes
880 5397 1087 5468 ignem,
1105 5414 1330 5452 causam
1350 5399 1601 5468 mugitus
1627 5398 1736 5453 mei
1759 5399 1839 5452 in-

238 5488 605 5561 terrogabant
618 5504 733 5542 me:
754 5504 860 5557 ego
872 5493 1060 5542 autem
1077 5489 1302 5541 narravi
1323 5488 1402 5542 eis
1423 5505 1545 5559 qua
1565 5488 1833 5543 videram.

238 5580 313 5636 Et
340 5579 420 5633 sic
450 5578 619 5633 etiam
646 5593 823 5633 unum
852 5577 957 5631 hoc
982 5576 1304 5645 deliberavi,
1335 5583 1400 5631 ut
1420 5577 1594 5648 patris
1624 5578 1733 5633 mei
1755 5594 1839 5632 se-

240 5685 448 5747 querer
462 5668 653 5735 vitam,
682 5672 837 5725 certa
861 5666 1010 5724 facta
1038 5683 1138 5740 per
1164 5665 1503 5723 ineﬁ‘abilem
1523 5666 1838 5741 misericor-

1917 4588 2032 4642 titit
2057 4595 2244 4643 autem
2278 4590 2512 4659 angelus
2542 4590 2786 4657 Domini,
2832 4596 2890 4644 et
2916 4591 2985 4644 de
3012 4590 3250 4660 singulis
3276 4591 3513 4647 interro-

1915 4694 2052 4747 gare
2085 4677 2461 4749 praecipiebat.
2505 4680 2744 4733 Sanctus
2769 4695 2900 4732 vero
2924 4678 3217 4750 episcopus
3244 4680 3510 4737 continuo

1918 4765 1986 4819 de
2007 4766 2116 4819 illis
2140 4766 2357 4820 duabus
2378 4767 2765 4822 sciscitabatur
2784 4767 3133 4834 mulieribus,
3152 4769 3203 4823 si
3222 4785 3355 4823 vera
3367 4774 3519 4825 esset

1918 4854 2013 4908 illa
2037 4854 2219 4925 prima
2247 4857 2546 4921 accusatio,
2582 4873 2653 4910 an
2674 4857 2843 4924 falsa;
2875 4863 2938 4913 at
2965 4875 3095 4913 vero
3113 4859 3347 4929 angelus
3365 4858 3520 4915 afﬁr-

1917 4944 2110 4998 mabat
2129 4961 2261 5000 vera
2285 4962 2406 5000 esse
2432 4946 2761 5017 omniaquae
2782 4946 2934 5003 dicta
2948 4948 3017 5002 de
3034 4948 3116 5003 eis
3142 4948 3520 5022 fuerant.Epi-

1919 5050 2118 5105 scopus
2139 5051 2361 5106 quoque
2390 5037 2471 5090 ait
2493 5037 2563 5090 ad
2593 5036 2859 5106 angelum
2881 5056 2891 5091 :
2918 5039 2990 5093 Et
3011 5038 3292 5110 quomodo
3318 5040 3377 5094 in
3394 5055 3518 5111 per-

1920 5125 2178 5194 ceptione
2207 5126 2457 5198 corporis
2487 5126 2696 5181 Christi
2718 5128 3024 5199 splendidae
3055 5132 3218 5182 erant
3243 5127 3519 5183 faciesea-

1919 5230 2069 5280 rum,
2099 5215 2284 5270 albam
2331 5222 2521 5270 autem
2560 5217 2762 5271 stolam
2800 5217 3103 5281 habebant,
3139 5216 3353 5270 lumine
3381 5232 3518 5287 quo-

1920 5320 2029 5374 que
2067 5304 2360 5375 fulgebant
2388 5322 2499 5360 non
2549 5323 2719 5377 parvo
2744 5306 2768 5360 7
2796 5306 2893 5361 Ait
2919 5312 3106 5360 autem
3139 5305 3404 5374 angelus:
3438 5306 3517 5362 Eo

1921 5394 2065 5462 quod
2098 5394 2461 5466 resipuerunt
2481 5396 2549 5449 de
2573 5395 2791 5450 actibus
2820 5395 2955 5460 suis,
2976 5400 3033 5448 et
3060 5393 3409 5449 discedentes
3445 5394 3519 5451 ab

1919 5481 2008 5535 his
2025 5482 2289 5555 lacrymis
2317 5495 2373 5539 et
2385 5485 2691 5557 gemitibus
2715 5490 2885 5554 atque
2900 5482 3275 5554 eleemosynis
3313 5499 3523 5556 paupe-

1918 5589 2068 5642 rum,
2096 5590 2199 5646 per
2243 5575 2645 5629 confessionem
2680 5572 2928 5628 divinum
2964 5577 3293 5631 meruerunt
3317 5589 3514 5629 nume-

1918 5684 2075 5725 rum:
2104 5666 2174 5723 de
2196 5671 2397 5723 caetero
2415 5664 2475 5720 in
2492 5663 2580 5719 his
2597 5660 2761 5718 malis
2780 5675 3068 5735 nunquam
3086 5661 3377 5721 ambulare
3386 5678 3513 5740 pro.
