3934 6402
462 362 567 419 999

1607 354 1701 411 DE
1725 352 1915 411 VITIS
1953 340 2251 405 PATRUM
2287 345 2502 405 LIBER
2538 349 2632 406 VI.

3611 350 3753 412 1000

457 488 749 544 mittentes
767 499 846 551 se,
870 482 919 539 si
940 478 1168 555 quidem
1185 477 1256 535 de
1273 478 1559 553 prioribus
1586 479 1802 535 delictis
1830 470 2122 534 veniamA
2139 471 2234 542 qui
2273 474 2441 531 caelos
2464 474 2687 547 quidem
2716 473 2963 549 reliquit,
2993 475 3054 533 in
3092 476 3260 534 terris
3302 482 3495 535 autem
3550 478 3749 536 demo-

458 580 801 633 mereantur.
820 574 1059 645 Propter
1079 571 1186 625 hoc
1202 586 1337 642 ergo
1351 574 1684 625 meruerunt
1697 570 1943 624 divinam
1963 568 2064 622 im-

457 665 848 731 mutationem,
872 667 931 717 et
947 678 982 716 a
1001 658 1331 716 criminibus
1364 659 1634 715 absolutae
1647 664 1781 714 sunt
1800 664 1858 713 et
1876 658 2063 712 vivent

457 755 720 826 deinceps
743 751 907 808 sobre
926 767 992 806 ac
1010 750 1122 823 pie,
1146 754 1205 804 et
1221 750 1393 821 juste.
1419 744 1730 820 EpisCopus
1751 752 1941 803 autem
1962 746 2063 801 mi-

454 842 572 897 rari
594 859 656 897 se
673 841 915 909 dicebat,
940 857 1053 896 non
1072 844 1298 894 tantum
1327 839 1397 893 de
1416 838 1811 893 immutatione
1832 838 2063 892 illarum

453 931 759 987 mulierum
794 931 918 1004 (hoc
948 929 1100 985 enim
1127 927 1363 998 contigit
1402 927 1597 982 multis
1630 928 1797 997 ﬁeri),
1830 926 1929 981 sed
1958 924 2062 980 Dei

456 1020 688 1088 donum,
720 1019 816 1091 qui
845 1034 960 1074 non
997 1017 1182 1072 solum
1212 1032 1307 1071 eas
1332 1016 1630 1070 tormentis
1654 1015 1889 1070 minime
1933 1012 2062 1069 sub-

453 1110 610 1181 jecit,
642 1110 741 1165 sed
770 1109 942 1163 etiam
962 1112 1181 1162 tantam
1202 1106 1285 1160 eis
1316 1105 1581 1177 dignatus
1601 1111 1688 1159 est
1706 1105 1916 1159 donare
1938 1119 2065 1175 gra-

459 1200 619 1255 tiam.
654 1199 751 1254 Ait
774 1203 962 1254 autem
990 1196 1223 1268 angelus
1243 1195 1315 1250 ad
1336 1212 1466 1251 eum
1496 1195 1842 1250 :Admiraris
1853 1195 1958 1248 hoc
1974 1195 2064 1264 ju-

461 1293 568 1356 ste,
593 1288 756 1360 quasi
788 1288 978 1354 homo;
1018 1286 1294 1341 Dominus
1324 1290 1516 1339 autem
1534 1300 1600 1339 ac
1617 1285 1767 1339 Deus
1787 1289 1980 1338 noster
2008 1287 2065 1337 et

459 1383 648 1434 vester
659 1394 789 1433 cum
804 1375 1145 1432 naturaliter
1162 1374 1240 1429 sit
1251 1373 1430 1429 bonus
1444 1390 1508 1428 ac
1524 1373 1841 1428 misericors
1859 1373 1947 1427 his
1964 1372 2062 1444 qui

460 1466 759 1522 discedunt
785 1482 820 1520 a
858 1464 1100 1537 propriis
1136 1463 1375 1530 delictis,
1416 1468 1474 1518 et
1509 1479 1610 1534 per
1661 1461 2064 1517 confessionem

462 1556 737 1612 accedunt
768 1555 839 1610 ad
860 1570 1010 1621 eum,
1055 1570 1169 1608 non
1197 1558 1418 1607 tantum
1450 1552 1509 1606 in
1537 1556 1821 1607 tormenta
1843 1568 1938 1605 eos
1981 1551 2064 1605 ire

460 1662 577 1701 non
598 1644 863 1712 sinit,sed
879 1629 1050 1698 etiam
1063 1642 1311 1697 furorem
1332 1658 1497 1695 suum
1522 1641 1746 1712 mitigat
1780 1629 1851 1695 ab
1873 1640 1975 1702 eis,
2007 1645 2064 1694 et

458 1735 674 1791 honore
686 1735 885 1805 dignos
898 1733 1030 1788 facit
1048 1752 1060 1800 ;
1080 1732 1288 1787 etenim
1300 1731 1380 1785 sic
1390 1730 1582 1785 dilexit
1593 1731 1743 1785 Deus
1764 1730 2057 1796 mundum,

2145 568 2303 619 ratus
2333 570 2564 637 propter
2592 566 2834 620 salutem
2862 566 3156 623 hominum
3177 573 3280 623 est.

2220 652 2303 710 l7.
2334 654 2632 709 Referebat
2660 655 2889 726 quidam
2911 656 3144 712 Patrum
3167 675 3180 710 :
3208 657 3485 723 Quiatres
3505 675 3598 714 res
3617 664 3751 715 sunt

2145 742 2503 799 honorabiles
2519 744 2670 817 apud
2686 746 3006 813 monachos,
3034 746 3236 818 quibus
3254 753 3477 819 Oportet
3493 765 3598 803 nos
3621 765 3747 805 cum

2145 832 2371 891 timore.
2407 839 2464 888 et
2490 839 2756 902 tremore,
2799 840 2857 889 et
2882 836 3090 907 gaudio
3127 836 3407 909 spirituali
3435 836 3701 894 accedere
3730 858 3744 892 :

2145 922 2578 978 communicatio
2603 928 2927 979 sanctorum
2939 931 3442 995 sacramentorum,
3469 932 3529 982 et
3555 942 3751 982 mensa

2145 1009 2404 1078 fratrum,
2432 1018 2490 1067 et
2531 1013 2707 1085 pelvis
2736 1014 2795 1068 in
2841 1030 2956 1085 qua
2983 1014 3222 1070 fratrum
3250 1015 3421 1087 pedes
3458 1015 3741 1071 lavantur.

2148 1100 2585 1173 Proferebatque
2614 1103 2938 1175 exemplum
2955 1104 3089 1172 tale,
3110 1104 3331 1159 dicens:
3356 1103 3499 1160 Erat
3522 1105 3750 1177 quidem

2146 1205 2387 1261 magnus
2416 1208 2583 1246 senex
2603 1193 2934 1264 prmvidens,
2983 1199 3040 1248 et
3065 1194 3302 1266 contigit
3329 1195 3381 1249 ei
3409 1199 3475 1250 ut
3492 1199 3749 1266 gustaret

2148 1295 2276 1334 cum
2293 1280 2548 1351 pluribus
2565 1281 2849 1338 fratribus.
2864 1282 2937 1338 Et
2957 1282 3376 1339 comedentibus
3403 1284 3515 1340 illis
3529 1283 3752 1340 videbat

2148 1368 2207 1423 in
2237 1369 2440 1441 spiritu
2466 1370 2617 1426 idem
2643 1388 2815 1427 senex
2843 1372 3044 1427 sedens
3072 1373 3143 1427 ad
3190 1389 3444 1428 mensam
3474 1374 3747 1447 quosdam

2150 1458 2381 1514 edentes
2400 1461 2529 1527 mel,
2562 1461 2700 1517 alios
2726 1467 2916 1517 autem
2942 1478 3166 1534 panem,
3188 1463 3328 1518 alios
3357 1478 3488 1518 vero
3506 1468 3742 1520 stercus.

2149 1548 2217 1602 Et
2246 1549 2635 1606 admirabatur
2657 1551 2809 1605 intra
2844 1551 3229 1623 semetipsum,
3262 1558 3321 1607 et
3344 1552 3746 1626 deprecabatur

2148 1638 2349 1707 Deum,
2376 1640 2566 1695 dicens
2588 1660 2600 1695 :
2623 1640 2879 1706 Domine,
2901 1642 3089 1697 revela
3108 1641 3247 1696 mihi
3264 1642 3595 1714 mysterium
3616 1643 3737 1708 hoc,

2149 1728 2284 1797 quia
2309 1729 2459 1783 idem
2486 1729 2642 1784 cibus
2671 1730 2933 1786 omnibus
2960 1731 3248 1803 appositus
3277 1737 3364 1786 est
3390 1748 3562 1804 super
3587 1748 3743 1787 men-

460 1830 528 1880 ut
556 1824 759 1879 Filium
781 1840 946 1878 suum
988 1820 1346 1894 unigenitum
1366 1820 1529 1875 daret
1547 1836 1649 1891 pro
1664 1836 1729 1874 eo
1749 1822 1927 1888 (Joan.
1956 1822 2139 1888 1n).‘B
2158 1834 2311 1885 sam;
2335 1818 2393 1872 in
2420 1819 2811 1874 manducando
2842 1826 3032 1876 autem
3052 1821 3132 1875 ita
3160 1820 3494 1876 immutatus
3508 1822 3738 1877 videtur:

462 1913 571 1980 Qui
599 1914 779 1985 igitur
794 1929 922 1969 cum
942 1911 1157 1967 inimici
1179 1915 1368 1965 essent
1387 1909 1665 1976 homines,
1690 1908 1833 1963 mori
1857 1925 1958 1980 pro
1985 1908 2066 1981 ip-

460 2004 539 2059 sis
558 2003 732 2073 elegit
748 2005 923 2070 (Rom.
955 2002 1027 2072 v);
1068 2017 1183 2056 non
1224 2000 1403 2055 multo
1424 1999 1605 2069 magis
1626 1998 1964 2053 domesticos
1992 1998 2067 2053 et-

459 2093 633 2149 fectos
658 2108 773 2158 eos,
791 2097 850 2147 et
878 2090 1271 2163 paenitentiam
1291 2105 1461 2161 super
1495 2088 1582 2142 his
1617 2105 1740 2159 quae
1770 2093 2062 2158 gesserant

461 2188 712 2254 agentes,
763 2179 999 2236 absolvit
1026 2196 1062 2235 a
1091 2179 1297 2251 poenis?
1345 2179 1445 2233 His
1473 2194 1624 2244 vero,
1658 2194 1781 2249 quae
1818 2176 1889 2231 ab
1940 2177 2061 2249 ipso

460 2275 778 2344 praeparata
812 2275 963 2337 sunt,
997 2268 1144 2325 bona
1175 2266 1463 2340 praestabit
1487 2267 1726 2322 fruenda
1754 2286 1767 2334 ;
1799 2267 1904 2321 hoc
1928 2283 2061 2338 ergo

460 2361 761 2432 scito,quia
772 2359 930 2414 nulla
942 2359 1147 2413 delicta
1159 2356 1690 2412 hominumvincunt
1702 2356 2059 2411 clementiam

464 2452 597 2508 Dei:
630 2456 852 2506 tantum
883 2466 986 2522 per
1011 2448 1400 2522 paenitentiam
1431 2464 1497 2502 ea
1526 2464 1648 2519 quae
1689 2446 1905 2519 pridem
1936 2447 2063 2518 quis

465 2541 619 2595 mala
646 2544 900 2612 gesserat
944 2537 1137 2594 abluat
1167 2538 1383 2593 actibus
1410 2537 1597 2596 bonis.
1629 2538 1771 2591 Cum
1800 2537 1951 2591 enim
1994 2536 2067 2591 sit

466 2630 787 2685 misericors
815 2630 986 2695 Deus,
1009 2628 1117 2683 scit
1140 2626 1528 2682 inﬁrmitatem
1557 2626 1781 2697 generis
1801 2626 1986 2690 vestri,
2011 2630 2069 2680 et

466 2721 797 2794 passionum
824 2718 1235 2783 fortitudinem,
1260 2723 1317 2772 et
1341 2716 1547 2771 diaboli
1567 2717 1877 2788 potentiam
1898 2721 2066 2788 atque

467 2810 757 2874 astutiam,
786 2813 843 2863 et
866 2807 1242 2862 incidentibus
1256 2806 1480 2878 quidem
1512 2805 1835 2860 hominibus
1853 2806 1911 2860 in
1946 2822 2069 2877 pec-

474 2899 638 2966 catis,
661 2897 821 2970 quasi
837 2896 967 2951 ﬁliis
983 2896 1237 2968 ignoscit,
1274 2900 1331 2950 et
1351 2900 1637 2967 exspectat
1663 2895 2066 2950 correctionem

472 3004 692 3055 eorum,
707 2986 1037 3059 patientiam
1053 2985 1266 3040 habens
1279 2984 1335 3039 in
1348 2985 1447 3039 eis.
1470 2984 2066 3040 Convertentibusvero

471 3084 642 3150 atque
658 3078 780 3149 ejus
810 3075 1170 3132 exorantibus
1188 3074 1516 3141 bonitatem,
1535 3079 1806 3145 tanquam
1827 3074 2066 3129 inﬁmis

2149 1913 2207 1961 et
2236 1907 2464 1978 quidam
2495 1909 2672 1964 edunt
2698 1910 2828 1977 mel,
2864 1910 3093 1982 quidam
3130 1927 3261 1966 vero
3289 1927 3511 1983 panem,
3535 1912 3633 1966 alii
3651 1927 3744 1967 au-

2148 2002 2268 2051 tom
2298 2002 2533 2053 stercus.
2567 1999 2637 2052 Et
2666 2000 2821 2054 venit
2844 2000 2897 2054 ei
2932 2016 3035 2055 vox
3062 2000 3322 2073 desuper,
3352 2000 3542 2056 dicens
3567 2020 3581 2056 :
3605 2001 3745 2066 Quia

2148 2086 2231 2140 illi
2255 2087 2351 2157 qui
2381 2088 2726 2143 manducant
2752 2090 2882 2156 mel,
2915 2090 2973 2144 hi
2994 2095 3129 2145 sunt
3158 2090 3253 2162 qui
3279 2107 3409 2146 cum
3433 2090 3658 2157 timore,
3684 2095 3739 2145 et

2144 2180 2408 2244 tremore,
2442 2184 2501 2232 et
2520 2179 2833 2249 gratiarum
2861 2180 3078 2235 actione
3105 2180 3281 2235 edunt
3304 2180 3374 2235 ad
3396 2196 3668 2244 mensam,
3690 2184 3744 2234 et

2145 2265 2493 2322 incessanter
2520 2275 2711 2336 orant;
2746 2274 2804 2323 et
2841 2269 3021 2324 oratio
3049 2285 3243 2325 eorum
3281 2270 3427 2325 sicut
3452 2269 3739 2325 incensum

2146 2357 2399 2411 ascendit
2424 2363 2556 2413 ante
2582 2358 2780 2425 Deum,
2805 2358 3043 2430 ideoque
3072 2364 3131 2413 et
3157 2359 3267 2414 mel
3295 2359 3612 2414 comedunt.
3639 2357 3741 2423 Qui

2148 2451 2336 2500 autem
2368 2463 2572 2518 panem
2602 2448 2964 2513 manducant,
2997 2448 3055 2502 hi
3070 2454 3204 2503 sunt
3223 2448 3320 2521 qui
3347 2448 3559 2520 gratias
3578 2464 3743 2520 agen-

2148 2538 2235 2589 tes
2265 2537 2581 2608 percipiunt
2614 2554 2680 2592 ea
2709 2556 2831 2610 quae
2862 2555 2896 2593 a
2923 2539 3038 2594 Deo
3066 2540 3274 2595 donata
3301 2544 3457 2596 sunt.
3486 2538 3573 2595 Illi
3612 2552 3742 2594 vero

2151 2625 2248 2695 qui
2276 2631 2490 2681 stercus
2519 2627 2877 2695 manducant,
2922 2629 2981 2683 hi
3019 2634 3155 2684 sunt
3178 2629 3276 2700 qui
3312 2633 3667 2684 murmurant
3689 2633 3746 2683 et

2149 2714 2372 2769 dicunt:
2401 2717 2519 2771 Hoc
2540 2716 2750 2773 bonum
2778 2724 2883 2783 est,
2924 2718 3061 2773 illud
3085 2719 3299 2774 malum
3326 2724 3418 2774 est
3441 2719 3499 2790 (Ι
3518 2720 3640 2775 σον.
3670 2720 3741 2786 v).

2150 2804 2281 2858 Haec
2327 2810 2517 2860 autem
2544 2807 2684 2861 talia
2720 2824 2834 2863 non
2870 2812 3094 2880 oportet
3121 2809 3385 2879 cogitare,
3429 2808 3526 2863 sed
3562 2808 3742 2879 magis

2146 2892 2461 2964 gloriﬁcare
2492 2895 2688 2963 Deum,
2715 2902 2886 2969 atque
2928 2898 3121 2953 laudes
3158 2898 3210 2952 ei
3239 2898 3457 2963 offerre,
3488 2903 3553 2952 ut
3598 2902 3654 2951 et
3683 2896 3741 2951 in

2148 2983 2309 3038 nobis
2338 2984 2639 3056 impleatur
2665 2986 2804 3041 illud
2855 2987 3003 3059 quod
3029 2988 3239 3042 dictum
3279 2992 3364 3042 est
3390 3005 3402 3041 :
3429 2987 3555 3043 Sive
3580 3002 3743 3041 man-

2148 3072 2382 3141 ducatis,
2408 3074 2522 3129 sive
2542 3075 2752 3142 bibitis,
2778 3077 2892 3131 sive
2913 3077 3049 3149 quid
3077 3078 3228 3133 aliud
3253 3077 3454 3144 facitis,
3476 3076 3662 3133 omnia
3682 3077 3743 3131 in

466 3145 826 3241 compatitur;
849 3170 906 3220 et
921 3164 1160 3219 absolvit
1173 3164 1465 3219 confestim
1482 3169 1766 3219 tormenta
1780 3181 1994 3231 eorum,
2010 3169 2069 3219 et
2081 3145 2128 3208 ο
2146 3163 2327 3234 gloria
2354 3163 2456 3219 Dei
2475 3164 2638 3220 facite
2667 3168 2716 3233 (1
2742 3166 2863 3221 Cor.
2902 3145 3008 3236 10).

464 3258 641 3313 donat
661 3256 741 3312 eis
758 3255 906 3311 bona
926 3271 1048 3326 quae
1069 3258 1387 3326 praeparata
1404 3259 1539 3308 sunt
1544 3253 1734 3325 justis.
1757 3253 1853 3309 Ait
1872 3258 2064 3309 autem

466 3347 763 3419 episcopus
798 3345 870 3400 ad
916 3344 1216 3416 angelum:
1252 3342 1494 3399 Obsecro
1514 3348 1591 3409 te,
1623 3342 1713 3398 dic
1734 3343 1872 3397 mihi
1895 3343 2067 3398 etiam

464 3438 719 3493 vultuum
734 3434 1099 3493 differentias.
1116 3434 1176 3488 in
1196 3432 1402 3504 quibus
1423 3433 1665 3505 peccatis
1681 3433 2068 3505 unusquisque

464 3542 660 3583 eorum
692 3524 1013 3596 subjaceat;
1048 3528 1113 3577 ut
1142 3521 1314 3578 etiam
1344 3528 1402 3577 et
1425 3523 1496 3577 de
1521 3524 1610 3577 his
1638 3538 1967 3593 agnoscens,
1996 3522 2067 3576 ab

465 3615 621 3672 omni
630 3614 840 3670 liberer
854 3614 1195 3684 ignorantia.
1211 3613 1460 3683 Angelus
1472 3618 1661 3667 autem
1674 3612 1815 3666 dixit
1825 3612 1896 3666 ad
1912 3629 2063 3667 eum:

463 3707 537 3762 Hi
568 3705 814 3778 quidem,
847 3702 945 3775 qui
973 3702 1264 3775 splendido
1285 3708 1453 3773 atque
1474 3701 1641 3756 hilari
1661 3702 1816 3757 vultu
1833 3708 1983 3769 sunt,
2008 3702 2068 3757 in

462 3795 785 3859 sobrietate,
820 3799 878 3849 et
924 3792 1202 3860 castitate,
1236 3797 1292 3846 et
1315 3791 1540 3862 justitia
1575 3790 1783 3858 vivunt,
1831 3792 2069 3846 modesti

464 3901 687 3959 quoque
706 3889 765 3939 et
782 3882 921 3938 cond
929 3882 1142 3937 olentes
1172 3898 1238 3937 ac
1265 3880 1654 3937 misericordes
1673 3886 1822 3937 sunt.
1849 3882 1919 3936 Hi
1937 3898 2065 3936 vero

463 3976 563 4048 qui
590 3974 787 4045 nigras
832 3971 1041 4028 habent
1082 3971 1272 4038 facies,
1301 3971 1684 4027 fornicationis
1714 3975 1773 4026 et
1815 3970 2065 4026 libidinis

463 4063 708 4136 operarii
726 4067 880 4129 sunt,
900 4062 1226 4133 caeterisque
1239 4060 1542 4116 sceleribus
1562 4066 1619 4115 et
1631 4061 1849 4116 delictis
1868 4060 2063 4115 dediti.

462 4152 538 4209 Hi
564 4168 695 4208 vero
725 4151 823 4223 qui
843 4155 1231 4222 apparuerunt
1249 4149 1545 4220 sanguinei
1576 4166 1642 4205 ac
1669 4149 1849 4215 rubei,
1867 4150 1926 4204 in
1955 4166 2071 4205 ma-

460 4239 728 4312 lignitate
756 4244 814 4293 et
836 4239 1118 4310 injustitia
1145 4238 1391 4293 viventes
1416 4244 1568 4305 sunt,
1594 4243 1850 4293 amantes
1878 4238 2067 4294 detra-

469 4331 703 4397 ctiones,
721 4327 1053 4400 blasphemi,
1073 4327 1270 4389 dolosi,
1287 4332 1344 4382 et
1352 4327 1642 4382 homicidae
1656 4324 1807 4383 sunt.
1822 4329 2069 4384 Rursum

463 4419 601 4475 dicit
626 4419 680 4475 ei
707 4418 976 4489 angelus:
1002 4416 1220 4487 Adjuva
1235 4432 1349 4485 eos,
1386 4416 1432 4471 si
1463 4416 1689 4489 quidem
1710 4417 1950 4473 salutem
1980 4418 2068 4490 ip-

2550 3256 2897 3311 LIBELLUS
2936 3255 3345 3315 SECUNDUS.

2309 3345 2383 3398 De
2410 3347 2615 3399 sanctis
2651 3347 2962 3399 senioribus
2989 3349 3090 3415 qui
3117 3348 3278 3415 signa
3303 3344 3598 3415 faciebant.

2223 3430 2375 3487 Dixit
2401 3432 2572 3487 abbas
2600 3434 2773 3489 Dulas
2801 3434 3109 3507 discipulus
3143 3434 3357 3490 abbatis
3378 3434 3693 3491 Besarionis
3729 3453 3743 3491 :

2150 3520 2295 3584 Quia
2324 3522 2745 3577 ambulantibus
2772 3523 2932 3579 nobis
2962 3541 3121 3580 secus
3149 3524 3308 3580 littus
3337 3525 3527 3589 maris,
3556 3524 3737 3593 sitivi;

2150 3615 2207 3666 et
2252 3611 2367 3666 dixi
2400 3611 2589 3667 abbati
2627 3614 2916 3668 Besarioni
2946 3632 2957 3668 :
2986 3614 3163 3681 Abba,
3202 3614 3333 3670 sitio
3370 3614 3527 3670 valde
3553 3615 3736 3681 (Rulli,

2152 3704 2248 3758 lib.
2288 3715 2367 3767 m,
2406 3718 2464 3757 η.
2498 3701 2643 3771 215).
2674 3704 2746 3758 Et
2774 3720 2902 3758 cum
2933 3704 3157 3759 fecisset
3202 3720 3369 3759 senex
3406 3704 3735 3770 orationem,

2151 3790 2293 3845 dixit
2320 3792 2461 3846 mihi
2493 3810 2504 3845 :
2534 3791 2669 3847 Bibe
2698 3793 2767 3847 de
2795 3793 2956 3848 mari.
2989 3792 3064 3848 Et
3092 3793 3268 3849 dulcis
3294 3795 3440 3849 facta
3468 3799 3551 3849 est
3570 3809 3767 3865 aqua“
3838 3786 3843 3791 ’

2148 3885 2205 3935 et
2224 3879 2369 3947 bibi;
2404 3898 2510 3953 ego
2540 3888 2729 3938 autem
2751 3883 2914 3938 hausi
2934 3884 3210 3939 modicam
3238 3884 3297 3939 in
3325 3900 3472 3951 vase,
3500 3899 3569 3938 ne
3596 3882 3743 3937 forte

2148 3970 2355 4025 iterum
2406 3971 2643 4027 sitirem.
2703 3972 2863 4037 Quod
2909 3989 3037 4028 cum
3085 3972 3310 4028 vidisset
3357 3989 3541 4041 senex,
3599 3970 3745 4027 dixit

2148 4060 2287 4115 mihi
2324 4060 2434 4116 :Ut
2459 4062 2596 4133 quid
2625 4078 2720 4116 vas
2749 4062 2994 4135 implesti
3026 4062 3209 4135 aqua?
3229 4062 3353 4119 Dixi
3379 4063 3431 4118 ei
3462 4082 3474 4117 :
3509 4063 3742 4133 Ignosce

2150 4150 2309 4219 mihi,
2343 4167 2412 4206 ne
2439 4150 2582 4206 forte
2600 4151 2808 4207 iterum
2832 4152 3038 4207 sitiam.
3058 4152 3133 4208 Et
3151 4153 3231 4208 ait
3257 4169 3423 4208 senex
3446 4152 3622 4208 :Deus
3638 4152 3742 4223 qui

2148 4240 2242 4296 hic
2269 4246 2371 4308 est,
2406 4245 2466 4296 et
2494 4240 2701 4312 ubique
2729 4246 2832 4297 est.

2218 4330 2273 4384 2.
2304 4329 2429 4385 Alio
2458 4345 2681 4402 quoque
2711 4336 2982 4404 tempore,
3021 4348 3146 4387 cum
3176 4330 3549 4387 necessarium
3570 4330 3622 4385 ei
3645 4346 3742 4385 es-

2149 4424 2253 4486 set,
2276 4418 2406 4474 fecit
2428 4419 2759 4487 orationem,
2775 4420 3110 4476 et‘transivit
3134 4421 3486 4493 Chrysoroan
3508 4417 3742 4474 ﬂuvium

463 4507 963 4575 sorumdesideras;
972 4511 1268 4579 propterea
1279 4506 1450 4561 etiam
1472 4507 1726 4563 meruisti
1748 4508 2067 4564 orationum
2090 4514 2138 4576 D
2153 4508 2406 4581 pedibus;
2434 4526 2537 4581 ego
2570 4514 2763 4565 autem
2790 4509 3099 4565 admiratus
3128 4509 3373 4566 satisfeci
3400 4509 3470 4576 ei,
3499 4509 3688 4564 dicens
3721 4525 3735 4561 :

462 4605 690 4656 tuarum
703 4599 982 4663 effectum,
1002 4602 1067 4652 ut
1077 4596 1315 4651 videndo
1332 4596 1515 4652 discas
1531 4597 1929 4669 discipulorum
1946 4604 2067 4654 tuo-

461 4704 591 4746 rum
620 4693 848 4761 peccata
871 4693 930 4743 et
962 4703 1066 4759 per
1093 4685 1506 4742 admonitiones
1538 4693 1708 4759 atque
1732 4687 2069 4744 obsecratio-

462 4791 583 4845 nes,
608 4778 869 4833 meliores
887 4793 990 4848 per
1007 4776 1400 4848 paenitentiam
1442 4793 1537 4831 eos
1573 4777 1746 4833 facias
1767 4777 1820 4832 ei
1841 4778 1937 4849 qui
1964 4795 2066 4851 pro

461 4866 601 4940 ipsis
617 4871 873 4922 mortuus
892 4871 997 4933 est,
1030 4871 1087 4920 et
1114 4866 1422 4921 resurrexit
1440 4867 1740 4933 emortuis,
1760 4868 1788 4923 J
1795 4884 1893 4922 esu
1911 4868 2068 4923 Chri-

465 4962 555 5013 sto
573 4956 814 5012 Domino
844 4959 1056 5010 nostro.
1090 4955 1535 5028 Quantacunque
1559 4956 1733 5028 igitur
1765 4956 1869 5011 tibi
1889 4958 2066 5013 virtus

462 5050 547 5102 est
558 5052 616 5102 et
638 5044 889 5101 studium
909 5062 975 5100 ac
993 5036 1214 5099 dilectio
1234 5045 1382 5099 circa
1392 5045 1694 5102 Dominum
1714 5052 1876 5102 tuum
1900 5047 2065 5102 Chri-

465 5141 640 5205 stum,
670 5151 894 5191 omnem
926 5151 1118 5190 eorum
1145 5151 1279 5205 gere
1307 5135 1735 5206 providentiam,
1758 5142 1823 5192 ut
1842 5153 2066 5192 conver-

460 5230 659 5282 tantur
675 5242 710 5280 a
738 5224 979 5297 prapriis
1008 5225 1250 5296 peccatis
1271 5225 1341 5280 ad
1371 5226 1568 5293 Deum,
1589 5226 1830 5282 suadens
1845 5226 1925 5281 eis
1949 5243 2066 5282 ma-

461 5315 665 5371 nifeste
693 5314 897 5386 quibus
925 5315 1168 5386 peccatis
1196 5314 1541 5385 subjaceant,
1566 5332 1636 5370 ne
1659 5316 1942 5388 prepriam
1971 5317 2064 5373 de-

461 5411 692 5476 sperent
713 5404 954 5459 salutem
987 5421 1054 5458 ex
1102 5404 1225 5459 hoc.
1267 5403 1674 5460 Poenitentibus
1697 5406 1923 5476 quidem
1950 5407 2062 5462 illis

462 5497 522 5547 et
548 5492 1002 5549 convertentibus
1030 5493 1101 5547 ad
1131 5494 1313 5548 Deum
1341 5493 1637 5549 animabus
1680 5511 1875 5549 eorum
1908 5497 2061 5552 salus

464 5580 573 5635 erit
595 5588 653 5636 et
679 5581 927 5654 epulatio
968 5581 1290 5637 futurorum
1323 5581 1630 5651 bonorum;
1663 5583 1766 5638 tibi
1794 5601 1924 5639 vero
1953 5585 2062 5640 erit

464 5668 710 5746 plurima
736 5685 972 5743 merces,
1017 5670 1293 5731 imitando
1319 5676 1515 5742 649
1541 5672 1843 5731 Dominum
1871 5680 2054 5748 tuum,

2149 4599 2440 4664 Quomodo
2472 4598 2750 4655 sentiebas
2778 4599 2948 4671 pedes
2972 4605 3121 4667 tuos,
3158 4600 3294 4654 dum
3332 4598 3644 4654 ambulares
3675 4597 3742 4652 in

2148 4688 2321 4760 aqua?
2338 4686 2412 4741 Et
2422 4687 2499 4743 ait
2512 4703 2700 4743 senex:
2718 4689 2906 4759 Usque
2919 4687 2991 4742 ad
3003 4688 3180 4742 talum
3194 4686 3503 4743 sentiebam
3513 4702 3738 4759 aquam,

2148 4776 2366 4849 reliqua
2389 4782 2579 4832 autem
2605 4782 2728 4832 erat
2750 4777 2929 4832 solida
2948 4776 3050 4833 sub
3067 4777 3300 4850 pedibus
3330 4777 3491 4832 meis.

2220 4865 2271 4924 3.
2304 4867 2520 4922 Rursus
2549 4865 2814 4922 euntibus
2844 4866 3004 4922 nobis
3033 4867 3104 4922 ad
3146 4866 3320 4922 alium
3348 4882 3557 4934 senem,
3586 4865 3745 4921 venit

2148 4957 2232 5012 sol
2269 4957 2340 5012 ad
2377 4973 2654 5012 occasum.
2688 4958 2759 5012 Et
2782 4957 2962 5013 oravit
2989 4972 3176 5024 senex,
3208 4957 3399 5013 dicens
3431 4975 3443 5010 :
3477 4955 3735 5017 Obsecro.

2147 5046 2402 5113 Domine,
2435 5052 2547 5103 stet
2563 5047 2665 5114 sol,
2689 5046 2866 5103 donec
2889 5046 3211 5118 perveniam
3229 5047 3301 5102 ad
3321 5062 3540 5103 servum
3553 5050 3736 5101 tuum.

2147 5136 2218 5192 Et
2241 5137 2451 5193 factum
2474 5142 2560 5192 est
2580 5137 2680 5192 sic.
3508 5144 3513 5151 '

2218 5227 2271 5286 4.
2307 5226 2474 5282 Venit
2490 5226 2794 5298 aliquando
2823 5226 3053 5298 quidam
3080 5226 3417 5283 daemonium
3444 5223 3654 5280 habens
3678 5223 3739 5280 in

2148 5316 2358 5389 Scythi,
2384 5322 2442 5371 et
2460 5315 2615 5371 facta
2635 5321 2721 5371 est
2749 5333 2851 5388 pro
2874 5333 2940 5371 eo
2971 5316 3151 5372 oratio
3175 5315 3235 5371 in
3254 5315 3500 5381 ecclesia,
3533 5320 3589 5370 et
3627 5329 3739 5368 non

2146 5405 2541 5477 egrediebatur
2567 5406 2786 5461 daemon
2815 5405 2885 5460 ab
2924 5423 3009 5474 eo,
3036 5406 3168 5478 quia
3204 5406 3378 5461 durus
3407 5409 3529 5460 erat
3553 5404 3734 5474 (Rulli,

2144 5498 2244 5551 lib.
2273 5511 2351 5562 III,
2385 5513 2442 5550 η.
2470 5494 2565 5553 121
2595 5514 2608 5550 :
2634 5497 2843 5563 Pasch.,
2868 5513 2911 5551 c.
2940 5495 3024 5563 14,
3050 5512 3206 5550 num.
3228 5494 3297 5563 2).
3321 5495 3525 5551 Dicunt
3551 5500 3739 5548 autem

2144 5585 2216 5641 ad
2242 5585 2481 5640 invicem
2525 5585 2713 5641 clerici
2757 5584 2866 5640 loci
2912 5584 3094 5640 illius:
3129 5584 3273 5650 Quid
3318 5584 3582 5639 faciemus
3608 5582 3739 5638 huic

2143 5676 2420 5733 daemoni?
2448 5677 2626 5733 Nemo
2646 5680 2832 5751 potest
2861 5691 2992 5732 eum
3011 5674 3233 5751 ejicere,
3256 5673 3365 5731 nisi
3388 5672 3558 5731 abbas
3575 5673 3739 5731 Besa-
