3934 6378
145 329 279 388 1001
1444 339 1685 398 VERBA
1723 340 2116 404 SENIORUM.
3279 365 3417 424 1002

140 457 296 526 rion;
334 462 393 513 et
421 458 470 513 si
488 458 873 531 rogaverimus
900 475 1030 518 eum
1057 477 1158 536 pro
1189 463 1328 537 ipso,
1362 481 1546 538 neque
1559 467 1619 522 in
1648 469 1978 530 ec-Aillam
2024 472 2250 532 viduam
2296 481 2354 533 et
2403 479 2682 553 orphanos
2707 483 2884 556 ipsius
2911 485 3043 543 fecit
3068 488 3218 545 Deus
3273 491 3420 548 hanc

139 547 364 603 clesiam
393 548 596 604 veniet.
644 550 763 606 Hoc
790 567 923 623 ergo
949 552 1221 609 faciamus
1253 569 1265 604 :
1300 560 1434 611 'ecce
1468 564 1737 614 venturus
1819 576 1938 616 rem
1973 580 1985 616 :
2015 563 2119 618 hoc
2138 565 2287 621 enim
2307 573 2391 624 est
2415 586 2702 642 magnum,
2737 573 2870 645 quia
2899 575 3018 632 sine
3049 585 3274 650 peccato
3300 582 3423 638 vult

140 643 222 692 est
242 654 408 692 mane
430 641 838 696 anteomnesin
864 643 1171 710 ecclesiam,
1196 645 1464 715 faciamus
1494 665 1623 703 eum
1643 649 1739 720 qui
1820 650 1970 707 Deus
1991 669 2112 708 esse
2141 656 2408 725 animam,
2445 665 2502 716 et
2533 661 2582 716 si
2615 663 2747 733 quid
2793 665 3034 736 petierit,
3066 670 3285 741 accipit.
3322 673 3422 727 Ve-

138 732 372 782 vexatur
389 728 585 783 sedere
613 728 672 784 in
709 731 831 786 loco
868 732 1062 804 ipsius,
1096 739 1153 788 et
1193 752 1320 790 cum
1367 737 1734 807 ingredietur,
1820 740 1981 796 niens
2009 749 2199 800 autem
2229 748 2507 804 nuntiavit
2525 751 2806 807 'viduaeilli
2836 755 2931 810 ubi
2953 763 3078 811 erat
3103 759 3242 814 illud
3272 777 3422 817 com-

139 821 354 873 stemus
383 818 453 872 ad
480 819 810 886 orationem,
827 828 884 876 et
903 823 1154 880 dicamus
1183 826 1234 880 ei
1255 845 1266 879 :
1286 827 1480 883 Excita
1506 829 1735 885 fratrem
1819 832 2165 888 mendatum.
2203 836 2278 890 At
2314 837 2413 892 illa
2442 856 2670 895 sumens
2717 842 2875 909 illud,
2910 846 3153 902 reddidit
3190 849 3418 906 domino

138 904 332 973 istum,
365 905 526 961 abba.
556 909 836 965 Fecerunt
863 917 1053 966 autem
1093 914 1191 968 sic.
1224 915 1497 970 Veniente
1551 925 1738 974 autem
1822 935 1943 986 suo,
1973 926 2030 974 et
2066 922 2323 980 liberavit
2350 927 2495 982 filios
2519 945 2672 985 suos.
2706 931 2774 985 Et
2824 904 2918 1004 qui
2944 936 3247 992 audierunt
3289 904 3414 1008 hoc,

138 1011 307 1049 mane
322 1012 452 1050 sene
466 997 580 1064 illo,
610 1002 890 1054 steterunt
906 1001 975 1055 ad
992 1003 1323 1070 orationem,
1353 1014 1410 1060 et
1437 1006 1633 1062 dicunt
1648 1008 1699 1063 ei
1723 1027 1734 1062 :
1821 1008 2274 1078 gloriﬁcaverunt
2293 1015 2491 1074 Deum.

139 1083 332 1139 Excita
360 1085 591 1140 fratrem
618 1087 810 1154 istum,
851 1089 1012 1144 abba.
1044 1092 1114 1146 Et
1151 1093 1293 1148 dixit
1330 1111 1497 1149 senex
1527 1096 1608 1151 illi
1638 1113 1738 1169 pa-
1894 1097 1947 1152 9.
1980 1099 2282 1158 Transiens
2324 1105 2626 1176 aliquando
2655 1107 2828 1164 abbas
2858 1111 3053 1168 Emilis
3081 1131 3183 1186 per
3230 1133 3422 1188 quem-

137 1173 303 1228 tienti
332 1193 344 1228 :
393 1175 591 1246 Surge,
636 1178 902 1248 egredere
942 1180 1108 1235 foras.
1142 1182 1212 1237 Et
1251 1184 1541 1240 confestim
1573 1187 1740 1242 exivit
1821 1185 1950 1241 dam
1976 1188 2178 1257 locum,
2207 1192 2342 1247 vidit
2372 1173 2672 1264 quemdam
2703 1201 3037 1256 monachum
3069 1173 3359 1261 detentum
3387 1223 3423 1262 a

138 1262 208 1318 ab
236 1280 303 1318 eo
331 1264 569 1332 daemon,
603 1272 660 1320 et
687 1283 857 1322 sanus
887 1269 1064 1325 factus
1093 1276 1179 1326 est
1205 1289 1270 1327 ex
1296 1273 1392 1328 illa
1421 1276 1577 1330 hora.
1821 1276 2155 1347 quibusdam
2174 1262 2441 1353 tanquam
2454 1284 3109 1347 homicidam.Accedens
3125 1298 3315 1350 autem
3338 1312 3423 1351 se-

209 1353 261 1408 5.
311 1352 584 1409 Dicebant
627 1357 874 1413 seniores
922 1360 1224 1432 aliquando
1277 1363 1466 1419 abbati
1498 1366 1630 1420 Eliae
1677 1367 1737 1422 in
1820 1381 1944 1432 nex,
1978 1372 2149 1439 atque
2174 1352 2530 1443 interrogans
2556 1374 2789 1430 fratrem
2815 1377 2994 1447 illum,
3028 1386 3085 1436 et
3139 1390 3423 1456 comperto

137 1442 378 1514 JEgypto
407 1443 476 1498 de
497 1443 699 1501 abbate
712 1448 1039 1518 Agathone:
1071 1450 1212 1515 Quia
1235 1451 1414 1508 bonus
1429 1454 1602 1510 frater
1631 1461 1734 1511 est.
1822 1455 1954 1525 quia
1973 1442 2465 1516 calumniabantur
2500 1463 2572 1530 ei,
2607 1465 2748 1520 dixit
2769 1467 2840 1520 ad
2871 1484 2965 1523 eos
2983 1442 3090 1541 qui
3121 1488 3250 1527 eum
3267 1442 3428 1529 tene-

139 1532 207 1586 Et
235 1532 374 1587 dicit
401 1533 479 1588 eis
507 1550 676 1589 senex
707 1550 718 1586 :
753 1538 1071 1594 Secundum
1112 1543 1532 1611 generationem
1576 1562 1737 1600 suam
1821 1542 1958 1598 bant
1988 1561 2002 1602 :
2027 1546 2133 1602 Ubi
2162 1555 2248 1604 est
2265 1549 2359 1605 ille
2376 1551 2472 1622 qui
2498 1553 2714 1609 occisus
2736 1555 2860 1610 est?
2879 1563 2936 1612 et
2964 1532 3333 1618 ostenderunt
3350 1565 3422 1619 ei.

137 1620 316 1676 bonus
347 1629 449 1678 est.
483 1623 592 1687 Qui
617 1625 880 1681 dixerunt
897 1628 983 1684 ei:
1014 1630 1331 1686 Secundum
1362 1639 1551 1688 autem
1590 1635 1741 1689 anti-
1820 1634 1976 1689 Tunc
2012 1620 2410 1707 approximans
2445 1641 2552 1712 ipsi
2599 1643 2878 1712 defuncto,
2933 1647 3070 1704 dicit
3111 1652 3370 1707 omnibus
3406 1672 3419 1708 :

138 1726 276 1783 quos
297 1713 434 1782 quid
462 1713 487 1766 ’ἶ
514 1714 589 1769 At
614 1715 710 1769 ille
740 1718 1083 1789 respondens
1113 1720 1194 1774 ait
1227 1740 1238 1775 :
1269 1723 1393 1776 Jam
1419 1723 1531 1778 dixi
1559 1724 1733 1792 vobis,
1821 1722 2010 1778 Orate.
2035 1726 2163 1796 Ipso
2183 1744 2313 1783 vero
2333 1731 2683 1801 expandente
2713 1750 2913 1790 manus
2933 1737 3004 1791 ad
3024 1739 3224 1808 Deum,
3243 1759 3428 1798 surre-

138 1801 269 1873 quia
289 1801 470 1858 bonus
501 1809 587 1858 est
614 1807 920 1862 secundum
966 1811 1393 1880 generationem
1433 1830 1595 1868 suam
1618 1834 1630 1882 ;
1655 1832 1737 1870 se-
1758 1836 1804 1896 Β
1819 1811 1903 1866 xit
1922 1813 1968 1867 is
1990 1815 2086 1884 qui
2111 1815 2404 1873 defunctus
2434 1825 2572 1874 erat.
2595 1821 2664 1875 Et
2679 1822 2818 1878 dixit
2839 1825 2890 1878 ei
2912 1842 3100 1881 coram
3122 1830 3383 1886 omnibus
3405 1850 3418 1886 :

134 1892 383 1947 cundum
410 1893 672 1964 antiquos
684 1897 962 1964 vero,vidi
991 1899 1278 1956 hominem
1303 1902 1362 1957 in
1394 1903 1606 1975 Scythi,
1642 1905 1737 1976 qui
1759 1892 1797 1896 ἡ
1821 1901 1921 1977 Dic
1948 1903 2128 1970 nobis,
2162 1906 2287 1976 quis
2318 1913 2402 1962 est
2431 1909 2525 1979 qui
2551 1915 2608 1964 te
2636 1910 2916 1967 interfecit
2945 1913 2969 1968 ?
2996 1917 3071 1970 At
3106 1917 3202 1972 ille
3243 1919 3418 1975 dixit:

135 1987 358 2052 poterat
377 1982 558 2039 facere
588 1990 652 2040 ut
681 1986 764 2041 sol
793 1993 971 2043 staret
989 1989 1046 2044 in
1067 1991 1225 2052 caelo,
1250 1991 1395 2048 sicut
1421 1994 1552 2048 fecit
1579 1995 1607 2049 J
1613 2012 1741 2050 esus
1823 1991 2183 2060 Ingressusin
2200 1997 2490 2051 ecclesiam
2509 2000 2896 2057 commendavi
2913 2005 3180 2074 pecunias
3194 2009 3424 2082 presby-

135 2071 285 2125 filius
312 2073 485 2127 Nave.
519 2074 589 2129 Et
611 2074 728 2130 haec
756 2077 1054 2134 audientes
1084 2079 1517 2154 obstupuerunt,
1541 2089 1598 2138 et
1625 2085 1743 2155 glo-
1823 2085 1964 2147 teI‘O,
1993 2081 2112 2152 ipse
2139 2101 2374 2154 surgens
2405 2086 2685 2143 interfecit
2704 2107 2812 2157 me,
2847 2071 3164 2164 et—portans
3188 2071 3426 2168 projecit

135 2161 494 2216 riﬁcaverunt
522 2163 720 2218 Deum.
1819 2185 1910 2223 me
1938 2170 1998 2225 in
2027 2179 2433 2229 monasterium
2455 2175 2673 2232 abbatis
2703 2179 2872 2250 hujus
2899 2199 2912 2248 ;
2941 2183 3038 2237 sed
3068 2201 3206 2254 rogo
3238 2203 3333 2242 vos
3358 2193 3424 2243 ut

205 2247 259 2306 6.
292 2250 566 2308 Dicebant
593 2253 662 2308 de
691 2254 892 2311 abbate
930 2258 1173 2314 Macario
1202 2260 1299 2316 illo
1336 2263 1569 2332 majore,
1606 2263 1739 2336 quia
1818 2259 2093 2315 tollantur
2120 2261 2254 2334 ipsa;
2282 2264 2529 2335 pecunia
2556 2265 2627 2320 ab
2657 2284 2742 2333 eo,
2777 2247 2834 2324 et
2861 2247 3067 2326 dentur
3087 2247 3218 2329 filiis
3255 2276 3417 2332 meis.

139 2339 446 2395 ascendens
473 2341 542 2396 de
575 2343 787 2415 Scythi,
822 2347 1084 2417 portabat
1109 2355 1348 2421 εροι-ιαε,
1385 2357 1443 2406 et
1469 2351 1737 2423 fatigatus
1815 2347 1972 2402 Tunc
1999 2349 2080 2404 ait
2106 2351 2176 2404 ad
2198 2368 2327 2407 eum
2354 2369 2525 2409 senex
2555 2374 2566 2409 :
2599 2357 2774 2426 Vade,
2803 2359 3005 2428 dormi,
3032 2362 3209 2418 donec
3236 2366 3424 2423 veniat

137 2429 346 2485 resedit
391 2436 447 2485 et
491 2433 688 2500 oravit,
731 2435 956 2490 dicens:
992 2437 1159 2504 Deus,
1183 2445 1248 2494 tu
1279 2441 1408 2509 scis,
1441 2442 1575 2512 quia
1613 2444 1732 2513 jam
1818 2437 2091 2493 Dominus
2122 2446 2178 2494 et
2205 2443 2503 2497 resuscitat
2527 2449 2603 2504 te.
2645 2447 2714 2501 Et
2743 2448 3033 2504 confestim
3052 2451 3418 2529 Iobdormivit.

137 2535 246 2573 non
271 2521 566 2592 praevaleo.
602 2522 670 2577 Et
698 2540 824 2578 mox
857 2526 1122 2596 elevatus,
1155 2529 1416 2586 inventus
1447 2535 1532 2586 est
1565 2549 1736 2604 super
1889 2525 1974 2583 10-
1999 2528 2289 2585 Venerunt
2304 2532 2607 2603 aliquando
2636 2535 2827 2606 plures
2845 2524 3138 2596 fratres-ad
3157 2543 3421 2603 abbatem

137 2609 346 2663 flumen
373 2611 558 2678 (Ra/[1,
593 2614 687 2667 lib.
721 2628 804 2682 HI,
838 2632 896 2669 η.
942 2615 1086 2686 213).
1817 2615 2107 2672 Pastorem
2141 2621 2325 2688 (Ra/ﬁ,
2361 2624 2399 2675 ι.
2423 2635 2502 2688 III,
2539 2639 2594 2677 η.
2634 2621 2791 2694 168);
2833 2631 2891 2680 et
2927 2644 3053 2684 ecce
3093 2631 3319 2702 quidam
3350 2636 3421 2691 de
3489 2635 3497 2643 “

203 2699 254 2752 7.
278 2698 537 2754 Habebat
555 2702 783 2772 quidam
806 2704 982 2760 filium
1000 2707 1370 2779 paralyticum
1391 2710 1450 2765 in
1470 2711 1729 2784 Egypto,
1817 2707 2068 2776 cognatis
2089 2707 2265 2778 ipsius
2276 2708 2520 2765 habebat
2551 2713 2814 2782 filium,et
2841 2723 2965 2771 erat
2991 2698 3160 2775 facies
3177 2723 3298 2792 ejus
3319 2741 3423 2795 per

133 2792 187 2842 et
213 2788 452 2843 adduxit
477 2806 606 2845 eum
623 2791 693 2846 ad
714 2794 910 2848 cellam
928 2794 1076 2850 beati
1099 2798 1347 2863 Macarii,
1381 2806 1440 2855 et
1457 2801 1652 2857 relicto
1669 2818 1734 2858 eo
1817 2797 2202 2866 operationem
2222 2798 2428 2854 diabOli
2447 2817 2716 2857 Conversa
2733 2810 3062 2862 retrorsum-
3082 2809 3290 2867 Videns
3317 2830 3424 2871 au-

130 2876 199 2930 ad
222 2876 432 2932 ostium
447 2879 635 2948 ﬂente,
656 2882 1060 2956 recessitlonge
1080 2887 1261 2954 (Ruf/1,
1292 2891 1386 2943 lib.
1404 2903 1486 2957 III,
1509 2907 1566 2947 η.
1588 2890 1730 2962 122).
1815 2889 1930 2939 tem
1951 2891 2112 2956 pater
2127 2887 2250 2957 ejus
2271 2889 2694 2946 multitudinem
2707 2893 2959 2962 Patrum,
2986 2899 3265 2970 accipiens
3284 2920 3422 2974 pue-

129 2965 454 3038 Respiciens
483 2985 616 3040 ergo
663 2987 849 3038 senex,
874 2973 1013 3028 vidit
1039 2991 1278 3046 puerum
1302 2978 1640 3049 plorantem,
1677 2986 1734 3036 et
1813 2990 1938 3029 mm
1977 2975 2208 3031 sedebat
2235 2977 2370 3033 foris
2389 2979 2639 3050 plorans.
2677 2985 2928 3056 Contigit
2953 2965 3143 3043 autem
3172 2995 3237 3046 ut
3271 2965 3419 3049 unus

129 3054 268 3110 dixit
283 3056 336 3110 ei
360 3074 371 3109 :
389 3056 524 3121 Quis
541 3064 597 3113 te
618 3059 850 3115 adduxit
869 3063 1018 3117 huc?
1039 3063 1145 3128 Qui
1171 3065 1309 3121 dixit
1333 3083 1345 3117 :
1376 3068 1544 3122 Pater
1573 3086 1731 3125 meus
1814 3064 2097 3120 seniorum
2117 3067 2482 3137 egrederetur
2503 3069 2673 3125 foras.
2701 3054 2880 3136 Queri:
2896 3091 3020 3130 cum
3038 3077 3285 3148 vidisset,
3303 3083 3412 3138 ait:

128 3146 368 3216 projecit
401 3163 490 3201 me
520 3147 628 3215 hic,
663 3154 719 3204 et
746 3149 904 3205 abiit.
936 3151 1005 3206 Et
1031 3152 1166 3208 dicit
1194 3155 1245 3208 ei
1289 3173 1458 3211 senex
1485 3171 1496 3205 ε
1528 3159 1725 3230 Surge,
1753 3161 1795 3221 C
1814 3154 1959 3218 Quid
1990 3155 2196 3225 ploras,
2225 3156 2433 3211 homo?
2459 3159 2565 3223 Qui
2593 3160 2734 3214 dixit
2747 3162 2796 3216 ei
2822 3180 2834 3216 :
2869 3164 3153 3236 Cognatus
3172 3146 3294 3224 sum
3319 3172 3417 3227 ab-

128 3238 182 3287 et
208 3234 572 3306 apprehende
603 3253 752 3292 eum.
782 3239 889 3303 Qui
918 3242 1110 3296 statim
1131 3259 1302 3298 sanus
1333 3245 1510 3300 factus
1537 3253 1638 3311 est,
1671 3253 1728 3302 et
1807 3241 1952 3297 batis
1982 3244 2248 3312 Pastoris,
2282 3252 2340 3300 et
2379 3263 2502 3301 ecce
2527 3249 2763 3320 contigit
2794 3234 2972 3322 puero
2989 3256 3118 3310 huic
3170 3261 3410 3317 tentatio

126 3339 364 3394 surgens
393 3327 766 3396 apprehendit
794 3334 1013 3400 patrem
1046 3344 1231 3401 suum,
1267 3338 1324 3388 et
1349 3335 1428 3389 sic
1465 3335 1726 3392 abierunt
1807 3331 1950 3400 ista;
1978 3338 2036 3388 et
2061 3333 2251 3388 volens
2271 3351 2402 3389 eum
2428 3335 2557 3391 huic
2576 3339 2697 3392 seni
2717 3341 3010 3408 olferre,ut
3022 3360 3151 3400 eum
3163 3356 3404 3418 curaret,

123 3411 180 3466 in
210 3412 444 3468 domum
471 3432 651 3470 suam.
1161 3479 1166 3484 ,

193 3501 244 3556 8.
277 3503 516 3559 Dicebat
542 3504 714 3561 abbas
753 3507 962 3563 Sisois:
997 3510 1232 3575 Quando
1261 3529 1414 3569 eram
1452 3513 1511 3568 in
1533 3515 1724 3588 Scythi

123 3606 246 3645 cum
294 3592 498 3648 abbate
554 3596 818 3662 Macario,
857 3601 1210 3656 ascendimus
1247 3608 1458 3658 metere
1499 3621 1628 3658 cum
1659 3620 1724 3660 eo

121 3686 334 3752 septem
365 3684 594 3738 nomina
624 3685 716 3757 (61.
743 3687 812 3741 Et
833 3705 957 3743 ecce
975 3706 1088 3745 una
1118 3691 1281 3746 vidua
1301 3692 1597 3764 colligebat
1615 3695 1725 3765 spi-

121 3785 209 3824 cas
231 3770 300 3825 de
331 3778 459 3843 post
508 3789 630 3841 nos,
673 3780 731 3830 et
769 3792 881 3834 non
912 3779 1167 3834 cessabat
1195 3781 1440 3851 plorans.
1493 3783 1723 3838 Vocavit

120 3875 248 3930 ergo
268 3877 440 3916 senex
459 3861 750 3920 dominum
772 3867 892 3937 agri
912 3868 1083 3935 illius,
1106 3875 1162 3924 et
1192 3870 1325 3924 dixit
1353 3871 1404 3925 ei
1435 3891 1445 3925 :
1465 3872 1611 3936 Quid
1635 3878 1722 3927 est

119 3949 351 4004 aniculae
381 3951 526 4020 huic,
552 3954 698 4024 quod
730 3972 951 4028 semper
977 3958 1201 4028 plorat?
1231 3960 1338 4024 Qui
1356 3966 1554 4027 650
1581 3962 1721 4017 dixit

120 4037 168 4091 ei
198 4057 210 4092 :
235 4039 382 4104 Quia
423 4041 509 4096 vir
549 4043 672 4112 ejus
697 4043 895 4099 habuit
921 4046 1238 4118 depositum
1291 4049 1603 4120 cujusdam,
1663 4057 1720 4107 et

118 4132 376 4184 mortuus
404 4135 490 4184 est
512 4147 624 4186 non
653 4132 907 4204 loquens,
950 4142 1006 4191 et
1048 4153 1161 4192 non
1192 4137 1333 4192 dixit
1385 4139 1480 4194 ubi
1532 4141 1720 4212 posuit

1807 3421 1972 3476 timui
1998 3441 2012 3490 ;
2047 3439 2158 3476 non
2191 3423 2340 3478 enim
2367 3426 2484 3480 vult
2502 3442 2604 3480 nos
2634 3427 2853 3495 videre;
2878 3438 2936 3485 et
2954 3449 3102 3488 nunc
3129 3436 3178 3490 si
3206 3453 3411 3509 cogno—

1807 3510 1950 3564 verit
1975 3511 2107 3581 quia
2140 3512 2229 3566 hic
2261 3529 2405 3580 sum,
2436 3514 2609 3569 mittit
2636 3533 3001 3590 persequens,
3033 3528 3092 3577 et
3120 3525 3300 3582 minat
3319 3545 3410 3585 me

1806 3599 1935 3654 hinc
1956 3599 2049 3668 (7).
2087 3602 2200 3672 Ego
2229 3618 2360 3656 vero
2389 3602 2581 3658 videns
2607 3608 2962 3676 praesentiam
2988 3619 3235 3669 vestram
3264 3634 3408 3688 pra:-

1805 3690 2018 3761 sumpsi
2046 3691 2235 3745 venire
2257 3691 2365 3749 hic.
2381 3692 2524 3763 Ergo
2547 3697 2824 3764 quomodo
2842 3699 2940 3764 vis,
2959 3700 3122 3769 abba,
3138 3705 3408 3763 miserere

1805 3778 1934 3840 mei,
1966 3785 2023 3834 et
2047 3779 2472 3835 introducintus
2484 3799 2724 3853 puerum
2755 3786 2902 3842 hunc
2935 3795 2993 3844 et
3007 3807 3105 3845 ora
3132 3810 3236 3864 pro
3259 3795 3399 3867 ipso.

1804 3868 1874 3922 Et
1901 3869 2179 3940 accipiens
2205 3886 2332 3923 eum
2358 3887 2544 3936 senex,
2565 3873 2813 3940 intravit,
2835 3882 2892 3931 et
2911 3894 3046 3934 usus
3064 3887 3150 3936 est
3163 3885 3405 3953 pruden-

1801 3962 1907 4023 ter,
1932 3963 1990 4012 et
2020 3975 2132 4013 non
2154 3975 2280 4013 eum
2298 3959 2492 4013 statim
2507 3960 2711 4017 obtulit
2728 3964 2916 4020 abbati
2936 3968 3174 4033 Pastori,
3197 3973 3296 4027 sed
3314 3974 3403 4030 in-

1802 4046 2012 4118 cipiens
2041 4066 2074 4103 a
2103 4049 2411 4105 minoribus
2453 4051 2721 4108 fratribus
2764 4054 2984 4112 dicebat
3018 4076 3030 4111 :
3062 4060 3401 4133 Consignate

1800 4153 2037 4208 puerum
2067 4138 2258 4193 istum.
2293 4140 2434 4194 Cum
2463 4147 2651 4196 autem
2676 4142 2897 4200 fecisset
2911 4163 3108 4204 omnes
3127 4167 3228 4222 per
3256 4155 3403 4210 ordi-

117 4215 272 4285 illud,
305 4223 362 4273 et
393 4220 509 4274 vult
538 4221 797 4277 dominus
826 4223 1063 4296 depositi
1085 4227 1338 4297 accipere
1355 4245 1479 4283 eam
1498 4236 1555 4284 et
1573 4230 1716 4286 ﬁlios
1800 4243 1929 4281 nem
1943 4227 2274 4298 consignure
2293 4245 2443 4297 eum,
2466 4231 2537 4286 ad
2559 4232 2822 4288 Ultimum
2843 4234 3048 4292 Obtulit
3060 4215 3189 4295 eu-m
3207 4241 3399 4300 abbati

115 4307 233 4376 ejus
263 4307 326 4362 in
346 4309 694 4366 servitutem.
716 4312 786 4366 Et
804 4312 884 4367 ait
901 4330 1071 4368 senex
1091 4334 1103 4368 :
1127 4315 1226 4370 Dic
1241 4316 1322 4370 illi
1351 4323 1415 4372 ut
1441 4318 1624 4374 veniat
1644 4321 1714 4375 ad
1796 4314 2038 4382 Pastori,
2075 4317 2171 4388 qui
2218 4318 2444 4374 nolebat
2471 4325 2704 4392 tangere
2741 4340 2892 4378 eum.
2924 4327 3000 4380 At
3020 4327 3096 4382 illi
3120 4332 3399 4401 rogabant

115 4411 211 4450 nos
238 4395 334 4450 ubi
369 4398 772 4468 requiescimus
802 4401 861 4456 in
889 4410 1165 4459 caumate.
1200 4405 1269 4460 Et
1291 4423 1418 4461 cum
1447 4409 1710 4476 venisset,
1796 4421 1948 4474 eum,
1977 4405 2226 4462 dicentes
2253 4405 2364 4464 :Ut
2377 4425 2592 4476 omnes,
2623 4411 2772 4466 itaet
2799 4417 2881 4481 tu,
2906 4413 3089 4484 Pater,
3103 4417 3206 4474 fac.
3224 4421 3291 4477 Et
3307 4424 3398 4478 in-

115 4483 246 4539 dicit
274 4485 326 4541 ei
346 4503 515 4542 senex
539 4507 550 4542 :
577 4489 651 4544 Ut
667 4491 801 4562 quid
823 4509 1045 4565 semper
1067 4494 1440 4566 ploras?Quaa
1461 4497 1541 4552 ait
1576 4495 2103 4580 :Vingemiscens
2154 4497 2399 4551 surrexit
2448 4504 2506 4552 et
2548 4499 2744 4566 oravit,
2777 4500 2967 4558 dicens
2996 4523 3007 4558 :
3045 4507 3207 4571 Deus,
3241 4509 3395 4567 salva

113 4588 267 4630 meus
287 4575 584 4632 defunctus
615 4586 718 4648 est,
751 4582 1028 4653 accipiens
1056 4585 1512 4640 commendatum
1535 4587 1711 4642 alicu-
1731 4575 1772 4580 —
1793 4584 2008 4654 plasma
2037 4591 2218 4652 tuum,
2251 4592 2317 4640 ut
2360 4603 2472 4641 non
2519 4587 2840 4644 dominetur
2865 4591 2948 4646 illi
2999 4593 3279 4652 inimicus.
3325 4601 3395 4655 Et

108 4662 218 4731 jus,
247 4670 429 4720 etnon
449 4667 590 4722 dixit
607 4669 853 4725 moriens
874 4671 970 4726 ubi
986 4673 1174 4744 posuit
1201 4674 1358 4729 illud.
1393 4676 1463 4730 Et
1491 4675 1630 4731 dixit
1659 4677 1709 4731 ei
1792 4673 2145 4744 consignans,
2189 4674 2403 4728 curavit
2431 4692 2582 4744 cum,
2616 4682 2674 4730 et
2702 4677 2947 4734 reddidit
2982 4683 3127 4752 patri
3165 4702 3389 4748 sanum.

112 4768 278 4809 senex
305 4755 500 4824 :Veni,
531 4762 590 4812 et
614 4760 846 4815 ostende
859 4760 1020 4816 nobis
1040 4764 1359 4834 sepulcrum
1384 4765 1489 4819 viri
1517 4765 1622 4820 tui.
1645 4766 1714 4820 Et
1865 4761 1954 4818 11.
1989 4763 2249 4817 Narravit
2299 4763 2526 4834 quidam
2580 4765 2815 4821 Patrum
2845 4768 2914 4822 de
2952 4770 3142 4843 aliquo
3190 4775 3393 4834 abbate

111 4845 412 4916 assumptis
435 4863 626 4902 secum
652 4849 920 4905 fratribus
937 4850 1078 4906 abiit
1105 4869 1234 4907 cum
1264 4869 1349 4908 ea.
1381 4855 1452 4909 Et
1479 4871 1608 4909 cum
1624 4871 1714 4910 ve-
1795 4851 1990 4917 Paulo,
2023 4852 2119 4922 qui
2149 4857 2272 4906 erat
2297 4853 2354 4906 in
2399 4852 2693 4909 inferiores
2739 4862 2928 4927 partes
2953 4859 3197 4934 Egypti,
3231 4865 3392 4923 habi-

110 4928 325 4988 nissent
352 4935 419 4989 ad
451 4937 636 4992 locum
664 4937 760 4994 ubi
781 4940 996 5011 positus
1015 4947 1155 5008 erat,
1178 4942 1319 4997 dixit
1343 4943 1414 4999 ad
1438 4943 1593 4999 illam
1622 4961 1712 4999 se-
1795 4945 1925 4996 tans
1948 4942 2111 5012 juxta
2142 4940 2504 4996 Thebaidam.
2525 4943 2628 4997 Hic
2641 4960 2774 5016 ergo
2806 4928 3261 5010 Paulustenebat
3279 4974 3394 5014 ma-

114 5036 245 5077 nex:
282 5024 498 5080 Recede
517 5026 722 5082 hincin
738 5029 970 5085 domum
989 5035 1166 5086 tuam.
1191 5033 1260 5087 Et
1283 5033 1572 5088 orantibus
1600 5034 1710 5090 illis
1793 5031 1959 5085 uibus
1989 5047 2102 5096 eos,
2136 5030 2231 5102 qui
2258 5030 2523 5086 dicuntur
2550 5039 2817 5099 cornutae,
2838 5039 3060 5109 aspides
3085 5048 3144 5097 et
3167 5061 3392 5117 serpen-

108 5113 321 5167 vocavit
341 5130 513 5170 senex
542 5115 700 5172 illum
723 5118 819 5190 qui
847 5126 1104 5175 mortuus
1127 5121 1328 5189 fuerat,
1363 5123 1553 5179 dicens
1582 5123 1664 5178 illi
1694 5139 1706 5173 :
1792 5127 1877 5177 tes
1898 5126 2066 5194 atque
2086 5121 2424 5193 scorpiones,
2454 5126 2510 5175 et
2553 5123 2844 5180 SCiDdebat
2871 5144 2966 5183 eos
2990 5146 3091 5200 per
3119 5135 3384 5195 medium.

109 5198 210 5254 Ubi
228 5203 468 5274 posuisti
479 5205 727 5262 alienum
749 5207 1105 5281 depositum?
1133 5211 1241 5276 Qui
1261 5213 1606 5284 respondens
1629 5213 1711 5267 di-
1789 5211 2058 5266 Videntes
2085 5215 2273 5265 autem
2302 5210 2420 5265 haec
2445 5211 2666 5278 fratres,
2702 5198 3107 5274 satisfacientes
3126 5221 3194 5286 ei,
3221 5223 3392 5280 inter-

109 5287 186 5344 xit
214 5291 264 5345 ei
307 5310 319 5345 :
353 5292 416 5347 In
466 5294 632 5350 domo
672 5313 798 5352 mea
846 5298 1236 5356 absconditum
1291 5307 1378 5357 est
1425 5302 1530 5357 sub
1569 5303 1709 5374 pede
1789 5301 2068 5372 rogabant
2095 5299 2658 5363 eum,dicentes:Dic
2688 5303 2846 5359 nobis
2877 5307 3007 5377 quid
3029 5317 3384 5383 operatuses,

110 5377 314 5440 lectuli.
347 5382 417 5437 Et
455 5384 536 5438 ait
582 5385 661 5439 illi
683 5403 852 5441 senex
884 5406 898 5444 :
931 5390 1125 5444 Dormi
1154 5391 1360 5446 iterum
1412 5409 1591 5464 usque
1647 5393 1705 5448 in
1789 5395 1854 5444 ut
1881 5391 2162 5460 acciperes
2188 5389 2432 5460 gratiam
2467 5390 2632 5446 istam
2661 5391 2688 5445 ’ἶ
2717 5393 2820 5456 Ουί
2846 5393 2926 5448 ait
2954 5396 3034 5449 eis
3066 5377 3081 5445 Ξ
3109 5377 3386 5469 lgn080ite

109 5465 251 5523 diem
287 5473 732 5530 resurrectionis.
767 5474 1036 5534 Videutes
1060 5486 1248 5535 autem
1271 5482 1472 5536 fratres
1492 5482 1707 5538 cecide-
1799 5478 1956 5545 mihi,
2001 5479 2218 5542 fratres,
2253 5478 2299 5532 si
2331 5478 2454 5550 quis
2483 5480 2794 5550 possederit
2834 5483 3157 5552 puritatem,
3201 5493 3394 5549 omnia

111 5564 238 5613 runt
267 5559 342 5614 ad
370 5561 540 5633 pedes
568 5565 690 5635 ejus
725 5585 737 5633 ;
772 5567 976 5638 quibus
1014 5569 1160 5624 dixit
1188 5587 1356 5626 senex
1387 5590 1399 5625 :
1433 5573 1558 5626 Non
1584 5587 1716 5643 pro-
1799 5567 2176 5638 subjiciuntur
2205 5567 2277 5634 ei,
2308 5567 2455 5622 sicut
2480 5569 2614 5622 Adae
2642 5568 2864 5638 quando
2894 5577 3018 5628 erat
3043 5575 3101 5630 in
3128 5580 3391 5650 paradiso

109 5651 232 5718 pter
253 5665 346 5705 me
379 5650 590 5708 factum
607 5660 695 5710 est
717 5655 840 5724 hoc,
855 5657 997 5713 nihil
1021 5659 1170 5716 enim
1183 5676 1340 5731 sum;
1366 5661 1464 5717 sed
1489 5665 1721 5735 propter
1799 5662 1931 5713 ante
1953 5655 2468 5730 praevaricationem
2485 5655 2662 5712 diVini
2684 5658 2957 5717 mandati.

487 5752 756 5818 Paxaea.
784 5755 1057 5821 LXXIII.

2995 5764 3075 5824 32
