3934 6380
578 329 718 394 1003

1723 327 1816 383 DE
1851 327 2040 384 VITIS
2079 326 2374 383 PATRUM
2410 327 2626 384 LIBER
2661 326 2756 382 VI.

3720 325 3839 384 1004

654 456 736 516 12.
769 452 1134 526 Temporibus
1162 451 1371 508 Juliani
1392 449 1460 520 (8)
1491 457 1779 525 apostatze,
1807 469 1933 508 cum
1954 451 2386 514 descen-Avero
2419 451 2823 526 improperium
2871 451 2994 522 ejus
3030 449 3171 506 dixit
3198 468 3210 504 :
3265 451 3446 507 Credo
3501 451 3566 507 in
3613 452 3834 522 Christo,

577 548 736 602 deret
763 545 822 600 in
854 543 1101 608 Perside,
1135 541 1339 597 missus
1368 547 1454 597 est
1478 543 1696 598 daemon
1726 541 1796 596 ab
1829 543 2026 596 eodem
2081 543 2176 598 Ju-

574 637 744 701 liano,
766 639 833 689 ut
859 633 1103 688 velocius
1137 631 1346 686 vadens
1375 632 1435 686 in
1464 631 1840 698 Occidentem,
1866 633 2093 686 afferret
2120 632 2173 686 ei

575 739 908 797 responsum
927 721 1155 794 aliquod
1173 721 1472 776 inde.Cum
1492 727 1684 775 autem
1713 721 2059 792 pervenisset
2078 721 2171 775 ille

571 815 792 870 daemon
812 813 872 868 in
901 811 1202 884 quemdam
1230 809 1434 877 locum,
1467 809 1562 864 ubi
1593 810 1820 881 quidam
1861 810 2172 865 monachus

568 902 877 970 habitabat,
910 901 1070 956 stetit
1086 899 1294 954 ibidem
1327 916 1430 971 per
1477 899 1598 954 dies
1619 899 1809 953 decem
1841 899 2165 966 immobilis,

567 1010 634 1048 eo
667 992 817 1064 quod
845 1008 957 1047 non
983 994 1205 1062 poterat
1224 989 1374 1044 ultra
1389 989 1671 1060 progredi,
1694 989 1830 1060 quia
1859 989 2166 1044 monachus

565 1083 660 1138 ille
677 1098 790 1138 non
819 1080 1076 1137 cessabat
1103 1079 1336 1146 orando,
1366 1094 1548 1150 neque
1569 1084 1730 1132 nocte
1756 1095 1938 1150 neque
1959 1079 2069 1133 die.
2098 1079 2166 1133 Et

561 1188 851 1243 regressus
877 1177 963 1226 est
981 1170 1102 1225 sine
1131 1169 1330 1224 eifectu
1357 1167 1429 1222 ad
1458 1184 1589 1222 eum
1619 1167 1713 1238 qui
1733 1167 2158 1225 miseratillum.

557 1261 710 1316 Dixit
736 1265 926 1316 autem
948 1259 1000 1314 ei
1031 1258 1288 1314 Julianus
1310 1275 1322 1310 :
1348 1257 1536 1320 Quare
1555 1257 1826 1312 tardasti?
1848 1255 2162 1328 Respondit

558 1351 610 1406 ei
639 1351 859 1406 daemon
888 1354 944 1403 et
985 1348 1129 1402 dixit
1160 1365 1172 1400 :
1209 1348 1278 1402 Et
1306 1363 1521 1402 moram
1550 1346 1670 1411 feci,
1704 1352 1761 1400 et
1793 1345 1912 1400 sine
1941 1347 2159 1401 actione

561 1456 818 1495 reversus
841 1455 966 1493 sum
991 1456 1004 1505 ;
1028 1437 1270 1492 sustinui
1300 1436 1450 1491 enim
1477 1436 1669 1490 decem
1723 1435 1843 1489 dies
1898 1435 2159 1492 Publium

562 1529 920 1590 monachum.
953 1527 1002 1582 si
1026 1526 1166 1581 forte
1195 1531 1467 1581 cessasset
1493 1524 1564 1579 ab
1593 1525 1846 1580 oratione
1871 1529 1934 1578 ut
1959 1525 2160 1580 transi-

560 1635 699 1684 rem,
723 1623 782 1673 et
803 1634 916 1672 non
945 1615 1200 1681 cessavit,
1231 1621 1289 1670 et
1311 1613 1625 1686 prohibitus
1653 1629 1779 1668 sum
1802 1614 2064 1680 transire,
2097 1621 2155 1670 et

557 1707 697 1762 redii
709 1706 847 1762 nihil
865 1721 1058 1776 agens.
1081 1704 1236 1759 Tunc
1253 1703 1326 1757 im
1332 1703 1655 1775 piissimusJ
1663 1703 1881 1758 ulianus
1901 1703 2155 1774 indigna-

2257 543 2390 613 quia
2408 543 2565 614 prius
2585 559 2754 614 quam
2770 542 2937 595 ﬁnem
2957 539 3180 608 faciam,
3204 539 3398 595 bibens
3417 541 3648 596 calicem
3661 541 3833 609 istum,

2256 633 2562 702 egredieris
2584 631 2654 686 ab
2683 648 2768 687 eo.
2793 631 2862 685 Et
2879 647 3006 685 cum
3035 629 3293 701 coepisset
3321 647 3492 685 senex
3515 631 3722 699 bibere,
3741 634 3835 687 cla-

2254 721 2430 776 mavit
2472 722 2708 786 daemon,
2743 721 2933 774 dicens
2967 738 2978 773 :
3014 719 3269 775 Incendis
3293 736 3400 774 me.
3435 721 3507 774 Et
3549 726 3834 792 antequam

2253 816 2672 866 consummaret
2702 809 2916 877 bibens,
2946 808 3115 863 exivit
3157 808 3227 863 ab
3255 826 3320 864 eo
3349 809 3571 865 daemon
3589 827 3688 881 per
3714 826 3831 881 gra-

2251 899 2388 954 tiam
2411 900 2640 954 Christi.

2318 989 2346 1042 1
2358 990 2387 1043 7
2397 1029 2409 1042 .
2435 989 2592 1044 Misit
2603 989 2831 1060 quidam
2844 989 3077 1044 Patrum
3092 987 3427 1060 discipulum
3443 1005 3608 1043 suum
3618 989 3829 1045 haurire

2248 1093 2453 1148 aquam
2479 1097 2490 1132 :
2515 1084 2640 1133 erat
2665 1084 2854 1134 autem
2903 1084 3108 1150 puteus
3158 1078 3348 1149 procul
3404 1077 3566 1132 valde
3615 1095 3652 1132 a
3703 1079 3828 1133 cella

2246 1167 2516 1238 ipsorum,
2551 1175 2608 1223 et
2633 1167 2840 1223 oblitus
2865 1177 2951 1222 est
2980 1173 3204 1239 portare
3219 1167 3409 1222 funem
3440 1184 3630 1222 secum
3658 1169 3824 1234 (Ilum,

2245 1259 2340 1314 lib.
2407 1272 2490 1324 In,
2525 1275 2584 1313 η.
2615 1255 2726 1325 ‘28).
2765 1260 2906 1313 Dum
2930 1274 3059 1311 vero
3107 1257 3351 1311 venisset
3395 1255 3572 1312 frater
3626 1257 3720 1311 ille
3763 1258 3824 1311 ad

2242 1353 2496 1416 puteum.
2525 1352 2581 1402 et
2617 1347 2967 1416 cognovisset
2985 1347 3118 1418 quia
3154 1363 3267 1401 non
3287 1352 3605 1418 portaverat
3623 1346 3819 1412 funem,

2242 1435 2371 1490 fecit
2394 1437 2706 1491 orationem
2739 1443 2796 1491 et
2829 1437 3094 1503 clamans,
3123 1435 3262 1490 dixit
3293 1453 3304 1488 :
3339 1435 3384 1490 Ο
3415 1440 3604 1506 putee,
3647 1441 3818 1508 putes,

2241 1523 2412 1579 abbas
2432 1542 2590 1580 meus
2616 1525 2754 1580 dixit
2783 1532 2846 1581 ut
2864 1526 3158 1597 implerem
3179 1526 3442 1595 lagenam
3472 1525 3638 1579 istam
3665 1542 3818 1597 aqua.

2239 1614 2308 1668 Et
2328 1615 2594 1670 continuo
2613 1615 2866 1670 ascendit
2892 1632 3040 1686 aqua
3062 1631 3240 1686 usque
3262 1615 3334 1668 ad
3355 1631 3641 1669 summum
3657 1615 3816 1686 putei,

2237 1710 2294 1758 et
2320 1705 2573 1776 implevit
2597 1705 2772 1760 frater
2798 1704 2892 1760 ille
2909 1705 3166 1776 lagenam
3184 1721 3356 1771 suam,
3375 1709 3433 1760 et
3455 1704 3721 1760 restituta
3746 1711 3818 1760 est

553 1801 648 1850 tus
676 1795 815 1850 dixit
843 1813 854 1848 :
881 1796 1023 1850 Cum
1051 1809 1340 1864 regressus
1368 1791 1542 1858 fuero,
1573 1792 1772 1846 faciam
1803 1793 1862 1847 in
1882 1810 2010 1848 eum
2032 1793 2154 1847 vin-
2175 1774 2220 1834 Β
2239 1792 2443 1848 iterum
2471 1795 2532 1849 in
2555 1795 2738 1849 locum
2758 1811 2943 1849 suum.

539 1885 778 1956 dictam.
809 1884 880 1938 Et
911 1882 1063 1938 intra
1091 1898 1299 1954 paucos
1317 1881 1438 1936 dies
1465 1881 1839 1953 interemptus
1869 1888 1954 1937 est
1973 1899 2156 1954 apro-

548 1973 796 2030 videntia
812 1972 934 2028 Dei.
959 1973 1028 2027 Et
1050 1971 1318 2028 continuo
1344 1987 1492 2026 unus
1511 1987 1576 2026 ex
1597 1971 1873 2042 praefectis
1898 1971 1994 2042 qui
2024 1987 2152 2025 cum

548 2081 614 2120 eo
642 2068 823 2130 erant,
855 2062 1062 2118 vadens
1089 2061 1342 2116 vendidit
1389 2059 1579 2116 omnia
1630 2077 1753 2132 quae
1795 2060 2064 2128 habeout,
2095 2065 2154 2115 et

2687 1883 3032 1939 LIBELLUS
3059 1883 3380 1938 TERTIUS.

2305 1974 2378 2028 De
2401 1977 2805 2028 conversatione
2825 1976 3032 2042 optima
3054 1975 3395 2027 diversorum
3417 1978 3756 2029 sanctorum.

2303 2063 2358 2117 ‘l.
2392 2063 2608 2118 Retulit
2643 2062 2816 2118 abbas
2845 2063 3034 2129 Dulas,
3064 2062 3254 2116 dicens
3286 2081 3298 2115 :
3328 2061 3697 2116 Ambulantes
3733 2061 3815 2115 ali-

545 2153 702 2208 dedit
720 2151 1081 2225 pauperibus,
1112 2156 1170 2206 et
1184 2150 1412 2205 veniens
1439 2150 1510 2204 ad
1534 2167 1724 2204 senem
1743 2150 1924 2216 illum,
1953 2155 2139 2216 05]
2234 2151 2456 2222 quando
2481 2151 2540 2206 in
2570 2169 2760 2206 eremo
2790 2169 2892 2223 ego
2913 2158 2970 2206 et
2991 2151 3164 2206 abbas
3187 2167 3344 2206 meus
3357 2151 3626 2206 Besarion
3644 2152 3807 2221 (Ra/ﬂ,

540 2243 723 2298 factus
756 2247 843 2296 est
869 2241 1178 2297 monachus
1219 2255 1477 2310 magnus,
1525 2244 1584 2294 et
1611 2239 1690 2294 sic
1717 2239 1930 2311 quievit
1944 2239 2004 2294 in
2035 2239 2148 2294 Do-
2233 2243 2329 2295 lib.
2361 2255 2446 2307 III,
2473 2259 2530 2296 n.
2561 2240 2662 2298 194
2692 2261 2706 2309 ;
2731 2243 2940 2308 Pasch.,
2966 2258 3012 2295 ε.
3044 2239 3131 2308 34,
3166 2258 3322 2294 num.
3357 2239 3428 2310 3),
3459 2241 3719 2294 venimus
3741 2256 3809 2293 se-

541 2332 716 2387 mino.
2230 2346 2328 2384 cus
2363 2331 2666 2402 quamdam
2695 2331 3017 2402 speluncam
3041 2349 3054 2384 ε
3077 2329 3135 2385 in
3162 2347 3329 2402 quam
3348 2329 3805 2399 ingressi,inveni-

609 2421 700 2478 13.
720 2420 890 2476 Venit
909 2420 1212 2491 aliquando
1229 2420 1460 2492 quidam
1483 2418 1766 2474 saecularis
1787 2418 1858 2472 ad
1881 2417 2144 2472 abbatem
2227 2437 2353 2475 mus
2375 2421 2452 2474 ibi
2481 2421 2780 2492 quemdam
2812 2421 3044 2475 fratrem
3071 2419 3359 2475 sedentem
3408 2425 3465 2474 et
3493 2425 3804 2491 operantem

540 2510 687 2567 Sisoi
706 2510 767 2565 in
780 2515 1028 2564 montem
1047 2509 1266 2564 abbatis
1285 2508 1533 2572 Antonii,
1546 2507 1764 2562 habens
1775 2507 1952 2562 ﬁlium
1973 2523 2140 2562 suum
2225 2510 2466 2582 plectam
2494 2511 2563 2564 de
2583 2511 2786 2582 palmis
2805 2529 2818 2578 ;
2853 2511 2948 2582 qui
2973 2510 3153 2565 noluit
3177 2509 3454 2580 respicere
3480 2509 3552 2564 ad
3583 2527 3704 2575 nos,
3725 2525 3804 2563 nec

477 2600 486 2607 ’
537 2617 728 2656 secum
757 2600 940 2669 (Ra/Ii,
969 2601 1063 2654 lib.
1099 2613 1180 2664 III,
1205 2615 1263 2653 η.
1299 2597 1419 2667 120)
1447 2617 1461 2666 ;
1491 2603 1549 2652 et
1571 2597 1627 2652 in
1650 2597 1852 2652 itinere
1881 2602 2138 2652 mortuus
2222 2617 2330 2671 que
2368 2600 2634 2665 salutare,
2670 2617 2772 2654 nec
2801 2600 3029 2654 omnino
3071 2599 3224 2670 loqui
3272 2598 3444 2653 voluit
3500 2597 3800 2652 nobiscum.

537 2694 623 2744 est
641 2688 790 2743 filius
818 2689 960 2759 ejus,
992 2693 1051 2742 et
1067 2704 1180 2742 non
1211 2692 1296 2741 est
1323 2685 1710 2750 conturbatus,
1743 2686 1840 2740 sed
1871 2702 2000 2740 cum
2026 2686 2136 2741 fide
2219 2687 2370 2742 Dixit
2391 2693 2582 2742 autem
2611 2687 2750 2742 mihi
2775 2705 2977 2742 senex:
3014 2688 3221 2742 Eamus
3259 2687 3406 2754 hinc,
3438 2686 3676 2741 forsitan
3703 2701 3798 2740 non

533 2776 663 2832 tulit
691 2793 821 2832 eum
847 2776 918 2831 ad
941 2776 1100 2830 illum
1129 2791 1340 2840 senem,
1375 2781 1432 2830 et
1453 2775 1692 2846 procidit
1727 2791 1856 2829 cum
1886 2775 2002 2829 filio
2031 2791 2133 2830 suo
2216 2781 2304 2831 est
2331 2777 2554 2832 animus
2593 2777 2780 2831 fratris
2828 2777 2990 2832 istius
3033 2776 3187 2848 loqui
3232 2775 3547 2830 nobiscum.
3595 2775 3796 2846 Egressi

533 2871 804 2937 tanquam
827 2865 1220 2936 pmnitentiam
1247 2863 1474 2929 faciens,
1513 2869 1577 2918 ut
1608 2863 2034 2918 benediceretur
2061 2863 2131 2918 ab
2215 2882 2438 2937 quoque
2483 2865 2634 2931 inde,
2674 2865 2822 2919 illico
2852 2865 3257 2919 ambulavimus
3315 2864 3498 2918 videre
3552 2863 3794 2918 abbatem

530 2955 728 3010 eodem
757 2971 910 3010 sene.
946 2955 1016 3009 Et
1037 2970 1274 3024 surgens
1299 2958 1460 3025 pater
1495 2953 1654 3024 pueri
1686 2953 1914 3024 reliquit
1951 2953 2130 3008 ﬁlium
2213 2955 2504 3009 Joannem.
2545 2955 2862 3010 Redeuntes
2891 2972 3020 3009 vero
3049 2953 3302 3008 venimus
3332 2953 3537 3008 iterum
3571 2970 3674 3025 per
3692 2969 3795 3022 spc~

525 3061 694 3100 suum
723 3049 854 3099 ante
891 3044 1062 3116 pedes
1091 3043 1267 3114 ipsius
1288 3041 1456 3109 senis,
1491 3048 1548 3096 et
1577 3059 1836 3113 egressus
1867 3048 1954 3097 est
1981 3046 2130 3098 toras
2211 3043 2436 3098 luncam
2462 3044 2638 3112 illam,
2672 3043 2768 3098 ubi
2789 3044 3021 3098 fratrem
3040 3043 3199 3098 illum
3223 3043 3566 3098 videramus.
3593 3043 3662 3097 Et
3675 3041 3793 3095 dixit

525 3134 741 3189 cellam.
764 3135 939 3189 Porro
964 3149 1134 3188 senex
1147 3139 1370 3204 putans,
1387 3131 1519 3203 quia
1533 3132 1919 3203 paenitentiam
1936 3138 2131 3202 ageret
2147 3136 2191 3198 C
2211 3131 2350 3186 mihi
2376 3149 2545 3187 senex
2577 3153 2589 3188 :
2618 3133 3010 3202 Ingrediamur
3032 3132 3100 3186 ad
3121 3131 3351 3186 fratrem
3382 3131 3580 3196 istum,
3606 3131 3653 3185 si
3671 3131 3790 3184 forte

523 3230 656 3280 ante
685 3223 856 3296 pedes
884 3223 1062 3294 ipsius
1072 3239 1214 3294 puer
1233 3222 1348 3287 ille,
1370 3221 1572 3276 dixitei
1601 3240 1612 3274 :
1649 3223 1846 3293 Surge,
1875 3222 2013 3276 vade
2043 3222 2126 3276 fo-
2209 3221 2536 3276 revelaverit
2562 3223 2613 3277 ei
2635 3223 2784 3277 Deus
2812 3221 3290 3294 loquinobiscum.
3315 3221 3602 3276 Intrantes
3623 3225 3787 3274 autem

527 3331 637 3369 ras.
666 3314 793 3368 Non
813 3312 964 3368 enim
993 3311 1204 3366 sciebat
1234 3312 1367 3383 quia
1392 3317 1648 3366 mortuus
1667 3316 1804 3366 erat.
1833 3311 1902 3366 Et
1930 3312 2122 3366 statim
2206 3309 2521 3366 invenimus
2561 3329 2712 3374 eum.
2753 3311 2888 3383 quia
2928 3311 3236 3366 dormierat
3281 3311 3338 3365 in
3377 3326 3532 3382 pace.
3579 3311 3654 3364 At
3679 3324 3785 3362 vero

523 3419 762 3474 surgens
799 3418 1058 3473 egressus
1076 3408 1179 3456 est.
1202 3401 1271 3455 Et
1298 3401 1492 3455 videns
1511 3418 1641 3456 eum
1673 3406 1834 3472 pater
1860 3401 2002 3471 ejus,
2033 3419 2124 3456 ex-
2203 3417 2372 3455 senex
2417 3401 2498 3455 ait
2551 3400 2688 3455 mihi
2722 3419 2733 3454 :
2763 3401 2926 3465 Veni,
2979 3401 3169 3466 frater,
3231 3399 3564 3471 colligamus
3606 3413 3783 3470 corpus

520 3491 691 3564 pavit,
727 3496 786 3546 et
816 3491 1054 3555 intrans,
1106 3489 1359 3544 adoravit
1388 3506 1601 3556 senem,
1641 3494 1700 3543 et
1726 3489 1866 3543 dixit
1895 3489 1947 3544 ei
1985 3507 2118 3545 cau-
2202 3492 2354 3560 ejus;
2387 3489 2445 3545 in
2478 3490 2584 3545 hoc
2609 3491 2793 3562 ipsum
2823 3491 2974 3546 enim
3003 3490 3160 3567 misit
3189 3507 3292 3545 nos
3320 3489 3468 3544 Deus
3502 3489 3580 3544 ad
3616 3504 3782 3544 recon-

521 3597 662 3636 sam.
695 3580 944 3635 Audiens
975 3585 1167 3634 autem
1211 3579 1315 3633 hoc
1364 3595 1551 3644 senex,
1595 3579 1962 3634 contristatus
2009 3586 2112 3644 est,
2200 3578 2445 3632 dendum
2466 3595 2614 3633 eum.
2639 3580 2782 3634 Cum
2802 3584 2992 3634 autem
3018 3578 3402 3650 colligeremus
3417 3575 3780 3646 eum,inveni-

518 3686 632 3725 non
651 3669 801 3725 enim
831 3668 1049 3724 volebat
1077 3669 1184 3723 hoc
1202 3668 1342 3723 ﬁeri.
1368 3667 1629 3739 Praecipit
1655 3669 1845 3740 itaque
1875 3668 1926 3722 ei
1957 3667 2118 3723 disci-
2200 3684 2325 3722 mus
2347 3667 2480 3739 quia
2501 3673 2705 3723 natura
2725 3669 2928 3723 mulier
2951 3673 3092 3724 erat.
3121 3668 3192 3722 Et
3227 3667 3540 3722 admiratus
3583 3672 3667 3721 est
3709 3682 3781 3719 se-

516 3759 682 3831 pulus
709 3759 862 3814 senis
897 3765 962 3814 ut
990 3758 1202 3814 nemini
1224 3757 1514 3813 nuntiaret
1549 3758 1665 3812 haec
1685 3755 1874 3829 usque'
1893 3757 1964 3812 ad
1993 3757 2114 3812 obi-
2196 3773 2322 3822 nex,
2355 3757 2546 3812 dicens
2577 3777 2588 3811 :
2619 3759 2756 3812 Ecce
2772 3758 3049 3830 quomodo
3078 3762 3136 3812 et
3157 3756 3778 3812 mulierescolluctantur

514 3854 636 3904 tum
666 3848 844 3921 ipsius
869 3847 1040 3904 senis.
2195 3846 2460 3902 adversus
2489 3847 2771 3903 diabolum
2813 3849 2869 3903 in
2920 3865 3126 3914 eremo,
3159 3852 3214 3903 et
3251 3863 3352 3902 nos
3389 3847 3450 3901 in
3479 3843 3775 3901 civitatibus

2197 3934 2652 3992 dehonestamur.
2675 3937 3063 3992 Gloriﬁcantes
3086 3953 3218 4007 ergo
3236 3936 3414 3991 Deum
3436 3935 3536 4007 qui
3551 3931 3774 4008 protegit

2195 4025 2491 4098 diligentes
2521 4047 2600 4095 se,
2635 4030 2966 4084 recessimus
2987 4029 3136 4084 inde.

2263 4115 2317 4174 2.
2361 4118 2595 4174 Dicebat
2614 4119 2784 4174 abbas
2813 4119 3158 4186 Vindemius,
3193 4117 3324 4190 quia
3343 4117 3596 4173 narravit
3621 4115 3769 4171 abbas

2190 4207 2481 4272 Macarius,
2513 4209 2704 4264 dicens
2735 4229 2747 4264 :
2777 4209 3017 4264 Sedente
3041 4226 3132 4263 me
3153 4207 3455 4280 aliquando
3483 4208 3546 4262 in
3577 4204 3765 4278 Scythia

2188 4296 2598 4353 descenderunt
2625 4299 2736 4354 duo
2763 4299 3140 4354 adolescentes
3169 4296 3449 4370 peregrini
3473 4298 3657 4364 (Ra/[2,
3685 4295 3763 4348 lib.

581 3937 967 3994 H.Tentatus
991 3943 1079 3993 est
1111 3937 1412 4010 aliquando
1467 3935 1753 3991 Abraham
1808 3935 2115 4008 discipulus

513 4028 766 4098 ejusdem
807 4027 1026 4082 abbatis
1074 4027 1218 4083 Sisoi
1245 4045 1280 4081 a
1305 4026 1582 4082 daemonio
1617 4045 1631 4089 ;
1664 4032 1721 4080 et
1758 4025 1950 4080 videns
1980 4043 2110 4080 eum

511 4115 659 4171 idem
689 4132 876 4180 senex,
909 4115 1043 4187 quia
1070 4115 1288 4180 cecidit,
1320 4115 1564 4170 surrexit
1593 4120 1647 4169 et
1677 4115 1943 4185 expandit
1994 4132 2111 4170 ma-

510 4221 618 4261 nus
637 4221 769 4260 suas
791 4204 862 4258 ad
879 4205 1078 4268 Deum,
1101 4203 1292 4258 dicens
1317 4222 1328 4256 :
1352 4203 1523 4269 Deus,
1539 4203 1620 4257 vis
1646 4221 1757 4258 non
1776 4203 1874 4268 vis,
1892 4220 2004 4258 non
2026 4205 2108 4259 di-

509 4294 673 4349 mitto
701 4294 810 4349 nisi
838 4293 1118 4349 curaveris
1148 4310 1299 4348 eum.
1332 4294 1400 4347 Et
1427 4297 1656 4347 curatus
1680 4299 1767 4347 est
1795 4293 1968 4348 frater
1987 4293 2100 4348 ille.

583 4380 665 4441 15.
696 4383 872 4439 Senex
905 4383 1132 4454 quidam
1157 4387 1280 4438 erat
1307 4382 1593 4437 solitarius
1615 4383 1775 4452 juxta
1801 4383 2102 4438 Jordanem
2186 4400 2272 4452 In,
2299 4404 2360 4442 η.
2389 4385 2704 4456 195).Unus
2732 4388 2958 4460 quidem
2975 4389 3223 4460 ipsorum
3240 4385 3547 4457 incipiebat
3566 4384 3764 4438 mittere

505 4474 758 4540 ﬂuvium,
789 4479 845 4529 et
867 4473 1159 4543 ingressus
1187 4477 1419 4544 propter
1443 4489 1645 4526 cauma
1672 4471 1732 4526 in
1755 4473 2099 4544 speluncam,
2122 4461 2170 4520 D
2188 4474 2442 4544 barbam,
2477 4477 2620 4532 alius
2642 4494 2770 4532 vero
2800 4494 2913 4532 non
2944 4477 3144 4532 adhuc.
3177 4477 3465 4530 Venerunt
3501 4479 3685 4529 autem
3703 4469 3761 4524 ad

501 4563 716 4619 invenit
743 4563 821 4618 ibi
849 4564 1088 4626 leonem,
1121 4568 1179 4617 et
1205 4561 1374 4633 coepit
1426 4561 1514 4616 leo
1563 4560 1802 4616 fremere
1843 4562 2105 4618 dentibus

501 4653 617 4708 suis
644 4669 709 4707 ac
728 4652 937 4723 rugire.
967 4652 1119 4707 Dixit
1136 4658 1327 4707 autem
1358 4651 1409 4706 ei
1439 4665 1625 4706 senex:
1655 4652 1801 4716 Quid
1820 4653 2104 4722 angustia-

500 4742 622 4797 ris?
649 4747 737 4796 est
765 4743 918 4796 locus
961 4741 1057 4812 qui
1086 4741 1274 4812 capiat
1301 4747 1358 4794 et
1384 4757 1472 4795 me
1510 4745 1568 4795 et
1602 4747 1678 4796 te.
1705 4741 1763 4797 Si
1817 4759 1948 4796 vero
1988 4760 2099 4799 non

497 4831 600 4897 vis,
622 4847 859 4902 surgens
883 4831 1150 4901 egredere
1176 4830 1322 4885 hinc.
1345 4831 1458 4886 Leo
1501 4836 1692 4886 autem
1731 4846 1845 4886 non
1891 4831 2096 4899 ferens,

495 4937 755 4993 egressus
792 4925 880 4974 est
913 4919 1044 4975 inde
1075 4919 1240 4974 foras.

547 5009 655 5066 .16.
685 5009 953 5064 Ascendit
981 5008 1209 5080 quidam
1239 5025 1408 5063 senex
1436 5009 1739 5081 aliquando
1763 5010 1823 5065 in
1850 5012 2097 5067 Terenu—

491 5100 636 5157 thim
666 5099 737 5155 de
767 5099 979 5171 Scythi,
1002 5098 1150 5153 etibi
1170 5098 1416 5165 divertit;
1445 5099 1698 5153 videntes
1727 5099 1976 5154 laborem
1994 5100 2092 5155 ab-

487 5189 768 5246 stinentia!
795 5190 936 5260 ejus,
961 5188 1287 5244 obtulerunt
1306 5187 1358 5242 ei
1384 5188 1664 5244 modicum
1685 5189 1817 5243 vini.
1849 5189 1962 5244 Alii
1991 5207 2094 5246 au-

486 5285 601 5336 tem
629 5280 923 5335 audientes
941 5279 1010 5333 de
1036 5279 1157 5349 ipso
1171 5278 1525 5332 adduxerunt
1553 5277 1623 5332 ad
1645 5294 1776 5332 eum
1806 5278 2093 5334 hominem

485 5370 805 5442 quemdam,
831 5368 1174 5423 daemonium
1205 5367 1524 5422 habentem.
1543 5367 1727 5437 Coepit
1749 5373 1938 5422 autem
1977 5369 2091 5423 dae-

2186 4582 2295 4632 me,
2328 4567 2576 4621 dicentes
2608 4585 2622 4620 :
2654 4567 2759 4622 Ubi
2797 4571 2884 4622 est
2912 4567 3053 4621 cella
3087 4565 3302 4620 abbatis
3358 4563 3638 4620 Macarii?
3664 4561 3757 4631 Ego

2183 4661 2376 4710 autem
2403 4655 2516 4710 dixi
2536 4655 2616 4710 eis
2648 4678 2660 4713 :
2693 4657 2838 4721 Quid
2868 4672 2996 4711 eum
3043 4655 3209 4710 vultis
3247 4654 3271 4706 Ἰ
3300 4653 3751 4725 Responderunt:

2182 4745 2488 4800 Audientes
2517 4746 2586 4800 de
2617 4763 2700 4812 eo,
2751 4746 2812 4800 in
2865 4745 3056 4817 Scythi
3096 4743 3347 4798 venimus
3386 4742 3577 4796 videre
3624 4753 3750 4795 eum.

2182 4833 2318 4888 Dico
2338 4835 2420 4888 eis
2445 4853 2456 4888 :
2487 4835 2602 4905 Ego
2627 4851 2773 4889 sum.
2801 4834 2908 4899 Qui
2932 4833 3317 4906 paenitentiam
3347 4837 3598 4902 agentes.
3619 4827 3751 4883 dixe-

2182 4929 2316 4977 runt
2349 4942 2360 4977 :
2391 4923 2495 4977 llic
2523 4923 2778 4977 volumus
2816 4939 3063 4977 manere.
3097 4922 3210 4991 Ego
3239 4925 3428 4974 autem
3459 4935 3588 4973 cum
3611 4913 3750 4969 vidis-

2178 5029 2294 5066 sem
2327 5029 2423 5066 eos
2457 5013 2742 5078 delicatos,
2767 5018 2824 5067 et
2851 5011 3006 5083 quasi
3043 5028 3078 5066 a
3106 5009 3335 5076 divitiis,
3363 5007 3476 5062 dixi
3497 5008 3611 5062 eis:
3643 5006 3748 5059 Non

2177 5102 2412 5173 potestis
2433 5101 2523 5155 hic
2542 5102 2755 5156 sedere.
2783 5101 2934 5156 Dixit
2959 5101 3056 5156 ille
3087 5101 3268 5170 major
3297 5117 3310 5154 :
3345 5098 3413 5152 Et
3432 5097 3479 5151 si
3511 5112 3621 5150 non
3645 5108 3747 5165 pos-

2176 5208 2372 5245 sumus
2399 5191 2487 5246 hic
2512 5191 2724 5256 sedere,
2759 5208 3056 5262 pergemus
3099 5189 3250 5244 alibi.
3283 5187 3406 5242 Dixi
3427 5202 3560 5256 ergo
3617 5179 3742 5254 apud

2176 5278 2428 5333 animum
2449 5297 2636 5334 meum
2661 5298 2672 5332 :
2699 5280 2773 5334 Ut
2793 5279 2926 5350 quid
2956 5295 3050 5333 eos
3075 5292 3394 5350 persequor,
3417 5279 3474 5328 et
3499 5267 3741 5328 scandali-

2175 5373 2373 5422 zantur
2397 5367 2426 5421 ‘2
2458 5367 2640 5422 Labor
2674 5368 2792 5439 ipse
2835 5367 3000 5421 faciet
3048 5383 3142 5421 eos
3172 5371 3235 5419 ut
3263 5381 3296 5418 τι
3320 5369 3499 5418 semet
3525 5355 3734 5430 fugiant.

486 5475 617 5515 mon
641 5459 737 5514 ille
765 5458 1100 5514 maledicere
1121 5473 1314 5512 senem
1344 5457 1526 5521 illum,
1550 5456 1740 5511 dicens
1767 5475 1780 5510 :
1804 5458 1888 5512 Ad
1917 5457 2087 5514 istum
2170 5457 2325 5512 Tunc
2345 5458 2458 5512 dixi
2489 5459 2570 5512 eis
2599 5477 2610 5512 :
2646 5458 2864 5524 Venite,
2889 5457 3052 5512 facite
3089 5456 3243 5512 vobis
3271 5455 3551 5520 cellulam,
3582 5451 3625 5505 si
3651 5464 3734 5520 po-

484 5553 798 5621 potatorem
819 5547 931 5603 vini
971 5565 1064 5603 me
1112 5545 1472 5602 adduxistis?
1509 5545 1580 5600 Et
1635 5561 1801 5602 senex
1855 5548 2086 5618 quidem
2168 5547 2346 5603 testis.
2374 5548 2578 5604 Dicunt
2608 5554 2664 5604 et
2691 5549 2770 5603 illi
2801 5567 2812 5604 :
2847 5547 3092 5603 Ostende
3141 5545 3299 5602 nobis
3345 5538 3726 5603 tantummodo,

483 5642 714 5718 propter
737 5637 1118 5696 humilitatem
1142 5633 1372 5694 nolebat
1397 5651 1530 5694 eum
1567 5635 1772 5710 ejicere
1807 5654 1821 5708 ;
1851 5643 2084 5712 propter
2165 5642 2223 5694 et
2247 5636 2536 5695 faciemus.
2577 5637 2718 5694 Dedi
2747 5642 2940 5695 autem
2989 5636 3070 5694 eis
3115 5635 3355 5692 securim
3406 5639 3466 5690 et
3507 5634 3726 5708 spartam
