3934 6376
108 401 130 455 1
142 400 251 460 005

1390 410 1631 469 VERBA
1670 392 2061 467 SENIORUM.

3248 426 3387 486 1006

103 528 334 598 plenam
352 530 613 601 panibus,
632 537 689 586 et
706 531 910 600 salem;
941 532 1160 588 ostendi
1183 534 1356 589 etiam
1377 535 1492 591 illis
1511 537 1710 592 duram
1728 538 1777 598 Α
1797 534 2068 591 Similiter
2081 540 2271 591 autem
2294 542 2350 592 et
2370 538 2462 594 ille
2480 541 2663 611 major
2680 559 2809 599 cum
2834 548 3121 618 aperiebat
3136 568 3199 606 os
3217 569 3385 608 suum

103 623 351 688 petram,
384 619 575 675 dicens
610 640 623 676 :
670 620 927 676 Excidite
958 622 1067 689 hic,
1121 627 1177 677 et
1225 624 1489 680 adducite
1516 632 1708 694 652

104 706 264 761 vobis
291 708 446 779 ligna
475 709 545 764 de
575 710 805 781 palude;
841 716 898 765 et
925 727 1053 765 cum
1077 711 1457 783 imposueritis
1473 721 1702 781 tectum,

103 795 299 851 sedete
351 798 410 853 in
452 799 647 853 eodem
678 799 820 853 loco.
867 800 983 871 Ego
1030 807 1220 856 autem
1262 804 1527 874 putabam
1559 805 1707 876 quod

102 884 377 955 fugerent
421 893 652 959 propter
690 888 960 945 laborem.
1004 893 1080 943 At
1110 890 1188 944 illi
1222 890 1710 963 interrogaverunt

104 990 197 1027 me
231 993 244 1028 :
279 975 426 1040 Quid
478 976 840 1048 operabimur
881 977 1010 1031 hic?
1046 978 1172 1034 Dico
1204 979 1284 1034 eis
1318 1006 1330 1041 ε
1364 980 1610 1037 Plectam
1640 983 1710 1037 de

102 1063 345 1134 palmis;
401 1069 458 1119 et
508 1082 742 1120 sumens
798 1066 933 1121 folia
979 1068 1296 1139 palmarum
1354 1071 1424 1124 de
1484 1072 1705 1143 palude,

104 1152 329 1206 ostendi
390 1153 472 1208 eis
528 1153 753 1210 initium
794 1156 1007 1226 plectae,
1041 1163 1099 1211 et
1131 1160 1410 1229 quomodo
1438 1176 1711 1216 censuere

104 1240 400 1296 deberent.
426 1242 641 1307 Quibus
663 1244 833 1298 etiam
858 1244 972 1299 dixi
998 1263 1009 1298 :
1035 1246 1222 1300 Facite
1244 1253 1482 1319 sportas,
1509 1256 1565 1303 et
1581 1250 1711 1304 date

101 1330 435 1386 custodibus
476 1332 739 1399 ecclesiae,
788 1338 846 1388 et
895 1333 1001 1405 ipsi
1050 1335 1287 1390 silerent
1330 1336 1485 1392 vobis
1516 1354 1708 1410 panes.

100 1418 243 1474 Post
280 1420 398 1474 haec
426 1438 560 1491 ergo
582 1421 785 1476 recessi
813 1422 883 1477 ab
908 1423 989 1477 eis
1030 1441 1043 1476 :
1078 1424 1186 1496 ipsi
1215 1432 1403 1480 autem
1434 1428 1715 1497 patienter

103 1509 302 1563 omnia
321 1526 669 1582 quaecunque
684 1512 797 1566 dixi
829 1511 911 1566 eis
937 1511 1205 1579 fecerunt,
1224 1519 1282 1568 et
1302 1532 1413 1569 non
1432 1522 1707 1572 venerunt

102 1598 174 1651 ad
222 1614 316 1653 me
368 1616 471 1670 per
509 1605 625 1655 tres
652 1617 847 1656 annos.
885 1602 1139 1657 Sustinui
1182 1609 1371 1659 autem
1403 1610 1459 1659 et
1489 1623 1594 1677 ego
1624 1607 1709 1662 lu-

1792 625 2052 696 psallens,
2086 630 2360 698 tanquam
2388 628 2577 685 fumus
2605 630 2755 702 ignis
2785 637 3179 706 egrediebatur
3196 642 3266 697 de
3286 660 3384 699 ore

1790 715 1912 784 ejus
1937 719 1995 769 et
2020 714 2376 786 pertingebat
2400 717 2459 773 in
2479 721 2701 775 cmlum.
2731 722 2797 777 Et
2828 740 2930 795 ego
2960 727 3073 782 dixi
3101 731 3383 788 modicum

1789 820 1854 857 ex
1907 803 2114 869 animo,
2161 805 2305 860 sicut
2347 813 2405 862 et
2450 808 2550 875 illi,
2604 827 2743 882 opus
2788 813 2911 868 Dei.
2960 816 3165 873 Exiens
3193 827 3385 876 autem

1790 892 1903 946 dixi
1935 910 1946 946 :
1983 893 2153 948 Orate
2183 911 2284 966 pro
2310 913 2419 951 me.
2455 898 2567 969 Ipsi
2598 905 2786 955 autem
2817 903 3210 962 satisfecerunt
3240 909 3381 965 mihi

1790 986 2058 1037 tacentes.
2096 984 2165 1038 Et
2193 986 2423 1055 cognovi
2455 988 2590 1059 quia
2633 989 2729 1044 ille
2759 993 2942 1062 major
2966 995 3245 1065 perfectus
3275 1005 3378 1067 est,

1794 1070 1952 1125 illum
1976 1078 2164 1126 autem
2194 1073 2469 1129 minorem
2503 1077 2873 1150 impugnabat
2892 1083 3075 1138 adhuc
3102 1085 3383 1144 inimicus.

1793 1158 1929 1213 Post
1958 1177 2164 1231 paucos
2199 1168 2388 1217 autem
2420 1165 2538 1219 dies
2568 1167 2836 1223 dormivit
2861 1171 2955 1225 ille
2980 1174 3162 1244 major
3188 1175 3382 1245 frater,

1794 1253 1851 1301 et
1877 1249 2046 1304 tertio
2080 1250 2170 1304 die
2195 1251 2288 1305 ille
2319 1253 2523 1307 minor.
2557 1255 2624 1309 Et
2651 1274 2779 1311 cum
2807 1258 2980 1331 aliqui
3026 1262 3257 1318 Patrum
3284 1266 3385 1319 ad-

1796 1337 2050 1392 venirent
2071 1338 2260 1394 abbati
2295 1342 2554 1409 Macario,
2569 1343 2808 1400 ducebat
2823 1363 2916 1402 eos
2946 1349 3005 1404 in
3029 1352 3226 1407 cellam
3246 1354 3392 1426 ipso-

1795 1442 1941 1494 rum,
1974 1427 2163 1483 dicens
2198 1448 2209 1483 :
2244 1429 2445 1485 Venite
2474 1432 2661 1487 videre
2691 1437 3027 1508 martyrium
3060 1440 3262 1496 horum
3291 1443 3394 1499 mi~

1794 1532 1998 1571 norum
2027 1519 2457 1589 peregrinorum
2470 1562 2483 1575 .

1862 1602 1915 1661 2.
1945 1606 2067 1661 Duo
2097 1608 2323 1679 quidam
2356 1611 2589 1666 Patrum
2618 1613 2893 1685 rogabant
2912 1618 3091 1674 Deum
3121 1629 3184 1675 ut
3201 1627 3392 1679 osten-

109 1687 320 1742 ctando
348 1705 475 1743 cum
503 1690 693 1744 animo
722 1707 868 1759 meo,
881 1691 1073 1746 dicens
1109 1711 1120 1746 :
1154 1693 1344 1760 Putas,
1371 1710 1493 1765 quae
1510 1701 1596 1751 est
1614 1697 1711 1751 ho-
1792 1693 1952 1748 deret
1971 1695 2051 1749 eis
2067 1695 2124 1750 in
2142 1714 2309 1768 quam
2326 1702 2687 1769 pervenerint
2702 1709 3123 1763 mensuram.Et
3141 1712 3292 1766 venit
3312 1713 3392 1769 eis

106 1792 238 1831 rum
259 1777 534 1848 operatio,
560 1778 691 1851 quia
714 1796 827 1834 non
848 1788 1125 1836 venerunt
1151 1781 1501 1853 interrogare
1531 1801 1619 1839 me
1639 1786 1708 1840 de
1725 1856 1769 1872 ἢ
1790 1798 1913 1850 vox,
1932 1783 2119 1839 dicens
2144 1804 2156 1839 :
2187 1786 2331 1850 Quia
2357 1787 2417 1842 in
2444 1790 2575 1845 villa
2602 1791 2700 1846 illa
2720 1810 2842 1864 quae
2866 1802 2953 1850 est
2972 1797 3029 1851 in
3049 1798 3289 1872 {Egypto
3305 1808 3393 1857 est

102 1866 544 1937 cogitationibus
590 1868 742 1923 suis?
781 1869 888 1934 Qui
919 1870 1070 1924 enim
1101 1870 1171 1925 de
1212 1872 1519 1944 longinquo
1555 1879 1704 1942 sunt,
1725 1856 1770 1915 Β
1793 1873 2075 1928 saecularis
2088 1875 2336 1945 quidam,
2355 1877 2739 1936 Eucharistius
2754 1884 3000 1951 nomine,
3026 1892 3083 1941 et
3105 1856 3250 1943 uxor
3269 1891 3390 1961 ejus

100 1954 343 2010 veniunt
370 1956 441 2011 ad
474 1973 594 2024 me;
627 1957 721 2012 isti
750 1963 939 2014 autem
955 1959 1025 2014 de
1044 1960 1296 2032 proximo
1324 1962 1460 2016 mihi
1492 1980 1605 2018 non
1624 1981 1713 2018 ve-
1791 1966 2022 2016 vocatur
2049 1964 2224 2021 Maria
2248 1983 2260 2019 :
2290 1968 2542 2022 nondum
2571 1969 2757 2025 adhud
2784 1974 3115 2044 pervenistis
3136 1978 3207 2033 ad
3236 1996 3394 2034 men-

103 2049 319 2100 nerunt
346 2045 419 2099 ad
448 2062 565 2100 me:
594 2063 725 2101 nam
755 2062 857 2102 nec
885 2048 957 2102 ad
982 2049 1153 2103 alium
1184 2049 1461 2118 abierunt,
1485 2051 1593 2106 nisi
1617 2070 1707 2108 so-
1792 2064 1982 2103 suram
2013 2050 2283 2121 ipsorum.
2318 2055 2692 2127 Exsurgentes
2722 2066 2910 2117 autem
2951 2064 3033 2118 illi
3064 2066 3176 2121 duo
3204 2085 3388 2137 senes,

102 2133 225 2189 lum
252 2133 326 2189 ad
355 2134 645 2190 ecclesiam
660 2152 788 2190 cum
817 2137 1041 2192 silentio
1067 2138 1319 2210 accipere
1344 2140 1705 2196 oblationem.
1791 2145 2067 2194 venerunt
2097 2140 2156 2195 in
2185 2142 2367 2198 Vicum
2397 2145 2577 2201 illum-
2608 2149 2713 2213 QUi
2743 2159 3133 2221 Percontantes
3162 2155 3390 2213 invene-

102 2223 293 2292 Igitur
320 2223 474 2279 oravi
504 2240 610 2294 ego
639 2225 817 2279 Deum
842 2226 1110 2296 jejunans
1138 2242 1254 2281 una
1279 2228 1614 2299 septimana,
1648 2236 1712 2285 ut
1792 2232 1928 2281 runt
1955 2228 2213 2285 cellulam
2231 2232 2426 2304 ipsius,
2459 2241 2516 2290 et
2537 2253 2765 2293 uxorem
2798 2242 2947 2312 ejus.
2987 2243 3055 2297 Et
3083 2245 3280 2301 dicunt
3315 2248 3389 2303 ad

106 2312 531 2368 demonstraret
576 2313 715 2368 mihi
744 2315 1128 2385 operationem
1170 2315 1425 2371 istorum.
1461 2318 1709 2388 Surgens
1790 2315 1946 2370 illam
1979 2328 1991 2364 ε
2022 2318 2127 2373 Ubi
2156 2326 2244 2375 est
2270 2322 2355 2376 vir
2381 2324 2555 2379 tuus?
2584 2328 2658 2380 At
2685 2328 2784 2383 illa
2829 2330 2966 2385 dicit
3006 2332 3086 2388 eis
3119 2352 3131 2387 :
3187 2335 3393 2391 Pastor

107 2409 306 2458 autem
357 2409 484 2475 post
531 2403 686 2459 illam
728 2406 1102 2476 septimanam
1132 2406 1246 2461 abii
1294 2408 1365 2462 ad
1396 2426 1490 2465 eos
1522 2410 1708 2465 videre
1792 2410 1880 2460 est
1894 2405 2099 2472 ovium,
2127 2413 2183 2463 et
2203 2409 2327 2466 illas
2352 2413 2546 2483 pascit.
2565 2415 2952 2474 Etintroduxit
2968 2422 3137 2477 eosin
3159 2423 3391 2481 domum

101 2490 394 2560 quomodo
423 2492 701 2548 sederent.
730 2493 800 2547 Et
838 2511 965 2550 cum
995 2496 1327 2566 pulsassem,
1364 2505 1712 2568 aperuerunt
1793 2510 1976 2549 suam-
2023 2497 2164 2552 Cum
2209 2506 2398 2555 autem
2434 2519 2559 2558 εθΡο
2608 2504 2814 2561 factum
2856 2516 3022 2575 esset.
3072 2513 3226 2568 venit
3271 2514 3391 2587 ipse

102 2580 273 2647 mihi,
304 2586 364 2636 et
381 2581 768 2638 salutaverunt
794 2600 885 2638 me
912 2590 1162 2639 tacentes
1186 2604 1199 2653 ;
1232 2585 1553 2658 faciensque
1581 2604 1711 2642 ora-
1794 2584 2177 2641 Eucharistius
2192 2606 2318 2643 cum
2341 2590 2555 2661 ovibus;
2573 2599 2631 2649 et
2661 2595 2855 2652 videns
2877 2598 3003 2654 illos
3022 2618 3204 2672 senes,
3222 2580 3390 2675 para-

103 2669 349 2737 tionem,
390 2670 529 2726 sedi.
562 2672 811 2727 Innuens
840 2679 1030 2728 autem
1061 2675 1153 2729 ille
1182 2676 1365 2747 major
1392 2676 1613 2743 minori,
1646 2684 1712 2733 ut
1796 2672 1876 2726 Vit
1904 2673 2017 2729 illis
2047 2692 2322 2741 mensam,
2347 2680 2614 2753 misitque
2638 2700 2844 2754 aquam
2874 2687 2932 2742 in
2963 2690 3188 2760 pelvim,
3221 2699 3287 2747 ut
3313 2694 3396 2748 i8-

102 2758 497 2828 egrederetur,
511 2759 630 2833 ipse
650 2761 797 2816 sedit
808 2762 989 2817 facere
1003 2764 1265 2834 plectam,
1290 2764 1431 2819 nihil
1451 2766 1705 2837 loquens.

101 2848 173 2903 Et
197 2848 355 2902 circa
392 2849 590 2905 horam
640 2866 848 2905 nonam
892 2852 1226 2923 significavit
1276 2855 1614 2925 percutiens,
1655 2861 1711 2911 et

99 2937 265 2991 venit
298 2937 392 2992 ille
420 2940 626 3008 minor,
658 2944 716 2995 et
747 2940 879 2996 fecit
926 2942 1203 2997 modicam
1250 2950 1532 2999 cocturam
1582 2945 1711 3017 pul-

99 3027 308 3083 menti.
344 3030 621 3100 Apposuit
642 3046 773 3084 vero
803 3036 860 3084 et
899 3047 1172 3099 mensam,
1204 3033 1476 3088 innuente
1513 3034 1565 3088 ei
1614 3034 1711 3088 illo

99 3104 346 3188 majore,
378 3123 434 3171 et
459 3118 647 3189 posuit
675 3136 845 3191 super
873 3136 997 3175 eam
1025 3126 1142 3176 tres
1167 3121 1496 3193 paximates,
1519 3128 1575 3178 et
1593 3128 1711 3178 ste-

1790 2768 1949 2817 varet
1962 2764 2130 2835 pedes
2150 2783 2364 2822 eorum.
2386 2770 2491 2834 Qui
2507 2771 2770 2828 dixerunt
2791 2775 2841 2830 ei
2860 2795 2872 2829 :
2894 2777 3019 2833 Non
3039 2780 3393 2850 gustabimus

1795 2852 2244 2923 quidquam,nisi
2269 2856 2606 2915 indicaveris
2621 2862 2780 2917 nobis
2803 2867 3186 2936 operationem
3209 2874 3389 2927 tuam.

1791 2939 1947 2995 Tunc
1967 2941 2059 2996 ille
2076 2944 2461 3003 Eucharistius
2482 2965 2608 3005 cum
2631 2951 2947 3009 humilitate
2965 2955 3105 3012 dixit
3124 2958 3205 3013 eis
3228 2977 3241 3012 :
3276 2959 3392 3031 Ego

1793 3035 1985 3100 pastor
2006 3049 2132 3086 sum
2162 3035 2365 3102 ovium,
2400 3043 2457 3092 et
2486 3038 2603 3093 haec
2627 3057 2767 3096 uxor
2793 3059 2922 3098 mea
2951 3050 3054 3100 est.
3087 3047 3228 3102 Cum
3256 3064 3388 3104 vero

1791 3129 2243 3190 perseverassent
2260 3124 2341 3178 illi
2360 3126 2470 3181 duo
2495 3144 2675 3196 senes,
2690 3138 2955 3202 rogantes
2969 3150 3098 3189 eum
3111 3142 3174 3190 ut
3194 3138 3392 3192 omnia

104 3206 180 3261 tit
210 3208 557 3278 tacens.Ego
584 3213 776 3265 autem
804 3209 917 3263 dixi
949 3228 960 3263 :
998 3210 1242 3280 Surgite,
1279 3212 1704 3271 manducemus.
1729 3215 1771 3278 Ο
1790 3208 2152 3265 denuntiaret
2179 3212 2278 3280 eis,
2308 3212 2427 3285 ipse
2451 3216 2677 3272 nolebat
2705 3219 2910 3276 dicere.
2939 3224 3096 3278 Tunc
3125 3224 3387 3282 dixerunt

100 3296 172 3349 Et
199 3302 571 3366 exsurgentes
601 3298 1100 3366 manducavimus;
1130 3300 1322 3355 attulit
1344 3318 1474 3356 vero
1506 3302 1708 3373 lagun-

98 3384 316 3450 culam,
338 3390 397 3439 et
409 3384 819 3443 bibimus.Cum
850 3394 1040 3442 autem
1068 3389 1276 3445 factum
1298 3396 1447 3445 esset
1461 3408 1707 3463 vespere,

96 3472 305 3529 dicunt
333 3473 475 3529 mihi
499 3485 512 3521 ε
539 3474 711 3530 Vadis
736 3476 907 3531 hinc?
936 3477 1218 3548 Respondi
1247 3494 1350 3549 ego
1386 3497 1397 3533 :
1431 3478 1576 3547 Non,
1611 3481 1710 3535 sed

97 3564 193 3618 hic
238 3562 539 3621 dormiam.
573 3565 892 3623 Posuerunt
936 3572 1129 3622 autem
1177 3568 1316 3623 mihi
1365 3575 1602 3625 mattam
1651 3571 1713 3626 in

96 3657 289 3724 parte,
329 3658 386 3706 et
414 3652 522 3707 sibi
557 3653 617 3708 in
643 3654 816 3710 alium
860 3657 1133 3727 angulum
1158 3673 1190 3711 a
1216 3663 1377 3729 parte
1410 3676 1422 3712 :
1456 3659 1712 3715 tulerunt

96 3743 281 3798 etiam
302 3740 555 3812 cingulos
574 3760 725 3810 suos,
743 3750 801 3799 et
815 3745 1164 3801 semicinctia
1184 3762 1303 3811 sua,
1329 3753 1386 3802 et
1401 3755 1713 3819 posuerunt

96 3849 158 3887 se
192 3830 446 3886 dormire
470 3832 638 3888 simul
678 3850 848 3905 super
876 3841 1111 3891 mattam
1141 3842 1273 3892 ante
1300 3854 1413 3891 me.
1456 3839 1710 3910 Cumque

98 3938 160 3977 se
219 3920 610 3989 reclinassent,
639 3924 792 3978 oravi
839 3924 907 3978 ad
948 3925 1129 3982 Deum
1158 3931 1221 3980 ut
1264 3926 1405 3981 mihi
1434 3927 1710 3984 relevaret

98 4009 495 4083 operationem
526 4012 797 4083 ipsorum.
830 4014 894 4068 Et
917 4020 1175 4086 apertum
1201 4020 1288 4070 est
1304 4021 1516 4071 tectum
1533 4017 1704 4085 cellae,

98 4108 159 4156 et
184 4100 342 4155 facta
369 4107 455 4156 est
474 4102 565 4156 lux
595 4118 803 4171 magna
832 4103 979 4159 sicut
1007 4122 1112 4176 per
1129 4104 1301 4171 diem,
1322 4105 1428 4177 ipsi
1451 4123 1582 4163 vero
1593 4124 1707 4162 non

97 4189 528 4261 conspiciebant
555 4191 745 4247 lumen
777 4193 934 4248 illud.
971 4194 1112 4249 Cum
1127 4212 1256 4250 vero
1286 4200 1555 4266 putarent
1576 4197 1710 4268 quia

98 4296 208 4350 ego
239 4278 567 4347 dormirem,
593 4280 785 4352 tetigit
811 4281 906 4336 ille
932 4283 1115 4353 major
1139 4284 1417 4339 minorem
1446 4284 1504 4339 in
1533 4285 1703 4341 latus.

98 4368 168 4423 Et
214 4374 584 4423 surrexerunt
629 4374 799 4441 atque
854 4371 1149 4426 cinxerunt
1193 4391 1271 4439 se,
1330 4375 1707 4446 expandentes

98 4473 334 4528 quoque
357 4472 559 4512 manus
585 4458 645 4513 in
675 4459 877 4515 cmlum
908 4466 1188 4516 steterunt
1215 4479 1342 4518 cum
1362 4463 1605 4519 silentio.
1635 4465 1706 4520 Et

1792 3297 1845 3351 ei
1873 3317 1885 3351 :
1936 3299 2209 3355 Dominus
2247 3318 2349 3357 nos
2379 3304 2534 3359 misit
2561 3306 2633 3360 ad
2670 3313 2745 3361 te.
2782 3310 3033 3366 Audiens
3061 3319 3252 3369 autem
3280 3315 3388 3371 hoc

1790 3386 2042 3454 verbum,
2076 3389 2287 3457 timuit,
2312 3392 2562 3465 dixitque
2582 3396 2664 3450 eis
2695 3410 2707 3445 :
2741 3398 2877 3453 Ecce
2900 3399 3036 3455 istas
3058 3418 3187 3457 oves
3217 3403 3390 3460 habe-

1792 3492 1918 3531 mus
1945 3494 1979 3531 a
1999 3479 2326 3549 parentibus
2350 3482 2577 3551 nostris,
2611 3491 2669 3540 et
2699 3488 2972 3560 quidquid
3000 3506 3067 3545 ex
3095 3492 3177 3547 eis
3207 3493 3387 3550 dona-

1790 3566 1936 3621 verit
1962 3567 2101 3622 mihi
2131 3569 2300 3637 Deus,
2332 3570 2568 3627 facimus
2598 3574 2737 3630 illud
2764 3581 2882 3632 tres
2911 3585 3101 3650 partes
3127 3600 3139 3636 :
3166 3589 3387 3654 partem

1792 3671 1964 3709 unam
2007 3658 2366 3729 pauperibus,
2400 3667 2457 3715 et
2485 3679 2656 3718 unam
2700 3672 2916 3736 partem
2948 3669 3007 3723 in
3035 3673 3387 3745 susceptione

1792 3745 2238 3816 peregrinorum,
2263 3754 2321 3803 et
2343 3751 2571 3806 tertiam
2591 3758 2811 3824 partem
2831 3756 2903 3810 ad
2925 3774 3086 3813 usum
3108 3768 3385 3819 nostrum.

1793 3836 1871 3888 Ex
1900 3852 2009 3906 quo
2041 3842 2229 3891 autem
2278 3840 2465 3911 accepi
2508 3858 2758 3911 uxorem,
2794 3861 2978 3917 neque
3006 3865 3108 3920 ego
3139 3851 3386 3922 pollutus

1791 3940 1937 3989 sum,
1969 3940 2151 3996 neque
2172 3926 2287 3994 illa,
2301 3928 2398 3982 sed
2422 3928 2576 4000 virgo
2605 3936 2709 4000 est,
2729 3932 2936 4007 singuli
2965 3943 3154 3993 autem
3181 3942 3385 3997 remoti

1789 4028 1824 4067 a
1846 4013 2004 4068 nobis
2019 4014 2349 4085 dormimus;
2369 4023 2424 4071 et
2444 4025 2613 4075 noctu
2635 4012 3160 4092 quideminduimus
3171 4046 3382 4101 saccos,

1789 4102 1849 4157 in
1869 4103 1960 4157 die
1984 4120 2113 4158 vero
2140 4105 2474 4161 vestimenta
2502 4114 2714 4164 nostra.
2742 4111 2812 4166 Et
2841 4129 3018 4185 usque
3048 4133 3197 4173 nunc
3219 4136 3384 4176 nemo

1792 4192 2082 4247 hominum
2115 4192 2232 4248 haec
2261 4197 2537 4265 cognovit.
2558 4198 2811 4271 Cumque
2846 4202 2964 4259 haec
2994 4206 3286 4263 audissent
3302 4209 3385 4266 illi

1788 4286 1981 4348 653
2008 4288 2200 4353 patres
2232 4284 2493 4340 admirati
2520 4293 2672 4355 sunt,
2705 4295 2764 4345 et
2791 4298 3143 4351 recesserunt
3167 4296 3382 4369 gloriﬁ-

1789 4375 1980 4425 cantes
2008 4372 2208 4426 Deum.

1860 4459 1912 4515 3.
1943 4461 2113 4515 Venit
2138 4462 2440 4533 aliquando
2463 4464 2636 4520 abbas
2655 4468 2932 4525 Macarius
2960 4472 3055 4527 ille
3084 4474 3379 4547 zEgyptius

96 4562 205 4618 ego
239 4545 470 4617 quidem
495 4546 751 4603 videbam
772 4566 887 4614 eos,
906 4550 1013 4622 ipsi
1032 4568 1162 4605 vero
1184 4568 1273 4606 me
1290 4569 1402 4607 non
1418 4552 1699 4608 videbant.
1719 4583 1767 4641 D
1788 4548 1856 4604 de
1900 4549 2094 4641 Scythi
2130 4550 2189 4604 in
2218 4552 2465 4641 Montem
2511 4555 2707 4610 Nitriae
2742 4556 2799 4611 in
2830 4559 2922 4613 die
2951 4545 3268 4632 oblationis,
3305 4567 3378 4623 ad

95 4634 379 4690 Videbam
406 4653 539 4707 ergo
559 4637 839 4694 daemones
868 4639 1017 4694 sicut
1039 4657 1261 4695 muscas
1289 4642 1575 4697 venientes
1605 4659 1701 4696 su-
1720 4634 1761 4641 —
1787 4639 2190 4693 monasterium
2213 4639 2430 4696 abbatis
2456 4642 2684 4712 Pambo,
2707 4651 2765 4699 et
2784 4646 3046 4703 dixerunt
3060 4651 3113 4705 ei
3129 4653 3378 4711 seniores

95 4724 377 4798 perillum
390 4723 666 4782 minorem
686 4726 937 4796 fratrem,
958 4734 1016 4784 et
1035 4729 1131 4783 alii
1159 4730 1384 4800 quidem
1405 4730 1703 4787 veniebant

93 4821 163 4871 ut
181 4812 451 4870 sederent
496 4833 665 4889 super
706 4834 768 4873 os
814 4819 956 4888 ejus,
989 4819 1084 4872 alii
1123 4836 1252 4874 vero
1287 4837 1456 4891 super
1487 4820 1695 4877 oculos.

90 4905 164 4960 Et
185 4903 305 4959 vidi
335 4904 600 4975 angelum
631 4906 731 4962 Dei
759 4907 1064 4963 habentem
1100 4909 1354 4980 gladium
1396 4909 1545 4980 ignis
1594 4910 1699 4965 cir-

90 4991 534 5049 cumvallantem
564 5012 713 5063 eum,
740 5002 908 5068 atque
936 4997 1302 5054 insectantem
1318 4998 1388 5054 ab
1403 5017 1468 5054 eo
1487 5000 1697 5055 daemo-

90 5100 218 5140 nes.
259 5082 349 5138 Illi
377 5088 567 5139 autem
591 5085 791 5157 majori
808 5103 921 5162 nqn
949 5093 1206 5159 poterant
1223 5089 1693 5161 appropinquare.

92 5172 270 5229 Circa
296 5189 465 5228 mane
493 5192 626 5230 vero
654 5174 1069 5232 reclinaverunt
1097 5194 1176 5232 se.
1209 5178 1279 5233 Et
1309 5196 1411 5250 ego
1440 5178 1545 5234 feci
1574 5195 1694 5233 me-

88 5263 288 5335 ipsum
314 5261 474 5334 quasi
503 5263 879 5336 evigilantem,
912 5271 970 5321 et
996 5266 1103 5338 ipsi
1129 5266 1384 5323 fecerunt
1410 5268 1690 5324 similiter.

87 5352 251 5408 Dixit
269 5357 458 5407 autem
484 5353 578 5407 ille
607 5356 792 5426 major
810 5356 959 5411 hunc
978 5372 1295 5412 sermonem
1314 5362 1537 5413 tantum
1562 5376 1574 5411 :
1595 5359 1693 5413 Vis

88 5440 340 5496 dicimus
364 5440 660 5497 duodecim
680 5444 967 5515 psalmos?
996 5444 1151 5501 Dixi:
1190 5446 1470 5501 Etiam.Et
1494 5447 1695 5519 psalle-

87 5529 193 5585 bat
233 5527 332 5584 ille
386 5531 574 5586 minor
615 5532 862 5604 quinque
904 5536 1169 5606 psalmos,
1205 5552 1371 5590 senos
1400 5552 1592 5591 versus
1636 5540 1695 5590 et

87 5634 274 5675 unum
294 5617 550 5688 alleluia;
585 5630 642 5676 et
667 5638 771 5695 per
792 5625 1233 5697 unumquodque
1248 5624 1478 5680 verbum
1506 5623 1695 5680 exibat

82 5710 312 5787 lampas
338 5706 487 5783 ignis
513 5711 584 5768 de
608 5728 705 5769 ore
722 5709 919 5792 ipsius,
949 5720 1008 5772 et
1027 5713 1687 5784 ascendebatincozlum.

1785 4727 1887 4782 loci
1906 4728 2079 4782 illius:
2100 4728 2202 4783 Dic
2229 4728 2496 4785 fratribus
2518 4732 2748 4788 verbum
2773 4736 3373 4807 mdiﬁcationis,Pater.

1781 4817 1888 4881 Qui
1918 4817 2059 4871 dixit
2078 4817 2158 4872 eis
2185 4831 2197 4866 ε
2230 4819 2346 4889 Ego
2374 4821 2624 4876 nondum
2653 4822 2833 4880 factus
2875 4843 3000 4883 sum
3045 4834 3373 4904 monachus,

1781 4907 1878 4961 sed
1901 4906 2011 4960 vidi
2039 4907 2361 4962 monachos.
2392 4907 2469 4963 Et
2488 4909 2630 4965 dixit
2656 4924 2668 4960 :
2702 4912 2946 4971 Sedente
2968 4918 3120 4975 enim
3149 4939 3239 4978 me
3268 4926 3376 4981 ali-

1772 4995 2004 5077 quando
2031 4994 2091 5049 in
2118 4995 2258 5049 cella
2276 4995 2334 5051 in
2352 4997 2562 5069 Scythi,
2581 5002 2961 5074 perurgebant
2975 5023 3066 5063 me
3084 5012 3375 5082 cogitatio-

1778 5102 1879 5141 nes
1909 5101 2064 5152 meae,
2105 5084 2351 5140 dicentes
2386 5105 2398 5140 :
2431 5088 2699 5159 Surgens,
2725 5092 2863 5148 vade
2891 5111 3069 5167 usque
3097 5098 3157 5154 in
3185 5101 3371 5157 deser-

1777 5180 1921 5239 tum,
1970 5179 2028 5230 et
2072 5174 2364 5229 considera
2392 5176 2540 5247 quod
2568 5177 2684 5233 illic
2723 5180 2894 5237 vides.
2942 5183 3017 5239 Et
3061 5190 3371 5258 permansit

1776 5264 2102 5320 reluctando
2130 5264 2226 5335 huj
2237 5265 2453 5320 usmodi
2471 5266 2694 5324 animus
2712 5286 2869 5325 meus
2888 5288 2991 5343 per
3008 5275 3253 5347 quinque
3270 5295 3369 5335 an-

1776 5370 1897 5421 nos,
1930 5353 2121 5408 dicens
2152 5366 2163 5400 =
2195 5354 2279 5409 Ne
2311 5353 2455 5409 forte
2482 5372 2518 5410 a
2543 5356 2887 5413 dmmonibus
2913 5361 2988 5415 sit
3014 5361 3131 5417 haec
3161 5382 3367 5438 sugge-

1775 5444 1902 5498 stio.
1929 5442 2070 5497 Cum
2100 5459 2232 5513 ergo
2262 5452 2675 5515 perseverasset
2700 5447 2963 5518 cogitatio
3010 5449 3121 5506 ista
3143 5454 3202 5509 in
3250 5474 3360 5527 me,

1773 5529 1885 5586 abii
1905 5531 1962 5585 in
1997 5549 2207 5598 eremo,
2231 5538 2289 5586 et
2316 5534 2499 5605 reperi
2531 5534 2739 5589 ibidem
2770 5542 3031 5608 stagnum
3060 5558 3359 5614 aquarum.
3420 5552 3423 5556 ’

1773 5628 1832 5678 et
1848 5621 2092 5677 insulam
2112 5622 2171 5677 in
2192 5623 2378 5678 medio
2397 5624 2537 5695 ejus.
2559 5623 2871 5680 Veniebant
2892 5643 3121 5707 quoque.
3141 5633 3365 5694 diversa

1773 5710 2041 5771 animalia
2068 5712 2262 5782 eremi,
2294 5717 2353 5769 et
2377 5711 2644 5770 bibebant
2668 5729 2735 5771 ex
2763 5730 2829 5773 eo
2861 5730 2877 5771 :
2921 5715 3071 5775 inter
3099 5738 3223 5799 quae
3250 5725 3364 5793 vidi
