3934 6380
527 351 659 412 [007

1623 346 1719 402 DE
1756 345 1949 405 VITIS
1989 341 2287 400 PATRUM
2324 341 2538 398 LIBER
2574 340 2671 396 VI.

3665 336 3794 398 1008

518 478 660 534 duos
690 476 946 532 homines
973 473 1174 541 nudos,
1215 477 1271 527 et
1297 467 1636 528 contremuit
1675 487 1878 544 corpus
1898 470 2185 537 meum;A
2278 469 2328 522 7.
2362 465 2637 523 Dicebant
2659 465 2729 520 de
2759 463 2960 520 abbate
2981 463 3098 519 Hor
3128 463 3202 534 (9)
3227 487 3240 524 :
3261 463 3406 530 Quia
3435 479 3622 538 neque
3650 480 3797 521 men-

509 564 788 639 -putabam
808 564 959 620 enim
981 563 1115 635 quia
1126 562 1358 635 spiritus
1387 568 1538 618 sunt.
1571 563 1826 632 Cumque
1853 559 2120 614 vidissent

513 655 596 710 illi
625 670 718 710 me
738 653 1138 726 trepidantem,
1192 652 1364 708 locuti
1407 657 1540 707 sunt
1579 651 1649 706 ad
1679 666 1788 717 me,
1819 649 2068 704 dicentes
2099 665 2112 701 :

517 743 646 800 Noli
667 744 888 810 timere,
908 748 965 798 et
981 759 1084 798 nos
1104 741 1254 800 enim
1275 741 1530 797 homines
1541 756 1758 796 sumus.
1781 738 1910 794 Dixi
1927 738 2117 808 itaque

516 832 661 889 illis:
711 833 874 889 Unde
902 832 1056 900 estis,
1086 837 1144 887 et
1171 831 1449 903 quomodo
1478 829 1536 884 in
1565 830 1710 884 hanc
1738 843 1992 882 eremum
2019 843 2115 881 ve-

511 919 717 978 nistis?
747 921 854 986 Qui
873 921 1138 976 dixerunt
1163 938 1174 974 :
1207 917 1289 975 De
1313 918 1564 974 coenobio
1588 918 1818 982 fuimus,
1853 921 1910 970 et
1937 915 2116 970 factus

511 1016 600 1067 est
625 1009 787 1066 nobis
814 1027 1136 1076 consensus,
1171 1013 1229 1064 et
1271 1008 1486 1080 egressi
1538 1023 1735 1063 sumus
1781 1007 1929 1072 huc;
1991 1021 2117 1060 ecce

518 1099 895 1173 quadraginta
947 1100 1082 1155 anni
1139 1104 1289 1154 sunt.
1321 1098 1456 1153 Erat
1485 1103 1674 1152 autem
1707 1113 1855 1150 unus
1890 1111 1958 1150 ex
1985 1094 2120 1166 ipsis

513 1189 978 1262 Egyptius,alius
993 1205 1125 1244 vero
1143 1187 1400 1260 Libycus.
1414 1188 1910 1258 Interrogaverunt
1927 1189 2119 1238 autem

513 1293 604 1334 me
629 1285 687 1333 et
726 1278 834 1350 ipsi
863 1279 1113 1332 dicentes
1146 1295 1158 1332 :
1192 1276 1484 1342 Quomodo
1532 1281 1620 1329 est
1657 1274 1919 1338 mundus,
1969 1278 2027 1326 et
2073 1271 2121 1326 si

515 1367 770 1422 ascendit
790 1383 940 1440 aqua
958 1365 1270 1422 secundum
1292 1372 1516 1436 tempus
1537 1380 1721 1430 suum,
1749 1363 1794 1418 si
1817 1362 1988 1416 etiam
2016 1361 2119 1415 ha-

515 1457 613 1512 bet
649 1457 896 1512 mundus
923 1454 1330 1510 abundantiam
1375 1453 1592 1508 suam?
1631 1451 1915 1524 Respondi
1968 1449 2048 1504 eis
2097 1467 2110 1502 :

513 1545 720 1602 Etiam.
741 1546 893 1610 Quos
923 1551 982 1600 et
1009 1561 1112 1616 ego
1137 1543 1478 1614 interrogavi
1514 1560 1526 1595 :
1564 1541 1854 1606 Quomodo
1889 1555 2117 1612 possum

519 1635 643 1690 fieri
671 1634 1016 1689 monachus?
1034 1633 1236 1688 Dicunt
1256 1632 1394 1686 mihi
1417 1651 1428 1685 :
1463 1631 1584 1686 Nisi
1616 1631 1741 1702 quis
1768 1629 2120 1684 renuntiave-

514 1723 593 1779 rit
639 1721 902 1778 omnibus
931 1738 1054 1794 qua;
1106 1721 1166 1776 in
1197 1720 1406 1776 mundo
1441 1723 1592 1785 sunt,
1626 1735 1739 1773 non
1784 1722 1968 1789 potest
1997 1715 2118 1770 ﬁeri

2199 556 2338 612 titus
2369 561 2455 612 est
2482 571 2756 627 unquam,
2784 570 2968 626 neque
3011 553 3241 624 juravit,
3288 570 3471 626 neque
3509 553 3796 609 maledixit

2199 646 2505 711 hominem,
2538 661 2720 716 neque
2766 643 2814 698 si
2865 659 3094 698 necesse
3131 659 3244 698 non
3281 643 3407 710 fuit,
3465 643 3690 699 locutus
3715 651 3798 699 est

2199 734 2388 790 alicui.

2268 839 2322 899 8.
2389 841 2545 898 Idem
2575 839 2748 896 abbas
2775 841 2894 896 Hor
2939 838 3162 895 dicebat
3187 839 3461 912 discipulo
3506 855 3609 894 suo
3641 865 3656 899 :
3706 839 3798 894 Vi-

2198 932 2269 987 de
2295 949 2367 987 ne
2396 930 2698 1005 aliquando
2727 930 2974 986 alienum
3003 929 3232 985 verbum
3249 929 3492 986 adducas
3511 929 3572 984 in
3599 929 3796 986 cellam

2200 1022 2389 1077 istam.

2273 1130 2326 1185 9.
2353 1130 2477 1184 Duo
2506 1128 2736 1200 quidam
2762 1127 2951 1200 magni
2975 1143 3138 1182 senes
3162 1125 3596 1182 ambulabantin
3609 1143 3798 1184 eremo

2203 1235 2326 1292 quae
2355 1225 2442 1273 est
2461 1220 2624 1290 juxta
2645 1217 2899 1290 Scythim
2919 1236 2932 1271 :
2956 1224 3014 1273 et
3023 1217 3315 1273 audientes
3335 1233 3596 1272 murmur
3611 1218 3800 1288 cujus-

2201 1309 2332 1364 dam
2345 1309 2493 1363 vocis
2505 1308 2575 1362 de
2595 1307 3115 1379 terra,quzesierunt
3124 1306 3418 1361 introitum
3433 1305 3798 1377 speluncadn

2203 1413 2371 1469 quam
2393 1397 2632 1468 ingressi
2664 1401 2998 1468 repererunt
3019 1394 3229 1450 ibidem
3267 1395 3571 1466 quamdam
3608 1395 3800 1451 anicu-

2197 1487 2330 1554 lam,
2361 1485 2634 1556 virginem
2661 1493 2935 1550 sanctam,
2979 1485 3265 1555 jacentem
3291 1484 3596 1550 inﬁrmam,
3631 1489 3692 1540 et
3717 1485 3800 1539 di-

2197 1582 2334 1631 cunt
2351 1575 2403 1630 ei
2431 1595 2445 1628 :
2479 1575 2714 1640 Quando
2738 1575 2848 1629 huc
2871 1573 3164 1641 advenisti,
3194 1590 3336 1628 anus
3363 1595 3379 1640 ς
3421 1579 3524 1628 aut
3552 1573 3682 1646 quis
3707 1581 3792 1629 est

2199 1665 2297 1736 qui
2341 1664 2444 1720 tibi
2493 1663 2818 1718 ministrat?
2849 1663 3002 1718 Nihil
3031 1663 3184 1718 enim
3224 1663 3566 1718 invenerunt
3589 1663 3651 1718 in
3678 1663 3801 1734 ipsa

2199 1754 2484 1825 spelunca,
2516 1753 2626 1808 nisi
2654 1753 2832 1807 solam
2861 1752 3042 1824 ipsam
3071 1753 3353 1823 jacentem
3381 1752 3693 1806 inﬁrmam.
3727 1754 3800 1807 At

519 1812 849 1911 monaChus:
881 1809 1096 1912 Quibus
1115 1810 1231 1912 dif?
1261 1828 1272 1864 ³
1305 1808 1970 1912 Eg‘ii“ﬁ“f““sf‘}m'f‘
1999 1821 2113 1860 non
2135 1822 2181 1883 Β
2199 1808 2298 1898 illa
2325 1808 2501 1897 dixit]:
2557 1808 2930 1912 Trigesimum
2984 1808 3240 1906 octan
3285 1857 3498 1896 annum
3526 1841 3712 1898 habeo
3737 1842 3796 1898 in

521 1917 752 1975 possum
801 1900 948 1956 sicut
1001 1916 1118 1954 vos.
1170 1898 1603 1971 Responderunt
1649 1895 1836 1950 mihi:
1889 1895 1950 1951 Si
2006 1911 2120 1949 non

519 1995 680 2064 potes
703 1989 851 2046 sicut
878 2005 1001 2056 nos,
1026 1988 1159 2044 sede
1185 1988 1244 2043 in
1272 1987 1412 2043 cella
1439 1992 1558 2053 tua,
1595 1991 1654 2040 et
1693 1986 1896 2057 plange
1921 1999 2120 2056 pecea-

519 2086 582 2136 ta
600 2085 718 2136 tua.
750 2077 1098 2150 Interrogavi
1119 2093 1256 2148 ergo
1279 2093 1396 2142 eos,
1429 2075 1658 2132 dicens:
1685 2075 1752 2130 In
1785 2073 1973 2128 hieme
2001 2088 2116 2128 non

521 2169 745 2224 sentitis
762 2168 957 2239 frigus,
993 2172 1093 2222 aut
1116 2166 1176 2221 in
1207 2172 1402 2221 aestate
1429 2181 1544 2220 non
1571 2163 1894 2218 incenditur
1913 2177 2116 2234 corpus

513 2264 763 2314 vestrum
807 2258 869 2312 in
893 2256 1190 2312 caumate?
1214 2257 1290 2310 At
1329 2253 1411 2309 illi
1456 2254 1722 2309 dixerunt
1753 2271 1764 2306 :
1807 2253 1958 2308 Deus
1987 2251 2118 2306 fecit

512 2346 676 2403 nobis
685 2347 832 2402 hanc
845 2345 1342 2418 diSpensationem,
1361 2350 1426 2399 ut
1443 2359 1625 2415 neque
1647 2342 1705 2396 in
1715 2342 1900 2396 hieme
1917 2341 2112 2412 frigus,

514 2452 699 2508 neque
718 2440 912 2492 testate
931 2435 1191 2490 ardorem
1208 2432 1541 2488 sentiamus.
1566 2431 1809 2502 Ideoque
1834 2429 1949 2485 dixi
1961 2429 2115 2484 vobis

517 2525 654 2596 quia
691 2541 796 2596 ego
822 2524 1076 2580 nondum
1104 2522 1286 2578 factus
1313 2538 1439 2578 sum
1467 2521 1795 2587 monachus,
1843 2518 2116 2591 ignoscite

517 2615 677 2682 mihi,
705 2615 928 2670 fratres.

589 2704 644 2760 4.
669 2703 914 2758 Sedebat
929 2701 1231 2774 aliquando
1256 2699 1426 2756 abbas
1448 2699 1620 2755 Sisois
1651 2699 1804 2754 solus
1835 2697 1893 2753 in
1925 2702 2116 2753 monte

519 2791 738 2848 abbatis
749 2791 1002 2847 Antonii:
1020 2806 1237 2845 moram
1257 2795 1444 2844 autem
1462 2788 1698 2843 faciente
1717 2787 1972 2843 ministro
1993 2789 2042 2859 ej
2053 2805 2116 2842 us

517 2881 799 2937 venire‘ad
810 2896 1067 2953 eum,per
1082 2896 1300 2934 menses
1311 2879 1504 2933 decem
1521 2895 1633 2934 non
1649 2878 1789 2932 vidit
1808 2877 2113 2932 hominem.

519 2970 830 3026 Ambulans
877 2975 1066 3026 autem
1098 2985 1200 3040 per
1250 2973 1520 3035 montem,
1561 2967 1777 3022 invenit
1817 2967 2118 3038 quemdam

519 3059 886 3116 Pharanitem
911 3059 1226 3131 capientem
1257 3057 1524 3112 animalia
1543 3056 1808 3128 agrestia.
1827 3056 1931 3111 Cui
1950 3072 2119 3110 senex

517 3150 693 3205 dixit:
727 3149 886 3204 Unde
905 3148 1083 3214 venis,
1103 3152 1204 3202 aut
1229 3151 1503 3217 quantum
1527 3151 1749 3218 tempus
1778 3144 1954 3200 habes
1984 3145 2073 3199 hie
2091 3145 2116 3198 ?
2133 3155 2176 3216 ο

2201 1932 2469 2004 spelunca
2497 1931 2603 1986 hac
2631 1931 2807 1986 eremi
2835 1947 2964 1986 cum
2991 1935 3155 1986 tanta
3185 1929 3524 1986 sufﬁcientia
3549 1930 3798 1988 serviens

2203 2021 2448 2088 Christo,
2499 2026 2556 2076 et
2604 2037 2718 2077 non
2770 2020 2882 2076 vidi
2926 2020 3212 2076 hominem
3261 2019 3370 2075 nisi
3415 2019 3613 2088 hodie;
3645 2020 3800 2076 misit

2203 2111 2355 2166 enim
2381 2128 2480 2166 vos
2507 2111 2678 2177 Deus,
2702 2115 2766 2164 ut
2790 2109 3072 2181 sepeliatis
3099 2126 3303 2182 corpus
3329 2107 3800 2181 meum.Cumque

2198 2200 2304 2255 hoc
2327 2200 2576 2266 dixisset,
2611 2197 2821 2271 quievit
2851 2199 2912 2254 in
2941 2215 3096 2270 pace.
3129 2199 3325 2254 Patres
3367 2215 3497 2254 vero
3541 2199 3626 2254 illi
3672 2201 3796 2271 glo-

2199 2290 2561 2344 riﬁcaverunt
2619 2289 2821 2358 Deum,
2853 2294 2912 2343 et
2939 2287 3224 2343 recondito
3269 2287 3601 2360 corpusculo
3645 2289 3788 2360 ejus,

2201 2379 2554 2430 recesserunt
2574 2373 2631 2430 in
2650 2374 2833 2430 locum
2863 2390 3049 2429 suum.

2272 2489 2358 2548 10.
2383 2492 2773 2547 Narraverunt
2786 2491 2855 2545 de
2875 2489 3117 2561 quodam
3133 2489 3386 2544 solitario
3413 2489 3546 2562 quia
3567 2490 3708 2546 exiit
3733 2489 3792 2544 in

2198 2597 2452 2636 eremum
2478 2579 2714 2635 vestitus
2738 2579 2884 2634 lineo
2917 2596 3076 2634 sacco
3097 2584 3342 2634 tantum.
3375 2581 3630 2651 Cumque
3660 2596 3791 2651 per-

2202 2670 2546 2726 ambulasset
2569 2676 2684 2725 tres
2704 2670 2844 2736 dies,
2868 2669 3122 2724 ascendit
3141 2685 3317 2741 supra
3329 2675 3632 2741 petram,et
3655 2669 3794 2724 vidit

2201 2760 2305 2816 sub
2323 2760 2448 2832 ipsa
2461 2759 2698 2814 viridem
2717 2765 2909 2826 054
2924 2758 3175 2826 herbam,
3191 2759 3539 2814 ethominem
3563 2775 3792 2831 pascen-

2200 2855 2316 2903 tem
2359 2854 2634 2920 tanquam
2663 2846 2922 2904 bestiam.
2956 2847 3308 2903 Descendens
3335 2855 3523 2903 autem
3553 2849 3786 2915 occulte,

2199 2937 2386 2993 tenuit
2413 2955 2545 2993 eum
2570 2956 2583 3005 ;
2625 2954 2794 2992 senex
2819 2953 2950 2991 vero
2976 2937 3071 2992 ille
3099 2953 3227 2992 cum
3265 2943 3413 2992 esset
3449 2937 3655 3002 nudus,
3689 2954 3788 2993 nec

2200 3028 2346 3083 ferre
2380 3032 2572 3100 posset
2616 3027 2847 3082 odorem
2877 3027 3186 3093 hominum,
3204 3027 3558 3098 angustiatus
3577 3027 3669 3082 vix
3688 3044 3788 3100 po-

2199 3117 2310 3172 tuit
2341 3116 2575 3171 evadere
2606 3116 2676 3171 de
2699 3115 2958 3171 manibus
2995 3117 3136 3188 ejus,
3161 3121 3220 3171 et
3245 3115 3509 3188 fugiebat.
3528 3116 3630 3172 Ille
3649 3133 3792 3187 quo-

516 3242 592 3295 At
617 3239 712 3294 ille
743 3238 919 3293 dixit:
955 3205 1118 3304 Vere,
1133 3205 1295 3302 abba,
1323 3234 1498 3290 habeo
1521 3205 1783 3291 undecim
1814 3251 2034 3289 menses
2054 3233 2114 3290 in
2135 3205 2176 3216 ν
2197 3222 2307 3304 ﬂue
2335 3206 2513 3304 “after
2537 3205 2846 3304 “ﬁn-post
2875 3205 3074 3304 ipim":
3111 3221 3344 3304 cum?”
3392 3211 3448 3261 et
3489 3205 3782 3304 dan}???

517 3330 709 3380 monte
736 3325 868 3391 isto,
921 3328 978 3378 et
1016 3340 1130 3378 non
1167 3322 1280 3376 vidi
1305 3322 1590 3376 hominem
1617 3321 1727 3376 nisi
1754 3327 1833 3376 te.
1865 3321 2116 3375 Audiens

517 3419 708 3470 autem
743 3414 861 3468 haec
905 3429 1094 3478 senex,
1123 3411 1355 3466 intravit
1383 3411 1442 3466 in
1471 3412 1669 3466 cellam
1691 3427 1874 3476 suam,
1907 3416 1965 3464 et
1993 3427 2116 3481 per-

518 3503 766 3560 cutiebat
787 3503 1057 3574 seipsum,
1096 3501 1322 3556 dicens:
1354 3501 1512 3567 Ecce,
1547 3501 1713 3565 Sisoi,
1755 3499 2116 3554 existimabas

517 3599 578 3648 te
605 3592 820 3664 aliquid
847 3592 1062 3660 fecisse,
1103 3597 1162 3646 et
1189 3607 1391 3662 neque,
1445 3596 1512 3645 ut
1559 3589 1842 3644 saecularis
1889 3588 1999 3656 hic,
2038 3588 2118 3643 ita

518 3682 720 3738 fecisti.

588 3773 645 3830 5.
676 3772 819 3826 Item
849 3770 970 3842 ipse
999 3769 1172 3826 abbas
1203 3769 1378 3825 Sisois
1408 3767 1608 3823 sedens
1637 3767 1696 3822 in
1718 3767 1878 3834 cella,
1895 3782 2119 3838 semper

519 3861 815 3918 claudebat
841 3861 1052 3916 ostium
1081 3876 1247 3915 suum
1267 3859 1556 3928 (Ra/71,1172.
1589 3871 1670 3923 ιιι,
1706 3874 1764 3912 n.
1791 3856 1927 3927 I62).
1961 3855 2120 3910 Dice-

519 3951 689 4018 batur
701 3957 892 4006 autem
905 3949 973 4004 de
996 3950 1124 4022 ipsq
1140 3948 1404 4020 quoniam
1425 3947 1483 4002 in
1505 3947 1596 4001 die
1615 3945 1968 4001 dormitionis
1981 3961 2114 4011 suae,

520 4057 647 4098 cum
677 4040 938 4096 sederent
956 4038 1101 4093 circa
1121 4055 1251 4093 eum
1267 4035 2118 4108 Patres,resplenduittanquam

521 4130 607 4186 sol
633 4129 804 4184 facies
828 4130 970 4200 ejus,
995 4133 1054 4182 et
1080 4127 1221 4182 dixit
1239 4126 1310 4181 ad
1339 4143 1434 4180 eos
1458 4144 1469 4180 :
1496 4127 1633 4180 Ecce
1655 4123 1828 4179 abbas
1841 4124 2119 4180 Antonius

520 4219 694 4274 venit.
713 4217 784 4273 Et
812 4221 940 4288 post
957 4216 1223 4288 pusillum
1254 4231 1478 4270 rursum
1510 4213 1647 4268 dicit
1673 4214 1758 4269 eis
1789 4233 1801 4267 :
1837 4213 1974 4268 Ecce
1993 4214 2120 4268 cho-

522 4323 620 4364 rus
641 4307 1046 4380 prophetarum
1059 4304 1228 4360 venit.
1247 4304 1318 4358 Et
1335 4303 1542 4358 iterum
1563 4303 1806 4374 amplius
1819 4302 1986 4358 facies
1996 4304 2120 4374 ejus

523 4395 889 4468 resplenduit,
912 4401 970 4449 et
979 4394 1118 4449 dixit
1138 4413 1149 4448 :
1169 4394 1306 4448 Ecce
1323 4393 1528 4447 chorus
1549 4392 1930 4464 apostolorum
1944 4391 2114 4449 venit.

2197 3295 2468 3366 Exspecta
2488 3311 2596 3362 me,
2623 3295 2753 3366 quia
2783 3300 3012 3366 propter
3034 3295 3214 3350 Deum
3247 3301 3301 3350 te
3342 3311 3562 3367 sequor.
3589 3296 3663 3349 At
3695 3295 3786 3349 ille

2195 3401 2512 3450 conversus,
2537 3384 2679 3438 dixit
2707 3384 2759 3439 ei
2789 3402 2800 3438 :
2837 3384 2908 3439 Et
2932 3401 3036 3454 ego
3064 3391 3293 3456 propter
3310 3385 3487 3440 Deum
3507 3383 3659 3455 fugio
3687 3383 3785 3438 abs

2199 3479 2275 3528 te.
2329 3475 2528 3528 Frater
2574 3480 2764 3528 autem
2814 3473 2910 3528 ille
2957 3479 3084 3546 post
3135 3475 3253 3530 haec
3294 3473 3529 3546 projecit
3575 3473 3786 3529 levitio-

2199 3579 2329 3618 nem
2385 3563 2514 3632 (10),
2563 3579 2677 3634 qua
2723 3569 2847 3618 erat
2882 3564 3134 3632 indutus,
3167 3571 3224 3618 et
3268 3563 3606 3635 sequebatur
3631 3580 3781 3618 eum.

2200 3653 2380 3716 Quem
2403 3668 2530 3706 cum
2554 3651 2785 3706 vidisset
2803 3667 2995 3715 senex.
3018 3653 3154 3724 quia
3169 3653 3476 3723 jactaverat
3497 3652 3786 3707 indumen-

2199 3747 2322 3796 tum
2351 3757 2536 3808 suum,
2561 3741 2831 3796 sustinuit
2857 3757 3008 3796 eum.
3041 3740 3115 3796 Et
3141 3757 3266 3796 cum
3288 3741 3790 3814 apprOpinquasset

2200 3830 2272 3897 ei,
2304 3830 2444 3884 dixit
2464 3830 2534 3884 ad
2571 3831 2732 3885 illum
2770 3847 2973 3886 senex:
3004 3831 3240 3895 Quando
3277 3830 3558 3903 projecisti
3606 3838 3786 3886 mate-

2198 3918 2342 3973 riam
2370 3919 2568 3974 mundi
2607 3918 2706 3973 abs
2749 3924 2826 3988 te,
2877 3926 2938 3974 et
2980 3936 3084 3991 ego
3113 3926 3170 3975 te
3193 3919 3790 3992 exspectavi.Rogabat

2200 4014 2392 4063 autem
2421 4008 2596 4063 frater
2621 4008 2734 4075 ille,
2786 4008 2978 4064 dicens
3007 4025 3020 4060 :
3051 4010 3235 4076 Pater,
3269 4009 3359 4064 die
3387 4010 3523 4065 mihi
3557 4009 3787 4066 verbum

2200 4114 2311 4170 quo
2336 4097 2522 4153 salvus
2559 4097 2790 4153 efﬁciar.
2823 4098 2932 4164 Qui
2959 4098 3102 4154 dixit
3121 4099 3174 4154 ei
3203 4111 3218 4148 :
3249 4100 3401 4171 Fuge
3429 4099 3699 4168 homines,
3731 4104 3789 4155 et

2198 4192 2342 4250 tace,
2372 4192 2430 4242 et
2456 4187 2642 4242 salvus
2671 4187 2808 4244 eris.
3681 4187 3688 4192 ’

2280 4301 2338 4358 11
2352 4300 2653 4358 .Narrabat
2671 4301 2898 4373 quidam
2924 4302 3206 4359 solitarius
3219 4303 3504 4370 fratribus,
3527 4301 3788 4377 quierant

2203 4389 2262 4445 in
2281 4391 2569 4464 Raythum
2595 4391 2692 4446 ubi
2711 4396 2844 4446 sunt
2861 4393 3220 4465 septuaginta
3237 4393 3460 4449 arbores
3474 4394 3787 4466 palmanun

523 4486 594 4542 Et
619 4483 1154 4558 dupliciterrefulsit
1173 4482 1358 4537 adhuc
1377 4481 1546 4536 facies
1566 4481 1728 4552 ejus;
1755 4487 1812 4536 et
1840 4498 1965 4536 ecce
1995 4477 2180 4553 ipseD
2201 4482 2246 4553 (1
2266 4479 2332 4552 Ι),
2357 4480 2416 4534 in
2463 4481 2664 4547 locum,
2700 4479 2797 4535 ubi
2833 4481 3107 4553 applicuit
3139 4483 3356 4554 Moyses
3395 4499 3520 4538 cum
3559 4483 3783 4556 populo,

523 4574 685 4647 quasi
695 4591 825 4630 cum
836 4572 1116 4645 aliquibus
1126 4570 2121 4643 loquebatur.Deprecatisuntautem

520 4671 683 4720 senes
699 4663 1136 4730 illum,dicentes
1157 4663 1330 4717 :Cum
1361 4677 1471 4732 quo
1493 4660 1758 4732 loqueris,
1786 4660 1994 4715 Pater?
2015 4659 2121 4725 Qui

521 4753 665 4808 dixit
691 4753 772 4808 eis
801 4766 814 4802 :
841 4752 984 4808 Ec;e
1013 4751 1200 4822 angeli
1220 4756 1496 4805 venerunt
1515 4749 1768 4821 accipere
1781 4766 1891 4817 me,
1911 4755 1969 4804 et
1985 4767 2120 4822 rogo

519 4848 588 4898 ut
613 4841 868 4897 dimittar
893 4841 1164 4914 paenitere
1193 4840 1494 4895 modicum.
1519 4839 1726 4894 Dicunt
1748 4839 1798 4894 ei
1832 4839 2080 4894 seniores
2105 4858 2116 4893 :

520 4933 647 4988 Non
674 4931 891 5002 indiges
919 4930 1269 5002 paenitentia,
1321 4930 1508 4986 Pater.
1543 4929 1696 4984 Dixit
1724 4935 1917 4984 autem
1955 4929 2066 4983 illis
2101 4947 2113 4983 :

517 5021 664 5077 Vere
692 5021 878 5076 nescio
906 5020 1184 5092 meipsum
1213 5019 1298 5074 vel
1323 5018 1549 5074 initium
1592 5018 1938 5090 pmnitentize
1967 5019 2119 5072 arri-

519 5111 730 5184 puisse.
763 5111 834 5165 Et
861 5114 1244 5180 cognoverunt
1267 5124 1461 5162 omnes
1485 5107 1617 5180 quia
1635 5108 1915 5178 perfectus
1946 5113 2112 5162 esset.

517 5201 590 5258 Et
623 5215 855 5256 rursum
897 5197 1085 5254 subito
1110 5197 1258 5252 facta
1295 5203 1381 5252 est
1403 5196 1572 5251 facies
1597 5197 1720 5266 ejus
1752 5196 1897 5250 sicut
1923 5197 2024 5262 sol,
2061 5202 2119 5252 et

519 5289 838 5345 timuerunt
892 5303 1106 5343 omnes.
1165 5285 1317 5342 Dixit
1352 5292 1543 5341 autem
1573 5285 1655 5338 eis
1685 5302 1699 5338 :
1747 5285 1960 5349 Videte,
1997 5303 2120 5340 ecce

519 5379 794 5436 Dominus
821 5378 992 5444 venit,
1025 5377 1254 5432 dicens:
1287 5376 1498 5430 Aﬁ‘erte
1528 5374 1670 5428 mihi
1704 5391 1796 5428 vas
1833 5375 2120 5431 electionis

519 5469 717 5528 eremi.
747 5469 818 5524 Et
843 5466 1109 5524 continuo
1135 5464 1381 5521 reddidit
1407 5464 1690 5536 spiritum.
1723 5463 1792 5518 Et
1834 5463 2014 5520 factus
2036 5472 2123 5520 est

454 5615 471 5620 ,
520 5557 664 5614 sicut
709 5557 918 5630 fulgur,
951 5561 1012 5614 et
1054 5556 1303 5632 repletus
1333 5558 1420 5611 est
1447 5557 1600 5612 totus
1637 5553 1794 5610 locus
1821 5553 1916 5611 ille
1950 5555 2121 5612 odore

522 5646 835 5714 suavitatis.

2204 4569 2428 4642 quando
2451 4586 2714 4640 egressus
2731 4574 2818 4624 est
2847 4570 2918 4624 de
2936 4575 3090 4626 terra
3115 4571 3344 4644 Egypti
3367 4573 3553 4640 (Exod.
3576 4577 3688 4644 xv),
3712 4575 3792 4629 sic

2202 4659 2420 4714 dicens:
2453 4659 2704 4730 Cogitavi
2733 4660 3035 4730 aliquando
3049 4660 3252 4716 debere
3269 4677 3357 4716 me
3376 4661 3592 4734 ingredi
3613 4661 3670 4718 in
3701 4661 3792 4718 in-

2202 4748 2468 4804 teriorem
2498 4765 2771 4817 eremum,
2799 4749 2847 4804 si
2874 4750 3016 4805 forte
3040 4750 3350 4806 invenirem
3380 4751 3622 4823 aliquem
3651 4751 3795 4807 inte-

2201 4837 2320 4893 rius
2357 4856 2446 4893 me
2468 4838 2818 4894 habitantem
2840 4839 2898 4894 in
2925 4847 3198 4907 eremo,et
3209 4841 3538 4896 servientem
3553 4841 3792 4898 Domino

2201 4934 2394 4983 nostro
2424 4929 2452 4983 J
2458 4946 2558 4984 esu
2580 4929 2822 4984 Christo.
2845 4929 3157 4986 Ambulans
3181 4938 3372 4986 autem
3403 4937 3642 5003 quatuor
3667 4930 3791 4986 dies

2199 5035 2265 5073 ae
2293 5023 2484 5074 noctes
2509 5018 2694 5074 inveni
2737 5019 3058 5092 speluncam
3082 5039 3094 5074 :
3121 5026 3323 5076 etcum
3347 5020 3791 5094 appropinquas-

2191 5124 2338 5183 sem,
2383 5107 2598 5180 respexi
2630 5108 2802 5176 intus,
2849 5115 2905 5164 et
2940 5110 3054 5164 vidi
3077 5110 3369 5165 sedentem
3400 5110 3698 5176 hominem,
3734 5116 3791 5165 et

2199 5197 2416 5270 pulsavi
2441 5197 2748 5253 secundum
2769 5199 3231 5254 consuetudinem
3276 5199 3692 5265 monachorum,
3725 5205 3789 5254 ut

2203 5287 2585 5358 egredientem
2613 5288 2921 5343 salutarem
2951 5291 3182 5344 eum.At
3197 5289 3288 5344 ille
3310 5306 3419 5343 non
3443 5288 3784 5354 movebatur;

2205 5377 2560 5448 requieverat
2587 5377 2737 5432 enim
2761 5378 2818 5433 in
2850 5393 3004 5450 pace.
3023 5379 3137 5448 Ego
3161 5385 3348 5433 autem
3367 5378 3507 5433 nihil
3527 5377 3788 5434 dubitans

2203 5465 2427 5520 introivi
2457 5484 2468 5519 :
2495 5471 2555 5520 et
2572 5483 2699 5522 cum
2722 5467 3031 5524 tenuissem
3063 5467 3348 5540 scapulam
3377 5466 3570 5539 ipsius,
3603 5467 3787 5524 confe-

2201 5554 2335 5611 stim
2365 5555 2672 5612 dissolutus
2701 5563 2805 5626 est,
2824 5563 2882 5614 et
2907 5557 3086 5613 factus
3103 5562 3189 5612 est
3205 5556 3622 5630 pulvis.Deinde
3639 5555 3788 5629 aspi-

2201 5644 2373 5716 ciens,
2429 5645 2545 5702 vidi
2596 5645 2878 5704 colobium
2927 5647 3214 5722 pendens;
3261 5661 3389 5703 cum
3427 5662 3559 5703 vero
3605 5651 3663 5705 et
3687 5645 3788 5706 hoc
