3934 6384
175 350 330 413 1009

1443 358 1685 417 VERBA
1724 358 2116 417 SENIORUM.

3234 378 3255 386 ‘
3321 361 3460 423 1010

174 477 516 547 tenuissem,
544 477 880 534 dissolutum
911 483 1015 546 est,
1050 482 1109 534 et
1128 479 1187 537 in
1214 480 1458 538 nihilum
1488 482 1780 538 redactum
1797 484 1849 545 Α
1868 484 2058 539 omnia
2085 484 2406 557 relinquens
2421 485 2503 542 illi
2518 485 2763 552 mulieri,
2780 484 3117 560 veniensque
3135 485 3248 542 huc
3269 484 3458 542 inveni

173 574 269 626 est
299 578 337 622 ί.

252 661 399 715 Cum
427 661 615 711 autem
645 656 715 711 de
728 656 833 711 hoc
845 655 1183 725 hmsitarem,
1203 676 1461 729 egressus
1481 678 1605 716 sum
1628 661 1778 727 inde,

171 754 238 805 et
267 747 727 822 perambulabam
755 745 815 800 in
844 746 1148 813 desertum,
1173 748 1231 802 in
1258 765 1369 820 quo
1398 767 1591 805 rursus
1611 751 1781 806 aliam

171 840 368 913 reperi
389 840 730 912 speluncam,
759 841 817 889 ct
844 838 1082 909 vestigia
1109 838 1352 893 hominis
1382 838 1588 894 ibidem
1620 839 1783 897 ’.Fa-

170 936 306 984 ctus
335 946 461 984 sum
490 935 680 984 autem
711 928 967 984 alacrior.
992 927 1468 999 Appropinquans
1498 936 1687 983 autem
1708 928 1779 984 ad

170 1019 363 1091 ipsam
393 1019 740 1090 speluncam,
772 1023 837 1073 ut
863 1018 1070 1072 iterum
1096 1016 1332 1088 pulsavi,
1367 1023 1424 1072 et
1452 1034 1616 1072 nemo
1640 1018 1779 1073 mihi

171 1107 488 1172 obaudivit,
522 1108 811 1179 ingressus
829 1106 1249 1161 nulluminveni
1274 1124 1285 1159 :
1317 1111 1473 1161 stans
1499 1112 1686 1162 autem
1702 1107 1779 1162 fo-

168 1214 273 1252 ras
304 1198 651 1269 speluncam,
684 1196 935 1251 dicebam
967 1195 1119 1250 intra
1145 1196 1424 1266 meipsum
1460 1215 1471 1250 :
1508 1196 1652 1261 Quia
1687 1198 1780 1253 hic

169 1291 406 1358 oportet
434 1286 621 1341 venire
650 1286 800 1341 hunc
836 1302 1059 1340 servum
1088 1284 1209 1349 Dei,
1234 1283 1552 1356 ubicunque
1581 1286 1771 1342 fuerit.

169 1375 323 1430 Cum
355 1391 484 1429 vero
508 1376 628 1446 jam
651 1374 995 1446 praeterisset
1016 1373 1156 1439 dies,
1174 1372 1282 1427 vidi
1307 1373 1541 1429 bubalos
1554 1376 1779 1431 venien-

168 1468 283 1531 tes,
304 1468 361 1518 et
389 1464 548 1518 illum
578 1480 800 1519 servum
830 1463 929 1517 Dei
953 1462 1266 1517 venientem
1286 1479 1416 1517 cum
1440 1463 1520 1517 eis
1540 1464 1777 1532 nudum,

171 1553 250 1607 de
267 1552 489 1624 capillis
504 1551 915 1624 cooperientem
940 1568 1061 1622 quae
1091 1551 1387 1606 inhonesta
1411 1557 1574 1607 erant
1589 1569 1781 1624 corpo-

1863 571 2009 627 hanc
2035 574 2379 645 speluncam,
2409 579 2578 646 atque
2607 575 2818 631 fontem
2858 576 3025 638 hunc,
3054 581 3112 630 et
3134 576 3303 631 istam
3333 576 3457 649 pal-

1864 678 2015 716 mam
2038 662 2364 718 all‘erentem
2395 664 2531 718 mihi
2560 663 2860 736 botryones
2889 665 3182 719 duodecim
3202 664 3456 737 dactylo-

1863 768 1989 805 rum
2016 770 2027 805 :
2054 769 2155 823 per
2182 752 2432 823 singulos
2454 770 2674 808 menses
2698 754 2860 808 affert
2883 754 3021 809 mihi
3036 770 3210 809 unum
3233 753 3458 826 botryo-

1863 857 2011 907 nem,
2047 843 2143 913 qui
2165 842 2305 896 mihi
2333 842 2541 897 sufﬁcit
2568 843 2800 913 triginta
2829 842 3045 910 diebus,
3077 848 3134 897 et
3162 848 3290 914 post
3305 842 3457 899 hunc

1862 935 2181 985 maturatur
2208 932 2368 985 alter.
2396 931 2532 986 Post
2550 936 2774 1003 tempus
2798 937 2986 986 autem
3016 931 3257 987 multum
3275 949 3458 987 creve-

1859 1025 1995 1073 runt
2023 1019 2206 1092 capilli
2240 1019 2369 1087 mei,
2402 1026 2460 1075 et
2488 1037 2616 1074 cum
2640 1021 2761 1091 jam
2790 1021 3276 1093 disrumperentur
3293 1021 3458 1077 vesti-

1860 1114 2052 1163 menta
2102 1126 2246 1172 mea,
2280 1109 2349 1163 de
2397 1109 2552 1181 ipsis,
2588 1126 2759 1181 quam
2801 1110 2979 1177 decet,
3011 1115 3229 1182 partem
3260 1110 3456 1183 operui

1859 1198 2105 1268 corporis
2133 1198 2263 1252 mei.

1929 1287 2073 1341 Dum
2105 1291 2297 1341 autem
2327 1303 2552 1341 rursum
2576 1303 2706 1342 eum
2735 1286 3165 1358 interrogarem,
3193 1288 3240 1343 si
3258 1288 3316 1343 in
3338 1287 3456 1362 pri-

1862 1375 2097 1430 mordiis
2124 1376 2514 1431 difficultatem
2538 1375 2826 1432 habuisset
2842 1375 3070 1443 ibidem,
3096 1377 3178 1431 ait
3196 1376 3333 1432 mihi
3356 1396 3367 1431 :
3393 1378 3460 1433 In

1864 1465 2042 1519 initiis
2063 1464 2303 1520 afﬂictus
2313 1481 2479 1520 suum
2496 1465 2858 1532 valdem
2871 1466 3061 1521 dolore
3071 1465 3386 1536 jecoris,ita
3396 1471 3460 1522 ut

1863 1554 2022 1608 humi
2032 1556 2226 1624 jacens
2248 1570 2361 1609 non
2392 1571 2615 1625 possem
2632 1558 2788 1609 stans
2816 1554 3098 1625 psalmum
3120 1554 3325 1623 dicere,
3361 1555 3459 1610 sed

169 1640 257 1695 ris
299 1641 406 1696 sui.
453 1641 560 1707 Qui
596 1641 1055 1713 appropinquans
1102 1641 1259 1707 mihi,
1304 1641 1659 1696 existimabat
1688 1658 1779 1696 me
1860 1648 2177 1714 prostratus
2205 1643 2263 1697 in
2280 1648 2452 1707 terra,
2483 1641 2796 1698 clamabam
2823 1642 2895 1697 ad
2923 1642 3295 1699 Altissimum.
3319 1638 3461 1699 Cum

168 1729 438 1802 spiritum
467 1747 607 1796 esse,
641 1736 698 1785 et
720 1730 876 1785 stetit
890 1729 961 1784 ad
993 1730 1324 1784 orationem.
1358 1732 1503 1785 Nam
1530 1732 1771 1786 multum
1813 1803 1816 1804 ν
1862 1738 2050 1787 autem
2073 1732 2132 1786 in
2154 1732 2420 1804 spelunca
2444 1749 2624 1786 essem
2650 1732 2708 1785 in
2738 1732 2931 1786 dolore
2957 1731 3139 1787 valido
3170 1737 3340 1804 atque
3368 1733 3463 1788 de-

167 1824 433 1875 tentatus
454 1819 1002 1891 fuerataspiritibus,
1019 1819 1164 1874 sicut
1186 1819 1305 1890 ipse
1321 1824 1516 1891 postea
1536 1820 1773 1875 dicebat.
1794 1803 1840 1863 B
1857 1803 2198 1887 fectione,ut
2211 1821 2382 1875 etiam
2402 1837 2505 1875 nec
2531 1821 2721 1891 egredi
2732 1822 2851 1891 jam
2884 1838 3125 1891 possem.
3143 1803 3262 1875 vidi
3277 1822 3461 1877 virum

172 1908 300 1981 Ego
327 1914 519 1963 autem
546 1909 663 1963 haec
688 1909 1027 1979 intelligens,
1046 1908 1298 1962 dicebam
1332 1909 1383 1961 ei
1419 1928 1430 1963 :
1464 1910 1631 1963 Serve
1651 1909 1773 1976 Dei,

169 2003 236 2053 et
263 2015 368 2068 ego
398 1998 565 2052 homo
587 2014 711 2053 sum
729 2016 739 2061 ;
757 1997 879 2052 vide
892 1997 1123 2067 vestigia
1141 2015 1264 2051 mea
1283 2002 1338 2051 et
1353 2003 1638 2052 contrecta
1660 2014 1768 2063 me,

168 2086 314 2158 quia
344 2103 473 2141 caro
491 2092 546 2141 et
573 2086 805 2158 sanguis
825 2103 971 2141 sum.
995 2087 1137 2141 Cum
1166 2103 1294 2140 vero
1314 2091 1442 2158 post
1462 2087 1778 2141 orationem

167 2176 327 2231 dicto
346 2177 548 2243 Amen,
580 2176 914 2248 respexisset
934 2192 1023 2229 me
1052 2180 1108 2229 et
1128 2176 1446 2230 consolatus
1464 2175 1681 2243 fuisset,
1698 2175 1779 2229 in-

165 2265 428 2320 troduxit
451 2282 540 2319 me
574 2265 633 2320 in
686 2265 1103 2337 speluncam,et
1132 2263 1519 2335 interrogabat
1546 2282 1656 2332 me,
1691 2264 1779 2319 di-

166 2370 309 2410 cens
334 2373 345 2408 :
366 2354 654 2419 Quomodo
670 2354 781 2409 huc
801 2353 1114 2409 advenisti?
1133 2353 1236 2408 Cui
1260 2370 1361 2425 ego
1383 2354 1495 2407 dixi
1521 2372 1531 2407 :
1566 2353 1775 2425 Requi-

164 2444 339 2500 rendi
357 2445 544 2516 gratia
564 2460 752 2499 servos
782 2443 884 2498 Dei
908 2443 1031 2498 veni
1056 2444 1112 2497 in
1136 2444 1280 2498 hanc
1305 2444 1687 2512 solitudinem,
1719 2449 1777 2499 et

165 2551 292 2589 non
321 2551 411 2588 me
436 2532 716 2589 fraudavit
741 2534 891 2588 Deus
919 2550 953 2587 a
980 2532 1256 2587 desiderio
1285 2550 1428 2587 meo.

244 2622 368 2694 Ego
398 2628 585 2678 autem
610 2622 950 2693 interrogavi
978 2640 1107 2676 eum
1138 2640 1351 2689 rursus,
1379 2622 1568 2676 dicens
1592 2641 1603 2676 :
1630 2622 1775 2687 Quo-

170 2713 350 2768 modo
389 2717 447 2767 et
472 2718 536 2767 tu
567 2713 677 2767 huc
698 2712 919 2779 venisti,
952 2717 1008 2766 et
1039 2718 1312 2783 quantum
1332 2718 1556 2783 tempus
1578 2712 1767 2777 habes,

164 2807 277 2858 aut
296 2801 445 2874 quod
465 2806 554 2856 est
569 2802 898 2856 alimentum
918 2807 1101 2868 tuum,
1136 2801 1214 2856 vel
1247 2801 1524 2872 quomodo
1540 2818 1667 2856 cum
1695 2801 1773 2855 sis

166 2892 381 2957 nudus,
418 2908 529 2946 non
564 2890 779 2963 indiges
816 2890 1188 2945 vestimento?
1212 2890 1320 2955 Qui
1358 2889 1499 2944 dixit
1528 2889 1668 2944 mihi
1690 2888 1714 2923 ³
1754 2908 1767 2944 :

163 2979 295 3052 Ego
322 2980 380 3034 in
409 2980 659 3035 emnobio
714 2996 870 3035 eram
901 2979 1138 3035 Thebes:
1168 2980 1302 3050 [Al.,
1362 2979 1680 3049 Thebaida],
1717 2984 1775 3033 et

165 3086 316 3143 opus
334 3085 520 3125 meum
548 3075 671 3125 erat
694 3069 795 3124 lini
816 3074 1073 3124 textura:
1106 3067 1448 3123 subintravit
1494 3074 1684 3123 autem
1714 3067 1773 3122 in

1858 1909 2165 1964 intrantem
2187 1915 2245 1964 et
2266 1910 2429 1980 juxta
2453 1914 2697 1963 stantem
2725 1924 2790 1962 ac
2818 1908 3095 1963 dicentem
3113 1908 3250 1963 mihi
3273 1928 3285 1962 :
3314 1909 3462 1974 Quid

1859 1999 2107 2070 pateris?
2129 1999 2243 2068 Ego
2274 2003 2464 2053 autem
2482 1997 2827 2052 confortatus
2850 1997 2921 2051 ab
2949 2014 3015 2052 eo
3037 1997 3459 2066 modicum,dixi

1862 2089 1913 2143 ei
1940 2106 1951 2141 :
1979 2089 2171 2159 Hepar
2202 2087 2383 2141 doleo.
2415 2086 2522 2151 Qui
2550 2086 2691 2141 dixit
2716 2086 2856 2141 mihi
2880 2104 2892 2140 :
2946 2085 3053 2141 Ubi
3091 2086 3287 2142 doles?
3316 2088 3457 2143 Cum

1864 2193 1994 2231 vero
2018 2176 2391 2253 ostendissem
2408 2175 2700 2247 ei,digitos
2714 2192 2916 2230 manus
2945 2193 3059 2232 suae
3087 2176 3146 2231 in
3178 2176 3457 2232 directum

1861 2268 2232 2337 conjungens,
2276 2264 2464 2319 divisit
2490 2265 2674 2319 locum
2704 2264 2865 2339 illum
2893 2270 3167 2337 tanquam
3197 2282 3299 2337 per
3339 2266 3458 2337 gla-

1861 2355 2036 2419 dium,
2059 2360 2116 2409 et
2129 2354 2373 2409 avellens
2383 2355 2564 2426 jecur,
2580 2354 2827 2409 ostendit
2849 2354 2988 2409 mihi
3017 2355 3268 2423 vulnera,
3292 2360 3349 2410 et
3362 2372 3456 2411 ra-

1858 2463 1920 2500 so
1946 2447 2137 2517 jecore
2167 2461 2340 2499 manu
2370 2460 2474 2499 sua
2502 2445 2560 2499 in
2583 2461 2832 2516 pannum
2860 2444 3010 2517 ipsas
3039 2444 3253 2499 scabies
3279 2444 3451 2512 misit,

1857 2539 2028 2606 atque
2055 2550 2281 2589 rursum
2304 2534 2491 2605 ipsum
2513 2535 2676 2603 jecur
2701 2534 2994 2606 imponens
3027 2532 3289 2589 manibus
3316 2534 3454 2603 suis,

1856 2625 2041 2679 locum
2072 2624 2255 2695 ipsum
2270 2622 2524 2677 reclusit.
2540 2623 2610 2677 Et
2628 2623 2709 2677 ait
2733 2623 2872 2677 mihi
2898 2642 2911 2677 :
2927 2622 3070 2678 Ecce
3087 2638 3260 2678 sanus
3276 2622 3457 2679 factus

1856 2730 1935 2779 es,
1959 2712 2102 2768 servi
2128 2711 2367 2767 Domino
2397 2716 2588 2766 nostro
2616 2712 2749 2766 Jesu
2783 2711 3004 2767 Christo
3035 2712 3181 2767 sicut
3208 2717 3450 2784 oportet.

1857 2802 1927 2857 Et
1946 2818 2016 2857 ex
2035 2802 2359 2856 tunclactus
2389 2818 2514 2855 sum
2545 2818 2735 2867 sanus,
2759 2805 2818 2856 et
2844 2801 2966 2856 sine
2981 2800 3170 2855 labore
3186 2802 3308 2872 jam
3324 2818 3451 2857 sum

1854 2890 1965 2944 hic.
1991 2890 2107 2960 Ego
2122 2894 2313 2944 autem
2335 2889 2578 2943 multum
2611 2888 2767 2943 illum
2790 2889 2985 2960 rogavi
3003 2893 3071 2943 ut
3089 2905 3379 2944 manerem
3394 2888 3455 2944 in

1853 2978 2182 3034 interiorem
2205 2994 2478 3033 eremum.
2498 2978 2567 3032 Et
2585 2977 2664 3033 ait
2680 2978 2820 3033 mihi
2838 2997 2849 3031 :
2875 2980 3001 3033 Non
3021 2984 3182 3051 potes
3218 2979 3454 3034 sulferre

1855 3069 2175 3123 daemonum
2205 3067 2468 3140 impetus.
2502 3067 2571 3122 Et
2599 3084 2703 3138 ego
2732 3067 2836 3121 hoc
2857 3067 3041 3138 ipsum
3070 3066 3450 3134 considerans,

167 3160 429 3215 animum
450 3176 638 3215 meum
667 3158 962 3230 cogitatus,
986 3158 1194 3213 utinde
1212 3157 1400 3213 exiens
1412 3157 1833 3227 singulariterc
1857 3157 2128 3228 rogabam
2158 3162 2224 3211 ut
2251 3172 2420 3211 orans
2457 3173 2558 3228 pro
2594 3173 2685 3210 me
2712 3156 3026 3210 dimitteret
3047 3172 3156 3211 me.
3189 3154 3297 3220 Qui
3323 3171 3452 3211 cum

165 3249 468 3305 sederem:
504 3255 561 3305 et
590 3248 819 3321 poteris,
846 3246 1049 3318 inquit,
1084 3247 1308 3319 quietus
1339 3263 1478 3313 esse,
1514 3252 1570 3301 et
1592 3246 1770 3300 susci-

165 3357 310 3411 pere
321 3339 727 3411 peregrinos,et
738 3338 1043 3411 pluriorem
1057 3338 1373 3391 mercedem
1384 3335 1589 3391 habere
1604 3353 1765 3404 exeo,

167 3430 326 3502 quod
368 3428 693 3501 acquisieris
735 3428 805 3482 de
852 3444 1027 3499 opere
1050 3432 1167 3481 tuo.
1194 3427 1268 3481 Ut
1294 3431 1485 3480 autem
1516 3426 1771 3481 consensi

165 3518 498 3591 cogitationi
518 3518 665 3585 huic,
695 3523 751 3572 et
780 3534 946 3589 opere
981 3516 1184 3588 perfeci
1213 3532 1357 3581 eam,
1379 3514 1567 3569 exiens
1588 3514 1764 3569 acditi-

163 3607 293 3663 cavi
322 3607 459 3661 mihi
492 3606 916 3672 monasterium,
943 3606 1132 3676 ibique
1171 3604 1468 3659 veniebant
1495 3604 1591 3675 qui
1630 3604 1771 3659 mihi

162 3696 544 3769 injungebant
573 3714 731 3768 opus.
762 3696 1015 3767 Cumque
1033 3697 1153 3766 jam
1183 3694 1421 3748 multum
1444 3699 1592 3747 esset
1621 3694 1771 3764 quod

161 3803 659 3857 congregaveram,
674 3784 1006 3840 festinabam
1022 3783 1358 3855 pauperibus
1372 3800 1436 3836 ac
1456 3783 1768 3854 peregrinis

158 3876 312 3931 illud
353 3874 707 3930 distribuere.
740 3875 848 3929 Sed
898 3872 1248 3928 adversarius
1278 3878 1470 3926 noster
1510 3872 1765 3926 diabolus

158 3964 425 4022 invidens
456 3964 615 4032 mihi,
641 3963 787 4018 sicut
813 3968 869 4017 et
898 3979 1118 4034 semper
1148 3967 1205 4016 et
1228 3965 1380 4028 tunc,
1414 3960 1659 4016 futuram
1704 3961 1764 4016 in

159 4072 259 4111 me
274 4054 396 4109 fieri
408 4053 834 4109 retributionem
850 4051 1280 4107 machinabatur
1292 4050 1603 4117 auferre,eo
1616 4051 1764 4123 quod

163 4143 508 4199 festinabam
554 4143 772 4198 labores
798 4159 953 4197 meos
979 4143 1095 4196 Deo
1125 4141 1345 4195 oll‘erre.
1373 4140 1583 4195 Videns
1614 4139 1765 4195 enim

158 4249 338 4289 unam
361 4233 631 4303 virginem
652 4249 871 4287 sacram
888 4232 1276 4302 injungentem
1305 4229 1446 4283 mihi
1470 4230 1766 4301 species,et

159 4341 263 4380 eas
280 4340 369 4377 me
384 4322 766 4395 perﬁcientem
793 4326 962 4393 atque
986 4320 1339 4386 reddentem,
1361 4319 1598 4373 immisit
1620 4319 1670 4373 ei
1700 4325 1765 4374 ut

158 4427 364 4467 rursus
400 4409 539 4464 mihi
566 4409 705 4464 alias
744 4409 1113 4463 demandaret
1136 4407 1367 4478 species.
1407 4411 1475 4461 At
1503 4424 1633 4461 vero
1665 4406 1759 4461 ubi

1853 3252 2085 3313 orasset,
2104 3244 2319 3300 dimisit
2337 3244 2445 3300 me.
2470 3245 2601 3300 Haec
2625 3243 2782 3299 vobis
2809 3244 3033 3299 narravi
3065 3243 3453 3300 aadiﬁcationis

1850 3335 2054 3406 gratia.

1928 3424 2013 3482 12.
2039 3423 2272 3479 Dicebat
2307 3440 2501 3479 rursus
2520 3422 2664 3478 alius
2685 3420 2914 3477 senex‘:
2931 3421 3038 3487 Qui
3059 3421 3231 3477 etiam
3246 3421 3451 3493 dignus

1855 3515 2083 3569 eli‘ectus
2112 3520 2198 3568 est
2231 3514 2521 3585 episcopus
2556 3512 2794 3567 civitatis
2815 3511 3154 3584 Oxyrynchi,
3178 3517 3451 3584 tanquam

1854 3602 1924 3657 ab
1954 3603 2066 3657 alio
2094 3604 2215 3657 hinc
2243 3603 2511 3667 audisset,
2547 3602 2643 3656 sed
2662 3601 2781 3673 ipse
2813 3606 2937 3655 erat
2964 3600 3060 3672 qui
3088 3601 3195 3656 hoc
3217 3599 3445 3656 fecerat.

1854 3693 2049 3747 Visum
2069 3692 2383 3763 est,inquit,
2408 3691 2545 3745 mihi
2571 3690 2874 3762 aliquando
2888 3691 3101 3745 intrare
3122 3690 3181 3744 in
3209 3689 3446 3747 interio-

1851 3797 1972 3834 rem
2031 3796 2303 3845 eremum,
2340 3796 2462 3851 quae
2501 3785 2587 3833 est
2633 3778 2781 3834 circa
2808 3779 2975 3844 Oasa,
3018 3777 3114 3832 ubi
3138 3794 3319 3849 genus
3361 3784 3450 3833 est

1850 3869 2198 3936 Mazicorum,
2234 3874 2300 3924 ut
2335 3868 2600 3934 viderem,
2618 3868 2665 3921 si
2695 3868 2839 3922 forte
2867 3866 3176 3922 invenirem
3201 3866 3447 3939 aliquem

1848 3960 2069 4014 Christo
2099 3958 2453 4013 servientem.
2486 3958 2725 4013 Sumens
2744 3956 2934 4029 itaque
2960 3972 3168 4029 paucos
3196 3956 3447 4028 paxima-

1845 4053 1951 4116 tes,
1986 4054 2042 4103 et
2073 4047 2233 4120 quasi
2281 4046 2502 4101 dierum
2545 4050 2789 4117 quatuor
2837 4062 3043 4118 aquam
3069 4044 3129 4099 in
3157 4061 3308 4113 vase,
3338 4045 3448 4102 iter

1846 4154 2034 4192 meum
2081 4134 2374 4191 faciebam.
2407 4136 2726 4191 Transactis
2769 4151 2901 4189 vero
2940 4139 3184 4207 quatuor
3223 4132 3442 4201 diebus,

1846 4227 2305 4299 consumptisque
2325 4224 2483 4291 cibis,
2515 4224 2901 4297 exspectabam
2931 4224 3067 4295 quid
3095 4240 3341 4295 agerem.
3372 4223 3446 4279 Et

1845 4317 2130 4370 confidens
2172 4315 2300 4369 dedi
2337 4314 2616 4386 meipsum
2647 4314 2719 4369 ad
2747 4313 3115 4385 pergendum.
3145 4311 3443 4368 Ambulavi

1846 4420 2069 4477 quoque
2100 4405 2241 4459 alios
2257 4408 2501 4475 quatuor
2513 4403 2634 4457 dies
2650 4403 2772 4457 sine
2787 4401 2909 4456 cibo
2938 4401 3445 4474 perdurans.Cum-

149 4502 282 4574 jam
310 4499 655 4554 consuetudo
679 4499 823 4552 facta
847 4503 932 4552 est
951 4515 1015 4552 ac
1041 4497 1243 4551 fiducia
1258 4498 1457 4567 major,
1478 4502 1760 4568 postremo
1780 4484 1828 4545 D
1847 4510 1954 4565 que
1980 4494 2263 4564 jejunium
2296 4497 2355 4546 et
2382 4490 2628 4546 laborem
2671 4490 2891 4545 itineris
2932 4490 3077 4545 ferre
3108 4505 3219 4544 non
3250 4495 3443 4561 posset

156 4591 339 4646 etiam
368 4594 551 4645 tactus
571 4606 840 4643 manuum
861 4593 915 4643 et
936 4588 1103 4651 risus,
1124 4603 1188 4641 ac
1210 4586 1380 4641 simul
1407 4602 1755 4652 convescere,

155 4681 233 4737 ad
264 4680 531 4735 ultimum
550 4679 907 4750 concepimus
936 4678 1204 4742 dolorem,
1225 4681 1282 4729 et
1299 4674 1619 4747 peperimus
1648 4674 1758 4728 ini-

154 4771 457 4844 quitatem.
486 4770 627 4826 Cum
643 4773 833 4824 autem
852 4766 1181 4821 mansissem
1197 4764 1254 4819 in
1271 4764 1469 4819 eadem
1488 4763 1758 4818 ruinasex

154 4857 469 4927 mensibus,
501 4863 695 4931 postea
723 4855 981 4929 cogitavi.
1016 4856 1208 4910 dicens
1238 4872 1248 4907 :
1285 4852 1429 4918 Quia
1449 4857 1549 4907 aut
1567 4851 1754 4918 hodie,

153 4954 261 5006 aut
287 4947 550 5014 crastino,
578 4952 679 5002 aut
693 4951 820 5019 post
840 4945 1047 5001 multos
1072 4961 1249 5000 annos
1268 4941 1436 4997 morti
1473 4941 1752 5009 addictus,

153 5044 434 5095 aeternum
464 5035 681 5092 habebo
711 5034 1069 5108 supplicium.
1096 5034 1157 5090 Si
1187 5033 1339 5088 enim
1368 5030 1493 5104 quis
1522 5047 1756 5086 uxorem

151 5126 403 5185 hominis
419 5124 905 5198 violaverit,poenis
919 5124 1144 5179 aeternis
1156 5121 1409 5194 legitime
1421 5119 1545 5192 subj
1552 5119 1751 5189 acebit;

153 5216 386 5292 quantis
400 5216 698 5272 tormentis
716 5214 919 5286 dignus
938 5217 1041 5280 est,
1060 5211 1157 5284 qui
1179 5209 1387 5268 Christi
1417 5210 1757 5283 stupraverit

150 5305 458 5382 sponsam?
481 5306 554 5361 Et
586 5304 666 5360 sic
690 5304 905 5359 occulte
958 5303 1019 5358 in
1047 5303 1193 5357 hanc
1220 5315 1476 5356 eremum
1508 5298 1751 5369 cucurri,

231 5451 252 5487 ¹
291 5448 487 5506 Simile
516 5447 651 5515 quid
673 5446 760 5502 vel
790 5445 942 5502 idem
977 5445 1038 5501 in
1064 5444 1197 5500 Vita
1220 5442 1415 5515 sancti
1454 5440 1752 5515 Onuphrii.

150 5539 281 5595 cap.
311 5519 367 5589 2,
401 5536 503 5592 per
530 5514 992 5595 Memphrastem,
1029 5516 1180 5589 apud
1205 5514 1456 5583 Surium,
1486 5514 1625 5570 tom.
1650 5514 1752 5583 III,

148 5588 242 5652 de'
256 5609 319 5663 se
351 5588 549 5664 narrat
574 5588 947 5664 Paphnutius.

222 5663 250 5701 ³
278 5660 344 5723 1n
368 5662 504 5722 Vita
533 5654 715 5721 sanc'ti
745 5660 1024 5737 Onuphrii
1041 5660 1164 5735 jam
1191 5658 1384 5729 citata,
1417 5673 1467 5717 c.
1502 5654 1558 5715 3.

1841 4600 2044 4655 corpus
2073 4599 2283 4642 meum.
2305 4582 2363 4636 in
2387 4580 2908 4653 pusillanimitatem
2929 4580 3075 4646 veni,
3098 4595 3163 4633 ac
3186 4579 3267 4633 sic
3280 4580 3439 4650 jace-

1841 4672 1971 4726 bam
1997 4672 2057 4726 in
2076 4669 2511 4726 terra.Veniens
2540 4674 2730 4724 autem
2761 4667 3009 4740 quidam,
3035 4667 3211 4739 digito
3235 4683 3337 4723 suo
3358 4672 3441 4723 te-

1840 4760 1972 4832 tigit
1997 4759 2146 4815 labia
2178 4776 2323 4827 mea,
2356 4764 2625 4831 tanquam
2651 4757 2699 4812 si
2728 4756 2978 4812 medicus
3017 4755 3088 4813 de
3116 4761 3282 4829 sputo
3305 4772 3441 4812 ocu-
3506 4798 3511 4801 .

1841 4851 1961 4907 lum
1991 4854 2311 4922 percurrat;
2342 4847 2534 4903 statim
2560 4863 2689 4901 vero
2717 4846 3062 4902 confortatus
3086 4862 3231 4913 sum,
3260 4846 3343 4901 ita
3371 4852 3438 4902 ut

1838 4944 2101 5014 putarem
2132 4955 2223 4993 me
2255 4954 2437 5009 neque
2464 4935 2800 5003 ambulasse,
2820 4952 3003 5007 neque
3022 4935 3228 4990 famem
3248 4940 3439 5008 pertu-

1837 5031 1990 5086 lisse.
2010 5029 2149 5085 Cum
2176 5044 2310 5099 ergo
2339 5027 2600 5082 vidissem
2619 5025 2938 5081 venientem
2962 5024 3022 5080 in
3050 5042 3141 5080 me
3169 5024 3437 5080 virtutem

1835 5119 1999 5187 hanc,
2035 5135 2271 5190 surgens
2302 5115 2763 5191 perambulabam
2803 5114 3109 5170 desertum.
3132 5112 3439 5169 Preteritis

1836 5208 2027 5281 itaque
2044 5206 2169 5263 aliis
2190 5211 2434 5280 quatuor
2451 5204 2668 5273 diebus,
2702 5220 2926 5261 rursum
2950 5203 3216 5274 fatigatus
3236 5199 3432 5256 deieci.

1838 5299 2093 5371 Cumque
2126 5296 2500 5352 extendissem
2529 5310 2732 5351 manus
2776 5308 2931 5348 meas
2958 5291 3017 5348 in
3054 5289 3275 5358 coelum,
3308 5305 3437 5346 ecce

1908 5439 1932 5475 ³
1959 5441 2026 5497 In
2054 5440 2186 5495 Vita
2225 5437 2503 5511 Onuphrii
2534 5440 2657 5510 jam
2702 5436 2893 5502 citata,
2925 5450 2976 5492 c.
3004 5433 3059 5501 5,
3090 5436 3321 5489 vocatur
3343 5430 3436 5489 hic

1837 5512 2078 5588 eremita
2102 5511 2453 5588 Timotheus.
2570 5581 2581 5588 _
2642 5579 2728 5588 ____
2939 5576 2971 5588 η
3000 5575 3038 5588 Α
3160 5575 3176 5588 ,
3234 5575 3267 5588 ,,

1836 5654 1865 5710 1
1907 5583 1951 5709 4t
1961 5583 2104 5711 gide
2133 5588 2190 5639 et
2209 5598 2400 5655 supra,
2427 5582 2466 5637 l.
2500 5598 2537 5649 ι,
2567 5581 2625 5637 in
2642 5579 2774 5636 Vita
2798 5576 2977 5635 sancti
2995 5575 3292 5651 Onuphrii,
3309 5590 3434 5650 cap.

1895 5669 1924 5709 e
2013 5695 2024 5708 .
