3934 6378
504 288 644 350 1011

1618 294 1714 351 DE
1751 292 1940 353 VITIS
1975 294 2276 352 PATRUM
2311 293 2529 351 LIBER
2565 292 2660 348 VI.

3641 291 3774 352 1012

504 418 592 472 vir
619 418 733 488 ille,
766 418 862 490 qui
884 417 1100 490 pridem
1128 433 1220 472 me
1245 416 1674 488 confortaverat,
1700 419 1906 476 iterum
1925 420 2101 492 digito
2117 424 2374 486 Atatem,
2389 425 2448 474 et
2475 418 2765 474 dimittens
2778 416 3009 472 fratrem
3027 415 3208 481 illum,
3224 415 3628 473 recessit.Cum
3645 434 3771 474 vero

508 523 610 562 suo
635 506 793 578 quasi
817 507 1020 562 liniens
1047 505 1196 561 labia
1227 524 1371 576 mea,
1402 509 1734 564 confortavit
1753 509 2100 565 me.Peracti

508 602 642 650 sunt
664 601 852 650 autem
883 596 1003 650 dies
1031 597 1222 651 decem
1249 601 1303 652 et
1327 603 1562 668 septem,
1587 605 1640 654 et
1665 604 1792 670 post
1815 599 1932 654 haec
1951 599 2102 654 inve-
2129 589 2140 604 ’

503 684 598 740 nio
625 685 938 756 tugurium,
957 691 1011 740 et
1028 684 1284 740 arborem
1299 687 1517 758 palmae,
1539 694 1596 742 et
1622 687 1803 742 virum
1832 693 2097 757 stantem,

503 773 667 845 cujus
686 773 876 845 capilli
891 775 1090 846 capitis
1107 782 1271 830 erant
1297 792 1398 847 pro
1427 775 1758 831 indumento
1788 777 1982 850 ipsius;
2003 779 2100 850 qui

503 864 688 936 capilli
730 864 937 920 canitie
978 866 1100 936 ejus
1138 871 1302 920 erant
1333 867 1555 921 candidi
1585 884 1685 938 per
1711 872 1915 922 totum.
1968 869 2103 924 Erat

503 958 694 1007 autem
727 959 784 1007 et
809 953 1082 1008 terribilis
1124 961 1372 1026 aspectu.
1421 956 1674 1027 Cumque
1712 956 1941 1012 vidisset
1987 975 2097 1023 me,

504 1042 664 1096 stetit
685 1041 755 1096 ad
785 1042 1119 1097 orationem.
1150 1044 1220 1098 Et
1245 1045 1464 1116 expleto
1491 1045 1692 1112 Amen,
1723 1047 1984 1117 cognovit
2011 1064 2101 1102 me

504 1147 625 1186 esse
647 1131 952 1200 hominem,
974 1138 1281 1204 tenensque
1302 1134 1441 1188 mihi
1461 1151 1693 1190 manum
1715 1135 2106 1208 interrogabat

505 1236 614 1284 me,
647 1220 840 1275 dicens
879 1240 890 1275 :
925 1221 1216 1286 Quomodo
1260 1223 1372 1278 huc
1413 1224 1707 1291 advenisti,
1741 1231 1798 1280 et
1836 1225 1883 1280 si
1919 1227 2101 1281 adhuc

504 1314 768 1364 constant
793 1309 984 1364 omnia
1012 1328 1136 1382 quae
1160 1317 1296 1366 sunt
1319 1312 1378 1366 in
1393 1313 1622 1379 mundo,
1647 1312 1695 1368 si
1721 1314 1905 1369 adhuc
1929 1315 2100 1370 etiam

506 1403 638 1452 sunt
667 1399 1120 1470 persecutiones?
1141 1401 1256 1471 Ego
1285 1406 1474 1456 autem
1496 1402 1612 1457 dixi
1637 1403 1691 1456 ei
1715 1421 1728 1456 :
1753 1403 1940 1458 Vestri
1967 1422 2099 1474 gra-

505 1485 608 1552 tia,
639 1488 737 1559 qui
781 1487 840 1541 in
869 1487 1102 1542 veritate
1133 1489 1371 1544 Domino
1411 1491 1545 1545 Jesu
1591 1491 1812 1546 Christo
1857 1494 2097 1554 servitis.

2181 509 2404 564 sederet
2431 508 2580 563 foras
2621 507 2902 562 civitatem
2932 506 2991 560 in
3027 506 3389 571 monasterio,
3423 505 3483 560 in
3510 523 3622 578 quo
3651 515 3771 564 erat

2183 598 2410 670 quidam
2441 597 2720 663 habitans,
2753 596 2851 667 qui
2870 594 3113 650 habebat
3140 611 3347 650 nomen
3375 595 3540 668 quasi
3585 597 3773 669 magni

2182 687 2440 755 solitarii,
2467 687 2586 759 ipse
2621 702 2751 740 vero
2777 683 3062 739 solitarius
3099 683 3357 740 infirmus
3384 690 3530 752 erat,
3559 702 3776 758 exspec-

2182 782 2308 832 tans
2333 778 2530 831 horam
2554 775 2752 830 mortis
2769 791 2904 831 suae.
2933 773 3132 828 Frater
3149 773 3246 828 ille
3267 773 3363 845 qui
3391 773 3598 828 ibidem
3618 792 3777 830 vene-

2181 872 2292 934 rat,
2321 865 2548 921 videbat
2577 866 2814 920 multam
2835 866 3301 936 praeparationem
3333 863 3457 918 ﬁeri
3485 879 3774 919 ceneorum

2183 961 2240 1009 et
2269 955 2655 1026 lampadarum
2683 958 2914 1025 propter
2942 950 3258 1006 solitarium
3296 951 3477 1018 illum,
3505 957 3774 1024 tanquam

2184 1061 2285 1116 per
2316 1044 2501 1115 ipsum
2532 1044 2680 1098 Deus
2709 1058 2913 1114 panem
2943 1046 3001 1096 et
3025 1057 3232 1112 aquam
3247 1039 3778 1096 inhabitantibusci-

2183 1134 2416 1188 vitatem
2445 1133 2600 1187 illam
2628 1136 2923 1204 prmstaret
2950 1135 3119 1202 atque
3149 1130 3390 1184 salvaret
3410 1147 3522 1198 eos,
3554 1136 3612 1184 et
3635 1131 3780 1186 dice-

2181 1221 2320 1277 bant
2343 1241 2354 1276 :
2381 1223 2439 1277 Si
2462 1222 2554 1276 hic
2582 1221 2808 1287 finierit,
2839 1219 3006 1274 simul
3037 1236 3231 1274 omnes
3261 1219 3586 1274 moriemur.
3605 1220 3776 1276 Facta

2183 1318 2374 1366 autem
2403 1311 2586 1366 exitus
2616 1312 2739 1380 ejus
2767 1310 2925 1374 hora,
2956 1308 3095 1363 vidit
3120 1308 3295 1362 frater
3317 1308 3412 1362 ille
3439 1310 3772 1364 tartaricum

2183 1401 2386 1456 inferni
2405 1401 2837 1455 descendentem
2857 1415 3029 1470 super
3045 1397 3360 1452 solitarium
3371 1397 3549 1463 illum,
3573 1397 3779 1453 haben-

2183 1496 2299 1545 tem
2330 1490 2637 1553 tridentem,
2657 1489 2908 1560 igneum,
2941 1493 3000 1542 et
3023 1487 3238 1542 audivit
3264 1503 3454 1542 vocem
3475 1487 3773 1542 dicentem:

514 1574 659 1630 hanc
685 1575 1012 1648 perambulo
1053 1594 1336 1646 eremum;
1367 1580 1682 1651 persecutio
1713 1597 1842 1635 vero
1869 1583 2106 1638 cessavit
2188 1581 2344 1635 Sicut
2361 1579 2552 1634 anima
2571 1579 2681 1633 ista
2706 1594 2819 1632 non
2847 1593 2939 1632 me
2964 1576 3098 1631 fecit
3121 1575 3425 1648 quiescere,
3459 1593 3642 1648 neque
3663 1593 3777 1631 una

512 1679 615 1736 per
641 1665 952 1736 potentiam
985 1666 1211 1721 Christi.
1237 1667 1491 1723 Edissere
1515 1669 1653 1724 mihi
1683 1686 1850 1736 nunc,
1875 1671 2106 1728 obsecro
2187 1667 2328 1722 hora
2353 1667 2412 1722 in
2439 1666 2604 1732 se,sic
2623 1683 2804 1737 neque
2820 1670 2881 1720 tu
2902 1665 3222 1720 miserearis
3237 1666 3360 1736 ejus
3374 1665 3614 1719 evellens
3630 1681 3775 1718 eam.

514 1757 588 1818 te,
604 1759 662 1808 et
693 1758 756 1808 tu
779 1755 1058 1826 quomodo
1086 1755 1194 1811 huc
1222 1757 1530 1813 advenisti?
1551 1760 1626 1814 At
1647 1760 1740 1814 ille
1756 1777 1882 1816 cum
1897 1762 2108 1817 lamen-
2125 1738 2168 1797 Β
2191 1757 2337 1828 Βερς
2349 1773 2490 1811 nens
2507 1756 2682 1826 igitur
2697 1754 3000 1809 tartaricus
3025 1755 3122 1809 ille
3142 1753 3550 1826 quemtencbat
3575 1754 3782 1808 triden-

512 1843 727 1898 tatione
755 1844 1002 1916 plorans,
1031 1845 1198 1918 coepit
1231 1847 1415 1902 dicere
1459 1849 1596 1903 mihi
1621 1869 1635 1906 :
1667 1849 1788 1922 Ego
1816 1851 2107 1923 episcopus
2189 1850 2306 1900 tem
2333 1845 2580 1916 igneum,
2613 1844 2672 1900 in
2692 1861 2786 1899 cor
2813 1843 3055 1936 solitarii
3071 1843 3240 1911 illius,
3271 1860 3374 1936 per
3391 1843 3598 1936 multas
3615 1843 3783 1898 horas

512 1938 758 1998 eram,et
777 1934 1164 2004 persecutione
1200 1935 1366 2003 facta,
1400 1939 1592 1994 multis
1628 1939 1767 1994 mihi
1793 1940 1966 1995 illatis
1980 1959 2110 2014 sup-
2189 1941 2460 2008 torquens
2490 1951 2638 2001 eum,
2669 1933 2944 1988 abstraxit
2967 1933 3214 1988 animam
3245 1934 3386 2004 ejus.
3407 1933 3662 1988 Posthac
3689 1949 3784 1986 au-

513 2020 713 2092 pliciis,
738 2038 864 2078 cum
889 2023 1010 2092 jam
1039 2023 1185 2080 ferre
1210 2042 1323 2080 non
1349 2043 1572 2098 possem
1601 2032 2110 2102 tormenta,postea
2191 2030 2307 2080 tem
2330 2024 2616 2096 ingressus
2639 2023 2814 2078 frater
2837 2022 2932 2078 ille
2970 2023 3029 2077 in
3057 2021 3357 2088 εἰνὶιειΐθπιν
3376 2021 3590 2076 invenit
3609 2021 3786 2076 Ῐιοωίσ

515 2110 842 2165 sacriﬁcavi.
867 2113 931 2166 In
963 2129 1052 2167 me
1079 2113 1265 2184 ipsum
1295 2121 1486 2170 autem
1511 2117 1714 2172 deinde
1743 2135 2018 2186 reversus,
2054 2137 2112 2174 a-

515 2199 682 2269 gnovi
709 2199 1065 2272 iniquitatem
1099 2220 1303 2271 meam,
1337 2209 1395 2259 et
1423 2205 1552 2260 dedi
1581 2207 1856 2278 meipsum
1889 2209 1960 2263 ad
1991 2227 2114 2264 mo-

517 2288 774 2343 riendum
810 2290 868 2345 in
889 2290 1034 2346 hanc
1063 2309 1314 2348 eremum
1335 2311 1347 2361 ;
1372 2300 1430 2348 et
1450 2311 1573 2349 sum
1596 2296 1803 2367 degens
1833 2298 1923 2352 hic
1951 2299 2115 2354 annis

519 2377 897 2450 quadraginta
949 2397 1146 2436 novem
1187 2382 1243 2437 in
1275 2384 1619 2440 confessione
1648 2393 1706 2440 et
1734 2373 2116 2444 obsecratione

519 2467 591 2520 ad
611 2467 812 2536 Deum,
831 2469 878 2523 si
909 2469 1050 2524 forte
1079 2470 1397 2527 dimittatur
1422 2474 1561 2528 mihi
1587 2481 1879 2547 peccatum
1905 2494 2112 2532 meum.

523 2555 592 2610 Et
611 2555 817 2612 victum
865 2559 1092 2630 quidem
1129 2562 1392 2632 praestitit
1435 2563 1574 2618 mihi
1613 2565 1888 2621 Dominus
1917 2583 1982 2621 ex
2013 2567 2119 2622 hac

523 2645 1144 2716 palma,consolationis
1171 2667 1302 2704 vero
1331 2651 1737 2723 indulgentiam
1768 2672 1880 2710 non
1908 2658 2114 2729 accepi,

523 2747 704 2803 usque
715 2733 786 2787 ad
799 2735 1170 2807 quadraginta
1185 2743 1310 2792 octo
1329 2755 1506 2794 annos
1530 2759 1542 2794 :
1567 2741 1624 2795 in
1648 2741 1750 2796 hoc
1768 2749 1956 2798 autem
1970 2761 2118 2800 anno

527 2822 845 2876 consolatus
867 2840 1013 2878 sum.
1039 2826 1156 2880 Hoc
1171 2832 1358 2882 autem
1380 2828 1590 2896 dicens,
1609 2838 1840 2902 repente
1857 2834 2116 2902 surrexit;

530 2915 588 2963 et
615 2927 846 2966 currens
875 2913 1010 2968 exiit
1032 2914 1202 2982 foras,
1233 2921 1290 2970 et
1313 2917 1470 2972 stetit
1497 2918 1552 2972 in
1583 2921 1836 2976 oratione
1855 2923 2119 2979 diu.Cum

525 3004 715 3054 autem
735 3002 1069 3073 complesset
1086 3021 1271 3070 orans,
1291 3007 1522 3062 venitad
1554 3026 1662 3064 me.
1682 3011 1912 3066 Intuens
1931 3019 2121 3068 autem

2194 2130 2324 2168 nem
2353 2112 2715 2187 peregrinum
2737 2113 3021 2184 jacentem
3049 2111 3108 2166 in
3140 2111 3325 2184 platea
3347 2117 3643 2181 aegrotum,
3673 2127 3784 2164 non

2195 2201 2497 2257 habentem
2513 2201 2609 2273 qui
2632 2200 2684 2255 ei
2713 2217 2907 2255 curam
2927 2199 3244 2267 adhiberet;
3273 2205 3332 2255 et
3349 2199 3558 2254 mansit
3577 2215 3706 2253 cum
3722 2215 3785 2252 eo

2196 2292 2287 2346 die
2319 2308 2452 2346 una.
2487 2291 2557 2345 Et
2598 2306 2727 2344 cum
2771 2289 3016 2344 venisset
3068 2290 3208 2344 hora
3258 2287 3613 2344 dormitionis
3643 2289 3783 2359 ejus,

2197 2380 2469 2452 conspicit
2490 2380 2663 2433 frater
2678 2378 2772 2433 ille
2789 2378 3116 2434 Michaelem
3141 2384 3198 2433 et
3217 2377 3535 2433 Gabrielem
3553 2377 3785 2432 descen-

2198 2471 2396 2524 dentes
2405 2472 2634 2540 propter
2647 2467 2894 2522 animam
2912 2467 3133 2538 ejus.Et
3152 2467 3350 2522 sedens
3367 2483 3559 2521 unusa
3576 2465 3788 2522 dextris

2200 2565 2258 2614 et
2284 2559 2428 2613 alius
2460 2575 2495 2612 a
2532 2557 2774 2613 sinistris
2802 2559 2944 2627 ejus,
2976 2555 3251 2628 rogabant
3271 2556 3518 2611 animam
3553 2556 3699 2626 ejus,
3731 2561 3792 2608 ut

2201 2647 2564 2719 egrederetur
2591 2647 2769 2710 foras;
2794 2653 2850 2701 et
2874 2663 2987 2701 non
3007 2645 3210 2712 exibat,
3236 2645 3396 2717 quasi
3411 2644 3606 2699 nolens
3626 2642 3792 2696 relin-

2201 2753 2372 2810 quere
2401 2753 2602 2808 corpus
2621 2753 2808 2792 suum.
2831 2735 2982 2790 Dixit
3009 2740 3197 2790 autem
3219 2733 3443 2789 Gabriel
3460 2732 3532 2787 ad
3552 2731 3793 2787 Michae-

2203 2828 2311 2882 lem
2347 2845 2360 2879 :
2411 2827 2650 2882 Assumo
2691 2827 2809 2896 jam
2851 2825 3098 2879 animam
3129 2823 3294 2878 istam
3331 2829 3397 2878 ut
3440 2838 3658 2877 eamus.
3692 2820 3791 2875 Cui

2205 2915 2435 2971 Michael
2473 2914 2799 2986 respondit:
2823 2914 2972 2969 Jussi
3000 2930 3195 2968 sumus
3222 2929 3258 2966 a
3289 2910 3538 2978 Domino,
3565 2916 3631 2966 ut
3671 2910 3791 2964 sine

2204 3005 2396 3060 dolore
2417 3004 2696 3075 ejiciatur,
2725 3003 2962 3075 ideoque
2991 3019 3102 3057 non
3123 3018 3418 3074 possumus
3435 3017 3563 3055 cum
3584 2999 3635 3053 vi
3656 2999 3795 3054 evel-

533 3105 636 3159 ego
681 3088 878 3144 faciem
910 3092 1053 3162 ejus,
1095 3095 1394 3150 exterritus
1422 3097 1716 3168 trepidavi,
1757 3099 1936 3156 factus
1970 3103 2118 3158 enim
2143 3095 2186 3157 C
2209 3095 2322 3149 lere
2351 3111 2497 3148 eam-
2539 3092 2875 3148 Exclamavit
2908 3108 3040 3161 ergo
3068 3091 3302 3147 Michael
3327 3107 3460 3145 voce
3488 3105 3698 3161 magna
3718 3087 3794 3143 di-

531 3183 654 3233 erat
682 3178 801 3250 ipse
832 3184 1099 3253 tanquam
1132 3182 1296 3254 ignis.
1330 3185 1482 3240 Dixit
1505 3203 1637 3258 ergo
1679 3188 1820 3244 mihi
1848 3208 1859 3243 :
1895 3191 2022 3246 Noli
2051 3193 2124 3248 ti-

531 3285 704 3324 mere.
736 3269 885 3326 Deus
913 3271 1063 3327 enim
1093 3277 1150 3327 te
1185 3273 1354 3339 misit,
1397 3281 1460 3331 ut
1501 3276 1686 3332 funeri
1714 3279 1904 3334 tradas
1924 3298 2126 3354 corpus

531 3375 740 3424 meum,
771 3365 942 3431 atque
964 3363 1285 3433 sepulturae.
1302 3363 1447 3420 Dum
1462 3372 1652 3421 autem
1683 3377 2129 3425 consummasset

531 3445 650 3500 hmo
677 3447 887 3512 dicens,
903 3449 1096 3504 statim
1111 3452 1416 3507 extendens
1427 3471 1627 3509 manus
1648 3456 2125 3528 pedesque,ﬁnem

533 3535 659 3590 vitae
689 3536 836 3590 fecit.
869 3537 1098 3593 Dissuta
1125 3557 1258 3612 ergo
1297 3541 1487 3597 tunica
1515 3559 1662 3612 mea,
1686 3562 1790 3616 ego
1833 3546 2126 3602 dimidiam

534 3623 673 3680 mihi
709 3625 885 3693 tenui,
901 3633 958 3682 et
976 3627 1532 3687 dimidiainvolutum
1555 3639 1810 3688 sanctum
1833 3652 2128 3708 corpuscu-

535 3713 653 3770 lum
685 3715 944 3772 abscondi
963 3717 1210 3774 interra.
1237 3720 1543 3776 Recondito
1569 3739 1703 3794 ergo
1731 3723 2126 3792 illo,continuo

533 3805 722 3876 palma
741 3806 837 3860 illa
852 3806 1022 3875 aruit,
1041 3814 1098 3862 et
1123 3809 1412 3879 tugurium
1433 3810 1571 3866 illud
1585 3813 1926 3885 cecidit.Ego
1938 3822 2129 3872 autem

539 3894 782 3948 multum
830 3895 978 3960 ﬂevi,
1026 3895 1322 3952 obsecrans
1361 3899 1560 3966 Deum,
1593 3900 1639 3954 si
1683 3903 1964 3972 quomodo
1993 3904 2130 3960 mihi

534 3987 830 4054 praestaret
855 3983 1102 4055 palmam
1117 3985 1292 4054 illam,
1319 3992 1383 4041 ut
1399 4004 1810 4059 perseverarem
1831 3991 1890 4046 in
1905 3991 2129 4050 locoillo

539 4071 827 4128 residuum
850 4079 1074 4146 tempus
1106 4077 1406 4132 meum.Ut
1433 4084 1621 4133 autem
1642 4095 1754 4135 non
1785 4087 1871 4135 est
1901 4081 2006 4136 hoc
2023 4083 2130 4138 fac-

545 4165 688 4228 tum,
723 4163 836 4217 dixi
860 4165 1009 4234 apud
1041 4181 1131 4218 me
1159 4182 1170 4217 :
1208 4166 1333 4220 Non
1379 4171 1468 4220 est
1501 4168 1757 4224 voluntas
1787 4169 1913 4227 Dei.
1951 4171 2133 4228 Orans

541 4269 674 4322 ergo
695 4251 991 4306 tendebam
1009 4252 1216 4308 iterum
1238 4254 1306 4308 ad
1322 4256 1671 4323 saeculum,et
1697 4275 1821 4314 ecce
1849 4259 2016 4315 homo
2037 4261 2133 4332 qui

536 4341 724 4396 linivit
749 4340 896 4396 labia
916 4359 1044 4397 mea
1072 4342 1298 4398 veniens
1327 4344 1589 4417 apparuit
1617 4346 1772 4412 mihi,
1805 4355 1976 4420 atque
1997 4366 2130 4405 con-

2205 3201 2336 3238 cens
2361 3202 2374 3238 :
2399 3182 2655 3250 Domine,
2689 3181 2822 3254 quid
2844 3181 2924 3236 vis
2952 3182 3022 3236 de
3050 3180 3241 3236 anima
3270 3180 3394 3245 hac,
3420 3179 3551 3252 quia
3573 3195 3690 3234 non
3709 3195 3794 3232 ao-

2208 3271 2458 3344 quiescet
2484 3271 2662 3336 nobis,
2696 3277 2760 3326 ut
2787 3269 3150 3342 egrediatur?
3178 3269 3346 3324 Venit
3371 3277 3560 3324 autem
3593 3268 3647 3322 ei
3674 3284 3792 3322 vox:

2207 3361 2350 3417 Ecce
2376 3362 2540 3416 mitto
2566 3361 2741 3416 David
2771 3378 2897 3416 cum
2927 3360 3162 3425 cithara,
3185 3365 3244 3414 et
3283 3375 3474 3414 omnes
3502 3358 3618 3412 Deo
3646 3358 3795 3428 psal-

2206 3452 2387 3506 lentes
2415 3451 2473 3506 in
2499 3451 2830 3516 Jerusalem,
2865 3455 2931 3505 ut
2957 3449 3190 3504 audiens
3217 3448 3495 3520 psalmum
3521 3447 3594 3501 ad
3607 3463 3796 3501 vocem

2208 3540 2461 3612 ipsorum
2489 3539 2830 3610 egrediatur.
2867 3540 3118 3610 Cumque
3155 3536 3572 3592 descendissent
3599 3551 3796 3590 omnes

2207 3629 2266 3684 in
2313 3629 2552 3684 circuitu
2600 3629 2801 3684 animae
2865 3628 3016 3682 illius
3059 3631 3350 3682 cantantes
3409 3626 3667 3698 hymnos,
3721 3623 3799 3677 sic

2209 3718 2400 3774 exiens
2429 3718 2621 3773 anima
2667 3719 2764 3772 illa
2801 3717 2949 3772 sedit
2975 3716 3034 3771 in
3062 3715 3319 3771 manibus
3341 3713 3596 3782 Michael,
3625 3718 3686 3768 et
3705 3729 3798 3768 as-

2197 3813 2440 3880 sumpta
2462 3814 2548 3863 est
2567 3825 2696 3862 cum
2723 3807 2956 3879 gaudio.

2283 3897 2372 3952 44.
2407 3897 2560 3953 Dixit
2580 3897 2786 3952 iterum
2815 3896 2912 3968 qui
2939 3895 3214 3968 supra,de
3244 3894 3483 3966 quodam
3505 3891 3801 3964 sene,quia

2212 3985 2365 4041 venit
2392 3986 2694 4058 aliquando
2737 3986 2797 4040 in
2840 3985 3140 4052 civitatem,
3188 3989 3252 4040 ut
3297 3982 3638 4038 venundaret
3663 3997 3802 4035 vasa

2213 4091 2336 4148 quae
2365 4082 2628 4147 operatus
2653 4077 2854 4130 fuerat.
2870 4075 2940 4130 Et
2958 4091 3084 4129 cum
3099 4072 3452 4146 explicuisset
3477 4070 3802 4141 ea,contigit

2215 4181 2344 4220 eum
2375 4165 2570 4220 sedere
2595 4171 2728 4220 ante
2751 4165 2987 4236 januam
3009 4164 3302 4235 cujusdam
3327 4160 3530 4224 divitis,
3560 4159 3653 4231 qui
3676 4163 3801 4231 jam

2216 4253 2580 4310 moriebatur.
2613 4254 2824 4309 Sedens
2852 4270 2984 4324 ergo
3007 4269 3175 4308 senex
3208 4252 3320 4318 ille,
3346 4250 3484 4306 vidit
3511 4265 3684 4320 equos
3715 4249 3800 4302 ni-

2211 4362 2362 4415 gros,
2395 4351 2450 4400 et
2479 4361 2802 4400 ascensores
2830 4360 3025 4399 eorum
3068 4343 3260 4415 nigros
3289 4349 3346 4397 et
3372 4339 3665 4404 terribiles,
3705 4339 3801 4392 ha-

534 4431 762 4486 fortavit
790 4449 900 4497 me,
921 4437 978 4486 et
1002 4432 1082 4486 ita
1109 4433 1364 4488 convalui
1394 4435 1686 4506 pervenire
1716 4437 1785 4491 ad
1815 4437 2036 4507 fratres,
2071 4446 2131 4495 et
2151 4431 2408 4519 Dbcntes
2429 4433 2678 4505 singulos
2705 4433 2965 4488 baculum
2988 4432 3215 4503 igneum
3235 4431 3292 4486 in
3311 4447 3480 4486 manu
3504 4445 3621 4484 sua.
3645 4428 3797 4483 Cum

488 4571 492 4577 .
538 4521 760 4576 narravi
781 4521 862 4576 eis
891 4521 1026 4588 haec,
1047 4539 1251 4594 rogans
1268 4540 1362 4578 eos
1379 4540 1450 4578 ne
1477 4524 1842 4597 desperarent
1869 4529 2132 4601 semetip-
2211 4539 2344 4594 ergo
2368 4524 2487 4594 jam
2519 4523 2902 4595 Pervenisse!“
2920 4521 2988 4577 8d
3012 4523 3247 4592 januam
3275 4520 3448 4586 illam,
3479 4520 3803 4574 Statuerunt

536 4627 643 4675 sos,
679 4611 774 4666 sed
804 4627 906 4683 per
933 4611 1319 4684 paenitentiam
1348 4613 1665 4670 invenirent
1693 4616 1889 4673 Deum.

615 4699 697 4758 l3.
733 4702 932 4755 Frater
967 4702 1196 4772 quidam
1227 4702 1597 4774 interrogavit
1640 4723 1852 4773 senem,
1889 4707 2080 4762 dicens
2111 4727 2126 4763 :

537 4790 756 4844 Nomen
777 4796 862 4844 est
881 4791 1030 4862 quod
1045 4792 1240 4858 salvat,
1254 4797 1354 4846 aut
1369 4791 1540 4864 opus?
1554 4794 1862 4866 Respondit
1875 4797 1926 4851 ei
1939 4813 2126 4851 senex:

539 4877 800 4950 0pus.Et
826 4879 908 4932 ait
934 4896 1126 4934 senex:
1159 4879 1283 4934 Scio
1313 4881 1460 4935 enim
1489 4881 1720 4938 fratrem
1741 4890 1996 4940 orantem
2024 4885 2129 4939 ali-

536 4967 779 5040 quando,
793 4973 850 5022 et
867 4969 1058 5022 statim
1088 4969 1423 5025 audiebatur
1433 4971 1612 5026 oratio
1625 4973 1672 5043 ej
1681 4989 1764 5026 us.
1784 4973 2132 5028 Subintravit

534 5059 726 5112 autem
756 5056 813 5112 in
842 5057 1031 5112 animo
1065 5060 1188 5129 ejus
1215 5059 1666 5130 cogitatus,velle
1679 5061 1864 5116 videre
1879 5062 2126 5116 animam

535 5146 842 5218 peccatoris
872 5152 930 5202 et
960 5148 1121 5218 justi,
1164 5149 1443 5220 quomodo
1480 5149 1830 5204 abstrahitur
1860 5156 2055 5218 656
2095 5169 2130 5205 a

534 5253 785 5308 corpore.
799 5235 874 5291 Et
893 5237 1089 5291 nolens
1103 5237 1252 5292 Deus
1271 5238 1603 5292 contristare
1625 5255 1752 5293 eum
1767 5239 1821 5293 in
1836 5239 2129 5294 desideriis

535 5327 674 5394 ejus,
713 5325 846 5380 dum
876 5326 1098 5381 sederet
1125 5327 1182 5381 in
1219 5327 1361 5381 cella
1388 5344 1510 5391 sua,
1543 5327 1828 5398 ingressus
1857 5334 1938 5382 est
1962 5329 2128 5399 lupus

533 5415 602 5468 ad
634 5431 786 5479 eum,
819 5421 877 5469 et
901 5419 1101 5470 tenens
1119 5431 1216 5469 ore
1237 5432 1338 5469 suo
1360 5414 1694 5470 vestimenta
1721 5415 1897 5486 ipsius
1915 5415 2122 5481 fratris,

537 5502 795 5558 trahebat
805 5521 930 5558 cum
955 5504 1124 5558 foras.
1139 5506 1386 5575 Surgens
1400 5510 1586 5558 autem
1601 5503 1774 5558 frater
1792 5504 2129 5576 sequebatur

536 5605 662 5644 eum
679 5609 690 5644 :
709 5593 874 5663 lupus
897 5599 1082 5647 autem
1111 5592 1272 5648 duxit
1286 5609 1415 5648 eum
1436 5609 1613 5665 usque
1633 5593 1704 5647 ad
1723 5593 1969 5666 aliquam
1994 5593 2126 5649 civi-

2212 4629 2386 4684 equos
2411 4629 2542 4668 suos
2572 4612 2738 4678 foras,
2771 4616 2828 4666 et
2856 4611 3087 4666 intravit
3112 4609 3493 4680 unusquisque
3527 4623 3648 4662 cum
3683 4606 3798 4662 fes-

2213 4702 2504 4756 tinatione.
2527 4702 2792 4757 Infirmus
2821 4706 3010 4755 autem
3049 4699 3145 4754 ille
3184 4699 3376 4753 videns
3403 4715 3515 4762 eos,
3537 4697 3802 4751 clamavit

2211 4808 2341 4846 voce
2392 4807 2619 4862 magna,
2650 4791 2878 4846 dicens:
2913 4789 3168 4856 Domine,
3203 4789 3406 4860 adjuva
3441 4803 3548 4841 me.
3586 4787 3658 4840 At
3720 4785 3799 4839 illi

2210 4879 2474 4935 dixerunt
2501 4880 2552 4935 ei
2585 4899 2596 4934 :
2650 4881 2812 4935 Nunc
2841 4895 3057 4934 memor
3093 4877 3268 4932 factus
3317 4895 3376 4932 es
3423 4875 3540 4942 Dei,
3571 4874 3798 4946 quando

2210 4969 2314 5024 tibi
2342 4969 2425 5024 sol
2454 4969 2781 5024 obscuratus
2811 4966 2936 5023 est?
2966 4984 3140 5039 quare
3171 4983 3346 5038 usque
3376 4966 3434 5020 in
3465 4964 3797 5020 hodiernum

2208 5059 2357 5113 diem
2386 5075 2498 5114 non
2537 5057 2825 5129 exquisisti
2853 5074 3002 5122 eum,
3035 5057 3170 5112 dum
3200 5056 3380 5110 adhuc
3406 5053 3508 5109 tibi
3535 5053 3798 5125 splendor

2209 5153 2332 5204 erat
2354 5147 2510 5202 diei?
2541 5149 2703 5202 Nunc
2725 5151 2914 5202 autem
2937 5145 2996 5200 in
3017 5146 3120 5200 hac
3147 5146 3286 5200 hora
3314 5161 3426 5199 non
3454 5149 3538 5199 est
3550 5142 3648 5198 tibi
3667 5160 3795 5215 por-

2208 5237 2288 5291 tio
2318 5237 2437 5309 spei
2466 5253 2648 5309 neque
2673 5235 3086 5291 consolationis.

2289 5327 2373 5381 15.
2403 5326 2677 5382 Dixerunt
2701 5326 2914 5391 Patres,
2953 5323 3124 5380 fuisse
3150 5323 3446 5396 quemdam
3473 5323 3787 5386 Macarium,

2211 5416 2308 5488 qui
2350 5415 2541 5487 Scythi
2572 5414 2789 5486 primus
2821 5413 3224 5468 monasterium
3269 5413 3400 5467 fecit
3431 5414 3602 5480 (Ru/f.
3635 5413 3727 5465 lib.
3755 5428 3789 5473 ι,

2208 5523 2324 5574 cap.
2354 5503 2466 5573 ‘29).
2500 5505 2598 5560 Est
2624 5503 2774 5558 enim
2805 5505 2959 5558 locus
2991 5503 3112 5575 ipse
3143 5503 3318 5558 eremi
3344 5502 3508 5574 longe
3535 5518 3568 5555 a
3593 5500 3788 5566 Nitria,

2210 5593 2420 5649 habens
2448 5593 2802 5649 intervallum
2833 5592 3053 5649 itineris
3071 5591 3162 5648 die
3178 5597 3473 5665 noctuque.
3493 5592 3592 5647 Est
3609 5595 3790 5646 autem
