3934 6412
218 402 366 465 1013

1528 398 1769 456 VERBA
1800 388 2197 449 SENIORUM.

3360 385 3495 446 1014

215 534 277 585 et
306 529 523 601 grande
539 528 850 602 periculum
870 526 1131 583 euntibus
1145 525 1354 583 ibidem
1378 542 1389 579 :
1412 524 1459 579 si
1474 523 1625 579 enim
1646 517 1883 577 modi-A
1902 515 2022 570 loco
2050 514 2293 585 pulsavit
2318 513 2387 569 ad
2411 514 2666 585 januam.
2696 514 2933 586 Egressa
2950 519 3140 570 autem
3159 518 3498 581 una,'susce-

213 634 352 673 cum
375 620 501 690 quis
513 618 802 685 erraverit,
824 622 1058 688 vagatur
1075 615 1396 688 periclitans
1424 630 1526 685 per
1546 626 1818 666 eremum.

215 708 372 763 Sunt
392 713 578 763 autem
607 706 723 761 illic
748 723 943 761 omnes
967 704 1196 777 perfecti
1220 704 1337 768 viri,
1363 720 1465 757 nec
1492 701 1693 772 aliquis
1713 700 1823 753 im-

212 797 502 869 perfectus
520 802 706 868 potest
724 796 781 850 in
807 796 1002 850 eodem
1025 796 1143 849 loco
1165 799 1279 847 tam
1302 792 1473 847 feroci
1492 790 1816 863 perdurare,

216 886 357 957 quia
403 886 630 941 omnino
676 886 867 940 aridus
894 891 997 951 est,
1028 884 1237 955 absque
1280 883 1395 937 ulla
1444 880 1821 936 consolatione

215 992 419 1030 eorum
450 992 572 1047 quae
618 975 934 1030 necessaria
969 979 1121 1029 sunt.
1154 972 1257 1027 Hic
1297 972 1471 1042 igitur
1525 970 1820 1042 praedictus

212 1064 306 1119 vir
332 1064 629 1128 Macarius,
660 1081 787 1119 cum
821 1070 969 1119 esset
1005 1064 1172 1117 homo
1210 1062 1279 1116 de
1308 1062 1551 1126 civitate,
1582 1060 1821 1129 conjun-

213 1158 347 1209 ctus
377 1159 463 1208 est
489 1154 789 1225 aliquando
836 1154 918 1207 illi
947 1153 1193 1207 Macario
1222 1150 1442 1221 majori.
1474 1149 1547 1203 Et
1569 1165 1695 1202 cum
1728 1165 1819 1202 ve-

212 1243 439 1298 nissent
462 1244 533 1298 ad
564 1243 1040 1297 transfretandum
1071 1242 1261 1296 Nilum
1308 1240 1557 1305 ﬂuvium,
1586 1237 1823 1307 contigit

217 1348 319 1386 eos
334 1331 553 1403 ingredi
580 1332 638 1386 in
654 1332 781 1385 navi
801 1333 1032 1401 majore,
1048 1331 1103 1384 in
1122 1347 1233 1401 qua
1243 1328 1454 1383 tribuni
1469 1328 1579 1382 duo
1592 1314 1821 1398 quidam

215 1437 349 1475 cum
379 1422 557 1476 multa
594 1422 945 1475 intraverant
980 1420 1321 1480 extollentia,
1353 1417 1623 1472 habentes
1668 1416 1822 1471 intus

215 1511 456 1565 rhedam
485 1516 665 1565 totam
693 1528 915 1574 aeream,
950 1516 1007 1564 et
1040 1526 1212 1580 equos
1251 1508 1458 1580 quibus
1485 1506 1626 1562 freni
1665 1505 1820 1560 aurei

214 1605 403 1664 erant,
434 1606 491 1654 et
517 1599 958 1654 obsecundantes
987 1600 1258 1670 quosdam
1279 1598 1505 1659 milites,
1530 1602 1587 1650 ct
1614 1612 1816 1668 pueros

208 1694 448 1760 torques
477 1694 720 1753 utentes,
748 1695 917 1760 atque
946 1690 1163 1759 aliquos
1189 1704 1389 1741 aureos
1407 1686 1674 1739 habentes
1695 1685 1816 1739 cin-

208 1778 398 1848 gulos.
428 1778 695 1833 Videntes
718 1796 850 1847 ergo
871 1778 1082 1832 tribuni
1113 1777 1195 1831 illi
1218 1778 1319 1830 hos
1348 1777 1487 1830 duos
1510 1776 1814 1829 monachos

1903 604 1986 676 pit
2014 621 2141 659 eum
2170 604 2227 659 in
2257 604 2486 659 domum
2514 620 2693 658 suam.
2726 603 2799 659 Et
2823 620 2953 659 cum
2984 604 3240 669 sedisset,
3280 602 3496 658 vocavit

1903 710 1997 747 eas
2020 713 2031 748 :
2059 710 2184 765 qua:
2212 710 2341 747 cum
2370 694 2667 760 venissent,
2699 694 2968 748 sederunt
2996 709 3123 747 cum
3153 708 3238 747 eo.
3266 692 3363 747 Ait
3390 707 3494 747 au-

1902 788 2015 837 tem
2044 783 2114 836 ad
2135 799 2229 837 eas
2246 798 2444 837 senex:
2469 783 2706 855 Propter
2730 799 2827 837 vos
2841 781 3089 837 laborem
3114 786 3337 836 tantum
3363 796 3498 852 per-

1902 871 2036 925 tuli:
2060 871 2229 927 dicite
2249 871 2390 925 mihi
2410 888 2559 926 nunc
2579 871 2962 943 operationem
2977 876 3240 936 vestram,
3266 886 3390 942 quae
3410 870 3495 925 vel

1903 960 2184 1032 quomodo
2213 967 2315 1015 est.
2348 962 2422 1015 At
2448 961 2556 1015 illze
2580 961 2884 1017 dixerunt:
2925 960 3103 1015 Crede
3144 958 3325 1023 nobis,
3364 958 3498 1031 quia

1901 1050 2007 1104 hac
2032 1056 2195 1104 nocte
2222 1067 2335 1105 non
2366 1051 2576 1105 fuimus
2603 1051 2724 1105 sine
2750 1049 2885 1104 viris
2912 1050 3137 1104 nostris.
3160 1049 3342 1113 Quam
3363 1062 3497 1119 ergo

1902 1139 2285 1210 operationem
2320 1156 2619 1211 possumus
2643 1138 2887 1194 habere?
2912 1141 2988 1193 At
3017 1155 3143 1193 vero
3171 1154 3337 1193 senex
3366 1153 3496 1193 cum

1901 1228 2279 1283 satisfactione
2307 1229 2541 1299 rogabat
2559 1246 2673 1295 eas,
2703 1235 2768 1283 ut
2781 1228 3204 1283 manifestarent
3228 1227 3281 1281 ei
3310 1231 3498 1281 actum

1902 1334 2085 1372 suum.
2109 1319 2264 1373 Tunc
2285 1318 2548 1373 dixerunt
2573 1318 2623 1372 ei
2645 1337 2656 1372 :
2678 1316 2797 1371 Nos
2818 1317 3044 1388 quidem
3064 1316 3371 1372 secundum
3399 1332 3499 1371 sae.

1903 1407 2090 1460 culum
2122 1412 2398 1460 extraneae
2430 1407 2587 1461 nobis
2616 1423 2844 1474 sumus;
2878 1406 3089 1477 placuit
3121 1411 3311 1459 autem
3337 1403 3497 1458 nobis

1903 1493 2116 1548 nubere
2144 1493 2361 1549 duobus
2406 1494 2673 1549 fratribus
2704 1495 3012 1549 secundum
3042 1510 3286 1548 carnem.
3321 1492 3498 1557 Quin-

1902 1584 2081 1637 decim
2111 1584 2272 1637 annis
2300 1600 2402 1638 nos
2420 1584 2588 1638 hodie
2607 1585 2731 1639 duae
2750 1583 3070 1639 habitamus
3089 1583 3149 1637 in
3176 1599 3293 1637 una
3308 1582 3498 1651 domo,

1898 1678 1956 1727 et
1982 1673 2262 1729 nescimus
2307 1674 2354 1727 si
2392 1673 2697 1745 aliquando
2744 1673 3091 1742 litigavimus
3134 1672 3207 1727 ad
3236 1670 3492 1738 invicem,

1896 1770 1995 1816 aut
2021 1763 2105 1816 vel
2134 1779 2451 1817 sermonem
2479 1768 2702 1833 turpem
2740 1762 2882 1816 dixit
2907 1777 3021 1816 una
3043 1777 3111 1815 ex
3130 1760 3291 1815 nobis
3322 1761 3394 1815 ad
3422 1761 3500 1815 al-

202 1873 430 1921 veteres
452 1884 666 1939 pannos
688 1868 931 1934 indutos,
961 1872 1017 1921 et
1038 1867 1095 1921 in
1117 1867 1322 1936 angulo
1339 1867 1617 1931 sedentes,
1642 1864 1814 1918 beati-
1830 1858 2097 1934 Bteram,
2127 1851 2221 1905 sed
2254 1852 2313 1905 in
2341 1868 2476 1922 pace
2532 1857 2590 1906 et
2619 1851 2917 1906 concordia
2959 1850 3280 1922 peregimus
3307 1855 3491 1905 totum

203 1954 456 2010 ﬁcabant
470 1957 832 2028 exiguitatem
859 1957 1128 2028 ipsorum.
1154 1957 1310 2010 Unus
1334 1972 1461 2008 vero
1492 1972 1555 2008 ex
1574 1953 1815 2008 tribunis

200 2044 322 2099 illis
344 2045 427 2100 ait
445 2046 515 2100 ad
535 2063 665 2101 eos:
702 2046 860 2100 Beati
885 2046 1020 2100 estis
1050 2062 1164 2111 vos,
1190 2045 1283 2116 qui
1311 2044 1520 2098 mundo
1543 2043 1672 2097 huic
1692 2043 1816 2097 illu-

205 2134 388 2188 sistis.
441 2135 803 2206 Respondens
849 2141 1039 2189 autem
1074 2135 1167 2188 ille
1212 2132 1460 2187 urbanus
1516 2132 1811 2195 Macarius,

203 2222 349 2277 dixit
374 2223 446 2277 ad
476 2240 602 2278 eos:
627 2225 743 2278 Nos
765 2224 991 2295 quidem
1008 2224 1217 2278 mundo
1242 2223 1331 2277 isti
1350 2220 1815 2288 illusimus,vobis

202 2317 403 2367 autem
432 2312 675 2367 mundus
692 2313 782 2367 hic
810 2313 1003 2367 illusit.
1038 2313 1187 2367 Scito
1212 2318 1401 2366 tamen
1429 2312 1563 2383 quia
1591 2327 1704 2365 non
1723 2326 1814 2363 vo-

202 2400 337 2455 lens
366 2401 471 2456 hoc
497 2402 717 2470 dixisti;
750 2403 975 2474 utrique
995 2403 1145 2456 enim
1176 2401 1325 2456 beati
1354 2400 1607 2467 dicimur,
1632 2401 1689 2454 id
1727 2404 1814 2454 est

202 2490 461 2548 Macarii.
489 2492 565 2545 At
591 2490 687 2545 ille
709 2491 971 2546 tribunus
996 2497 1362 2562 compunctus
1385 2492 1442 2544 in
1468 2490 1632 2544 verbo
1664 2491 1804 2561 ejus,

202 2596 499 2649 regressus
546 2580 796 2647 domum,
850 2581 1180 2652 exspoliavit
1217 2598 1279 2635 se
1319 2580 1649 2634 vestimenta
1684 2595 1804 2646 sua,

206 2675 268 2723 et
301 2669 470 2741 C(Bpit
506 2686 627 2723 esse
650 2670 973 2735 monachus,
1007 2670 1215 2725 faciens
1248 2671 1631 2741 eleemosynas
1659 2669 1808 2723 mul-

201 2761 317 2813 tas.

282 2847 371 2904 16.
408 2847 680 2903 Dicebant
706 2849 775 2903 de
804 2849 999 2904 eodem
1045 2849 1247 2904 abbate
1275 2850 1517 2905 Macario
1547 2849 1656 2920 (12)
1686 2866 1807 2904 ma-

195 2938 349 3008 jore,
398 2937 530 3007 quia
567 2938 701 2992 dum
742 2937 1055 2993 ambularet
1082 2939 1382 3011 aliquando
1431 2939 1490 2993 in
1532 2956 1804 3006 eremum,

202 3025 423 3080 invenit
450 3032 619 3097 caput
645 3027 888 3082 hominis
919 3028 1125 3083 mortui
1154 3029 1213 3082 in
1240 3034 1395 3083 terra
1419 3030 1613 3100 jacens
1645 3031 1804 3098 (Ra/7'.

203 3118 244 3170 ι.
300 3129 386 3180 111,
425 3131 581 3170 num.
624 3114 742 3182 172,
790 3120 961 3186 paulo
989 3122 1157 3172 aliter
1208 3124 1448 3188 narrat);
1487 3118 1635 3189 quod
1681 3135 1807 3172 cum

1897 1947 2121 2012 tempus
2150 1941 2273 1995 hoc.
2324 1940 2670 1995 Subintravit
2714 1946 2904 1995 autem
2932 1938 3091 1993 nobis
3133 1939 3193 1993 in
3240 1939 3494 1994 animum

1897 2031 2117 2101 ingredi
2146 2030 2203 2084 in
2233 2030 2640 2085 monasterium
2669 2029 2969 2099 virginum,
3002 2032 3060 2083 et
3073 2026 3257 2098 rogati
3274 2026 3378 2080 viri
3392 2043 3497 2081 no-

1897 2120 2019 2186 stri,
2051 2135 2164 2173 non
2192 2119 2353 2174 nobis
2379 2123 2783 2173 consenserunt
2817 2118 2877 2172 in
2904 2118 3035 2175 hoc.
3067 2117 3207 2171 Cum
3235 2132 3367 2170 vero
3394 2114 3496 2169 mi-

1895 2209 2048 2263 nime
2066 2210 2439 2263 valuissemus
2454 2207 2704 2263 obtinere
2719 2208 2793 2261 hu
2793 2205 3369 2278 jusmodiconsilium,
3385 2205 3496 2259 dis-

1894 2297 2187 2369 posuimus
2237 2301 2640 2352 testamentum
2660 2296 2808 2349 inter
2825 2311 2927 2349 nos
2949 2299 3006 2349 et
3025 2294 3223 2359 Deum,
3237 2298 3302 2347 ut
3313 2309 3492 2365 usque

1894 2387 1965 2441 ad
1992 2392 2233 2441 mortem
2260 2403 2362 2458 per
2390 2402 2452 2439 os
2500 2390 2756 2440 nostrum
2790 2400 2904 2438 non
2945 2382 3270 2455 egrediatur
3304 2398 3492 2437 sermo

1892 2475 2194 2530 saecularis.
2226 2475 2475 2529 Audiens
2511 2480 2697 2529 autem
2728 2473 2834 2527 hoc
2870 2472 3039 2527 abbas
3088 2471 3380 2539 Macarius,
3411 2471 3493 2526 di—

1890 2565 1971 2620 xit
2000 2584 2012 2618 :
2046 2566 2111 2619 In
2139 2564 2373 2619 veritate
2410 2564 2554 2627 dico,
2587 2563 2721 2634 quia
2756 2579 2940 2634 neque
2965 2562 3142 2631 virgo,
3175 2576 3359 2632 neque
3387 2559 3491 2616 sub

1890 2654 2092 2709 marito
2138 2670 2330 2724 agens,
2376 2670 2560 2724 neque
2597 2653 2925 2718 monachus,
2959 2666 3144 2722 neque
3185 2650 3496 2724 seacularis,
3564 2672 3567 2675 ι

1889 2744 1987 2798 sed
2004 2744 2313 2798 secundum
2325 2742 2806 2814 unuiuscujusque
2825 2741 3194 2813 propositum,
3208 2740 3359 2796 Deus
3373 2755 3495 2794 om-

1890 2833 2055 2888 nibus
2082 2838 2312 2904 prcestat
2338 2832 2609 2903 Spiritum
2637 2836 2913 2886 sanctum.

1968 2921 2051 2979 18.
2082 2921 2355 2978 Dicebant
2393 2922 2594 2975 Patres
2623 2921 2693 2975 de
2717 2921 2907 2992 aliquo
2934 2935 3069 2974 sene
3096 2934 3324 2990 magno,
3360 2919 3493 2991 quia

1896 3028 2019 3067 sum
2043 3011 2360 3066 ambularet
2381 3011 2439 3065 in
2470 3027 2680 3077 eremo,
2730 3010 2871 3065 vidit
2894 3009 3036 3065 duos
3065 3009 3294 3081 angelos
3314 3007 3490 3063 comi-

1888 3105 2077 3156 tantes
2105 3117 2315 3166 secum,
2348 3116 2526 3155 unum
2563 3115 2598 3153 a
2626 3099 2854 3165 dextris,
2901 3103 2960 3152 et
2984 3098 3156 3152 alium
3184 3114 3220 3151 a
3245 3096 3489 3152 sinistris

206 3210 464 3259 moveret
492 3205 562 3259 de
591 3205 747 3277 virga
774 3207 994 3278 palma),
1030 3224 1198 3278 quam
1237 3207 1295 3261 in
1334 3186 1522 3261 mnu‘
1541 3206 1800 3274 habebat,
1826 3190 2025 3254 Csuis.
2066 3190 2213 3244 Dum
2241 3206 2371 3243 vero
2396 3187 2768 3278 ambularent,
2802 3187 3138 3241 invenerunt
3163 3186 3402 3240 cadaver
3426 3186 3487 3240 in

200 3294 456 3348 locutum
492 3299 577 3349 est
611 3301 779 3366 caput
805 3295 941 3350 illud
970 3296 1041 3350 ad
1066 3313 1213 3350 eum.
1264 3296 1368 3351 Cui
1410 3295 1550 3349 dixit
1588 3312 1755 3350 senex
1789 3314 1800 3350 :

201 3382 345 3447 Quis
375 3399 437 3437 es
478 3383 578 3438 tu?
603 3385 910 3456 Respondit
937 3391 1106 3457 caput
1149 3386 1287 3440 illud
1315 3386 1387 3439 ad
1415 3402 1605 3439 senem
1641 3404 1652 3438 :
1690 3386 1804 3457 Ego

200 3488 362 3527 eram
384 3474 641 3527 sacerdos
676 3475 974 3543 gentilium
1018 3475 1112 3546 qni
1143 3475 1573 3529 commanebant
1594 3474 1652 3529 in
1682 3475 1802 3528 loco

197 3561 328 3625 hoc,
360 3566 424 3615 tu
452 3578 580 3616 vero
607 3580 666 3616 es
687 3563 857 3617 abbas
886 3565 1176 3628 Macarius,
1209 3565 1304 3635 qui
1326 3564 1497 3618 habes
1526 3563 1801 3635 Spiritum

199 3656 462 3705 sanctum
482 3651 601 3705 Dei.
637 3653 980 3725 Quacunque
1010 3671 1143 3724 ergo
1164 3654 1301 3707 hora
1324 3654 1588 3707 misertus
1606 3658 1796 3720 osa

199 3738 383 3794 fueris
410 3756 603 3795 eorum
634 3741 731 3813 qui
760 3748 891 3796 sunt
919 3742 977 3797 in
1005 3743 1322 3809 tormentis,
1347 3749 1403 3797 et
1433 3744 1677 3797 oraveris
1698 3761 1797 3815 pro

198 3828 304 3894 eis,
337 3834 471 3883 tunc
498 3831 859 3886 consolantur
898 3832 1183 3902 pusillum.
1237 3832 1383 3887 Dicit
1411 3834 1462 3886 ei
1492 3849 1695 3887 senex:
1732 3834 1800 3888 Et

197 3934 327 3989 quae
378 3923 464 3972 est
502 3919 624 3984 ipsa
662 3920 1004 3975 consolatio?
1032 3921 1342 3992 Respondit
1390 3922 1532 3976 illud
1580 3929 1749 3994 caput
1780 3941 1791 3977 :

196 4008 487 4071 Quantum
515 4008 690 4063 distat
733 4010 935 4063 caelum
977 4026 1012 4063 a
1039 4016 1210 4077 terra,
1257 4016 1480 4065 tantum
1524 4017 1610 4065 est
1649 4012 1796 4082 ignis

195 4094 308 4149 sub
337 4095 574 4167 pedibus
601 4098 826 4164 nostris,
868 4104 925 4153 et
943 4115 1114 4170 super
1138 4104 1305 4170 caput
1334 4105 1608 4155 nostrum.
1635 4102 1797 4156 Stan-

193 4183 353 4239 tibus
382 4200 514 4255 ergo
533 4185 694 4240 nobis
723 4186 782 4240 in
810 4187 993 4244 medio
1020 4188 1186 4258 ignis,
1220 4205 1332 4242 non
1362 4194 1448 4243 est
1470 4194 1533 4243 ut
1558 4190 1683 4260 quis
1709 4190 1796 4244 fa-

194 4273 283 4328 cie
308 4274 379 4327 ad
404 4273 599 4329 faciem
620 4276 806 4330 videat
824 4278 1139 4347 proximum
1169 4292 1353 4331 suum.
1372 4278 1466 4331 Ait
1479 4294 1610 4349 ergo
1628 4296 1796 4334 senex

195 4378 328 4417 cum
346 4362 511 4417 fletu:
535 4365 631 4419 Vae
653 4364 734 4418 illi
758 4365 889 4430 diei,
914 4366 973 4419 in
990 4382 1101 4436 qua
1116 4371 1281 4421 natus
1303 4372 1387 4421 est
1402 4367 1588 4434 homo,
1613 4369 1659 4422 si
1678 4369 1795 4424 haec

193 4458 287 4507 est
328 4454 636 4509 consolatio
679 4455 951 4526 supplicii.
995 4457 1241 4510 Rursum
1285 4456 1421 4511 dixit
1459 4474 1662 4511 senex:
1698 4458 1796 4512 Est

1886 3279 1975 3334 via
1996 3280 2208 3349 jacens.
2243 3279 2312 3332 Et
2340 3277 2631 3348 cooperuit
2657 3276 2751 3330 ille
2792 3290 2962 3330 senex
2992 3291 3157 3330 nares
3193 3290 3325 3330 suas
3351 3291 3485 3345 pro-

1885 3373 2011 3439 pter
2040 3368 2276 3422 fetorem
2299 3385 2311 3421 :
2338 3365 2591 3421 fecerunt
2608 3370 2799 3420 autem
2829 3370 2887 3419 et
2911 3364 3095 3435 angeli
3116 3363 3392 3418 similiter.
3412 3361 3488 3417 Et

1885 3456 2117 3528 profecti
2161 3456 2447 3527 pusillum,
2479 3455 2619 3509 dixit
2662 3470 2827 3508 senex
2866 3472 2877 3507 :
2913 3454 2983 3507 Et
3009 3469 3106 3507 vos
3153 3453 3258 3507 hoc
3285 3451 3488 3507 odora-

1884 3546 2022 3601 stis?
2052 3546 2160 3609 Qui
2179 3546 2442 3599 dixerunt
2488 3545 2575 3599 ei:
2611 3544 2997 3615 Nequaquam,
3031 3543 3129 3597 sed
3168 3547 3400 3613 propter
3423 3547 3484 3597 te

1882 3635 2270 3707 cooperuimus
2294 3641 2351 3688 et
2377 3652 2479 3689 nos
2502 3653 2519 3699 ;
2551 3651 2682 3688 nam
2705 3632 3126 3687 immunditiam
3156 3631 3353 3687 mundi
3380 3631 3483 3686 hu-

1874 3727 1970 3796 jus
1998 3740 2113 3778 non
2143 3724 2443 3778 odoramus
2473 3739 2593 3789 nos,
2627 3739 2807 3793 neque
2837 3721 3134 3793 apprOpiat
3161 3720 3348 3788 nobis;
3382 3720 3481 3775 sed

1879 3815 2115 3880 animas,
2149 3829 2272 3884 quae
2300 3813 2532 3866 fetorem
2574 3816 2932 3883 peccatorum
2964 3809 3194 3876 habent,
3226 3810 3477 3881 ipsarum

1879 3904 2105 3958 odorem
2136 3918 2237 3956 nos
2264 3901 2583 3955 odoramus.

2308 4008 2652 4063 LIBELLUS
2694 4006 3045 4072 QUARTUS.

1878 4118 2087 4187 Septem.
2120 4121 2363 4186 capitula
2402 4119 2694 4170 verborum
2730 4132 2847 4183 qua:
2877 4116 3031 4168 misit
3078 4114 3242 4187 abbas
3272 4113 3475 4187 Moyses

1946 4185 2133 4244 abbati
2155 4185 2441 4246 Paemenio.
2475 4190 2541 4243 Et
2567 4190 2667 4256 qui
2694 4188 3011 4241 custodierit
3037 4201 3116 4252 ea,
3146 4185 3475 4239 liberabitur

1944 4278 1980 4314 α
2002 4276 2182 4331 perna.

1951 4367 1999 4424 'l.
2032 4368 2181 4422 Dixit
2221 4383 2386 4422 senex
2418 4367 2638 4439 Moyses
2668 4384 2679 4419 :
2714 4366 2858 4431 Quia
2903 4364 3070 4447 debet
3094 4364 3263 4419 homo
3312 4363 3472 4435 quasi

1876 4462 2133 4512 mortuus
2162 4473 2283 4511 esse
2312 4455 2459 4510 socio
2481 4473 2602 4522 suo,
2635 4456 2741 4509 hoc
2765 4459 2849 4509 est
2876 4454 3019 4509 mori
3049 4452 3227 4508 amico
3257 4468 3379 4517 suo,
3411 4455 3476 4508 ut

190 4543 360 4614 pejus
396 4547 742 4598 tormentum
788 4544 858 4598 ab
902 4545 1024 4599 his?
1064 4545 1373 4616 Respondit
1413 4552 1580 4617 caput
1607 4546 1746 4600 illud
1772 4565 1783 4600 :
1805 4548 1983 4607 Dnon
2010 4546 2281 4615 dijudicet
2306 4562 2432 4599 eum
2464 4544 2523 4599 in
2570 4545 2759 4616 aliqua
2786 4559 2955 4599 causa
2982 4542 3242 4613 (Append.
3278 4542 3472 4608 Mart,

190 4631 379 4702 Major
404 4649 569 4704 paena
592 4632 790 4688 subtus
816 4650 919 4688 nos
949 4639 1053 4688 est.
1090 4632 1249 4687 Dixit
1276 4634 1327 4688 ei
1354 4651 1520 4689 senex
1552 4653 1567 4690 :
1602 4636 1670 4690 Et
1696 4635 1792 4706 qui

192 4725 331 4776 sunt
358 4720 415 4775 in
447 4721 603 4792 ipsa?
633 4722 779 4776 Dicit
806 4722 857 4777 ei
885 4728 1052 4794 caput
1080 4722 1217 4777 illud
1243 4741 1253 4775 :
1286 4724 1401 4777 Nos
1441 4724 1535 4794 qui
1572 4723 1793 4794 ignora-

188 4810 378 4864 vimus
402 4811 602 4878 Deum,
636 4812 719 4864 vel
740 4811 811 4865 ad
840 4812 1119 4867 modicum
1150 4811 1420 4866 habemus
1449 4812 1660 4883 aliquid
1692 4812 1791 4866 mi-

189 4898 514 4955 sericordiae
536 4919 549 4968 ;
575 4900 633 4955 hi
664 4917 793 4954 vero
819 4901 914 4972 qui
944 4907 1325 4970 cognoverunt
1341 4902 1539 4964 Deum,
1560 4907 1788 4971 etnega-

187 4994 397 5044 verunt
422 5006 571 5052 eum,
608 5006 710 5044 nec
750 4990 1003 5044 fecerunt
1039 4991 1381 5045 voluntatem
1411 4992 1552 5061 ejus,
1574 4990 1631 5044 hi
1661 4996 1794 5045 sunt

185 5078 390 5134 subtus
420 5095 540 5134 nos.
574 5080 643 5134 Et
687 5084 815 5152 post
839 5080 956 5134 haec
994 5097 1221 5134 sumens
1251 5097 1419 5135 senex
1444 5085 1613 5151 caput
1652 5079 1789 5135 illud

189 5167 471 5238 sepelivit.

265 5257 351 5311 17.
380 5257 593 5311 Orante
643 5257 946 5328 aliquando
994 5258 1189 5313 eodem
1217 5258 1417 5313 abbate
1464 5258 1701 5315 Macario
1733 5261 1793 5314 in

186 5346 333 5400 cella
361 5361 467 5399 sua
496 5348 680 5415 (Ra/7.,
716 5349 809 5401 lib.
839 5361 919 5413 In,
955 5364 1012 5401 η.
1047 5347 1154 5417 97),
1188 5348 1339 5401 venit
1354 5348 1403 5401 ei
1423 5348 1747 5415 vox,dicens
1774 5367 1786 5402 :

186 5434 421 5500 Macari,
456 5434 707 5489 nondum
749 5436 1051 5506 pervenisti
1083 5437 1153 5491 ad
1212 5454 1535 5491 mensuram
1564 5438 1788 5492 illarum

185 5524 431 5578 duarum
449 5523 748 5578 mulierum
764 5524 912 5579 illius
926 5525 1185 5582 civitatis.
1207 5527 1452 5597 Surgens
1470 5543 1602 5597 ergo
1626 5543 1790 5581 mane

186 5629 382 5681 senex,
419 5613 633 5685 accepit
648 5613 861 5683 virgam
886 5631 1045 5670 suam
1063 5615 1361 5686 palmeam,
1391 5621 1448 5669 et
1467 5616 1635 5688 coepit
1662 5632 1790 5686 per-

184 5719 323 5776 gere
369 5700 429 5757 in
458 5701 762 5759 civitatem.
792 5702 935 5759 Cum
991 5720 1126 5776 ergo
1162 5703 1524 5777 pervenisset,
1568 5709 1791 5778 reperto

1873 4652 1931 4689 η.
1965 4634 2112 4707 169).

1942 4723 1996 4782 2.
2028 4724 2182 4779 Dixit
2210 4723 2444 4777 iterum:
2475 4721 2617 4787 Quia
2641 4720 2807 4776 debet
2827 4721 2996 4775 homo
3025 4718 3365 4775 mortificare
3390 4735 3473 4774 se-

1872 4813 2060 4884 ipsum
2090 4813 2160 4866 ab
2190 4812 2342 4866 omni
2370 4828 2431 4865 re
2461 4812 2627 4876 mala,
2662 4810 2989 4881 priusquam
3035 4809 3358 4880 egrediatur
3402 4809 3473 4863 de

1872 4918 2121 4972 corpore,
2145 4908 2209 4956 ut
2231 4917 2343 4969 non
2371 4900 2538 4954 laedat
2560 4900 2739 4954 ullum
2768 4898 3073 4953 hominem.

1944 4990 1996 5049 3.
2024 4991 2173 5045 Dixit
2199 4990 2433 5044 iterum:
2470 4988 2587 5043 Nisi
2610 4987 2873 5042 habuerit
2900 4988 3066 5042 homo
3087 4987 3147 5042 in
3175 4987 3340 5043 corde
3368 5004 3469 5043 suo

1875 5081 2009 5152 quia
2036 5085 2294 5151 peccator
2320 5084 2423 5143 est,
2470 5077 2617 5132 Deus
2647 5093 2760 5131 non
2787 5077 3016 5131 exaudit
3038 5093 3186 5131 eum.
3220 5076 3371 5131 Dixit
3417 5076 3469 5131 ei

1874 5169 2048 5224 frater
2072 5188 2083 5222 :
2119 5169 2265 5233 Quid
2295 5174 2382 5222 est
2401 5167 2458 5221 in
2485 5166 2650 5221 corde
2666 5165 2872 5221 habere
2902 5166 3036 5237 quia
3063 5170 3321 5237 peccator
3340 5169 3428 5219 est
3445 5166 3470 5218 ’τ

1876 5260 1949 5315 Et
1972 5260 2113 5314 dixit
2143 5274 2310 5312 senex
2340 5276 2351 5310 :
2386 5257 2444 5311 Si
2474 5256 2599 5327 quis
2629 5260 2817 5328 portat
2842 5260 3070 5327 peccata
3095 5269 3215 5319 sua,
3245 5268 3356 5307 non
3385 5252 3468 5307 vi-

1872 5350 1967 5404 det
1989 5354 2219 5421 peccata
2244 5346 2479 5419 proximi
2500 5345 2607 5399 sui.

1941 5440 1995 5492 4.
2031 5439 2180 5493 Dixit
2209 5439 2411 5491 iterum
2433 5452 2600 5490 senex
2624 5454 2635 5489 :
2670 5434 2791 5489 Nisi
2817 5430 3134 5488 convenerit
3162 5435 3318 5485 actus
3341 5446 3471 5485 ora-

1870 5528 2032 5595 tioni,
2062 5528 2120 5581 in
2146 5542 2350 5581 vanum
2369 5524 2587 5579 laborat
2605 5524 2773 5577 homo
2803 5523 2984 5589 (Ra/7.,
3014 5522 3108 5575 lib.
3138 5533 3221 5585 ιιι,
3250 5535 3308 5574 η.
3340 5517 3469 5577 202ε

1873 5617 2116 5686 Appcnd.
2152 5617 2340 5681 Marl.,
2377 5631 2434 5668 η.
2469 5612 2556 5677 35,
2591 5614 2810 5666 nomine
2830 5612 3067 5679 Mog/sisi.
3100 5610 3171 5664 Et
3195 5608 3337 5663 dixit
3357 5609 3472 5663 fra-

1874 5711 1997 5761 ter:
2046 5704 2191 5770 Quid
2221 5710 2309 5759 cst
2349 5716 2652 5758 consensus
2691 5704 2848 5755 actus
2894 5715 3024 5756 cum
3047 5697 3346 5756 oratione?
3373 5698 3478 5755 Re-
