3934 6418
488 366 627 428 1015

1599 365 1694 422 DE
1730 365 1922 427 VITIS
1958 362 2256 423 PATRUM
2290 360 2509 419 LIBER
2541 359 2639 415 VI.

3618 358 3766 418 1016

486 493 716 565 spondit
743 509 916 550 senex
946 511 958 548 :
986 493 1064 549 Ut
1092 509 1194 565 pro
1214 491 1418 565 quibus
1449 507 1695 558 oramus,
1721 493 1845 563 jam
1859 508 1973 548 non
1991 489 2369 552 illaAFactus
2396 492 2482 543 est
2509 486 2698 554 homo,
2720 500 2959 543 manens
2974 485 3152 554 Deus;
3178 485 3357 544 factus
3379 491 3467 543 est
3485 502 3645 559 puer:
3669 486 3764 542 fa-

400 578 401 585 “
484 582 775 641 faciamus.
809 583 1043 648 Quando
1072 582 1224 639 enim
1250 582 1421 637 homo
1444 580 1723 638 dimiserit
1736 582 2084 636 voluntatem

485 688 672 742 suam,
699 676 835 727 tunc
864 671 917 727 ei
954 671 1352 727 reconciliatur
1380 671 1550 738 Deus,
1596 675 1654 725 et
1694 670 1929 742 suscipit
1955 686 2084 725 ora-

418 752 433 763 ί
485 760 668 817 tiones
681 761 824 832 ejus.
848 760 1226 831 Interrogavit
1251 760 1459 815 frater:
1494 760 1559 815 In
1579 758 1734 815 omni
1763 757 1953 813 labore
1977 758 2082 813 ho-

484 849 655 907 minis
690 850 828 921 quid
875 856 964 907 est
998 851 1147 922 quod
1193 867 1324 905 eum
1365 849 1571 920 juvat?
1595 849 1745 905 Dicit
1782 849 1833 905 ei
1863 864 2032 905 senex
2064 868 2077 904 :

483 938 634 996 Deus
654 945 741 995 est
766 938 864 1011 qui
891 940 1136 1010 adjuvat.
1174 938 1457 1010 Scriptum
1486 942 1575 993 est
1599 938 1789 993 enim:
1821 938 1974 993 Deus
1988 954 2085 994 no-

484 1032 603 1083 ster
630 1028 915 1099 refugium
944 1034 1003 1084 et
1029 1028 1228 1096 virtus,
1256 1027 1484 1099 adjutor
1520 1027 1581 1082 in
1621 1026 2083 1084 tribulationibus

485 1133 611 1189 qua:
636 1117 975 1173 invenerunt
1000 1134 1104 1173 nos
1131 1116 1303 1172 nimis
1333 1119 1500 1184 (Psal.
1524 1117 1666 1186 XLV).

554 1205 608 1265 5.
630 1206 782 1264 Dixit
797 1205 991 1263 frater:
1013 1206 1239 1277 Jejunia
1256 1211 1313 1261 et
1337 1204 1561 1276 vigiliae,
1580 1221 1722 1277 quas
1741 1205 1876 1260 facit
1892 1205 2082 1274 homo,

483 1295 624 1367 quid
650 1295 949 1351 efficiunt?
991 1295 1145 1350 Dixit
1171 1294 1224 1349 ei
1261 1310 1460 1349 senex:
1502 1294 1781 1359 Quoniam
1811 1294 1934 1366 ipsa
1953 1300 2088 1351 sunt

484 1401 610 1456 quae
641 1383 854 1440 faciunt
883 1384 1172 1439 humiliari
1196 1383 1465 1439 animam.
1492 1383 1775 1455 Scriptum
1803 1389 1889 1439 est
1908 1385 2078 1439 enim:

483 1473 627 1529 Vide
653 1472 1034 1532 humilitatem
1060 1488 1269 1539 meam,
1295 1478 1351 1526 et
1378 1471 1627 1527 laborem
1655 1488 1877 1540 meum;
1908 1478 1968 1529 et
1994 1472 2083 1528 di-

485 1563 649 1619 mitte
676 1562 867 1618 omnia
895 1566 1126 1634 peccata
1174 1577 1303 1616 mea
1343 1563 1508 1629 (Psal.
1550 1560 1731 1634 xxrv).
1765 1562 1824 1617 Si
1843 1578 1977 1633 ergo
2006 1562 2085 1616 fe-

485 1651 628 1707 cerit
653 1651 844 1707 anima
883 1650 1102 1706 labores
1153 1650 1314 1718 istos,
1348 1649 1709 1706 miserebitur
1747 1667 1919 1723 super
1956 1667 2083 1707 eam

484 1741 638 1797 Deus
669 1745 898 1812 propter
926 1756 1042 1795 eos.

2166 583 2288 634 ctus
2316 582 2398 632 est
2427 577 2622 643 lector,
2661 575 2937 648 accipiens
2963 574 3168 631 librum
3196 576 3334 648 legit
3360 576 3422 632 in
3448 594 3762 650 synagoga,

2166 668 2392 724 dicens:
2435 666 2679 739 Spiritus
2716 664 2942 720 Domini
2986 682 3155 737 super
3197 681 3305 733 me,
3350 672 3583 738 propter
3607 667 3764 739 quod

2165 756 2325 813 unxit
2353 772 2444 811 me
2467 775 2480 823 ;
2511 755 2896 827 evangelizare
2918 753 3255 827 pauperibus
3282 754 3441 809 misit
3467 772 3557 810 me
3590 757 3765 824 (Lm

2164 850 2263 917 Iv).
2287 846 2492 901 Factus
2509 851 2594 900 est
2608 844 3010 913 subdiaconus;
3043 844 3252 899 faciens
3265 860 3510 916 namque
3536 844 3608 901 de
3624 845 3765 900 fune

2167 936 2454 1007 ﬂagellum
2479 950 2675 989 omnes
2696 935 2861 1006 ejecit
2888 934 2958 988 de
2985 934 3194 1005 templo
3232 949 3361 990 oves
3402 941 3460 989 et
3476 933 3660 1002 boves,
3705 941 3767 990 et

2165 1032 2368 1081 caetera
2399 1027 2577 1095 (Joan.
2612 1028 2697 1094 ιι).
2730 1025 2933 1079 Factus
2962 1029 3050 1079 est
3087 1023 3387 1094 diaconus;
3415 1024 3767 1097 praecingens

2165 1131 2409 1187 namque
2437 1130 2496 1169 se
2516 1114 2710 1181 linteo,
2732 1113 2868 1169 lavit
2892 1113 3061 1185 pedes
3087 1112 3489 1184 discipulorum
3501 1130 3765 1181 suorum,

2166 1204 2495 1277 praecipiens
2506 1203 2588 1259 eis
2609 1203 2849 1257 fratrum
2860 1201 3030 1275 pedes
3050 1202 3236 1257 lavare
3263 1205 3439 1266 (Joan.
3459 1206 3610 1273 xm).
3650 1204 3769 1259 Fa-

2166 1299 2288 1349 ctus
2309 1298 2395 1348 est
2421 1291 2731 1365 presbyter,
2757 1296 2815 1345 et
2840 1290 3051 1346 resedit
3073 1290 3136 1346 in
3155 1291 3339 1347 medio
3360 1290 3769 1363 magistrorum

2166 1383 2371 1438 docens
2387 1384 2560 1450 (Lucae
2578 1383 2722 1450 xm).
2748 1380 2953 1435 Factus
2973 1384 3059 1435 est
3077 1380 3389 1452 episcopus,
3407 1386 3466 1436 et
3481 1381 3769 1453 accipiens

2165 1488 2371 1545 panem
2399 1469 2684 1526 benedixit
2724 1486 2790 1523 ac
2831 1469 3015 1540 fregit,
3065 1475 3123 1524 et
3148 1469 3305 1524 dedit
3330 1470 3618 1543 discipulis
3646 1471 3770 1527 suis

2169 1562 2383 1631 (Matth.
2416 1565 2579 1627 xxvx),
2614 1564 2671 1614 et
2701 1564 2921 1614 caetera.
2953 1558 3293 1630 Flagellatus
3318 1565 3403 1614 cst
3428 1565 3660 1632 propter
3680 1564 3763 1627 te,

2166 1650 2462 1707 cruciﬁxus
2491 1654 2550 1704 et
2577 1652 2836 1704 mortuus
2866 1652 2978 1716 est;
3013 1653 3070 1702 et
3115 1648 3285 1703 tertia
3310 1648 3401 1704 die
3432 1649 3765 1715 resurrexit,

2164 1744 2223 1797 et
2252 1743 2575 1811 assumptus
2621 1743 2725 1793 est.
2758 1736 2963 1792 Omnia
2982 1742 3212 1809 propter
3238 1742 3294 1792 te
3325 1738 3568 1810 suscepit
3586 1738 3650 1794 in
3674 1755 3765 1805 se,

557 1828 610 1887 6.
644 1828 1016 1901 Interrogavit
1042 1827 1216 1883 frater
1239 1844 1451 1894 senem,
1483 1827 1674 1884 dicens
1698 1846 1710 1882 :
1749 1827 1896 1894 Quid
1916 1827 2084 1883 faciet
2105 1851 2149 1911 Β
2169 1829 2361 1885 omnia
2382 1830 2547 1900 juxta
2588 1826 3083 1900 dispensationem,
3116 1826 3305 1882 omnia
3329 1828 3543 1895 ordine,
3571 1828 3771 1883 omnia

486 1918 656 1974 homo
693 1918 751 1973 in
782 1917 938 1973 omni
960 1917 1267 1973 tentatione
1296 1917 1555 1973 veniente
1583 1934 1754 1989 super
1780 1934 1858 1984 se,
1893 1923 1993 1973 aut
2021 1917 2083 1973 in

488 2007 644 2064 omni
664 2007 1002 2078 cogitatione
1043 2006 1296 2062 inimici?
1335 2007 1434 2062 Ait
1458 2007 1541 2061 illi
1561 2023 1731 2061 senex
1754 2024 1765 2060 :
1790 2008 1952 2063 Flere
1983 2007 2085 2063 de-

484 2095 581 2153 bet
602 2097 662 2151 in
690 2101 993 2167 conspectu
1010 2095 1278 2151 bonitatis
1318 2097 1441 2163 Dei,
1460 2100 1525 2151 ut
1563 2096 1791 2166 adjuvet
1820 2113 1951 2151 eum
1979 2113 1992 2151 τ
2027 2101 2086 2151 et

484 2185 801 2257 requiescet
824 2185 1107 2252 velociter,
1141 2184 1191 2240 si
1239 2191 1404 2256 rogat
1431 2185 1490 2240 in
1518 2185 1773 2240 scientia.
1798 2185 2083 2257 Scriptum

487 2281 574 2331 est
603 2275 751 2331 enim
778 2293 791 2329 :
814 2280 1009 2341 σεδ
1038 2274 1309 2330 Dominus
1343 2274 1482 2329 mihi
1521 2275 1767 2345 adjutor,
1788 2281 1846 2329 et
1864 2291 1977 2330 non
2016 2275 2085 2330 ti-

486 2365 651 2423 mebo
672 2365 808 2437 quid
835 2364 1006 2420 faciat
1031 2364 1169 2421 mihi
1198 2364 1367 2420 homo
1399 2368 1565 2433 (Psal.
1600 2368 1789 2434 cxvn).

562 2452 615 2509 7.
646 2454 1013 2524 interrogavit
1042 2469 1169 2509 eum
1199 2455 1407 2508 iterum
1449 2453 1641 2520 frater,
1674 2453 1900 2508 dicens:
1936 2452 2084 2508 Ecce

488 2543 660 2598 homo
687 2543 851 2598 caedit
882 2559 1102 2597 servum
1129 2559 1297 2598 suum
1337 2548 1568 2614 propter
1614 2548 1907 2614 peccatum
1936 2543 2086 2614 quod

488 2630 621 2702 egit,
653 2630 790 2703 quid
814 2631 962 2686 dicet
986 2648 1181 2687 servus
1204 2632 1300 2687 ille
1351 2632 1615 2701 (Append.
1648 2633 1838 2696 Mart,
1873 2647 1931 2685 η.
1972 2629 2087 2699 37)?

490 2720 642 2776 Dicit
665 2719 716 2774 ei
740 2737 907 2775 senex
931 2740 947 2775 :
980 2720 1040 2776 Si
1068 2719 1248 2776 bonus
1273 2737 1467 2776 servus
1487 2726 1592 2784 est,
1615 2720 1796 2776 dicet:
1827 2719 2084 2784 Peccavi,

491 2808 760 2863 miserere
783 2808 912 2863 mei.
945 2808 1090 2863 Dicit
1117 2809 1167 2864 ei
1205 2809 1383 2864 frater
1407 2828 1418 2863 :
1445 2810 1599 2865 Nihil
1631 2808 1829 2864 aliud?
1859 2808 2008 2865 Dicit
2036 2808 2088 2863 ei

495 2912 664 2955 senex
690 2915 701 2950 :
735 2898 883 2955 Non.
911 2897 993 2952 Ex
1025 2913 1138 2969 quo
1175 2896 1326 2953 enim
1348 2898 1571 2970 culpam
1600 2915 1770 2970 super
1795 2914 1856 2954 se
1874 2913 2091 2970 ,posue-

494 2986 588 3054 rit,
622 2986 929 3041 etdixerit:
967 2986 1217 3053 Peccavi,
1265 2986 1457 3042 statim
1485 2987 1786 3043 miseretur
1812 2987 1864 3042 ei
1908 2986 2091 3042 domi-

494 3092 604 3132 nus
630 3091 797 3143 suus;
830 3074 961 3130 ﬁnis
993 3082 1184 3130 autem
1210 3076 1413 3132 horum
1443 3081 1529 3132 est
1554 3093 1666 3132 non
1689 3077 1945 3148 judicare
1968 3092 2094 3149 pro-

2167 1923 2577 1990 consequenter
2622 1921 2709 1971 est
2754 1920 3039 1988 operatus,
3087 1920 3152 1971 ut
3177 1932 3280 1971 nos
3307 1916 3579 1984 salvaret;
3612 1922 3673 1971 et
3699 1922 3767 1972 tu

2166 2014 2398 2080 propter
2426 2024 2556 2062 eum
2583 2022 2696 2061 non
2725 2005 2979 2060 toleras?
3008 2005 3195 2061 Simus
3223 2004 3413 2073 sobrii,
3439 2004 3765 2078 vigilemus,

2168 2113 2429 2152 vacemus
2459 2093 2829 2160 orationibus,
2862 2100 2927 2151 ut
2954 2110 3077 2166 qua:
3104 2094 3310 2166 placita
3322 2100 3456 2150 sunt
3482 2094 3534 2149 ei
3559 2094 3770 2151 facien-

2167 2190 2271 2250 tes,
2308 2183 2512 2239 salvari
2540 2183 2839 2255 possimus.
2863 2182 3074 2255 Joseph
3101 2198 3287 2238 nonne
3314 2183 3375 2238 in
3402 2182 3654 2255 Egypto
3678 2192 3769 2240 est

2163 2274 2441 2341 venditus,
2481 2273 2541 2328 in
2569 2278 2726 2328 terra
2748 2273 2969 2328 aliena?
3003 2273 3140 2328 Tres
3171 2273 3331 2345 pueri
3373 2272 3432 2327 in
3478 2272 3767 2345 Cabylone

2166 2363 2389 2436 captivi,
2433 2362 2690 2435 nunquid
2739 2363 3077 2433 cujusquam
3106 2361 3425 2419 habuerunt
3459 2363 3767 2418 notitiam?

2167 2455 2383 2509 Tamen
2411 2453 2560 2508 Deus
2587 2451 2971 2523 patrocinatus
2994 2457 3078 2507 est
3106 2451 3205 2518 eis,
3221 2452 3468 2523 suscepit
3479 2456 3538 2506 et
3553 2453 3771 2523 gloriﬁ-

2168 2543 2313 2598 cavit
2332 2559 2447 2608 eos,
2471 2541 2605 2614 quia
2623 2539 2897 2596 timebant
2917 2557 3066 2596 eum.
3089 2541 3196 2605 Qui
3217 2540 3314 2595 dat
3333 2541 3581 2596 animam
3599 2558 3766 2597 suam

2167 2632 2305 2699 Deo,
2325 2648 2439 2687 non
2450 2630 2621 2685 habet
2634 2629 2919 2703 propriam
2930 2630 3298 2694 voluntatem,
3318 2629 3415 2684 sed
3436 2636 3766 2703 exspectans

2169 2720 2271 2775 Dei
2295 2718 2590 2774 arbitrium
2622 2735 2735 2773 non
2774 2717 3011 2772 laborat.
3044 2719 3191 2773 Nam
3216 2717 3264 2773 si
3292 2724 3449 2773 tuam
3468 2719 3551 2773 vis
3579 2719 3767 2775 facere

2172 2810 2662 2875 voluntatem,non
2680 2811 3014 2879 cooperante
3046 2807 3178 2874 Deo,
3198 2807 3435 2863 nimium
3471 2808 3758 2880 fatigaris.

2240 2898 2294 2954 9.
2316 2896 2690 2969 Interrogavit
2702 2896 2874 2952 frater
2887 2895 3147 2951 abbatem
3166 2898 3454 2952 Pastorem
3473 2915 3486 2951 :
3510 2898 3661 2963 Quid
3680 2904 3767 2954 est

2173 2988 2322 3061 quod
2372 2987 2644 3059 scriptum
2688 2991 2774 3041 est
2822 3004 2833 3040 :
2883 2986 3070 3041 Nolite
3116 2986 3362 3058 cogitare
3405 2986 3475 3042 de
3517 2988 3766 3045 crastino

2175 3077 2388 3146 (Matth.
2410 3075 2500 3145 vi)?
2533 3075 2678 3132 Dicit
2702 3075 2754 3130 ei
2769 3092 2938 3130 senex
2964 3094 2975 3130 :
2994 3076 3081 3131 Ad
3096 3075 3381 3131 hominem
3395 3076 3625 3148 respicit
3638 3076 3763 3144 hoc,

492 3164 707 3221 ximum
735 3181 925 3221 suum.
957 3164 1193 3229 Quando
1222 3165 1376 3220 enim
1401 3182 1601 3221 manus
1628 3165 1853 3222 Domini
1891 3165 2094 3221 occidit
2110 3170 2153 3231 Ο
2174 3167 2272 3239 qui
2300 3166 2360 3222 in
2385 3165 2697 3221 tentatione
2726 3179 2811 3219 est
2838 3164 3193 3231 constitutus,
3226 3170 3283 3219 et
3309 3165 3514 3232 deficit,
3558 3170 3625 3221 ut
3650 3182 3765 3223 non

499 3254 874 3326 primogenita
910 3253 968 3309 in
996 3260 1150 3309 terra
1176 3254 1423 3326 Egypti,
1450 3272 1562 3311 non
1602 3260 1726 3310 erat
1769 3256 1986 3321 domus,
2031 3254 2091 3311 in

493 3358 606 3416 qua
634 3360 747 3404 non
769 3347 918 3400 esset
945 3348 1203 3399 mortuus
1235 3346 1420 3413 (Exod.
1453 3359 1576 3408 xm.
1608 3344 1759 3400 Dicit
1789 3344 1840 3399 ei
1878 3344 2088 3400 frater:

495 3432 641 3499 Quid
670 3438 759 3489 est
781 3432 885 3489 hoc
912 3431 1179 3487 verbum?
1212 3433 1522 3505 Respondit
1546 3434 1599 3489 ei
1627 3450 1795 3489 senex
1819 3452 1831 3487 :
1866 3434 2011 3499 Quia
2040 3432 2092 3489 si

491 3521 955 3593 conspexerimus
983 3526 1217 3593 peccata
1243 3528 1455 3588 nostra,
1493 3539 1607 3578 non
1629 3522 1939 3578 videbimus
1968 3538 2094 3594 pec-

499 3614 627 3665 cata
669 3608 927 3681 proximi.
977 3610 1229 3666 Stultitia
1273 3615 1363 3666 est
1411 3611 1560 3666 enim
1606 3611 1822 3667 homini
1862 3610 2095 3667 habenti

497 3704 786 3755 mortuum
828 3715 1015 3765 suum,
1036 3699 1259 3755 ’relicto
1303 3716 1369 3755 eo
1419 3700 1502 3755 ire
1548 3706 1607 3756 et
1632 3701 1769 3757 ﬂere
1806 3706 2094 3757 mortuum

498 3786 741 3859 proximi
759 3786 864 3842 sui.
892 3787 1035 3844 Mori
1060 3794 1251 3844 autem
1276 3788 1531 3861 proximo
1573 3795 1690 3857 tuo,
1726 3790 1831 3845 hoc
1858 3795 1945 3844 est
1970 3806 2096 3861 por-

432 3924 436 3931 .
496 3882 620 3931 tare
650 3882 880 3948 peccata
906 3882 1024 3944 tua,
1058 3883 1115 3932 et
1141 3878 1262 3932 sine
1293 3878 1547 3949 cogitatu
1578 3895 1700 3934 esse
1729 3879 1799 3934 ab
1818 3879 1975 3934 omni
1998 3879 2097 3935 ho-

499 3965 670 4032 mine,
701 3966 835 4036 quia
861 3965 970 4020 iste
1010 3965 1190 4022 bonus
1219 3972 1324 4032 est,
1357 3972 1416 4023 et
1442 3967 1538 4023 ille
1579 3969 1761 4023 malus
1787 3972 1891 4034 est,
1922 3973 1979 4023 et
2024 3985 2096 4024 ne

496 4053 671 4109 facias
701 4054 915 4109 malum
945 4054 1040 4110 alii
1066 4055 1302 4123 homini,
1336 4072 1520 4129 neque
1549 4057 1763 4128 cogites
1802 4057 2015 4112 malum
2036 4057 2096 4113 in

500 4142 766 4213 aliquem,
799 4159 983 4214 neque
1024 4144 1300 4215 spreveris
1346 4145 1593 4218 aliquem
1633 4145 1930 4202 facientem
1971 4162 2096 4202 ma-

501 4230 642 4296 lum,
660 4246 844 4301 neque
865 4231 1185 4301 acquiescas
1215 4232 1440 4287 facienti
1460 4233 1673 4289 malum
1702 4234 1955 4306 proximo
1975 4240 2093 4302 tuo,

500 4323 559 4373 et
603 4317 718 4373 noli
762 4319 1011 4390 gaudere
1058 4336 1185 4375 cum
1227 4336 1293 4375 eo
1321 4321 1417 4392 qui
1447 4321 1579 4378 facit
1605 4324 1815 4379 malum
1844 4324 2095 4395 proximo

500 4422 637 4475 suo;
670 4411 729 4463 et
757 4406 861 4462 hoc
892 4413 978 4463 est
1003 4409 1147 4464 mori
1188 4410 1443 4482 proximo
1470 4416 1588 4467 tuo.
1622 4413 1691 4467 Et
1719 4412 1835 4467 noli
1864 4412 2091 4485 obloqui

2171 3256 2379 3327 cogitet
2398 3260 2675 3327 quantum
2701 3253 2971 3326 temporis
2998 3253 3058 3309 in
3082 3270 3150 3308 ea
3179 3252 3423 3309 facturus
3440 3254 3534 3321 sit,
3549 3254 3650 3309 sed
3668 3272 3766 3327 po-

2170 3346 2286 3400 tius
2314 3343 2464 3416 quod
2494 3343 2828 3399 hodiernum
2858 3348 2945 3398 est
2971 3348 3028 3399 et
3064 3342 3471 3415 quotidianum,
3505 3342 3764 3400 futurum

2171 3434 2414 3490 libenter
2440 3432 2726 3505 suscipiat.

2246 3523 2332 3579 10.
2365 3522 2735 3594 Interrogavit
2752 3522 2927 3577 frater
2943 3520 3199 3577 abbatem
3226 3523 3519 3592 Joannem,
3547 3522 3760 3580 dicens:

2175 3612 2465 3679 Quomodo
2493 3612 2681 3667 anima
2693 3610 2905 3667 habens
2925 3611 3153 3684 propria
3167 3612 3415 3679 vulnera,
3435 3628 3549 3668 non
3569 3611 3766 3668 erube-

2175 3702 2280 3758 scit
2299 3702 2593 3757 detrahere
2622 3701 2872 3773 proximo
2892 3718 2993 3757 suo
3008 3701 3033 3755 ?
3051 3701 3154 3756 Cui
3172 3702 3461 3773 respondit
3484 3718 3766 3774 senexper

2177 3791 2503 3865 parabolam
2521 3810 2532 3845 :
2558 3789 2701 3846 Erat
2715 3790 2945 3862 quidam
2960 3791 3127 3845 homo
3148 3807 3361 3863 pauper
3378 3790 3590 3846 habens
3619 3807 3766 3846 uxo-

2182 3898 2301 3936 rem
2320 3899 2332 3935 :
2359 3880 2455 3952 qui
2476 3897 2603 3935 cum
2624 3879 2854 3935 vidisset
2868 3880 3039 3935 aliam
3052 3880 3344 3935 mulierem
3366 3880 3763 3953 pulchriorem,

2178 3976 2235 4025 et
2248 3969 2426 4041 ipsam
2439 3986 2661 4041 quoque
2684 3969 2916 4024 sortitus
2937 3974 3021 4024 est
3039 3969 3097 4024 in
3108 3970 3230 4041 conj
3238 3970 3449 4041 ugium.
3476 3968 3653 4025 Erant
3666 3986 3768 4025 au—

2177 4064 2292 4114 tem
2314 4063 2582 4131 utraeque:
2603 4058 2784 4114 nudae.
2810 4058 2919 4114 Sed
2943 4075 3071 4113 cum
3099 4064 3285 4113 essent
3296 4058 3357 4114 in
3384 4057 3623 4131 quodam
3642 4058 3766 4114 loco

2177 4148 2461 4214 nundinae,
2487 4153 2824 4219 rogaverunt
2851 4163 2981 4203 eum
3012 4146 3208 4215 ambae,
3240 4146 3484 4203 dicentes
3512 4165 3525 4202 :
3552 4148 3765 4205 Tecum

2182 4237 2373 4292 venire
2395 4237 2799 4292 desideramus.
2823 4237 2972 4302 Quas
2995 4236 3223 4293 mittens
3251 4237 3431 4293 nudas
3454 4237 3512 4292 in
3531 4236 3765 4304 dolium,

2180 4344 2306 4382 cum
2329 4325 2583 4383 navicula
2600 4326 3002 4393 transfretavit,
3024 4326 3284 4398 venitque
3297 4326 3369 4381 ad
3380 4327 3577 4382 locum.
3594 4324 3767 4381 Facta

2184 4422 2374 4471 autem
2395 4415 2648 4482 meridie,
2667 4432 2794 4471 cum
2816 4432 2931 4471 una
2947 4432 3144 4471 earum
3163 4416 3367 4489 populo
3382 4415 3671 4471 recedente
3692 4416 3767 4470 vi-

499 4495 572 4553 de
603 4496 812 4568 aliquo,
847 4498 946 4552 sed
983 4497 1189 4554 dicito:
1219 4499 1365 4564 Quia
1388 4500 1540 4556 Deus
1580 4502 1865 4573 cognoscit
1892 4519 2093 4558 unum-
2114 4492 2162 4552 D
2181 4505 2351 4560 disset
2377 4503 2684 4572 silentium,
2716 4504 2925 4559 exilivit
2960 4505 3021 4560 in
3054 4505 3354 4577 quemdam
3389 4505 3569 4560 locum
3612 4504 3763 4559 dolio

503 4600 803 4657 quemque.
830 4586 959 4641 Noli
985 4604 1117 4659 ergo
1132 4587 1359 4643 obedire
1387 4589 1723 4659 detrahenti,
1755 4608 1938 4664 neque
1962 4609 2096 4648 con-

504 4675 756 4746 gaudeas
785 4675 836 4730 ei
865 4675 924 4730 in
943 4676 1290 4733 detractione
1319 4679 1517 4751 ipsius.
1549 4680 1677 4736 Noli
1693 4680 1920 4737 obedire
1948 4681 2099 4737 oblo-

503 4764 699 4838 quenti
728 4765 1044 4836 proximum
1085 4784 1272 4832 suum,
1319 4774 1377 4823 et
1413 4769 1519 4825 hoc
1548 4774 1673 4825 est:
1710 4769 1899 4826 Nolite
1933 4771 2091 4843 judi-

506 4868 655 4919 care,
691 4859 749 4908 et
775 4870 887 4908 non
909 4854 1301 4924 judicabimini
1329 4860 1548 4930 (Matth.
1582 4862 1698 4929 vii).
1725 4858 1854 4914 Non
1890 4859 2099 4915 habeas

512 4939 836 4997 inimicitias
864 4959 991 4998 cum
1023 4962 1356 5018 quocunque
1373 4947 1619 5010 homine,
1649 4944 1831 5020 n’eque
1855 4948 2100 5004 retineas
2138 4946 2150 4958 “

410 5024 417 5031 ’
503 5029 826 5086 inimicitias
848 5029 905 5086 in
935 5033 1100 5088 corde
1123 5040 1243 5102 tuo,
1276 5052 1459 5108 neque
1476 5036 1603 5094 odio
1628 5036 1835 5093 habeas
1856 5055 1984 5093 eum
2006 5038 2102 5110 qui

506 5117 835 5175 inimicatur
848 5121 1101 5192 proximo
1115 5140 1236 5191 suo,
1256 5130 1312 5181 et
1331 5142 1444 5181 non
1455 5127 1770 5183 consentias
1791 5126 2101 5182 inimicitiis

506 5206 703 5280 ipsius.
723 5209 852 5264 Noli
870 5209 1156 5283 despicere
1171 5230 1298 5269 eum
1318 5215 1414 5287 qui
1444 5215 1769 5271 inimicitias
1786 5215 1955 5270 habet
1970 5232 2101 5271 cum

504 5298 759 5367 proximo
788 5315 909 5368 suo,
962 5305 1019 5354 et
1064 5301 1181 5357 hare
1221 5308 1305 5357 est
1334 5320 1459 5374 pax,
1495 5306 1561 5360 In
1602 5305 1689 5360 his
1733 5304 2098 5376 temetipsum

500 5387 822 5443 consolare:
863 5389 1148 5444 modicum
1186 5397 1409 5464 tempus
1460 5398 1546 5449 est
1584 5393 1759 5461 labor,
1812 5398 1869 5448 et
1897 5393 2099 5467 sempi-

501 5480 663 5532 terna
687 5478 930 5549 requies,
956 5480 1140 5550 gratia
1164 5481 1266 5536 Dei
1305 5481 1493 5537 Verbi.
1519 5483 1718 5537 Amen.

571 5561 625 5621 8.
646 5566 796 5622 Dixit
824 5567 967 5624 alius
988 5586 1191 5625 senex:
1215 5570 1523 5643 Propterte
1548 5571 1716 5627 homo
1740 5572 1993 5629 Salvator
2012 5578 2100 5630 est

504 5657 669 5711 natus
689 5672 705 5723 ;
725 5663 958 5730 prepter
976 5658 1081 5715 hoc
1102 5660 1255 5715 venit
1269 5660 1441 5717 Filius
1461 5661 1585 5733 Dei,
1615 5666 1678 5717 ut
1694 5666 1755 5719 tu
1779 5663 2091 5723 salvareris.

2180 4594 2423 4649 vicinum
2448 4594 2729 4660 velociter,
2761 4599 2819 4649 et
2846 4600 3061 4649 veteres
3093 4599 3262 4666 atque
3291 4593 3592 4649 conscissos
3619 4609 3764 4665 pan-

2178 4701 2281 4739 nos
2306 4683 2592 4755 reperiens
2612 4700 2670 4738 se
2692 4683 2996 4755 praecinxit,
3018 4688 3074 4739 et
3092 4683 3293 4739 dehinc
3306 4682 3765 4738 ﬁducialitervisa

2180 4778 2265 4828 est
2292 4773 2600 4828 ambulare.
2634 4774 2828 4829 Altera
2854 4790 2982 4828 vero
3010 4773 3161 4828 nuda
3188 4773 3388 4829 sedens
3410 4772 3757 4838 intrinsecus,

2181 4862 2400 4917 dicebat
2444 4862 2684 4917 marito:
2731 4863 2871 4917 Ecce
2899 4862 3163 4918 meretrix
3206 4862 3316 4917 ista
3350 4861 3499 4917 nuda
3533 4866 3635 4928 est,
3658 4878 3763 4917 nec

2181 4951 2562 5008 confunditur.
2586 4951 2691 5007 Cui
2713 4951 2950 5007 maritus
2994 4967 3122 5007 cum
3161 4951 3352 5008 dolore
3372 4951 3454 5008 ait
3472 4970 3491 5006 :
3517 4950 3561 5007 Ο
3588 4950 3761 5007 mira-

2182 5041 2369 5096 culum
2396 5060 2409 5109 ;
2441 5040 2559 5096 haec
2577 5046 2861 5113 utcunque
2878 5039 3262 5097 confusionem
3278 5056 3437 5096 suam
3460 5040 3757 5113 cooperuit,

2181 5134 2244 5185 tu
2269 5146 2399 5185 vero
2427 5130 2676 5201 undique
2706 5130 2859 5186 nuda
2886 5145 2998 5185 non
3027 5129 3307 5185 erubescis
3334 5130 3557 5201 culpare
3584 5129 3670 5184 vel
3698 5145 3762 5184 ex

2182 5223 2342 5290 parte
2363 5218 2657 5274 vestitam?
2685 5220 2773 5274 Ita
2791 5224 2877 5274 est
2898 5219 3082 5274 omnis
3091 5219 3389 5285 detractor,
3419 5218 3513 5291 qui
3540 5218 3761 5291 propria

2180 5307 2327 5363 mala
2357 5324 2469 5363 non
2488 5308 2700 5374 videns,
2725 5308 2913 5363 aliena
2932 5324 3157 5381 semper
3181 5314 3424 5364 accusat.

2255 5394 2340 5453 ll.
2372 5397 2647 5453 Dixerunt
2675 5397 2902 5469 quidam
2927 5397 3129 5453 fratres
3156 5395 3592 5455 abbatiAntonio
3617 5414 3630 5451 :
3653 5395 3759 5450 Vo-

2179 5487 2367 5542 lumus
2396 5491 2513 5542 ate
2560 5487 2756 5543 audire
2784 5486 3037 5554 verbum,
3078 5504 3188 5559 quo
3226 5486 3430 5542 salvari
3466 5486 3753 5559 possimus.

2178 5575 2334 5631 Tunc
2357 5591 2525 5631 senex
2552 5575 2633 5632 ait
2664 5594 2676 5631 :
2706 5577 2843 5633 Ecce
2886 5577 3203 5649 Scripturas
3244 5575 3497 5642 audistis,
3529 5573 3757 5630 sufficiat

2178 5663 2351 5720 vobis.
2378 5664 2484 5731 Qui
2514 5664 2811 5725 dixerunt:
2845 5667 2962 5723 Eta
2986 5670 3045 5722 te
3057 5665 3316 5724 volumus
3340 5664 3555 5732 audire,
3577 5664 3750 5721 Pater.
