3934 6374
241 367 390 430 1017

1543 372 1787 430 VERBA
1823 371 2217 430 SENIORUM.

3393 370 3534 430 lOi8

239 496 558 569 Respondit
573 496 656 552 eis
682 512 852 552 senex
884 514 896 550 :
930 496 1182 552 Audistis
1209 497 1512 554 Dominum
1525 499 1804 554 dicentem
1830 498 2174 570 :Agladium
2203 499 2380 570 (Lucae
2402 503 2560 570 xxu).
2583 499 2702 556 Hoc
2723 497 3059 571 intelligitur
3089 516 3100 553 :
3133 497 3241 562 Qui
3261 496 3432 554 habet
3450 504 3535 552 re-

242 586 307 641 Si
336 586 460 658 quis
478 591 536 640 te
557 585 900 657 percusserit
928 586 985 640 in
1025 587 1254 641 maxilla
1282 588 1532 652 sinistra,
1565 589 1749 660 praebe
1796 587 1847 643 ei

237 680 304 730 et
330 675 566 730 alteram
595 676 808 742 (Matth.
856 678 932 743 v).
968 675 1174 730 Dicunt
1202 677 1253 731 ei
1286 695 1298 730 :
1334 679 1450 732 Hoc
1476 678 1712 749 implere
1736 694 1848 732 non

239 769 443 831 059
469 781 784 836 possumus.
817 764 965 818 Dicit
985 765 1064 819 eis
1089 783 1099 818 :
1127 766 1185 820 Si
1204 782 1336 835 ergo
1356 767 1605 837 praebere
1624 767 1675 822 ei
1698 773 1757 821 et
1771 767 1849 821 al-

239 859 429 908 teram
451 869 562 908 non
602 853 856 924 potestis,
905 854 1105 908 saltem
1134 855 1202 908 de
1234 871 1348 910 una
1375 855 1516 910 ferte
1546 856 1843 927 patienter.

241 943 678 1014 Responderunt
717 943 768 996 ei
801 962 817 997 :
848 943 964 997 Nec
987 943 1091 997 hoc
1119 961 1434 1014 possumus.
1468 945 1612 1000 Dicit
1636 945 1716 1000 eis
1751 963 1763 998 :
1789 945 1848 1000 Si

239 1048 430 1102 neque
458 1033 562 1086 hoc
584 1031 838 1103 potestis,
860 1048 930 1086 ne
946 1033 1130 1086 velitis
1143 1039 1436 1104 percutere
1466 1035 1646 1104 magis
1676 1051 1846 1106 quam

240 1121 480 1192 percuti.
510 1121 717 1175 Dicunt
740 1121 791 1175 ei
823 1139 835 1174 :
871 1121 986 1175 Nec
1014 1122 1116 1176 hoc
1137 1139 1453 1194 possumus.
1472 1123 1629 1177 Tunc
1659 1123 1848 1178 senior

239 1209 327 1264 ait
344 1209 615 1281 discipulo
644 1227 784 1264 suo:
835 1211 1038 1265 Succos
1081 1228 1336 1282 praepara
1380 1211 1648 1267 fratribus
1699 1212 1842 1277 istis,

239 1299 381 1369 quia
408 1299 575 1353 nimis
605 1299 874 1354 inﬁrmati
904 1305 1055 1354 sunt.
1086 1301 1299 1356 Deinde
1326 1301 1467 1356 dixit
1501 1302 1582 1356 eis
1609 1322 1626 1359 :
1659 1302 1716 1357 Si
1742 1319 1845 1356 nec

239 1387 351 1442 hoc
375 1403 478 1442 nec
505 1386 643 1442 illud
672 1389 922 1460 potestis,
957 1390 1089 1460 quid
1119 1389 1318 1445 faciam
1342 1391 1497 1445 vobis
1516 1391 1543 1444 ?
1563 1408 1694 1462 ergo
1725 1392 1846 1446 sola

239 1477 424 1532 oratio
440 1478 756 1532 necessaria
785 1483 869 1532 est
898 1495 997 1549 pro
1027 1478 1202 1533 vobis.

318 1565 404 1622 12.
437 1567 668 1622 Dicebat
687 1567 860 1623 abbas
889 1570 1131 1624 Joannes
1162 1569 1494 1641 quibusdam
1525 1570 1792 1626 fratribus
1824 1591 1836 1626 :

1932 589 2140 661 quiem,
2173 589 2423 644 dimittat
2450 607 2593 657 eam,
2639 596 2695 644 et
2732 595 2922 644 teneat
2957 604 3202 661 pugnam
3240 607 3252 655 ;
3284 604 3533 660 pugnam

1930 695 2060 732 vero
2092 679 2313 733 dicebat
2343 679 2609 734 adversus
2632 679 2937 733 diabolum.

2011 768 2090 824 15.
2115 767 2347 824 Dicebat
2377 769 2472 840 qui
2497 785 2668 839 supra
2694 787 2705 822 :
2739 768 2882 832 Quia
2899 766 3320 838 seniorquidam
3335 765 3394 820 in
3410 782 3534 838 par-

1927 862 2014 911 tes
2030 858 2257 930 {Egypti
2277 857 2507 912 sedebat
2533 858 2591 912 in
2613 857 2772 923 cella,
2790 857 2878 911 cui
2899 857 3072 911 frater
3089 855 3292 927 aliquis
3307 859 3363 909 et
3376 856 3532 926 virgo

1931 947 2183 1018 quaedam
2233 946 2648 1002 ministrabant.
2681 946 2898 1000 Accidit
2959 951 3148 1000 autem
3173 961 3288 1000 una
3319 945 3429 1010 die,
3468 950 3534 999 ut

1928 1041 2166 1106 uterque
2196 1036 2300 1090 sibi
2337 1037 2406 1090 ad
2437 1052 2630 1090 senem
2657 1035 2942 1090 venientes
2974 1039 3352 1090 occurrerent.
3387 1033 3529 1088 Cum

1929 1141 2062 1194 ergo
2088 1125 2234 1179 facto
2255 1127 2372 1196 jam
2400 1141 2525 1179 sero
2541 1126 2611 1179 ad
2640 1142 2744 1179 sua
2762 1141 3013 1179 remeare
3028 1141 3140 1179 non
3161 1127 3408 1195 possent,
3435 1139 3530 1194 po-

1929 1214 2043 1268 suit
2063 1218 2298 1268 mattam
2312 1214 2500 1268 senior
2517 1214 2668 1268 inter
2681 1219 2949 1284 utrosque
2961 1218 3025 1267 ut
3035 1212 3364 1266 dormirent.
3391 1212 3530 1266 Fra-

1927 1309 2018 1357 ter
2041 1319 2167 1356 vero
2198 1303 2292 1356 ille
2313 1303 2496 1357 carnis
2514 1319 2627 1357 suae
2649 1319 2895 1374 pugnam
2909 1319 3020 1356 non
3043 1301 3334 1365 suﬂ‘erens,
3367 1301 3533 1354 mise~

1925 1391 2161 1446 randam
2181 1391 2452 1462 virginem
2474 1390 2750 1462 stupravit
2770 1394 2830 1444 et
2842 1389 3104 1461 perdidit,
3119 1393 3534 1443 consummato-

1926 1497 2035 1552 que
2091 1488 2318 1552 peccato
2367 1496 2532 1534 mane
2596 1479 2871 1533 discessit.
2935 1479 3113 1533 Senex
3161 1483 3349 1532 autem
3403 1491 3530 1532 cum

1923 1570 2293 1641 cognovisset,
2339 1571 2530 1624 futura
2555 1567 2920 1640 prospiciens,
2957 1567 3134 1622 tacuit
3161 1567 3219 1621 in
3246 1566 3527 1638 praesenti.

237 1656 761 1721 Quiafuerunttres
781 1658 1098 1730 philosophi
1113 1660 1298 1726 amici,
1319 1678 1555 1732 quorum
1569 1678 1844 1717 unusmo-
1926 1660 2246 1714 Redeuntes
2277 1659 2467 1729 itaque
2498 1661 2872 1729 prosequente
2900 1673 2994 1710 eos
3025 1673 3176 1723 sene,
3209 1673 3394 1728 neque
3423 1655 3528 1710 ali-

233 1745 1000 1818 Iiensalterireliquitfilium
1013 1751 1838 1820 suumeommendatum(Ru/f.,
1927 1766 2094 1820 quam
2124 1748 2546 1803 tribulationem
2576 1748 3018 1812 demonstrante,
3050 1745 3148 1800 ubi
3201 1745 3432 1800 recessit
3461 1743 3531 1798 ab

237 1836 340 1890 lib.
373 1849 457 1900 ιιι,
494 1851 553 1889 η.
582 1834 676 1904 84)
699 1855 712 1902 ;
738 1836 833 1906 qui
863 1836 921 1890 in
953 1843 1116 1891 aetate
1140 1840 1377 1908 juvenili
1399 1851 1708 1911 provectus,
1742 1853 1906 1912 nu-B
1926 1839 2024 1905 eis,
2059 1839 2138 1892 ita
2165 1838 2235 1891 ad
2260 1838 2496 1891 invicem
2527 1835 2902 1906 loquebantur
2935 1855 2945 1890 :
2978 1836 3223 1889 Putasne
3253 1834 3530 1889 intellexit

217 1923 462 1978 .tritoris
481 1924 569 1978 sui
588 1924 924 1979 adulteravit
947 1942 1197 1980 uxorem.
1231 1929 1353 1992 Quo
1383 1930 1592 1984 scelere
1620 1931 1842 2001 cognito
1924 1929 2015 1982 hic
2046 1943 2217 1982 senex
2254 1927 2468 1981 facinus
2498 1932 2774 1991 nostrum,
2818 1942 2890 1979 an
2915 1925 3068 1978 non?
3089 1923 3427 1993 Reversique
3454 1923 3527 1978 ad

234 2011 446 2068 missus
467 2018 552 2068 est
578 2013 746 2068 foras.
787 2013 998 2070 Deinde
1032 2033 1157 2070 cum
1188 2018 1494 2087 plurimum
1527 2021 1839 2090 paeniteret,
1925 2035 2052 2072 eum
2083 2015 2415 2088 poenitentia
2436 2014 2588 2070 ducti
2607 2015 2868 2069 dixerunt
2889 2033 2899 2066 :
2919 2015 3120 2068 Sancte
3151 2013 3338 2078 Pater,
3357 2011 3524 2066 intel-

234 2117 355 2156 non
380 2102 433 2156 ei
477 2103 752 2157 concessit
787 2120 1130 2173 regressum,
1162 2107 1256 2161 sed
1299 2107 1382 2161 ait
1408 2107 1488 2162 illi
1525 2127 1536 2162 :
1571 2110 1743 2176 Vade,
1789 2116 1846 2164 et
1927 2106 2110 2161 lexisti
2148 2105 2625 2176 quemadmodum
2663 2120 2765 2158 nos
2811 2103 3030 2157 seduxit
3052 2101 3312 2156 inimicus
3357 2105 3529 2172 atque

233 2196 362 2245 esto
389 2191 569 2246 tribus
588 2193 752 2246 annis
771 2192 922 2247 inter
939 2194 1236 2249 damnatos
1269 2197 1366 2268 qui
1397 2199 1626 2252 metalla
1653 2199 1710 2252 in
1738 2200 1845 2253 lla.
1931 2195 2252 2266 prostravit,
2283 2211 2356 2248 an
2408 2210 2521 2248 non
2543 2193 2570 2245 ‘.’
2601 2193 2707 2257 Qui
2736 2192 3024 2264 respondit
3053 2209 3065 2245 :
3097 2189 3369 2254 Intellexi,
3422 2190 3522 2244 fili.

235 2279 394 2334 mine
424 2281 729 2351 deponunt,
765 2287 821 2335 et
869 2282 946 2336 sic
985 2282 1247 2354 indulgeo
1277 2285 1378 2339 tibi
1407 2287 1630 2358 culpam
1657 2293 1836 2342 tuam.
1927 2285 2134 2338 Dicunt
2162 2283 2213 2337 ei
2245 2298 2257 2333 :
2292 2284 2361 2337 Et
2389 2282 2483 2336 ubi
2511 2282 2620 2336 fuit
2639 2282 2696 2336 in
2715 2282 2814 2336 illa
2838 2282 2978 2335 hora
3001 2280 3197 2334 mortis
3218 2284 3421 2334 nostra:
3437 2295 3525 2333 co-

235 2368 364 2432 Quo
385 2374 512 2440 post
533 2369 840 2424 triennium
863 2372 1152 2437 redeunte,
1177 2389 1374 2428 rursus
1389 2375 1501 2428 ait:
1529 2376 1682 2429 Vade
1701 2376 1840 2430 alios

236 2462 358 2511 tres
378 2473 574 2521 annos,
599 2459 668 2512 da
684 2460 966 2514 mercedes
982 2466 1048 2514 ut
1063 2461 1301 2531 injurias
1322 2464 1573 2533 patiaris.
1599 2465 1698 2519 Ille
1709 2482 1838 2519 vero

231 2546 369 2600 fecit
394 2547 474 2601 sic
501 2547 638 2602 alios
681 2553 797 2602 tres
845 2565 1042 2603 annos.
1092 2551 1199 2614 Qui
1236 2551 1378 2606 dixit
1406 2553 1456 2606 ei
1487 2568 1499 2607 :
1533 2554 1674 2607 Veni
1705 2570 1838 2624 ergo

233 2652 392 2690 nunc
447 2636 519 2690 ad
548 2636 830 2692 civitatem
861 2639 1290 2694 Atheniensium
1328 2639 1458 2708 (l3),
1495 2647 1558 2696 ut
1586 2642 1834 2713 philoso-

232 2725 433 2796 phiam
455 2724 655 2781 discas.
695 2728 830 2782 Erat
858 2734 1048 2782 autem
1077 2729 1148 2783 ad
1172 2735 1392 2800 portam
1441 2731 1678 2786 civitatis
1721 2732 1841 2803 qui-

231 2815 369 2868 dam
399 2830 566 2868 senex
591 2816 954 2888 philosophus
985 2818 1202 2883 sedens,
1220 2824 1389 2889 atque
1416 2820 1689 2875 intrantes
1714 2837 1842 2876 con-

232 2903 812 2972 tumeliisafiiciebat;
840 2906 1128 2977 injuriavit
1156 2924 1288 2976 ergo
1304 2914 1360 2962 et
1373 2910 1635 2979 juvenem
1658 2911 1836 2964 illum.

232 2993 314 3048 At
340 2992 436 3046 ille
449 2992 748 3063 injuriatus
776 2995 919 3049 risit.
945 2995 1046 3050 Cui
1069 2996 1258 3050 senior
1288 2997 1368 3050 ait
1398 3017 1410 3050 :
1447 2998 1591 3062 Quid
1616 3004 1701 3053 est
1713 3000 1836 3063 hoc,

234 3081 390 3153 quod
411 3081 513 3136 tibi
532 3099 634 3154 ego
647 3083 886 3154 injurias
903 3084 1063 3152 facio,
1087 3092 1144 3139 et
1167 3090 1228 3140 tu
1241 3086 1389 3140 rides
1406 3087 1429 3140 ’ἶ
1445 3087 1592 3142 Dicit
1612 3088 1664 3142 ei
1685 3090 1842 3158 juve-

1921 2373 2122 2444 gitatio
2149 2379 2247 2427 tua
2275 2372 2301 2424 ?
2321 2371 2580 2442 Dixitque
2597 2371 2678 2425 eis
2704 2389 2714 2424 :
2731 2370 2854 2425 Mea
2867 2369 3132 2440 cogitatio
3152 2369 3267 2422 illic
3279 2372 3400 2423 erat
3426 2368 3525 2422 illa

1923 2462 2081 2528 hora,
2112 2462 2209 2516 ubi
2229 2461 2524 2515 crucifixus
2552 2465 2638 2514 ost
2667 2460 2950 2526 Christus;
2983 2457 3201 2513 stabam
3232 2463 3288 2512 et
3319 2456 3524 2512 ﬂebam

1919 2558 2039 2606 tam
2066 2567 2165 2622 pro
2195 2567 2304 2617 me,
2335 2566 2502 2621 quam
2518 2566 2618 2620 pro
2639 2549 2812 2603 vobis.
2839 2549 2946 2604 Sed
2978 2547 3111 2619 quia
3133 2546 3523 2618 pmnitentiam

1919 2645 2160 2694 vestram
2182 2639 2455 2694 Dominus
2479 2637 2816 2709 repromisit,
2849 2638 3127 2691 admoneo
3154 2640 3238 2696 ut,
3275 2635 3523 2689 curando

1921 2729 2138 2783 vulneri
2164 2728 2312 2800 quod
2343 2744 2442 2799 per
2481 2726 2804 2798 superbiam
2835 2725 3164 2798 pertulistis,
3197 2724 3523 2795 diligentius

1922 2818 2213 2873 insistatis.
2269 2819 2513 2888 Accepta
2538 2816 2713 2886 igitur
2741 2815 2938 2886 regula
2970 2814 3313 2887 poenitentiae
3333 2813 3404 2868 ab
3434 2829 3519 2881 eo,

1924 2911 2283 2962 recesserunt
2331 2907 2452 2976 jam
2505 2906 2727 2960 fortiter
2787 2903 3175 2976 unusquisque
3221 2907 3519 2971 certantes,

1923 2998 2100 3052 donec
2128 3013 2259 3050 vasa
2278 2996 2454 3049 electa
2477 2995 2598 3049 ﬁeri
2617 2993 2953 3066 potuissent.

2000 3085 2084 3142 16.
2104 3085 2476 3156 Philosophus
2495 3084 2724 3155 quidam
2746 3082 3109 3154 interrogavit
3135 3086 3391 3136 sanctum
3412 3082 3526 3137 An-

233 3171 357 3226 nis:
391 3172 515 3226 Non
541 3172 624 3226 vis
649 3178 714 3227 ut
740 3173 972 3237 rideam,
1000 3174 1092 3245 qui
1111 3174 1292 3230 tribus
1306 3176 1487 3242 annis,
1519 3182 1584 3231 ut
1603 3177 1840 3248 injurias
1859 3169 1903 3231 C
1922 3174 2142 3229 tonium
2174 3191 2186 3227 :
2221 3173 2530 3239 Quomodo,
2560 3172 2760 3243 inquit,
2793 3175 3092 3226 contentus
3107 3187 3186 3232 es,
3205 3172 3392 3237 Pater,
3425 3170 3522 3243 qui

233 3266 482 3333 paterer,
513 3261 642 3316 dedi
667 3263 972 3328 mercedes,
1003 3269 1061 3316 et
1096 3265 1262 3318 hodie
1281 3265 1458 3334 gratis
1488 3283 1581 3319 eas
1605 3267 1787 3337 patior
1816 3266 1840 3320 ?

233 3351 479 3405 Prorsus
498 3349 566 3404 ob
592 3351 696 3406 hoc
725 3368 828 3422 ego
850 3351 965 3405 risi.
988 3353 1248 3424 Dixitque
1278 3354 1329 3408 ei
1368 3370 1566 3408 senex:
1590 3355 1840 3410 Ascende

237 3445 302 3494 et
326 3438 622 3509 ingredere
633 3439 936 3495 civitatem.
963 3442 1215 3512 Cumque
1237 3443 1343 3497 hoc
1366 3443 1652 3498 retulisset
1666 3443 1840 3499 abbas

235 3530 504 3595 Joannes,
537 3529 678 3583 dixit
708 3548 719 3581 :
747 3530 876 3585 Haec
904 3536 1068 3601 porta
1088 3531 1334 3596 Domini,
1359 3537 1416 3586 et
1439 3533 1637 3586 Patres
1661 3534 1839 3588 nostri

234 3632 342 3690 per
369 3618 576 3672 multas
603 3618 840 3689 injurias
864 3618 922 3673 in
950 3636 1019 3672 ea
1040 3621 1392 3690 gratulantes
1420 3621 1658 3692 ingressi
1687 3629 1838 3678 sunt.

299 3705 389 3761 i3.
432 3705 663 3762 Dicebat
699 3706 869 3761 abbas
899 3709 1141 3763 Joannes
1159 3709 1226 3763 de
1250 3710 1458 3774 anima,
1486 3727 1608 3782 qua;
1629 3711 1844 3767 deside~

233 3800 331 3850 rat
358 3796 662 3867 pcenitere:
689 3797 953 3861 Quasdam
976 3799 1354 3868 pulcherrima
1376 3801 1642 3854 meretrix
1659 3801 1766 3856 fuit
1783 3802 1842 3856 in

235 3885 484 3956 quadam
506 3885 748 3951 civitate,
761 3902 884 3956 quae
905 3885 1103 3941 habuit
1115 3888 1387 3958 plurimos
1398 3894 1695 3945 amatores.
1720 3891 1846 3955 Qui-

232 3973 371 4028 dam
408 3979 598 4029 autem
639 3975 723 4029 vir
762 3975 832 4029 de
861 3975 1096 4030 ducibus
1125 3977 1355 4032 veniens
1384 3978 1454 4032 ad
1485 3995 1610 4033 eam
1653 3979 1795 4034 dixit
1827 3999 1839 4034 :

232 4063 513 4118 Promitte
534 4063 672 4118 mihi
691 4065 1008 4118 castitatem
1021 4070 1197 4131 tuam,
1221 4071 1278 4120 et
1297 4083 1399 4137 ego
1413 4073 1470 4121 te
1491 4069 1760 4139 accipiam
1781 4069 1840 4123 in

232 4165 492 4206 uxorem.
512 4152 616 4206 Illa
637 4152 811 4224 igitur
845 4154 1227 4224 promittente,
1247 4155 1521 4227 accipiens
1533 4174 1657 4211 eam
1671 4157 1844 4212 intro-

233 4241 401 4296 duxit
415 4241 474 4295 in
495 4241 725 4296 domum
756 4257 934 4297 suam.
971 4244 1225 4314 Cumque
1266 4261 1300 4298 a
1336 4245 1454 4298 suis
1497 4246 1843 4302 amatoribus

234 4335 603 4402 quaereretur,
627 4331 819 4402 agnito
835 4332 980 4404 quod
997 4333 1089 4387 ille
1104 4338 1221 4387 tam
1243 4350 1480 4405 magnus
1501 4336 1588 4389 vir
1611 4337 1843 4392 sortitus

1923 3264 2191 3318 Codicum
2247 3261 2626 3316 consolatione
2675 3260 2997 3316 fraudaris?
3039 3260 3137 3314 llle
3183 3259 3520 3330 respondit:

1922 3353 2079 3407 Meus
2106 3352 2291 3406 Codex
2341 3349 2472 3419 (14),
2537 3349 2886 3421 philosophe,
2942 3354 3147 3403 natura
3189 3365 3378 3404 rerum
3436 3353 3524 3403 est

1923 3448 2258 3508 creatarum,
2310 3457 2432 3512 quae
2472 3439 2630 3507 mihi,
2683 3438 2901 3510 quoties
2951 3437 3120 3495 verba
3176 3437 3280 3494 Dei
3333 3438 3522 3510 legere

1923 3532 2106 3602 cupio,
2128 3531 2326 3585 adesse
2355 3529 2660 3584 consuevit.

1996 3619 2079 3675 17.
2123 3621 2264 3674 Cum
2287 3619 2516 3691 quidam
2535 3617 2779 3672 venisset
2806 3617 2877 3671 ad
2908 3615 3167 3671 abbatem
3189 3616 3518 3684 Macarium,

1924 3709 2236 3764 meridiano
2265 3714 2403 3762 aestu
2433 3708 2609 3762 nimia
2629 3707 2723 3761 siti
2745 3722 3029 3772 accensus,
3054 3710 3112 3760 et
3138 3722 3346 3777 aquam
3375 3721 3523 3778 quae-

1924 3803 2075 3853 reret
2102 3799 2172 3852 ad
2194 3797 2516 3863 bibendum,
2545 3795 2781 3860 Sufficit,
2815 3794 3017 3866 inquit,
3044 3794 3146 3848 tibi
3158 3795 3274 3850 haec
3295 3794 3516 3861 umbra,

1929 3906 2041 3961 qua
2068 3888 2229 3942 multi
2277 3887 2517 3941 viatores
2570 3890 2672 3940 aut
2701 3884 3027 3955 navigantes
3055 3899 3204 3939 nunc
3241 3883 3517 3956 indigent,

1926 3995 2028 4034 nec
2056 3977 2338 4033 fruuntur.

1999 4065 2084 4124 18.
2113 4067 2274 4138 Apud
2304 4065 2564 4121 eumdem
2589 4079 2782 4120 senem
2801 4080 2928 4119 cum
2951 4063 3120 4119 verba
3147 4062 3216 4118 de
3235 4063 3523 4119 continen-

1922 4157 2014 4212 tiae
2040 4155 2302 4211 exercitio
2331 4154 2617 4220 haberem,
2648 4156 2786 4224 Age,
2809 4153 3010 4225 inquit,
3029 4158 3226 4220 ωο
3251 4152 3524 4208 ﬁduciali-

1923 4252 2030 4311 ter,
2063 4263 2095 4300 ο
2149 4245 2263 4313 fili;
2298 4261 2429 4298 nam
2460 4249 2515 4298 et
2545 4260 2647 4314 ego
2668 4259 2770 4314 per
2798 4241 2994 4314 viginti
3020 4259 3198 4297 annos
3228 4243 3524 4298 continuos

1927 4352 2039 4391 non
2068 4352 2231 4406 pane,
2265 4350 2377 4389 non
2406 4349 2570 4404 aqua,
2606 4349 2720 4388 non
2751 4349 2948 4387 somno
2978 4331 3214 4386 satiatus
3234 4348 3380 4387 sum.
3413 4332 3522 4386 Pa-

235 4436 366 4475 eam
397 4419 596 4474 fuisset
633 4437 882 4487 uxorem,
917 4421 1216 4477 dixerunt:
1253 4424 1311 4478 Si
1333 4426 1736 4480 accesserimus
1770 4427 1840 4481 ad
1923 4441 2052 4478 nem
2083 4423 2310 4495 quidem
2337 4428 2634 4494 pensatum
2673 4421 2971 4492 accipiens,
3023 4436 3228 4491 aquam
3267 4437 3396 4475 vero
3451 4421 3522 4476 ad

229 4510 474 4581 januam
497 4509 739 4565 hominis
755 4515 872 4564 tam
894 4511 1156 4582 potentis,
1183 4514 1612 4585 eognoveritque
1629 4515 1842 4569 deside-
1860 4529 1908 4589 D
1925 4530 2266 4578 mensuram,
2300 4527 2559 4566 somnum
2589 4515 2778 4565 autem
2798 4509 3106 4582 parietibus
3129 4525 3219 4562 me
3247 4509 3523 4564 duntaxat

234 4598 328 4654 ria
353 4597 778 4669 requirentium,
798 4599 1172 4670 proculdubio
1193 4601 1494 4672 puniemur
1521 4603 1842 4670 ;sedvenite
1923 4602 2202 4656 inclinans
2229 4600 2519 4672 subripere
2553 4599 2845 4671 paululum
2881 4597 3235 4652 festinabam.

236 4692 370 4759 post
391 4687 619 4742 dorsum
647 4689 867 4755 domus,
900 4695 1132 4744 utamur
1172 4691 1337 4746 solito
1366 4691 1526 4746 sibilo
1557 4711 1568 4759 ;
1602 4709 1840 4763 cumque
1997 4687 2082 4747 19.
2126 4690 2367 4754 Quidam
2418 4689 2594 4743 frater
2633 4687 2999 4759 interrogavit
3054 4702 3267 4751 senem,
3327 4693 3522 4743 utrum

235 4776 340 4830 illa
363 4775 709 4831 sibilantium
722 4794 922 4832 sonum
952 4779 1213 4846 audierit,
1228 4781 1528 4836 descendet
1543 4781 1612 4836 ad
1629 4799 1750 4849 nos,
1783 4787 1841 4836 et
1923 4797 2049 4834 cum
2065 4778 2328 4835 fratribus
2341 4778 2409 4832 ad
2429 4795 2524 4832 eos
2539 4777 2893 4849 proficiscens
2904 4776 3245 4833 manducare
3267 4777 3518 4834 deberet.

233 4864 590 4920 inveniemur
614 4865 848 4920 innoxii.
883 4867 1018 4932 Quae
1044 4884 1170 4923 cum
1185 4868 1453 4935 audisset,
1487 4870 1725 4942 signavit
1743 4888 1840 4926 au-
1922 4869 2024 4926 Cui
2079 4884 2247 4923 senex
2294 4866 2618 4940 respondit:
2654 4867 2796 4922 Cum
2842 4866 3097 4935 muliere,
3158 4867 3362 4940 inquit,
3408 4883 3522 4924 non

233 4969 332 5009 res
353 4969 504 5020 suas,
519 4961 577 5009 et
587 4955 850 5010 exsiliens
877 4956 935 5010 in
957 4956 1230 5012 interiora
1243 4958 1442 5014 domus
1456 4959 1712 5030 ingressa
1729 4967 1832 5028 est,

233 5047 409 5114 atque
434 5043 652 5100 clausit.
687 5045 816 5100 Hec
841 5045 923 5100 ita
941 5045 1159 5101 locutus
1183 5047 1389 5114 senior,
1423 5049 1646 5104 dicebat
1665 5067 1841 5106 mere-

233 5131 436 5188 tricem
464 5149 586 5189 esse
615 5132 883 5200 animam,
915 5141 1196 5190 amatores
1231 5136 1281 5190 ei
1312 5153 1432 5192 esse
1462 5138 1611 5206 vitia,
1641 5139 1841 5195 ducem

233 5236 370 5276 vero
388 5222 476 5278 vel
496 5223 807 5294 principem
845 5223 1066 5278 dicebat
1091 5241 1214 5280 esse
1239 5227 1545 5295 Christum,
1577 5229 1839 5285 domum-

238 5325 352 5384 que
405 5312 527 5382 ejus
558 5312 826 5368 caelorum
874 5319 1204 5386 perpetuam
1252 5317 1622 5386 mansionem,
1655 5319 1840 5375 sibila-

237 5406 394 5456 tores
421 5405 613 5455 autem
653 5401 933 5458 daemones
974 5409 1108 5459 sunt
1155 5404 1406 5476 maligni.
1437 5407 1568 5462 Haec
1603 5423 1737 5480 ergo
1791 5409 1840 5464 si

240 5494 400 5544 casta
419 5488 592 5544 fuerit
619 5495 676 5544 et
696 5490 896 5555 ﬁdelis,
931 5508 1153 5564 semper
1179 5494 1356 5548 currit
1379 5495 1449 5550 ad
1481 5496 1678 5550 Deum.

313 5577 405 5633 14.
427 5577 581 5634 Dixit
608 5579 781 5635 abbas
809 5581 1010 5637 Pastor
1037 5595 1048 5628 ε
1073 5583 1354 5655 Scriptum
1381 5589 1470 5640 est
1496 5584 1554 5640 in
1588 5586 1840 5657 Evange-

234 5666 314 5723 lio
349 5686 359 5722 :
393 5665 501 5734 Qui
547 5667 718 5724 habet
734 5670 1008 5742 tunicam,
1050 5672 1254 5729 vendat
1282 5689 1427 5741 eam,
1459 5678 1516 5730 et
1553 5679 1704 5731 emat
1732 5674 1837 5732 sibi

1919 4957 2300 5014 manducabis.

1991 5048 2080 5106 ‘20.
2124 5047 2501 5119 Interrogavit
2511 5045 2740 5119 quidam
2767 5046 2944 5102 frater
2965 5046 3224 5104 abbatem
3244 5048 3522 5104 Isidorum

1923 5139 2276 5210 Scythinsem
2302 5137 2370 5193 de
2403 5137 2650 5209 cogitatu
2693 5136 3099 5197 fornicationis.
3134 5137 3443 5209 Respondit
3469 5136 3523 5192 ei

1915 5224 2090 5284 senex
2115 5246 2126 5282 :
2160 5227 2317 5293 Quod
2348 5226 2574 5300 quidem
2602 5227 2788 5282 veniat
2815 5226 3080 5298 cogitatio
3119 5225 3519 5294 fornicationis,

1921 5318 2179 5392 animum.
2199 5317 2540 5373 conturbans
2570 5322 2628 5373 et
2654 5332 2949 5388 occupans,
2967 5315 3064 5371 sed
3086 5315 3524 5388 actumimplere
3629 5339 3645 5352 ο

1921 5424 2035 5462 non
2079 5407 2404 5480 praevalens,
2437 5423 2619 5480 neque
2648 5405 2960 5478 proﬁciens,
2999 5405 3100 5460 sed
3143 5410 3365 5460 tantum
3413 5405 3524 5462 im-

1923 5497 2079 5569 pedit
2107 5497 2179 5551 ad
2205 5497 2470 5552 virtutem
2497 5495 2746 5563 ;sobrius
2768 5499 2959 5550 autem
2997 5493 3083 5548 vir
3111 5510 3145 5548 a
3173 5509 3232 5549 se
3263 5509 3390 5550 eam
3411 5494 3524 5551 dis-

1923 5586 2163 5653 cutiens,
2198 5586 2269 5640 ad
2300 5585 2612 5641 orationem
2631 5583 2823 5640 statim
2847 5582 3210 5640 convertitur.

1991 5674 2081 5732 21.
2113 5675 2268 5734 Idem
2297 5675 2367 5731 de
2391 5675 2586 5733 eodem
2615 5673 2862 5745 cogitatu
2889 5674 3181 5748 respondit
3221 5689 3391 5734 senex
3422 5692 3434 5730 ε
3469 5671 3528 5732 Si
