3934 6422
434 372 580 431 1019

1556 379 1651 435 DE
1686 380 1878 439 VITIS
1912 379 2211 439 PATRUM
2245 378 2463 437 LIBER
2498 378 2594 434 VI.

3573 368 3711 429 1020

435 500 805 571 mgitationes
834 519 946 559 non
975 504 1265 571 habemus,
1296 504 1430 561 feris
1450 503 1660 561 similes
1689 522 1903 561 sumus.
1930 506 2038 562 Sed
2059 507 2113 567 A
2198 505 2286 562 31.
2310 506 2447 561 Erat
2465 502 2692 576 quidam
2717 502 2892 557 frater
2907 501 2969 557 in
2995 501 3153 567 cella,
3187 499 3283 572 qui
3313 503 3442 572 post
3468 497 3711 570 expletas

436 590 584 646 sicut
611 592 889 659 inimicus,
923 594 1071 665 quod
1099 610 1262 650 suum
1293 600 1397 659 est,
1428 594 1635 665 exigit;
1664 611 1766 649 nos
1796 612 2036 667 quoque,

438 681 586 751 quod
601 688 858 738 nostrum
876 688 979 750 est,
997 683 1233 754 implere
1253 684 1539 739 debemus.
1571 684 1903 740 Insistamus
1921 702 2043 740 ora-

435 768 596 836 tioni,
631 775 688 825 et
720 770 981 828 inimicus
1006 772 1253 844 fugatur.
1278 774 1426 829 Vaca
1454 773 1807 829 meditationi
1836 774 1957 837 Dei,
1986 780 2042 828 et

438 856 645 913 vinces.
673 860 1098 917 Perseverantia
1136 862 1269 917 boni
1300 862 1535 917 victoria
1579 867 1683 918 est.
1742 864 1929 930 Certa,
1983 868 2041 919 et

437 947 813 1004 coronaberis.

508 1035 598 1093 22.
655 1038 806 1094 Dixit
861 1056 1074 1095 senex:
1124 1041 1304 1095 Homo
1359 1040 1572 1097 habens
1628 1046 1871 1097 mortem
1925 1058 2040 1114 prae

438 1125 633 1191 oculis,
663 1127 815 1182 omni
837 1128 978 1183 liora
1004 1129 1177 1184 vincit
1198 1129 1739 1201 pusillanimitatem.

508 1213 596 1271 23.
617 1215 771 1271 Dixit
791 1216 1075 1273 abbatissa
1097 1219 1437 1290 Syncletica:
1466 1221 1833 1276 Adversarius
1852 1227 2045 1278 noster

435 1302 655 1360 facilius
682 1322 719 1360 a
743 1306 885 1362 nihil
930 1308 1344 1379 possidentibus
1371 1316 1687 1380 superatur.
1717 1312 1843 1365 Non
1889 1311 2039 1367 enim

436 1392 612 1449 habet
623 1411 732 1465 quo
742 1395 911 1450 laedat
921 1413 1036 1463 eos,
1051 1398 1186 1468 quia
1211 1398 1465 1470 plerique
1478 1416 1755 1455 memores
1766 1402 2037 1471 angustiae

438 1487 611 1554 atque
634 1484 1013 1540 tentationum
1035 1503 1070 1540 a
1086 1487 1202 1542 Deo
1222 1489 1626 1558 separantium,
1652 1490 1711 1544 in
1727 1489 1929 1544 ablatis
1947 1507 2033 1561 pe-

439 1570 620 1626 cuniis
642 1572 970 1644 caeterisque
996 1574 1354 1630 facultatibus
1400 1576 1556 1630 feriri
1609 1583 2035 1632 consueverunt.

513 1657 601 1714 24.
633 1660 850 1715 Rursus
869 1678 991 1732 quae
1024 1679 1221 1734 supra:
1248 1664 1357 1728 Qui
1385 1664 1647 1731 visibiles,
1665 1666 1867 1736 inquit,
1896 1666 2038 1720 divi-

440 1748 552 1803 tias
582 1765 648 1803 ex
662 1750 854 1804 multis
869 1750 1150 1806 laboribus
1176 1758 1345 1824 atque
1357 1754 1592 1808 marinis
1611 1754 1873 1825 periculis
1889 1754 2041 1809 colli-

2123 611 2312 650 sacras
2333 594 2552 658 missas,
2585 609 2714 647 cum
2744 591 3035 663 presbyter
3050 589 3361 644 dimitteret
3401 586 3708 652 ecclesiam,

2124 684 2480 757 exspectabat
2522 684 2700 738 donec
2727 698 2921 737 omnes
2974 680 3392 752 egrederentur,
3422 683 3489 733 ut
3515 677 3715 748 aliquis

2123 791 2254 829 eum
2295 779 2517 830 teneret
2543 773 2615 827 ad
2661 770 3133 827 manducandum.
3177 770 3302 823 Una
3336 784 3469 838 ergo
3498 767 3716 822 dierum

2122 864 2339 935 expleto
2359 869 2656 929 conventu,
2685 866 2817 916 ante
2837 877 3033 915 omnes
3053 875 3308 930 egressus
3355 862 3460 923 est,
3503 862 3562 910 et
3586 872 3714 910 cur-

2122 952 2282 1008 rebat
2300 953 2371 1007 ad
2388 952 2587 1007 cellam
2604 967 2765 1005 suam
2787 969 2798 1003 :
2825 966 2991 1021 quem
3020 949 3246 1003 intuens
3266 945 3558 1018 presbyter
3586 961 3716 999 cur-

2121 1046 2344 1097 rentem
2386 1042 2624 1096 miratus
2665 1045 2770 1094 est.
2815 1040 3067 1109 Cumque
3094 1041 3379 1092 transacta
3403 1034 3718 1105 septimana

2122 1131 2371 1185 venisset
2408 1131 2584 1185 frater
2620 1130 2714 1183 ille
2743 1129 2803 1182 in
2842 1128 3130 1183 collectam
3172 1124 3437 1189 ecclesiae,
3479 1123 3615 1178 dicit
3665 1122 3720 1176 ei

2123 1220 2418 1293 presbyter
2447 1237 2461 1276 :
2493 1220 2593 1275 Dic
2629 1218 2789 1284 mihi,
2820 1218 3012 1282 frater,
3044 1216 3193 1288 quod
3233 1231 3428 1269 verum
3454 1219 3558 1279 est,
3593 1229 3718 1283 qua:

2121 1326 2292 1365 causa
2318 1310 2425 1364 fuit
2450 1308 2597 1362 circa
2623 1313 2698 1375 te,
2714 1306 2810 1379 qui
2828 1324 2928 1377 per
2945 1322 3140 1361 omnes
3169 1304 3395 1376 quidem
3414 1306 3717 1358 conventus

2121 1399 2366 1454 ecclesiae
2394 1398 2726 1452 remanebas
2752 1396 2985 1451 ultimus
3010 1394 3283 1460 omnium,
3306 1394 3366 1447 in
3393 1391 3718 1447 collectione

2120 1492 2310 1542 autem
2329 1486 2612 1559 praeterita
2642 1491 2773 1540 ante
2802 1500 2997 1540 omnes
3013 1499 3272 1554 egressus
3313 1498 3371 1536 es
3385 1482 3410 1536 Ἰ
3426 1480 3531 1535 Cui
3543 1480 3722 1535 frater

2119 1575 2216 1632 ille
2240 1576 2561 1648 respondit:
2581 1575 2726 1640 Quia
2751 1573 3103 1628 abstinebam
3129 1588 3202 1627 ne
3229 1571 3371 1626 mihi
3397 1585 3715 1641 coquerem,

2122 1670 2179 1719 et
2204 1665 2330 1720 ideo
2350 1664 2737 1736 exspectabam
2766 1669 2833 1719 ut
2861 1662 3067 1734 aliquis
3094 1678 3184 1716 me
3212 1664 3433 1716 teneret
3452 1659 3525 1713 ad
3552 1674 3718 1712 man-

2121 1754 2458 1809 ducandum.
2476 1754 2579 1809 Illa
2602 1770 2736 1809 vero
2768 1753 3020 1817 collecta,
3053 1750 3384 1822 priusquam
3397 1748 3643 1803 venirem
3660 1747 3721 1803 in

438 1842 600 1908 gunt,
621 1838 756 1892 dum
768 1838 931 1909 plura
952 1840 1261 1907 lucrentur,
1284 1842 1527 1913 plurima
1545 1843 1964 1914 concupiscunt,
1986 1849 2043 1898 et
2058 1833 2103 1893 Β
2121 1842 2432 1909 ecclesiam,
2474 1842 2598 1897 coxi
2646 1841 2786 1896 mihi
2834 1840 3103 1912 pusillum
3139 1837 3436 1902 lenticulae,
3484 1836 3724 1906 ideoque

441 1926 741 1997 praesentia
789 1927 1016 1998 quidem
1046 1934 1316 2000 tanquam
1363 1931 1505 1985 nihil
1541 1932 1881 1987 existimant.
1926 1934 2042 1987 Nos

439 2029 571 2069 vero
589 2015 907 2070 necessaria
931 2033 1033 2089 pro
1051 2017 1256 2073 timore
1282 2019 1386 2076 Dei
1413 2020 1704 2076 renuimus
1734 2020 2039 2092 possidere.

511 2104 602 2158 25.
625 2104 778 2160 Dixit
807 2122 1002 2160 senex:
1019 2107 1124 2171 Qui
1142 2107 1201 2162 in
1227 2109 1418 2164 anima
1446 2126 1551 2164 sua
1579 2110 1910 2165 memoriam
1928 2127 2043 2164 ma-

366 2194 373 2203 '
439 2190 576 2247 litize
600 2192 759 2264 ligat,
779 2194 977 2249 similis
1002 2200 1089 2250 est
1116 2196 1304 2267 ignem
1332 2197 1482 2252 inter
1508 2199 1699 2270 paleas
1716 2199 2037 2254 occultanti.

514 2278 602 2338 26.
634 2282 787 2338 Dixit
839 2284 1069 2355 quidam
1097 2302 1299 2340 senex:
1338 2287 1397 2342 Si
1426 2287 1495 2341 de
1526 2288 1639 2342 vita
1668 2294 1880 2343 aeterna
1931 2304 2047 2343 ser-

442 2386 669 2426 monem
680 2372 942 2444 cuiquam
965 2374 1123 2442 facis,
1136 2375 1226 2430 dic
1238 2375 1470 2431 verbum
1481 2377 1733 2432 audienti
1753 2360 1881 2432 etim
1901 2394 2048 2432 com-

440 2460 744 2532 punctione
774 2468 833 2517 et
858 2463 1124 2535 lacrymis
1147 2483 1160 2531 ;
1194 2464 1446 2537 alioquin
1474 2482 1588 2520 non
1615 2466 1788 2533 dicas,
1808 2466 2046 2521 neinve-

441 2549 617 2604 niaris
641 2549 877 2618 inutilis,
910 2552 1108 2607 alienis
1132 2553 1316 2608 verbis
1338 2555 1479 2609 alios
1509 2556 1725 2610 salvare
1753 2556 2043 2611 festinans.

440 2638 726 2694 Peccatori
742 2656 988 2713 namque
1008 2642 1147 2696 dixit
1165 2643 1343 2698 Deus:
1360 2644 1544 2708 Quare
1554 2649 1619 2699 tu
1642 2645 2045 2716 enarrasjusti-

442 2727 553 2782 tias
584 2744 757 2796 meas,
785 2735 843 2785 et
872 2731 1115 2785 assumis
1162 2736 1566 2788 testamentum
1603 2750 1794 2788 meum
1838 2751 1940 2805 per
1981 2751 2045 2790 os

443 2820 606 2872 tuum
638 2818 802 2886 (Psal.
833 2819 987 2889 xmx)
1005 2818 1032 2872 ?
1062 2819 1162 2877 Dic
1189 2837 1321 2891 ergo
1346 2839 1357 2875 :
1386 2822 1553 2877 Canis
1585 2822 1862 2889 sum,imo
1891 2824 2045 2878 canis

445 2905 647 2960 melior
659 2911 743 2960 est
764 2922 874 2973 me,
896 2912 1127 2979 propter
1146 2909 1294 2980 quod
1306 2915 1365 2964 et
1382 2916 1537 2965 amat
1547 2911 1838 2966 dominum
1859 2929 2044 2980 suum,

447 3000 502 3049 et
531 2994 603 3049 ad
626 2995 902 3066 judicium
940 3013 1054 3052 non
1075 3003 1163 3053 est
1191 3003 1476 3054 venturus.

515 3083 607 3139 27.
641 3085 1015 3155 Interrogavit
1040 3088 1270 3157 quidam
1300 3088 1474 3143 frater
1502 3089 1798 3157 seniorem,
1820 3091 2044 3147 dicens:

2125 1936 2515 1987 consummato
2542 1947 2700 1985 sacro
2728 1928 2999 2001 mysterio
3030 1931 3160 1983 ante
3198 1942 3393 1981 omnes
3419 1924 3582 1980 exivi.
3609 1924 3725 1979 Au-

2124 2020 2284 2075 diens
2297 2025 2490 2075 autem
2502 2020 2619 2075 haec
2639 2018 2950 2091 presbyter,
2964 2016 3119 2071 dedit
3133 2015 3461 2071 mandatum
3474 2014 3535 2068 in
3554 2013 3726 2068 eccle-

2123 2110 2226 2175 sia,
2260 2109 2452 2164 dicens
2481 2110 2765 2171 :Fratres,
2793 2113 3099 2178 antequam
3134 2104 3373 2160 veniatis
3408 2103 3481 2158 ad
3541 2102 3724 2159 eccle-

2121 2197 2220 2253 siae
2259 2198 2571 2264 collectam,
2605 2196 2828 2269 coquite
2873 2195 3027 2252 vobis
3055 2194 3323 2267 pusillum
3364 2198 3623 2257 cocturae,
3657 2199 3726 2247 ut

2125 2290 2259 2352 ω
2274 2291 2309 2351 ι
2359 2291 2589 2358 propter
2609 2286 2747 2340 illud
2766 2302 2894 2341 cum
2922 2284 3213 2341 alacritate
3233 2281 3509 2338 festinetis
3535 2296 3725 2336 recur-

2128 2390 2253 2430 rere
2274 2374 2333 2429 in
2363 2375 2517 2430 cellis
2537 2375 2753 2429 vestris.

2199 2463 2288 2520 32.
2343 2464 2514 2519 Venit
2555 2463 2857 2535 aliquando
2891 2462 3064 2533 judex
3098 2460 3344 2532 regionis
3390 2459 3631 2529 alicujus
3664 2457 3725 2513 in

2128 2553 2414 2623 provincia
2429 2552 2646 2607 abbatis
2664 2551 2929 2607 Pastoris.
2952 2550 3255 2605 Venientes
3284 2554 3474 2605 autem
3498 2547 3727 2602 habita-

2125 2646 2278 2698 tores
2306 2641 2412 2696 loci
2438 2641 2588 2696 illius
2616 2644 2956 2711 rogaverunt
2972 2638 3251 2705 abbatem,
3282 2644 3348 2694 ut
3373 2637 3598 2693 veniens
3626 2653 3724 2691 ro-

2124 2735 2286 2802 garet
2314 2747 2465 2785 eum.
2483 2730 2590 2795 Qui
2603 2730 2741 2784 dixit
2757 2728 3049 2785 eis:Sinite
3078 2744 3169 2783 me
3199 2735 3314 2783 tres
3343 2727 3482 2792 dies,
3514 2732 3573 2780 et
3589 2730 3731 2781 tunc

2128 2819 2309 2875 venio.
2343 2820 2537 2875 Oravit
2561 2836 2694 2890 ergo
2714 2835 2882 2874 senex
2895 2818 2968 2873 ad
3007 2817 3329 2882 Dominum,
3352 2817 3543 2871 dicens
3567 2833 3578 2868 :
3611 2815 3731 2870 Do-

2129 2909 2302 2976 mine,
2336 2909 2454 2964 noli
2483 2908 2622 2962 mihi
2634 2909 2768 2962 dare
2780 2908 2924 2963 hanc
2940 2905 3209 2978 gratiam;
3231 2905 3479 2977 alioquin
3502 2920 3619 2959 non
3634 2919 3730 2959 me

2130 2999 2461 3070 permittent
2485 2998 2740 3053 homines
2760 2997 2953 3052 sedere
2980 2997 3038 3051 in
3068 2997 3188 3052 loco
3217 2999 3343 3052 isto.
3378 2993 3622 3049 Veniens
3643 3008 3731 3047 er-

2132 3104 2204 3158 go
2224 3104 2394 3142 senex
2423 3086 2659 3158 rogabat
2671 3086 2937 3157 judicem.
2965 3088 3040 3140 At
3064 3086 3158 3140 ille
3186 3085 3327 3140 dixit
3348 3084 3487 3139 :Pro
3507 3084 3729 3137 latrone

447 3172 737 3237 Quomodo
753 3174 944 3229 anima
957 3175 1826 3245 diligitimmunditiam?Dicitei
1838 3180 2043 3236 senior:
2066 3192 2109 3252 ο
2130 3193 2320 3247 rogas,
2344 3176 2486 3231 abba
2506 3176 2780 3231 ?Gavisus
2802 3181 2888 3230 est
2907 3180 3098 3230 autem
3125 3190 3316 3241 senex,
3343 3173 3473 3245 quia
3498 3187 3613 3226 non
3631 3170 3733 3225 ob.

446 3261 653 3316 Anima
672 3262 898 3335 quidem
915 3266 1235 3335 corporales
1256 3266 1590 3338 plerumque
1609 3268 1890 3324 desiderat
1916 3286 2045 3341 pas-

445 3350 653 3414 siones,
675 3351 774 3406 sed
801 3352 1034 3423 spiritus
1074 3354 1175 3408 Dei
1211 3360 1315 3421 est,
1346 3356 1443 3427 qui
1471 3372 1597 3410 eam
1626 3358 1853 3412 retinet.
1887 3359 2048 3414 Flere

447 3456 580 3511 ergo
606 3440 967 3508 debemus,et
981 3443 1370 3498 immunditias
1399 3451 1623 3500 nostras
1653 3447 1944 3502 attendere
1962 3448 2049 3502 di-

443 3528 703 3599 ligenter.
736 3531 939 3585 Vidisti
960 3532 1216 3596 Mariam,
1238 3534 1731 3604 quemadmodum,
1755 3553 1884 3591 cum
1903 3553 1963 3591 se
1978 3538 2050 3592 ad

447 3618 767 3690 sepulcrum
782 3620 1006 3675 Domini
1020 3621 1361 3689 inclinasset,
1398 3628 1456 3678 et
1481 3624 1663 3690 ﬂeret,
1680 3624 1896 3680 vocavit
1922 3642 2049 3680 eam

447 3706 721 3763 Dominus
747 3726 761 3775 ;
791 3708 871 3763 sic
890 3709 998 3765 erit
1017 3715 1075 3765 et
1107 3711 1330 3765 animae.

517 3794 607 3854 28.
641 3797 1016 3869 Interrogavit
1042 3799 1218 3855 frater
1241 3801 1521 3856 seniorem
1551 3820 1562 3855 :
1602 3802 1748 3867 Quid
1772 3808 2046 3876 suntpec-

447 3884 617 3940 cata?
637 3885 784 3940 Dicit
801 3887 853 3941 ei
874 3903 1073 3943 senex:
1116 3889 1352 3945 Peccata
1379 3895 1511 3945 sunt
1545 3907 1671 3945 cum
1721 3892 1890 3947 homo
1945 3909 2049 3948 sua

447 3974 653 4029 delicta
679 3976 833 4030 velut
859 3976 999 4030 nihil
1035 3977 1366 4049 despiciens,
1395 3980 1535 4034 alios
1560 3980 1759 4035 docere
1788 3987 2043 4038 conatur.

447 4063 754 4136 Pr0pterea
781 4064 916 4119 dicit
938 4066 1248 4124 Dominus:
1276 4069 1602 4140 Hypocrita,
1634 4070 1773 4141 ejice
1803 4071 2048 4142 primum

444 4151 665 4207 trabem
694 4153 765 4208 de
785 4154 945 4208 oculo
965 4159 1083 4223 tuo,
1108 4162 1165 4210 et
1178 4161 1314 4210 tunc
1333 4156 1543 4212 videbis
1564 4158 1767 4228 ejicere
1780 4158 2049 4215 festucam

446 4242 516 4297 de
538 4242 697 4297 oculo
720 4241 912 4295 fratris
931 4241 1016 4296 tui
1042 4244 1255 4311 (Matth.
1286 4245 1403 4316 vn).

517 4329 607 4388 29.
670 4331 1044 4402 Interrogavit
1099 4332 1275 4388 frater
1302 4335 1581 4390 seniorem
1614 4355 1626 4390 :
1663 4336 1807 4401 Quid
1858 4355 2043 4410 agam,

446 4420 595 4493 quod
622 4419 846 4475 animus
867 4437 1029 4477 meus
1071 4422 1133 4477 in
1187 4439 1359 4495 parvo
1387 4424 1577 4479 labore
1608 4442 1699 4481 me
1736 4429 1994 4483 vulnerat
2019 4428 2047 4483 ?

2129 3266 2301 3321 tinuit
2341 3266 2489 3337 apud
2526 3265 2776 3336 judicem
2808 3264 3072 3335 gratiam,
3104 3280 3276 3335 quam
3315 3261 3637 3335 postulavit,
3669 3264 3731 3316 et

2130 3355 2210 3411 sic
2242 3355 2411 3409 rediit
2437 3355 2496 3408 in
2516 3354 2713 3408 cellam
2744 3370 2926 3409 suam.
3385 3399 3397 3408 ,

2204 3442 2292 3501 33.
2326 3443 2598 3499 Dicebant
2625 3443 2874 3497 seniores
2892 3459 2905 3498 :
2922 3442 3065 3506 Quia
3079 3441 3301 3513 quando
3311 3438 3561 3496 intrabat
3573 3439 3732 3510 Moy-

2132 3550 2220 3589 ses
2248 3533 2307 3587 in
2327 3532 2493 3598 nube,
2533 3548 2663 3587 cum
2715 3532 2831 3586 Deo
2878 3530 3240 3602 loquebatur;
3274 3529 3497 3601 quando
3533 3533 3728 3583 autem

2132 3622 2317 3677 exibat
2342 3623 2411 3676 de
2436 3621 2603 3688 nube,
2634 3637 2762 3675 cum
2784 3621 2990 3692 populo
3013 3638 3024 3674 :
3048 3620 3127 3675 sic
3141 3624 3199 3676 et
3219 3618 3730 3688 monachus,quan-

2130 3712 2202 3766 do
2237 3711 2296 3766 in
2329 3711 2468 3765 cella
2507 3727 2611 3764 sua
2656 3715 2762 3777 est,
2791 3724 2920 3764 cum
2957 3710 3072 3764 Deo
3107 3708 3395 3779 loquitur;
3428 3706 3722 3778 egrediens

2128 3804 2317 3856 autem
2336 3800 2407 3854 de
2429 3800 2587 3865 cella,
2620 3815 2748 3854 cum
2770 3797 3117 3853 daemonibus
3145 3802 3249 3852 est.

2200 3887 2288 3946 34.
2339 3888 2507 3943 Venit
2555 3888 2783 3959 quidam
2838 3887 3160 3941 adolescens
3204 3886 3277 3941 ad
3319 3883 3577 3941 abbatem
3604 3882 3726 3939 Ila-

2129 3978 2365 4044 cerium,
2387 3982 2453 4032 ut
2476 3982 2774 4032 sanaretur
2799 3993 2835 4052 a
2862 3975 3154 4032 daemonio.
3187 3976 3257 4030 Et
3286 3974 3421 4029 dum
3435 3977 3578 4029 esset
3591 3973 3733 4029 toris

2131 4073 2305 4131 stans,
2328 4084 2456 4122 ecce
2484 4066 2708 4121 advenit
2719 4065 2947 4137 quidam
2961 4065 3136 4120 frater
3148 4064 3220 4119 de
3234 4063 3344 4119 alio
3364 4062 3728 4129 monasterio,

2131 4162 2189 4212 et
2200 4156 2500 4211 concubuit
2510 4156 2570 4210 in
2581 4160 2873 4226 peccatum
2893 4170 3021 4209 cum
3036 4154 3388 4209 adolescente
3398 4152 3512 4207 illo.
3529 4152 3732 4221 Egres-

2132 4263 2226 4301 sus
2255 4252 2445 4301 autem
2490 4260 2661 4300 senex
2690 4243 2880 4299 cernit
2908 4243 3143 4298 fratrem
3195 4242 3357 4297 illum
3404 4243 3729 4312 peccantem

2130 4353 2258 4391 cum
2287 4334 2517 4407 parvulo
2546 4334 2664 4399 illo,
2684 4338 2744 4387 et
2774 4348 2887 4387 non
2908 4348 3038 4387 eum
3060 4331 3384 4403 increpavit,
3415 4330 3627 4386 dicens:
3667 4328 3732 4384 Si

2129 4424 2298 4491 Deus,
2332 4423 2428 4495 qui
2460 4422 2758 4494 plasmavit
2791 4438 2905 4489 eos,
2929 4421 3144 4487 videns,
3166 4418 3492 4491 patientiam
3516 4417 3574 4471 in
3609 4415 3729 4471 illis

444 4509 593 4565 Dicit
610 4508 662 4564 ei
685 4526 854 4565 senex
873 4526 884 4560 :
900 4511 1027 4566 Non
1050 4511 1324 4568 miramur
1342 4514 1568 4586 Joseph,
1592 4532 1719 4571 cum
1737 4522 1886 4572 esset
1907 4535 2049 4589 puer
2072 4512 2115 4570 D
2132 4512 2347 4581 habuit,
2381 4513 2479 4583 qui
2507 4512 2557 4566 si
2583 4512 2765 4577 vellet,
2800 4509 3129 4565 incenderet
3144 4524 3258 4576 eos,
3283 4522 3386 4578 ego
3423 4505 3543 4578 quis
3570 4522 3724 4573 sum,

446 4598 505 4654 in
558 4600 819 4672 Egypto,
846 4600 905 4655 in
942 4605 1094 4657 terra
1121 4602 1427 4658 colentium
1452 4604 1604 4659 idola
1635 4624 1647 4659 :
1686 4607 2035 4677 quemadmo-

447 4687 581 4744 dum
592 4689 934 4745 tentationes
950 4690 1184 4747 viriliter
1202 4692 1455 4763 pertulit,
1476 4698 1535 4747 et
1552 4694 1701 4749 Deus
1711 4696 2046 4766 glorificavit

445 4794 578 4834 eum
605 4794 783 4851 usque
812 4779 873 4833 in
909 4780 1101 4838 finem.
1146 4781 1450 4836 Videamus
1511 4788 1569 4836 et
1625 4783 1732 4838 Job
1782 4786 1931 4856 quod
1985 4802 2045 4842 se

445 4882 624 4939 usque
644 4867 704 4922 in
734 4868 905 4923 finem
928 4886 1042 4924 non
1070 4870 1406 4925 relaxaverit
1429 4870 1638 4927 timens
1665 4874 1865 4943 Deum,
1897 4875 2046 4929 unde

449 4972 579 5011 eum
606 4958 795 5012 nullus
832 4974 866 5011 a
903 4974 1001 5029 spe
1032 4958 1133 5013 Dei
1172 4975 1396 5014 movere
1425 4961 1734 5031 praevaluit.

517 5043 606 5103 30.
637 5046 1027 5117 Interrogatus
1065 5052 1152 5102 est
1177 5047 1367 5103 senior
1392 5064 1427 5102 a
1456 5050 1698 5121 quodam
1727 5050 2004 5107 militante
2031 5070 2042 5105 :

448 5135 507 5192 Si
534 5135 684 5191 Deus
707 5135 906 5208 recipit
931 5136 1319 5208 poenitentem.
1355 5138 1463 5203 Qui
1492 5156 1618 5195 cum
1640 5157 1769 5195 eum
1795 5140 2051 5212 pluribus

445 5225 777 5282 aedificasset
806 5225 1179 5293 sermonibus,
1219 5232 1507 5299 postremo
1537 5228 1619 5284 ait
1646 5229 1718 5283 ad
1747 5246 1878 5284 eum
1910 5248 1922 5283 :
1950 5230 2053 5286 Dic

438 5315 597 5381 mihi,
615 5314 995 5383 dilectissime,
1025 5317 1072 5371 si
1099 5316 1351 5389 chlamys
1372 5322 1472 5372 tua
1487 5317 1767 5372 conscissa
1791 5318 1882 5386 sit,
1926 5335 2052 5390 pro-

438 5403 564 5474 jicis
586 5404 753 5459 eam?
775 5405 881 5470 Qui
903 5405 1248 5477 respondens
1270 5406 1353 5461 ait
1375 5424 1388 5461 :
1421 5407 1566 5472 Non,
1594 5406 1692 5461 sed
1740 5407 2050 5463 resarciens

444 5497 670 5548 utorea.
701 5494 851 5549 Dicit
874 5495 946 5549 ad
978 5511 1108 5550 eum
1146 5495 1337 5550 senior
1358 5511 1371 5546 :
1392 5495 1450 5550 Si
1477 5511 1610 5565 ergo
1639 5499 1701 5550 tu
1713 5497 1893 5568 parcis
1920 5513 2047 5569 pro-

446 5580 567 5652 prio
622 5584 978 5638 vestimento.
1010 5586 1157 5639 Deus
1184 5584 1272 5640 sui
1301 5583 1535 5655 imagini
1586 5600 1699 5639 non
1734 5585 1989 5657 indulget
2015 5587 2044 5642 ?

518 5668 536 5704 ¹
568 5669 890 5728 Mirandum
925 5671 1156 5730 Macarii
1203 5673 1502 5746 judicium,
1534 5688 1649 5729 non
1678 5673 2035 5733 imitandum.

2129 4603 2224 4674 qui
2245 4618 2481 4673 arguam
2515 4618 2610 4656 eos
2642 4601 2660 4635 ¹
2684 4600 2708 4654 7

2188 4682 2285 4747 ’35.
2313 4690 2584 4747 Dicebant
2601 4690 2671 4744 de
2685 4689 2875 4760 aliquo
2899 4702 3052 4754 sene,
3075 4685 3207 4758 quia
3218 4685 3278 4741 in
3290 4684 3575 4739 inferiores
3594 4697 3728 4753 par-

2127 4786 2211 4836 tes
2232 4780 2459 4852 AEgypti
2483 4778 2713 4834 sedebat
2736 4777 2980 4850 quietus,
3014 4780 3073 4830 et
3097 4791 3244 4831 unus
3272 4771 3547 4829 saecularis
3577 4770 3723 4826 ﬁde-

2124 4870 2197 4927 lis
2221 4868 2579 4925 ministrabat
2598 4869 2668 4922 ei.
2690 4866 2941 4937 Contigit
2953 4869 3145 4919 autem
3175 4867 3242 4918 ut
3272 4863 3422 4918 filius
3443 4861 3589 4917 illius
3613 4877 3725 4916 sae-

2129 4958 2331 5015 cularis
2360 4958 2769 5013 infirmaretur:
2787 4954 2885 5026 qui
2905 4953 3148 5009 multum
3172 4951 3406 5023 rogabat
3416 4966 3623 5014 senem,
3654 4953 3727 5005 ut

2130 5048 2359 5104 veniens
2401 5052 2590 5102 oraret
2616 5061 2717 5117 pro
2768 5059 2964 5116 puero.
3017 5043 3264 5113 Surgens
3302 5056 3520 5112 quoque
3554 5055 3724 5094 senex

2132 5137 2271 5193 abiit
2289 5154 2417 5193 cum
2444 5137 2585 5209 ipso.
2633 5136 2987 5189 Praecurrens
3027 5135 3219 5186 autem
3246 5130 3361 5196 ille,
3384 5145 3610 5186 securus
3641 5128 3725 5183 in~

2132 5226 2325 5283 troivit
2350 5225 2409 5295 in
2429 5226 2659 5281 domum
2696 5238 2879 5289 suam,
2924 5218 3115 5274 dicens
3149 5240 3162 5274 :
3190 5218 3387 5273 Venite
3413 5218 3472 5273 in
3507 5217 3722 5273 obviam

2132 5315 2381 5370 solitario
2423 5315 2526 5372 illi.
2587 5313 2795 5367 Videns
2834 5315 3025 5365 autem
3054 5324 3150 5362 eos
3200 5324 3369 5363 senex
3391 5306 3609 5378 alonge
3636 5322 3722 5361 ex-

2132 5409 2328 5460 euntes
2354 5420 2482 5458 cum
2502 5400 2876 5474 lampadibus,
2903 5397 3163 5468 cognovit
3192 5397 3325 5468 quia
3346 5395 3449 5450 sibi
3473 5396 3721 5450 venirent

2131 5497 2192 5551 in
2219 5510 2510 5551 occursum
2545 5512 2558 5562 ;
2586 5498 2643 5547 et
2666 5506 2876 5545 exuens
2902 5487 3237 5542 vestimenta
3275 5503 3395 5553 sua,
3429 5485 3582 5540 misit
3628 5485 3720 5539 illa

2126 5587 2185 5642 in
2215 5583 2465 5653 flumine,
2494 5588 2552 5639 et
2570 5580 2931 5654 coepitlavare
2956 5593 3043 5645 ea,
3060 5580 3215 5632 stans
3235 5575 3448 5633 nudus.
3471 5574 3720 5632 Minister
