3934 6376
236 310 376 370 1021

1345 318 1587 376 VERBA
1625 319 2023 378 SENIORUM.
2062 322 2405 380 NOTATIO.

3383 319 3519 380 1022

224 441 421 492 autem
447 437 573 508 ejus
602 437 697 494 ille
717 438 893 496 laicus
921 440 1169 503 erubuit.
1197 443 1387 499 videns
1426 461 1558 500 eum
1595 446 1889 515 nudum;A
1907 449 2133 504 Cessate
2155 450 2296 521 jam.
2338 448 2407 503 Et
2438 463 2563 502 ecce
2597 452 2764 503 erant
2792 446 3066 520 manipuli
3093 446 3293 503 messis
3320 446 3513 503 tritici.

223 530 287 580 et
316 526 534 597 rogavit
561 527 816 584 homines
853 530 997 599 illos,
1025 531 1244 587 dicens:
1282 534 1667 602 Revertimini,
1701 536 1834 607 quia

221 631 398 670 senex
442 615 550 671 iste
587 623 775 673 mente
822 620 1084 687 excessit;
1118 622 1461 693 veniensque
1507 624 1578 678 ad
1617 641 1826 691 senem,

218 704 369 759 dixit
395 704 447 759 ei
482 723 494 759 :
527 705 674 770 Quid
713 708 817 762 hoc
854 708 1079 763 fecisti?
1113 710 1321 766 Omnes
1351 712 1504 766 enim
1534 713 1825 769 dicebant:

220 791 372 858 Quia
396 794 735 851 daemonium
764 797 934 853 habet
953 816 1121 854 senex
1150 800 1269 856 iste.
1301 801 1408 865 Qui
1432 802 1573 857 dixit
1601 820 1612 854 :
1638 802 1711 857 Et
1729 820 1831 875 ego

217 882 480 938 volebam
500 884 605 939 hoc
627 885 843 942 audire.

296 971 385 1028 36.
443 974 938 1046 Interrogaverunt
981 979 1210 1050 quidam
1267 980 1516 1035 seniores
1566 980 1824 1036 abbatem

216 1061 537 1129 Pastorem,
582 1064 831 1120 dicentes
856 1086 867 1119 :
906 1067 963 1122 Si
992 1068 1297 1123 viderimus
1317 1069 1561 1141 aliquem
1591 1069 1825 1126 fratrem

217 1155 569 1221 peccantem,
618 1168 920 1224 arguemus
969 1158 1144 1213 eum?
1172 1156 1486 1228 Respondit
1531 1159 1611 1213 eis
1657 1159 1827 1214 abbas

218 1239 457 1293 Pastor:
484 1239 599 1311 Ego
622 1241 851 1298 interim
876 1244 923 1298 si
943 1262 1168 1300 necesse
1192 1252 1278 1301 est
1298 1247 1537 1301 transire
1555 1265 1654 1318 per
1674 1248 1824 1315 inde,

218 1332 280 1381 et
310 1326 498 1383 videro
527 1347 656 1385 eum
687 1339 1028 1402 peccantem,
1081 1342 1369 1407 praetereo,
1404 1344 1461 1390 et
1489 1353 1602 1391 non
1650 1354 1828 1408 arguo

221 1432 356 1471 eum
375 1434 386 1469 :
402 1418 501 1473 sed
519 1419 653 1490 quia
680 1422 950 1493 scriptum
976 1430 1061 1478 est
1085 1442 1096 1477 :
1125 1425 1258 1489 Qua:
1276 1425 1534 1480 viderunt
1550 1427 1696 1481 oculi
1720 1427 1823 1496 tui,

221 1506 316 1560 his
345 1507 731 1564 testimonium
763 1511 991 1583 perhibe
1017 1516 1198 1585 (Prov.
1228 1518 1385 1583 xxv):
1421 1515 1545 1570 ideo
1575 1533 1678 1586 ego
1706 1516 1828 1571 dico

217 1594 401 1663 vobis,
438 1597 572 1667 quia
600 1598 780 1654 sinon
804 1602 1162 1673 palpaveritis
1191 1603 1452 1658 manibus
1483 1606 1706 1670 vestris,
1731 1623 1831 1662 no-

218 1683 324 1739 lite
353 1686 662 1741 testiﬁcari.
693 1689 1008 1760 Aliquando
1035 1693 1187 1747 enim
1216 1693 1444 1763 quidam
1465 1693 1640 1748 frater
1660 1696 1828 1750 sedu-

1914 539 2158 610 Ideoque
2196 538 2309 592 dixi
2332 536 2504 601 vobis,
2533 537 2644 592 nisi
2660 541 2719 591 et
2746 537 3005 592 manibus
3031 536 3234 592 vestris
3253 537 3518 609 palpave-

1914 627 2057 694 ritis,
2078 628 2251 681 nolite
2281 626 2588 681 testificari.

1986 715 2074 773 37.
2109 716 2381 772 Dicebant
2415 716 2484 769 de
2511 716 2753 787 quodam
2794 715 2987 781 fratre,
3026 715 3160 787 quia
3184 713 3415 769 sedebat
3457 714 3517 770 in

1914 823 2123 873 eremo,
2157 812 2215 861 et
2236 804 2609 860 seducebatur
2628 821 2661 858 a
2690 805 3035 860 daemonibus
3064 821 3165 877 per
3193 820 3370 859 annos
3387 804 3514 875 plu-

1910 897 2102 961 rimos,
2156 897 2275 967 ipse
2307 912 2437 950 vero
2478 894 2852 961 existimabat,
2901 895 3034 966 quia
3083 894 3269 964 angeli
3308 897 3513 948 essent.

1908 984 2320 1055 Egrediebatur
2343 988 2534 1039 autem
2575 988 2737 1054 pater
2765 984 2887 1054 ejus
2928 982 3242 1037 secundum
3286 997 3514 1037 carnem

1908 1091 2009 1146 per
2025 1081 2264 1146 tempus,
2283 1078 2341 1128 et
2355 1073 2615 1128 visitabat
2630 1091 2780 1131 eum.
2794 1075 2918 1129 Una
2934 1079 3122 1127 autem
3144 1071 3363 1125 dierum
3381 1070 3515 1125 tulit

1909 1163 2209 1235 bipennem
2252 1179 2461 1228 secum,
2496 1163 2683 1217 dicens
2723 1182 2734 1216 :
2768 1163 2913 1227 Quia
2949 1168 3236 1217 revertens
3273 1161 3512 1215 afferam

1911 1253 2050 1308 mihi
2080 1269 2259 1323 pauca
2290 1252 2461 1322 ligna.
2504 1251 2572 1305 Et
2602 1252 2945 1322 praeveniens
2994 1268 3142 1305 unus
3171 1250 3510 1315 daemonum,

1911 1342 2049 1397 dixit
2071 1342 2140 1395 ad
2170 1341 2350 1395 ﬁlium
2380 1341 2501 1410 ejus
2536 1356 2547 1391 :
2597 1339 2738 1393 Ecce
2775 1340 3030 1393 diabolus
3076 1338 3229 1392 venit
3261 1338 3333 1391 ad
3361 1342 3419 1391 te
3451 1337 3511 1390 in

1912 1430 2340 1486 similitudinem
2377 1429 2554 1501 patris
2580 1429 2685 1497 tui,
2717 1428 2931 1483 habens
2959 1427 3261 1499 bipennem
3277 1425 3337 1479 in
3359 1441 3513 1497 spor-

1910 1526 1970 1575 ta
2007 1536 2125 1585 sua,
2163 1526 2227 1574 ut
2254 1519 2547 1591 impugnet
2576 1522 2633 1573 te
2666 1536 2677 1571 :
2710 1523 2774 1573 tu
2805 1534 2938 1588 ergo
2986 1515 3347 1588 praeveniens,
3379 1513 3513 1568 tolle

1908 1609 2211 1681 bipennem
2230 1608 2299 1663 ab
2330 1625 2414 1673 eo,
2441 1615 2497 1662 et
2526 1623 2778 1679 repugna
2797 1607 2976 1661 illum.
3003 1605 3186 1675 Igitur
3212 1609 3372 1675 pater
3392 1603 3513 1672 ejus

1909 1700 2062 1753 venit
2098 1698 2407 1753 secundum
2434 1696 2916 1761 consuetudinem,
2951 1699 3009 1748 et
3036 1693 3315 1764 accipiens
3360 1692 3510 1746 ﬁlius

222 1778 352 1828 ctus
374 1779 460 1829 est
478 1776 536 1829 in
554 1776 939 1847 hujuscemodi
960 1786 1111 1847 re,et
1137 1782 1399 1853 apparuit
1419 1782 1469 1836 ei
1501 1783 1660 1855 quasi
1679 1785 1827 1856 quod
1848 1767 1893 1826 Β
1911 1788 2087 1860 ipSius
2117 1786 2413 1859 bipennem
2436 1784 2505 1839 ab
2534 1785 2674 1856 ipso,
2707 1782 2983 1857 percussit
3014 1798 3163 1848 eum,
3196 1786 3252 1835 et
3289 1780 3511 1835 occidit.

223 1861 405 1917 frater
433 1864 662 1937 quidam
689 1884 815 1922 cum
843 1869 1075 1925 muliere
1104 1878 1377 1942 peccaret.
1412 1872 1519 1936 Qui
1544 1889 1671 1927 cum
1693 1875 1834 1929 mul-

224 1956 353 2008 tum
368 1953 444 2006 im
447 1962 797 2025 pugnaretur
808 1973 842 2012 a
855 1959 1308 2028 cogitationibus,
1326 1962 1579 2016 existima
1589 1979 1654 2017 ns
1667 1962 1833 2019 simul

228 2058 329 2098 eos
356 2042 527 2111 coire,
575 2043 714 2099 abiit
764 2050 822 2101 et
848 2048 1091 2119 pulsavit
1132 2065 1227 2103 eos
1256 2050 1397 2121 pede
1426 2067 1548 2117 suo,
1589 2051 1780 2108 dicens
1816 2072 1827 2107 :

1914 1877 1985 1931 Et
2011 1876 2275 1931 continuo
2304 1874 2539 1930 adhznsit
2567 1874 2617 1929 ei
2645 1873 2879 1946 spiritus
2900 1870 3200 1942 malignus,
3231 1875 3289 1925 et
3307 1869 3509 1924 oil'oca-

1916 1965 1997 2020 vit
2022 1981 2172 2020 eum.

1487 2167 1873 2225 ROSWEYDI
1921 2168 2259 2226 NOTATIO.

306 2258 602 2341 “ﬁt”
644 2261 1041 2341 [Incardiruamj
1085 2264 1551 2341 ItauParisiensis
1580 2266 1753 2341 editio
1779 2273 1836 2322 et

231 2326 342 2414 Ms.
368 2329 775 2414 Aquicinctin.;
800 2332 896 2414 sed
910 2326 1103 2414 Germ.
1121 2335 1313 2414 editio,
1329 2339 1835 2414 incag'dz'ugntLug-

232 2399 448 2479 dunen.
459 2439 473 2464 ,
494 2404 831 2479 incordfum.
848 2406 1070 2479 Annon
1090 2406 1247 2479 idem
1266 2407 1415 2477 quod
1438 2408 1644 2479 Graecis
1666 2399 1835 2479 ἐγκαῗρ-

230 2471 382 2550 Btov?
410 2473 558 2550 quod
586 2474 836 2550 medium
873 2476 1144 2550 cujusque
1174 2471 1422 2550 reifhseu
1451 2478 1677 2533 interna
1700 2471 1835 2550 pars

232 2488 342 2524 οων
358 2488 381 2524 r
408 2488 558 2596 quoa
586 2488 836 2528 medium
873 2492 1144 2547 cujusque
1174 2494 1275 2539 rei,
1324 2495 1422 2532 seu
1451 2488 1677 2533 interna
1705 2497 1835 2550 pars

232 2548 297 2628 et
317 2543 862 2629 me'ullanc-uj‘usque
882 2547 1039 2629 ligni,
1074 2550 1222 2629 quod
1248 2548 1361 2629 alio
1384 2550 1839 2629 nomineAdicitur

232 2615 516 2739 ἓῖἷὲἓιὲόνη.
554 2615 639 2670 Sit.
674 2616 764 2670 hic
803 2615 1054 2687 ἑγχάρδιον
1084 2615 1144 2673 in
1172 2621 1377 2691 palma.
1415 2621 1556 2674 Vide
1590 2622 1837 2676 Onoma-

294 2755 380 2837 .(_‘2)
427 2758 568 2824 Quia
600 2759 926 2837 striatam]
970 2758 1294 2837 Vide‘dhicta
1320 2778 1511 2837 supra,
1553 2762 1696 2818 libro
1723 2782 1740 2818 ι
1765 2765 1836 2819 ad

232 2827 433 2905 Vitam
456 2829 635 2905 sancti
670 2827 923 2905 Antonii,
953 2847 1074 2902 cap.
1120 2830 1209 2905 37,
1242 2827 1409 2887 num.-
1433 2832 1519 2899 78,
1556 2837 1835 2905 quomodo

236 2900 510 2981 quadam.
530 2900 680 2955 inter
708 2899 1048 2972 baptismum
1088 2909 1148 2957 et
1196 2903 1512 2975 ingressum
1548 2899 1836 2977 religionis

232 2975 316 3024 Sit
344 2971 673 3026 snmihtudo.

319 3039 399 3113 (3)
422 3042 572 3117 Unus
595 3047 941 3117 peregrinus.
969 3049 1018 3097 ct
1044 3060 1191 3117 unus
1217 3047 1608 3117 z'nchor-is.]lta
1628 3049 1760 3103 Mss.
1780 3055 1838 3104 et

234 3114 779 3187 veteresgeditiones.
814 3116 922 3169 Pro
958 3116 1220 3182 inc-horis,
1267 3114 1599 3173 Parisiensis
1640 3121 1831 3187 editio,

238 3187 447 3239 incola.
468 3185 623 3240 Bona
642 3186 868 3259 quidem
892 3193 978 3259 est
997 3203 1067 3259 ea
1084 3187 1491 3259 interpretatio,
1516 3190 1612 3244 sed
1644 3185 1839 3245 auctor

237 3272 382 3330 usus
412 3261 498 3330 est
518 3256 1013 3330 voce’Graacanica,
1048 3256 1293 3330 ἑγχωρῆς.
1328 3260 1418 3313 Sic
1440 3260 1497 3314 in
1523 3262 1695 3316 sacris
1728 3262 1838 3317 Lit-

238 3327 402 3393 teris,
456 3328 823 3383 Ecclesiastici
852 3346 940 3389 xx,
974 3327 1143 3383 Homo
1172 3327 1414 3394 cie/Laris,
1446 3336 1608 3399 quasi
1644 3335 1838 3399 fabula

240 3389 414 3454 vana.
444 3399 590 3453 Male
618 3400 678 3454 in
707 3400 840 3454 edit.
866 3400 1179 3475 Coloniensi
1207 3407 1264 3455 et
1292 3389 1527 3475 Speculo
1548 3389 1899 3475 Exémplo—C

240 3487 376 3526 rum
402 3476 685 3540 postremo
704 3471 1010 3542 recognito,
1032 3475 1096 3525 in
1131 3471 1491 3527 choris.”Vide
1527 3471 1843 3530 Onomasti-

242 3558 376 3596 con.

324 3608 397 3681 (4)
422 3614 523 3686 [lle
551 3611 821 3686 impius]
850 3613 989 3667 Vide
1013 3613 1164 3686 dicta
1192 3615 1262 3668 ad
1301 3614 1491 3669 Vitam
1520 3617 1697 3670 sancti
1730 3617 1838 3671 Pa-

242 3682 458 3765 chomii
486 3700 605 3755 cap.
639 3684 730 3765 39,
766 3682 923 3739 num.
967 3685 1081 3765 39,‘
1106 3686 1385 3757 quomodo
1432 3688 1722 3758 sepultura
1772 3688 1844 3743 ad

242 3756 542 3829 praemium
572 3756 657 3810 vel
695 3772 917 3829 pgenam
936 3756 1217 3829 conferat.

322 3828 399 3894 (5)
454 3826 709 3893 συνίοηί
734 3828 904 3881 Varia
933 3828 1023 3881 hic
1055 3828 1220 3883 lectio
1249 3833 1389 3891 erat,
1423 3835 1487 3883 ut
1516 3829 1743 3884 difﬁcile
1772 3831 1846 3885 sit

242 3914 445 3952 verum
473 3913 677 3952 nomen
697 3915 911 3953 eruere.
927 3900 1260 3955 Parisiensis
1282 3901 1575 3954 Hz'stirion.
1604 3902 1705 3955 Ms.
1727 3903 1845 3956 Au-

243 3969 468 4051 domar:
499 3969 725 4051 0‘3/‘1‘2'911,
760 3986 929 4051 quam
952 3971 1182 4051 [πίθῃ-ξ.
1216 3972 1277 4051 id
1306 3987 1511 4051 nomen
1536 3972 1733 4051 militis
1760 3990 1847 4051 oc-

244 4041 428 4095 currit
451 4041 511 4094 in
528 4041 929 4111 Martyrologio
952 4042 1111 4096 Rom.
1126 4044 1309 4107 Bedae,
1333 4043 1593 4109 Usuardi,
1614 4045 1841 4111 Adonis,

243 4112 281 4193 ξ)
305 4111 513 4193 Martii,
547 4112 642 4182 qui
661 4112 1306 4193 .SebastzenLicinio‘iinp.
1332 4114 1563 4193 allectus
1586 4122 1671 4193 est
1702 4132 1847 4169 mar-

246 4183 421 4255 tyrio.
454 4183 596 4256 Item
625 4183 769 4238 alius
810 4185 875 4238 14
908 4185 1067 4238 Febr.
1106 4183 1288 4239 ofﬁcio
1316 4184 1627 4256 presbyter,
1655 4187 1848 4241 laurea

246 4254 488 4327 martyr
516 4254 685 4327 idque
732 4256 1097 4310 Alexandriae.
1136 4256 1301 4311 Forte
1320 4254 1420 4309 hic
1462 4254 1582 4327 ipsc
1633 4264 1843 4324 noster,

249 4326 433 4397 quiin
466 4326 665 4397 Scythi
678 4327 825 4396 apud
850 4327 1247 4381 Alexandriam
1277 4326 1430 4381 vixit.
1456 4326 1685 4395 Rufﬁn.,
1707 4330 1848 4385 libro

247 4412 292 4472 gr
313 4396 458 4450 Hist.
466 4437 487 4465 ,
502 4412 623 4467 cap.
647 4396 698 4463 8,
734 4398 1054 4472 Scyrionem
1077 4401 1415 4455 monachum
1442 4398 1612 4454 habet
1634 4400 1691 4454 in
1709 4402 1851 4472 Ape-

249 4468 520 4540 lioteisuo
550 4472 801 4540 tempore
831 4469 1188 4523 monachum.

327 4539 413 4593 Ad
427 4539 586 4623 ‘hanc
604 4539 803 4623 senum
832 4541 1248 4623 pradictionem
1275 4540 1531 4623 respicit,
1550 4546 1613 4595 ut
1631 4542 1849 4623 Opinor,

249 4610 581 4667 Theodorus
606 4610 1016 4667 Alexandrinus
1043 4612 1215 4666 abbas
1230 4610 1381 4678 apud
1404 4610 1777 4682 Sophronium
1794 4613 1852 4668 in

251 4682 427 4738 Prato
441 4682 631 4754 Spirit.
643 4723 656 4749 ,
675 4699 796 4754 cap.
817 4684 881 4737 54
903 4700 914 4735 :
938 4704 959 4734 ι
981 4683 1265 4749 Venimus,
1284 4682 1468 4752 inquit
1483 4684 1848 4754 Sophronius,

252 4758 454 4825 postea
479 4753 896 4809 Theremithem
924 4754 996 4808 ad
1023 4754 1282 4809 abbatem
1303 4753 1658 4809 Theodorum
1686 4756 1841 4810 Alex-

1918 2269 2027 2323 lius
2078 2273 2286 2333 noster,
2339 2268 2545 2331 nomia,
2592 2281 2626 2319 a
2672 2267 2843 2336 νέμω;
2888 2263 3038 2319 unde
3079 2280 3222 2332 νομοι
3265 2265 3342 2336 et_
3367 2278 3514 2330 νομαί

1917 2332 2327 2411 Egyptiorum,
2352 2342 2415 2391 ut
2441 2332 2790 2411 intelligatur
2826 2342 2979 2390 certa
3007 2339 3172 2411 terra:
3201 2332 3402 2411 portio.

1991 2407 2147 2481 WfEt
2166 2412 2457 2481 minutiae
2474 2407 2648 2477 hinc]
2662 2408 2906 2481 Verbum
2933 2408 3155 2481 minare
3176 2407 3512 2481 usurpatum

1917 2473 2457 2537 non'ecclesiasticis
2502 2473 2725 2532 tantum
2768 2476 3151 2549 scriptoribus,
3188 2475 3285 2528 sed
3319 2473 3509 2527 etiam

1917 2552 2188 2624 profanis.
2223 2551 2360 2605 Vide
2393 2551 2684 2624 Onomast.

1992 2623 2059 2693 (8)
2097 2623 2443 2691 Temporibus
2465 2620 2741 2693 Julianu],
2763 2619 2837 2693 Ds
2866 2623 3093 2693 auctore
3124 2618 3273 2671 necis
3301 2614 3513 2693 ,Ιᾳῇᾳηί

1917 2687 2072 2750 varia
2092 2687 2383 2749 auctorum
2400 2692 2617 2746 relatio.
2641 2687 2781 2744 Vide
2803 2689 3110 2744 Baronium
3137 2693 3290 2742 torno
3313 2687 3385 2742 lV
3406 2687 3517 2740 An-

1918 2768 2033 2837 nal,
2057 2766 2278 2837 copiose
2306 2765 2409 2837 hac
2428 2764 2497 2817 de
2527 2780 2587 2837 re
2614 2768 2896 2837 agentem.

1992 2828 2252 2918 (_9)Aﬂor.‘]
2301 2836 2504 2918 frater
2542 2828 2785 2889 Joannes
2822 2832 3039 2918 Maria,‘
3074 2830 3344 2918 magister
3372 2828 3517 2918 sacri

1921 2902 2139 2986 Palatii,
2158 2902 2405 2986 iniudice
2426 2902 3210 2986 librorumfxpurgandorum
3331 2904 3515 2954 notat:

1918 2981 2024 3035 Hic
2053 2985 2138 3034 est
2165 2979 2257 3032 ille
2280 2978 2359 3032 Or
2382 2977 2679 3031 haereticus
2696 2972 3037 3045 Ori'genista,
3063 2974 3224 3045 cujus
3247 2972 3520 3045 Hierony-

1918 3068 2044 3105 mus
2074 3049 2330 3104 meminit
2350 3049 2421 3102 ad
2449 3048 2891 3118 Ctesiphontem,
2909 3061 3075 3118 quem
3094 3061 3194 3118 pro
3220 3047 3414 3118 sancto
3427 3058 3459 3095 ο

1917 3123 2145 3176 trudere
2184 3125 2416 3174 conatus
2446 3126 2532 3173 est
2565 3112 2896 3172 miserabilis
2924 3112 3220 3185 Evagrius;
3256 3112 3518 3185 quocirca

1918 3193 2131 3247 umbrae
2158 3191 2430 3245 virtutum
2450 3192 2573 3260 ejus
2601 3190 2660 3242 in
2691 3194 2916 3260 ventum
2937 3185 3215 3241 abierunt.
3234 3185 3516 3238 Hactenus

1918 3264 2032 3318 ille.
2053 3266 2127 3317 At
2152 3277 2263 3316 non
2287 3258 2603 3323 Evagrium,
2642 3259 2740 3313 sed
2771 3258 3058 3312 Rufﬁnum
3080 3262 3367 3311 auctorem
3398 3271 3521 3308 esse

1920 3334 2049 3389 libri
2078 3349 2119 3388 ιι
2139 3334 2207 3387 de
2235 3332 2377 3386 Vitis
2400 3326 2660 3395 Patrum,
2688 3330 2748 3383 in
2770 3331 2929 3400 cujus
2958 3328 3140 3399 capite
3158 3328 3194 3379 2
3221 3326 3433 3400 mentio
3454 3326 3520 3380 ﬁt

1922 3409 2035 3480 Hor
2049 3406 2255 3480 vel_0r,
2287 3403 2449 3480 docui
2476 3402 2596 3480 f_us_e_
2626 3397 3299 3480 prqlegomeu‘ogenerali
3319 3397 3368 3453 4.

1995 3476 2097 3545 (10)
2134 3467 2504 3543 ισυίιτόηεντι.)
2553 3467 2647 3528 Ιιεί
2687 3467 2814 3545 Mss:
2848 3476 2907 3545 et
2950 3467 3292 3545 Parisiensis
3320 3467 3518 3545 editio.

1926 3538 2333 3618 Editi'quidam
2369 3538 2677 3618 lebct'oncnji,
2703 3543 2801 3597 alii
2833 3544 3139 3618 lebitonem.
3163 3540 3334 3618 Vario
3355 3538 3523 3618 modo

1924 3609 2141 3673 nomen
2162 3618 2268 3671 hoc
2304 3616 2511 3671 Graecis
2540 3615 2810 3685 scriptum
2839 3619 2897 3668 et
2919 3613 3148 3679 elatum,
3182 3611 3332 3666 unde
3358 3615 3416 3665 et
3459 3609 3519 3664 in

1925 3690 2127 3745 Latino
2155 3688 2467 3743 diversitas.
2499 3686 2637 3741 Vide
2662 3685 3081 3740 Onomasticon.

2002 3761 2109 3829 (li)
2124 3762 2191 3815 In
2207 3761 2504 3826 Raythum,
2522 3759 2763 3829 abigunt
2780 3769 2888 3829 cxx
2908 3757 3129 3829 arbores
3145 3750 3521 3829 3411119711;sz

1926 3822 2314 3901 Meno'logium
2327 3831 2353 3883 1
2363 3830 2391 3883 4
2409 3827 2677 3899 januarii,
2692 3827 2761 3881 de
2776 3825 3117 3901 Martyribus
3132 3822 3268 3901 43in
3282 3822 3485 3878 Raitho
3505 3840 3518 3877 :

1930 3921 1955 3954 «
1988 3903 2094 3958 Ubi
2123 3896 2252 3956 sunt
2286 3915 2360 3955 xu
2388 3896 2569 3954 fontes
2602 3905 2659 3952 et
2696 3914 2799 3952 Lxx
2838 3896 3065 3951 arbores
3121 3896 3457 3967 palmarum,
3496 3911 3519 3944 ι

1928 3990 2050 4055 quae
2086 3973 2145 4055 in
2176 3971 2400 4055 Menaeis
2421 3971 2501 4024 ita
2523 3971 2712 4024 Graace
2742 3969 3044 4055 habentur.
3062 3965 3325 4055 Iri—sacris
3344 3965 3523 4055 Litte-

1926 4036 2004 4099 ris
2042 4045 2356 4108 palmarum
2381 4044 2581 4096 harum
2607 4041 2819 4095 mentio
2846 4046 2931 4094 est
2952 4038 3123 4093 Exodi
3146 4055 3231 4101 xv,
3250 4053 3359 4108 quo
3380 4036 3523 4108 allu-

1929 4116 2011 4172 dit
2033 4107 2190 4170 divus
2222 4115 2616 4185 Hieronymus,
2652 4112 2902 4185 epistg'i,
2938 4110 3009 4164 ad
3035 4107 3365 4185 Rusticum:
3398 4126 3428 4185 ¢_
3458 4107 3527 4160 Et

1927 4188 2077 4241 inter
2091 4189 2405 4258 palmarum
2426 4181 2654 4239 arbores
2669 4181 2910 4255 myrrha:
2924 4181 3240 4237 amaritudo
3252 4183 3529 4235 monstra-

1929 4265 1989 4313 ta
2020 4265 2121 4312 est.
2156 4276 2178 4308 ο

2006 4329 2111 4399 (12)
2137 4329 2425 4399 Macario.]
2438 4328 2639 4382 Frater
2668 4326 2913 4399 Joannes
2933 4323 3112 4379 Maria
3129 4322 3532 4399 Brasichellen-

1930 4394 2027 4465 sis,
2065 4394 2160 4471 qui
2190 4416 2379 4472 supra,
2408 4394 2501 4472 hic
2543 4403 2704 4453 notat
2735 4415 2749 4450 :
2784 4397 3197 4472 Circumspecte
3232 4394 3355 4463 lege
3386 4394 3531 4472 hanc

1932 4473 2001 4526 de
2018 4463 2219 4525 cranio
2240 4463 2277 4525 εἰ
2291 4463 2534 4526 Macario
2550 4472 2772 4539 reperto
2796 4463 3178 4539 narrationem
3199 4482 3213 4529 ;
3231 4480 3361 4518 nam
3379 4463 3530 4535 quod

1933 4559 2065 4597 cum
2080 4543 2296 4614 placitis
2319 4537 2780 4621 theologiaa'haud
2807 4543 2956 4620 recte
2985 4537 3278 4615 cohaereat,
3304 4540 3368 4588 ut
3390 4550 3529 4659 ago-

1935 4614 2145 4668 crvnha
2172 4629 2208 4667 a
2232 4612 2425 4667 multis
2464 4612 2734 4668 reiicntur.
2767 4609 2907 4663 Vide
2930 4607 3355 4668 Bellarmmum,
3382 4606 3424 4659 11
3464 4621 3529 4660 ro

1936 4631 1965 4668 c
2073 4629 2145 4668 na
2172 4629 2208 4667 a
2232 4629 2425 4667 multis
2464 4629 2734 4682 rejlcuur.
2779 4629 2907 4663 V108
2930 4629 3355 4668 Deuurwmuui,
3384 4629 3529 4660 ιιυιύ

1936 4630 2099 4739 nryge
2148 4683 2501 4755 Purgatorio,
2536 4698 2655 4755 cap.
2705 4678 2797 4734 18.
2827 4677 3253 4755 __Sed_eamdem
3291 4676 3529 4755 explicat

1935 4761 2161 4810 sanctus
2187 4747 2430 4809 Thomas
2449 4755 2508 4807 in
2537 4767 2589 4806 1v
2603 4747 2786 4816 Sent.,
2809 4750 2939 4804 dist.
2962 4749 3052 4814 45,
3077 4765 3131 4816 q.
3157 4748 3208 4809 2,
3236 4753 3343 4803 art.
3372 4748 3426 4811 2,
3458 4747 3530 4801 ad

250 4818 579 4879 imdrinum.
616 4824 827 4896 Aitque
855 4825 1014 4880 nobis
1039 4843 1207 4880 senex
1228 4865 1240 4878 .
1264 4825 1465 4889 Filioli,
1501 4826 1737 4880 multam
1767 4830 2005 4884 re-DIv.
2043 4827 2283 4881 Consule
2310 4826 2527 4881 Sixtum
2558 4822 2817 4886 Sensus,
2854 4825 3049 4876 annot.
3073 4818 3162 4886 45,
3199 4818 3294 4876 lib.
3320 4836 3354 4873 v
3382 4818 3527 4874 Bibl.

252 4896 797 4968 verahperdiderunt
838 4897 1139 4968 Scythiotaa
1176 4896 1435 4968 monachi
1463 4898 1627 4967 juxta
1654 4914 1855 4953 senum

253 4966 696 5040 praedictionem.
720 4966 944 5040 Credite
973 4968 1123 5022 enim
1153 4967 1312 5031 mihi,
1339 4966 1625 5040 filii,quia
1651 4985 1857 5039 magna

255 5038 386 5094 erat
410 5038 655 5121 charitas
683 5039 832 5121 apud
877 5040 1212 5111 Scythiotas,
1258 5055 1464 5109 magna
1493 5038 1848 5109 abstinentia,

255 5126 471 5179 magna
503 5109 763 5165 discretio
777 5155 789 5167 .

335 5183 402 5251 (6)
424 5183 615 5235 Meterc
642 5199 769 5236 cum
795 5198 852 5253 co
880 5187 1075 5250 septem
1099 5184 1523 5253 nomina.]Quae
1548 5184 1664 5238 haec
1686 5187 1861 5238 nomi-

258 5269 357 5319 na,
392 5268 503 5306 non
525 5252 662 5324 satis
686 5252 865 5324 capio.
900 5253 958 5307 Si
984 5253 1210 5308 Graecus
1240 5252 1462 5309 adesset
1481 5260 1681 5318 textus,
1716 5255 1860 5310 forte

256 5323 714 5395 lucemgaliquam
734 5323 977 5379 afferret.
1009 5325 1174 5395 Apud
1204 5325 1495 5395 Pelagium
1523 5326 1708 5379 libello
1725 5341 1854 5393 xvn,

256 5411 419 5468 num.
445 5393 517 5450 20
546 5393 610 5447 τί·
647 5396 1026 5467 Susceperunt
1052 5393 1268 5450 certum
1297 5393 1539 5467 spatium
1570 5398 1861 5468 sexaginta

257 5466 601 5539 modiorum,
663 5466 1167 5539 quodimeterent.
1229 5489 1254 5516 ››
1304 5466 1468 5539 Apud
1519 5466 1806 5523 Ruffmum
1837 5512 1852 5533 ,

260 5554 435 5610 supra
468 5535 565 5611 lib.
596 5552 657 5604 ιι,
678 5535 812 5609 cap.
852 5535 934 5603 18,
965 5538 1024 5592 in
1066 5535 1397 5611 Serapione:
1433 5540 1673 5611 thque
1706 5557 1770 5594 ex
1792 5557 1859 5596 ea

258 5608 521 5681 mercede
558 5608 857 5681 octogenos
903 5608 1287 5681 unusquisque
1334 5610 1549 5665 modios
1581 5608 1859 5666 'frumenti

259 5681 391 5753 plus
411 5680 601 5753 minus
642 5679 1023 5753 conquireret.
1068 5679 1332 5753 Nondum
1356 5686 1548 5736 tamen
1578 5698 1643 5737 ex
1671 5681 1759 5753 his
1788 5682 1856 5736 li-

263 5751 419 5825 quet,
453 5751 588 5824 quid
609 5751 723 5808 sint
740 5751 991 5809 nomina.
1014 5752 1362 5825 Suggerebat
1383 5754 1586 5810 Petrus
1608 5752 1858 5810 Larisae-

1936 4899 2221 4953 Hactenus
2251 4897 2363 4951 ille.

2010 4969 2312 5023 Historiam
2343 4968 2487 5021 hanc
2516 4965 2585 5019 de
2620 4963 2811 5019 cranio
2840 4964 2978 5019 citat
3015 4980 3080 5018 ex
3107 4963 3146 5017 l.
3184 4977 3238 5017 IV
3274 4962 3535 5017 Vitarum

1942 5041 2174 5095 Patrum
2204 5035 2949 5111 Dionysius‘Carthusianus,
2980 5034 3167 5089 libello
3195 5035 3273 5111 de_
3293 5040 3535 5104 quatuor

1940 5112 2273 5176 novissimis,
2307 5106 2415 5165 art.
2469 5108 2556 5163 5‘2.
2611 5107 2866 5162 Breviate
2909 5114 3118 5169 tamen,
3166 5106 3429 5160 amittens
3464 5119 3535 5158 ea

1944 5200 2066 5254 qua:
2094 5184 2183 5239 hic
2203 5183 2467 5237 dicuntur
2499 5180 2568 5254 de
2598 5179 2946 5254 relaxatione
2976 5193 3267 5254 poenarum
3293 5177 3531 5254 Adamna-

1943 5245 2149 5321 forum,
2177 5255 2362 5320 credo,
2397 5252 2545 5325 quod
2574 5268 2692 5305 rem
2732 5267 2865 5325 eam_
2888 5245 3036 5303 inter
3063 5247 3424 5325 scholasticos
3448 5245 3533 5299 vi-

1941 5326 2099 5380 deret
2125 5318 2363 5380 maxime
2376 5318 2808 5387 controversam,
2834 5320 2967 5374 dum
2991 5318 3224 5390 quisque
3248 5334 3369 5371 rem
3390 5318 3535 5372 hanc

1938 5397 2299 5452 interpretari
2324 5400 2575 5450 conatur.

2013 5415 2056 5452 Le
2126 5415 2299 5452 reteri
2324 5415 2575 5450 conatur.

2013 5415 2409 5535 Bgllarminus,
2448 5472 2600 5522 tomo
2621 5465 2964 5535 II,controv.
2994 5460 3186 5526 3,1.11,
3219 5459 3288 5535 de
3317 5459 3534 5535 Purgaj

1940 5540 2104 5605 torio,
2139 5557 2258 5611 cap.
2284 5540 2372 5604 18,
2399 5530 2751 5611 existimavit
2778 5549 2914 5611 eam_
2938 5548 3055 5611 re_m
3067 5530 3335 5611 ‘reperiri
3360 5606 3368 5611 _
3385 5531 3535 5611 apud

1941 5602 2123 5665 solum
2153 5602 2579 5671 Damascenum,
2613 5605 2863 5660 oratione
2883 5604 2952 5659 de
2978 5602 3296 5675 Defunctis;
3321 5606 3378 5657 et
3401 5602 3537 5675 quia

1939 5681 2035 5736 ille
2065 5699 2130 5736 ex
2160 5681 2397 5736 Palladii
2426 5676 2662 5734 historia
2693 5675 2967 5747 Lausiaca
2993 5674 3146 5742 citat,
3170 5673 3230 5729 in
3251 5673 3535 5747 quanunc

1937 5768 2054 5811 non
2075 5756 2273 5821 exstat,
2304 5748 2640 5809 existimavit
2667 5763 2789 5805 rem
2824 5746 3023 5804 falsam
3044 5750 3103 5803 et
3126 5744 3526 5819 apocrypham.
