3934 6376
197 497 3478 537 “ww

1061 677 1272 828 DE
1353 670 1824 828 VITIS
1905 669 2618 825 PATRUM

511 957 1407 1207 LIBER
1591 956 3162 1242 SEPTIMUS,

1737 1299 1930 1363 SIVE
3088 1348 3090 1352 -

846 1485 1570 1620 VERBA
1687 1480 2797 1620 SENIORUM

1114 1711 1570 1785 AUCTORE
1623 1709 1980 1785 GRZECO
2035 1709 2458 1785 INCERTO
2475 1765 2492 1796 ,

360 1890 1218 1984 INTERPRETE
1279 1891 2038 1988 PASCHASIO
2103 1891 2193 1986 S.
2271 1893 2390 1988 R.
2470 1892 2582 1985 Ε.
2661 1885 3312 1983 DIACONO.

1351 2225 2296 2328 PRZELUDIUM.

261 2472 458 2534 694
478 2467 630 2522 Nihil
651 2465 827 2522 habeo
851 2468 999 2539 quod
1019 2468 1149 2524 huic
1167 2468 1310 2524 libro
1333 2471 1692 2541 prmmittam,
1720 2474 1925 2542 praeter
1952 2471 2066 2537 iam
2085 2470 2235 2525 dicta
2264 2469 2321 2525 in
2343 2469 2739 2542 prolegomene
2761 2467 3011 2539 generali
3040 2467 3093 2534 9,
3116 2466 3213 2522 ubi
3229 2467 3471 2522 diximus

197 2561 485 2612 auctorem
510 2574 632 2611 esse
647 2574 894 2628 graecum
911 2557 1206 2625 incertum,
1227 2577 1392 2631 quem
1408 2560 1658 2614 nondum
1673 2559 1785 2614 vidi
1811 2576 1845 2612 a
1868 2575 2152 2631 quoquam
2176 2560 2487 2632 proditum;
2515 2564 2572 2613 et
2603 2559 3008 2629 Prolegomeno
3034 2555 3118 2625 14,
3155 2556 3252 2611 ubi
3271 2557 3341 2611 de
3368 2557 3479 2611 Pa-

203 2647 424 2702 schasio
463 2647 771 2719 interprete
810 2647 1220 2719 inquisivimus.

1487 2870 2190 3047 lprologus.

269 3165 515 3222 Domino
540 3165 844 3221 venerabili
873 3166 1019 3238 patri
1050 3166 1292 3222 Martino
1321 3164 1650 3237 presbytero
1681 3173 1738 3220 et
1767 3167 1958 3222 abbati
1988 3168 2341 3224 Paschasius.

268 3257 430 3311 Vitas
458 3258 691 3311 Patrum
722 3257 1042 3311 Graecorum
1071 3258 1151 3325 (ut
1171 3260 1391 3323 caetera)
1414 3255 1674 3310 facundia
1701 3257 1949 3311 studiose
1971 3258 2331 3329 conscriptas,
2357 3259 2600 3329 jussusa
2621 3263 2696 3324 te,
2725 3256 3075 3312 sanctissime
3101 3261 3280 3328 pater,
3298 3255 3356 3312 in
3377 3258 3482 3313 La-

201 3346 380 3401 tinum
409 3346 714 3401 transferre
738 3362 1072 3412 sermonem,
1104 3347 1163 3399 in
1190 3345 1433 3410 insolito,
1460 3344 1506 3398 si
1526 3345 1793 3413 licuisset,
1821 3363 1986 3416 opere
1999 3348 2330 3401 renuissem.
2355 3348 2550 3418 Neque
2573 3347 2722 3400 enim
2741 3361 2990 3416 unquam
3019 3345 3153 3416 quid
3178 3345 3363 3413 scribi,
3391 3346 3478 3401 vel

202 3435 327 3506 legi,
342 3437 428 3490 vel
441 3435 638 3489 excudi
659 3440 861 3506 potest,
880 3435 1104 3505 ingenio
1125 3442 1221 3489 aut
1243 3434 1584 3488 conscientia
1602 3435 1786 3489 cordis
1800 3436 2151 3506 prohibente.
2170 3436 2324 3490 Scire
2340 3436 2493 3490 enim
2515 3453 2605 3490 me
2620 3435 2767 3506 quod
2787 3435 2929 3489 nihil
2945 3433 3139 3499 sciam,
3163 3451 3276 3488 non
3298 3435 3480 3490 audeo

197 3523 399 3589 dicere,
433 3541 506 3578 ne
532 3523 765 3578 verbum
792 3524 896 3578 hoc
915 3523 1328 3594 sapientissimo
1351 3523 1568 3578 Socrati
1599 3525 1920 3595 surripiam.
1938 3525 2047 3579 Sed
2075 3525 2208 3596 quia
2229 3531 2328 3580 tua
2347 3527 2558 3598 pariter
2579 3542 2805 3580 necesse
2832 3530 2918 3579 est
2931 3524 3186 3595 jussione
3199 3529 3345 3587 utar,
3367 3541 3481 3580 non

200 3613 482 3682 gloriabor
501 3612 765 3692 ingenio;
797 3613 895 3667 sed
925 3614 1093 3667 fidem
1123 3630 1291 3684 quam
1322 3613 1422 3666 tibi
1449 3613 1622 3667 debeo
1649 3613 1818 3667 etiam
1841 3615 1899 3668 in
1929 3631 2097 3685 opere
2122 3613 2374 3684 injuncto
2400 3615 2919 3687 praestabo.Ve'rum
2947 3614 3080 3685 quia
3093 3614 3478 3685 eloquentium

201 3702 450 3757 virorum
480 3702 607 3756 libri
632 3707 765 3757 sunt
783 3703 1010 3773 plurimi
1037 3719 1295 3757 sermone
1325 3702 1522 3756 Latino
1540 3703 1857 3774 conscripti,
1881 3719 2121 3773 quorum
2154 3704 2407 3758 lectionis
2438 3711 2730 3776 expertum
2753 3721 2875 3758 esse
2894 3709 2952 3757 te
2981 3703 3152 3757 etiam
3183 3708 3474 3759 astruente

202 3791 487 3856 testiﬁcor,
517 3791 565 3844 si
594 3791 728 3862 quid
754 3791 822 3844 de
851 3791 961 3845 illis
990 3796 1089 3845 aut
1118 3791 1209 3844 hic
1239 3791 1513 3845 insertum
1542 3791 1684 3846 forte
1716 3793 2012 3864 repereris,
2037 3798 2231 3860 665
2259 3799 2324 3848 ut
2349 3794 2534 3848 minus
2552 3795 2840 3864 eleganter
2870 3809 3216 3864 expressum,
3241 3808 3312 3846 ne
3342 3809 3480 3848 mete

205 3881 376 3952 culpa:
394 3882 716 3952 deputetur,
743 3897 907 3935 exoro
931 3900 943 3946 ;
978 3880 1112 3952 quia
1139 3881 1282 3935 sicut
1303 3881 1359 3934 in
1386 3880 1518 3935 dato
1550 3881 1683 3935 mihi
1706 3880 1908 3936 Codice
1929 3883 2111 3954 reperi
2132 3899 2198 3937 ea
2219 3884 2443 3954 scripta,
2468 3884 2548 3938 sic
2568 3883 2850 3948 transtuli,
2878 3883 3007 3936 licet
3026 3898 3127 3936 nec
3139 3898 3206 3936 ea
3224 3881 3494 3937 studiose-

204 3986 366 4040 posse
393 3986 486 4024 me
515 3969 763 4040 proferre
783 3971 1068 4041 profiteor.
1093 3970 1252 4026 Unde
1266 3975 1442 4025 restat
1456 3977 1520 4025 ut
1539 3971 1688 4041 quod
1707 3977 1763 4025 te
1787 3972 2022 4042 jubente
2042 3972 2202 4044 cmpi,
2232 3978 2288 4027 te
2309 3977 2504 4026 orante
2523 3973 2810 4044 perﬁciam
2835 3990 2847 4026 :
2883 3988 3006 4042 qua:
3033 3977 3225 4025 tamen
3255 3971 3301 4025 si
3333 3972 3475 4026 scri-

204 4057 388 4113 benda
411 4059 740 4123 decreveris,
765 4065 830 4113 ut
842 4065 940 4114 tuo
954 4060 1130 4131 polire
1149 4077 1406 4114 sermone
1425 4060 1694 4131 digneris,
1715 4077 1970 4132 exposco.
1997 4061 2193 4132 Neque
2215 4061 2364 4116 enim
2387 4061 2523 4116 mihi
2540 4061 2777 4134 liquebit
2800 4061 3055 4133 quaedam
3067 4059 3343 4132 placuisse
3355 4059 3478 4129 tibi,

206 4147 254 4202 si
282 4165 396 4203 non
423 4153 482 4203 et
509 4148 701 4219 aliqua
732 4142 1084 4220 displicuisse
1112 4149 1488 4220 cognoverim.

674 4427 1523 4602 VERBA
1631 4422 3030 4694 _s_l__3__NlonUM.

710 4774 943 4830 CAPUT
988 4773 1310 4830 PRIMUM.
1825 4769 2245 4838 Acharitatem,
2279 4772 2336 4822 et
2363 4765 2760 4839 suscipientem
2789 4768 2908 4818 tam
2947 4763 3250 4820 monachos
3278 4765 3490 4820 multos

211 4863 414 4920 Contra
427 4865 887 4932 gastrimarg-iam
900 4865 1291 4919 devincean
1307 4868 1355 4917 et
1367 4863 1637 4917 desideria
1647 4866 1807 4932 gula.
1895 4877 2063 4932 quam
2110 4857 2402 4914 saeculares
2436 4875 2447 4911 :
2503 4857 2754 4910 Lucerna
2801 4853 3030 4926 quidem
3069 4854 3262 4910 multis
3319 4854 3486 4922 lucet,

279 4953 306 5007 1
321 4993 333 5007 .
359 4952 598 5018 Quidam
617 4951 813 5016 frater,
831 4953 1305 5024 quemadmodum
1329 4952 1388 5006 in
1418 4951 1558 5007 cella
1585 4953 1813 5024 propria
1895 4957 2142 5005 rostrum
2162 4953 2352 5002 tamen
2372 4946 2663 5018 proprium
2682 4945 2931 5000 incendit
2958 4947 3222 5015 (Append.
3245 4945 3485 5010 Pallad,

212 5041 413 5112 degere
453 5041 700 5108 deberet,
741 5041 1000 5096 abbatem
1033 5042 1276 5098 Sisoium
1305 5041 1596 5113 requisivit
1622 5041 1808 5111 {Ra/ﬁ,
1893 5057 1940 5096 c.
1970 5037 2058 5106 ‘20,
2097 5055 2154 5092 η.
2187 5035 2263 5108 9).

209 4273 3472 4304 W

215 5135 252 5185 ι.
276 5145 358 5197 III,
402 5147 462 5185 η.
494 5130 604 5199 44).
651 5131 754 5186 Cui
794 5132 1082 5203 respondit
1119 5131 1289 5186 abbas
1325 5131 1469 5186 Sisoi
1502 5149 1516 5187 :
1547 5131 1806 5198 Comede,
1966 5128 2018 5186 3.
2044 5128 2196 5183 Dixit
2222 5142 2367 5180 unus
2397 5142 2462 5180 ex
2492 5123 2754 5180 Patribus
2787 5143 2799 5179 :
2841 5123 2987 5190 Quia
3016 5122 3298 5178 invenitur
3323 5122 3490 5177 homo

215 5219 414 5291 inquit,
452 5237 652 5292 panem
681 5226 862 5284 tuum,
889 5229 946 5276 et
969 5222 1164 5288 salem,
1203 5227 1260 5275 et
1277 5238 1386 5276 non
1406 5220 1480 5275 sit
1497 5220 1600 5275 tibi
1621 5237 1814 5275 neces-
1897 5220 2139 5274 multum
2155 5215 2471 5282 comedens,
2494 5219 2552 5269 et
2575 5215 2758 5269 adhuc
2777 5214 3048 5279 esuriens,
3081 5212 3372 5267 continens
3395 5228 3489 5280 se;

219 5308 355 5364 sitas
379 5309 595 5379 aliquid
616 5311 979 5381 excoquendi,
1006 5317 1105 5365 aut
1133 5312 1355 5382 longius
1377 5309 1667 5380 evagandi.
1899 5309 2043 5363 alter
2057 5313 2245 5362 autem
2267 5303 2508 5360 comedit
2522 5321 2742 5376 parum,
2777 5309 2834 5358 et
2853 5303 3092 5358 satiatur
3107 5303 3297 5373 (Ilum,
3332 5303 3369 5355 ι.
3403 5313 3490 5369 ΠΙ,

283 5398 465 5452 Alteri
495 5415 717 5470 quoque
754 5400 902 5454 idem
934 5401 1262 5471 requirenti,
1299 5400 1590 5471 respondit
1620 5399 1817 5453 Daniel
1902 5416 1960 5453 η.
1993 5398 2099 5465 48ς
2133 5400 2338 5464 Pelag.,
2373 5397 2540 5450 libell.
2575 5411 2631 5460 x,
2663 5411 2720 5447 η.
2748 5391 2854 5449 991.
2890 5391 2995 5456 Qui
3025 5395 3213 5444 autem
3251 5391 3494 5447 multum

219 5487 515 5559 propheta,
547 5504 676 5543 cum
706 5489 880 5544 dixit:
915 5490 1127 5544 Panem
1157 5489 1566 5545 desideriorum
1591 5505 1703 5543 non
1723 5504 1818 5542 co-
1902 5487 2160 5551 comedit,
2193 5493 2249 5540 et
2274 5485 2458 5539 adhuc
2500 5483 2748 5538 esuriens
2796 5481 3046 5535 continet
3093 5497 3171 5547 se,
3220 5481 3498 5551 majorem

225 5575 376 5632 medi
401 5577 566 5648 (Dan.
596 5581 676 5649 x).
1904 5575 2220 5630 mercedem
2243 5571 2430 5640 habet,
2467 5587 2638 5644 quam
2665 5567 2767 5624 ille‘
2788 5569 2886 5641 qui
2915 5583 3116 5640 parum
3144 5567 3408 5640 comedit,
3439 5574 3501 5626 et

269 5664 349 5726 -2.
377 5665 530 5728 Dixit
551 5683 698 5727 unus
718 5685 890 5726 senex
916 5669 990 5726 ad
1026 5669 1267 5728 alterum
1296 5683 1491 5726 senem
1518 5666 1822 5724 habentem
1907 5665 2166 5722 satiatur.
