3934 6378
479 337 621 398 1027

1581 336 1676 393 DE
1713 336 1902 394 VITIS
1940 333 2238 392 PATRUM
2273 336 2489 395 LIBER
2526 339 2648 398 VII.

3619 355 3744 417 1028

542 465 593 520 4.
627 463 783 520 Dixit
818 463 1046 535 quidam
1076 477 1246 518 senex
1275 479 1288 517 :
1318 462 1404 518 Ne
1443 463 1594 534 quod
1637 463 2060 531 desideraveris,
2078 464 2130 523 A
2149 461 2326 527 Quem
2358 481 2488 520 cum
2539 467 2806 525 vidissent
2848 471 3052 528 fratres
3081 475 3325 550 alonge,
3366 481 3580 552 egressi
3619 491 3745 542 sunt

472 553 772 626 aliquando
785 553 1122 608 manduces:
1149 553 1376 607 comede
1397 558 1587 608 autem
1609 555 1758 624 quod
1772 554 2067 608 transmis-

470 659 595 697 sum
645 642 749 697 tibi
803 642 974 698 fuerit
1023 658 1059 696 a
1099 642 1362 710 Domino,
1394 647 1452 697 et
1497 643 1711 713 gratias
1740 660 1844 713 age
1877 645 2064 712 (Ra/7.,

467 735 506 786 ι.
537 745 624 798 ιιι,
657 747 717 786 η.
739 729 854 801 49.)

535 819 595 878 5.
609 819 850 885 Quidam
879 819 1056 876 frater
1075 819 1518 892 impugnabatur
1531 837 1565 875 a
1583 821 1785 892 spiritu
1809 821 2068 892 blasphe-

465 909 611 976 miae,
635 915 694 964 et
711 909 1077 965 erubescebat
1096 910 1312 978 dicere;
1345 915 1402 964 et
1425 927 1787 982 quoscunque
1815 911 2069 965 audisset

464 1015 698 1070 magnos
717 1016 898 1067 senes,
906 999 1180 1072 pergebat
1200 1000 1272 1054 ad
1287 1015 1382 1054 eos
1402 1004 1468 1054 ut
1487 1000 1599 1054 illis
1629 1001 1942 1054 declararet
1964 1018 1976 1068 ;
2010 1004 2070 1053 et

462 1105 592 1144 mox
635 1094 702 1145 ut
737 1089 1008 1161 pervenit,
1041 1087 1408 1144 erubescebat
1443 1089 1628 1144 dicere
1670 1091 1856 1158 (Ra/)2,
1891 1093 1930 1144 ι.
1979 1103 2060 1156 ιιι,

466 1195 524 1234 η.
561 1177 668 1250 57).
703 1179 846 1233 Cum
899 1183 1092 1233 tamen
1121 1178 1446 1249 frequenter
1475 1179 1547 1232 ad
1576 1177 1836 1232 abbatem
1876 1178 2064 1232 Pime-

459 1267 618 1322 nium
632 1267 1008 1331 veniret,vidit
1027 1283 1159 1322 eum
1176 1283 1345 1321 senex
1355 1266 1657 1321 habentem
1671 1267 2057 1338 cogitationes,

459 1361 517 1411 et
558 1356 701 1411 dixit
727 1356 778 1410 ei
816 1375 828 1410 :
872 1357 1009 1411 Ecce
1055 1356 1378 1428 frequenter
1414 1356 1568 1412 venis
1609 1355 1682 1410 ad
1720 1373 1810 1410 me
1851 1355 2062 1412 habens

457 1445 909 1516 cogitationes,et
933 1445 1012 1500 sic
1038 1445 1244 1500 iterum
1267 1461 1488 1500 remeas
1505 1445 1704 1511 tristis,
1731 1450 1917 1500 tecum
1936 1445 2061 1500 illas

457 1541 690 1607 portans
724 1553 736 1588 :
770 1534 858 1589 dic
883 1550 1038 1604 ergo,
1072 1535 1153 1589 ﬁli
1180 1534 1279 1602 mi,
1303 1533 1437 1606 quid
1463 1541 1548 1589 est
1575 1535 1724 1605 quod
1752 1533 1924 1590 habes
1944 1535 1968 1588 ?
1987 1535 2062 1590 At

459 1625 554 1679 ille
580 1624 756 1679 dixit:
790 1625 854 1679 In
883 1623 1235 1696 blasphemia
1259 1624 1557 1695 impugnat
1581 1641 1671 1678 me
1696 1623 1972 1691 diabolus,
2004 1629 2060 1679 et

458 1713 724 1769 erubesco
753 1713 956 1768 dicere.
989 1714 1061 1768 Et
1088 1729 1217 1768 mox
1239 1718 1304 1768 ut
1342 1713 1566 1784 aperuit
1601 1729 1850 1778 causam,
1883 1713 2060 1768 levior

2151 552 2369 608 obviam
2411 554 2500 623 ei;
2545 563 2602 612 et
2630 561 3015 634 unusquisque
3064 581 3297 636 sperans
3335 571 3484 641 quod
3512 574 3662 644 apud
3687 592 3741 630 se

2149 645 2424 707 maneret,
2455 643 2811 713 praeparabat
2852 663 2930 702 se.
2985 649 3054 703 Et
3100 650 3194 706 ille
3223 653 3514 724 requirens
3551 643 3741 715 cellam

2148 726 2456 800 Theopisti,
2490 731 2560 785 ad
2591 749 2720 787 eum
2744 735 3024 806 profectus
3044 745 3149 794 est.
3181 741 3434 815 Cumque
3460 761 3588 800 cum
3615 765 3744 818 gau-

2149 815 2242 870 dio
2262 817 2423 873 illum
2453 822 2807 894 suscepisset,
2842 831 2900 880 et
2919 833 3108 882 essent
3124 835 3361 902 uterque
3383 833 3504 901 soli,
3536 815 3672 891 dicit
3693 838 3744 893 ei

2149 903 2323 960 abbas
2351 908 2628 964 Macarius
2652 924 2664 959 :
2685 912 3174 976 Quemadmodum
3191 924 3378 975 tecum
3396 929 3500 990 est,
3536 924 3741 982 frater?

2147 995 2224 1049 At
2249 995 2344 1050 ille
2372 999 2661 1070 respondit
2685 1019 2698 1056 :
2720 1003 2953 1059 Interim
2977 1007 3324 1065 orationibus
3339 1012 3448 1066 tuis
3477 1012 3616 1069 bene
3635 1021 3736 1073 est.

2147 1083 2218 1138 Et
2240 1101 2408 1140 senex
2433 1087 2512 1141 ait
2538 1107 2548 1142 :
2575 1089 2702 1144 Non
2722 1096 2780 1145 te
2802 1092 3740 1172 impugnantﬁﬁﬁuogitationes?

2145 1172 2220 1226 At
2262 1173 2358 1228 ille
2397 1175 2480 1230 ait
2511 1195 2522 1230 :
2566 1177 2791 1234 Interea
2820 1179 2962 1237 bene
2989 1201 3137 1239 sum.
3187 1185 3561 1246 Erubescebat
3595 1193 3738 1248 enim

2144 1261 2348 1317 dicere.
2387 1264 2456 1319 Et
2485 1266 2623 1321 dicit
2651 1269 2703 1322 ei
2735 1286 2903 1326 senex
2937 1291 2948 1326 :
2985 1273 3124 1329 Ecce
3154 1283 3292 1347 quot
3325 1279 3490 1334 annis
3528 1297 3654 1336 sum
3684 1283 3740 1339 in

2144 1352 2468 1422 solitudine,
2501 1360 2559 1410 et
2584 1355 2655 1411 ab
2684 1359 2941 1416 omnibus
2970 1362 3250 1434 honoror;
3276 1374 3332 1420 et
3354 1366 3414 1422 in
3433 1368 3538 1423 hac
3557 1376 3738 1439 aetate,

2147 1457 2276 1496 cum
2291 1441 2398 1498 sim
2416 1461 2602 1512 senex,
2619 1449 2870 1504 molestae
2891 1456 3024 1506 sunt
3041 1453 3182 1508 mihi
3211 1455 3594 1526 cogitationes.
3604 1460 3739 1515 Res-

2141 1532 2342 1602 pondit
2363 1533 2720 1606 Theopistus,
2746 1543 2804 1592 et
2830 1539 2913 1595 ait
2937 1560 2950 1596 :
2987 1543 3184 1611 Crede,
3205 1544 3368 1613 abba,
3397 1549 3662 1618 quoniam
3683 1555 3737 1605 et

2141 1619 2300 1674 mihi.
2325 1621 2482 1676 Tunc
2501 1640 2670 1679 senex
2685 1625 2936 1698 singulas
2975 1631 3342 1702 cogitationes
3363 1636 3522 1706 quasi
3550 1654 3609 1692 se
3635 1639 3738 1694 im-

2139 1716 2456 1780 pugnantes
2484 1713 2751 1782 ﬁngebat,
2767 1732 3060 1790 usquequo
3080 1723 3440 1778 conﬁteretur
3451 1725 3534 1780 illi
3549 1732 3732 1782 totum

457 1803 582 1874 ejus
609 1801 960 1874 impugnatio
1006 1802 1286 1874 apparuit.
1320 1783 1393 1856 Et
1437 1801 1580 1856 dixit
1625 1801 1677 1856 ei
1723 1818 1894 1856 senex
1927 1821 1940 1856 ;
1972 1803 2057 1858 Ne
2082 1783 2490 1865 BTheopistus.
2517 1795 2655 1852 Post
2677 1798 2798 1854 haec
2827 1783 3163 1860 dixit-senex
3195 1825 3208 1860 :
3251 1808 3732 1873 Quemadmodum

457 1891 824 1958 contristeris,
841 1889 921 1946 ﬁli
945 1910 958 1945 :
984 1891 1208 1962 quando
1229 1891 1380 1946 enim
1395 1890 1514 1946 hac
1527 1891 1793 1961 cogitatio
1805 1891 2052 1958 advenit,

455 1981 543 2036 dic
567 2000 578 2036 :
602 1981 716 2052 Ego
737 1981 842 2036 hac
859 1996 1028 2035 causa
1049 1997 1190 2052 Opus
1206 1997 1320 2034 non
1339 1979 1520 2034 habeo
1543 1999 1556 2034 :
1577 1979 1930 2051 blasphemia
1955 1985 2057 2034 tua

454 2086 623 2142 snper
641 2070 801 2137 tesit,
823 2071 1081 2126 Satanas.
1117 2070 1274 2124 Hanc
1296 2069 1447 2124 enim
1476 2085 1703 2124 causam
1725 2069 1914 2123 anima
1941 2084 2056 2124 non

454 2161 574 2215 vult
604 2178 616 2213 :
650 2175 1046 2232 quamcunque
1068 2175 1295 2214 causam
1315 2158 1507 2213 anima
1533 2159 1796 2226 noluerit,
1824 2174 1938 2213 non
1957 2157 2056 2214 diu

449 2248 822 2322 permanebit.
852 2249 923 2303 Et
949 2249 1027 2303 ita
1059 2247 1234 2303 frater
1264 2247 1357 2302 ille
1386 2247 1660 2302 discessit.

516 2338 571 2394 6.
604 2337 764 2393 Dixit
781 2337 954 2392 abbas
988 2338 1208 2410 Moyses
1239 2356 1250 2392 :
1289 2337 1396 2392 Per
1418 2337 1518 2392 has
1549 2341 1793 2408 quatuor
1815 2353 1904 2391 res
1934 2337 2051 2408 pol-

448 2428 680 2485 lutionis
707 2427 894 2500 passio
921 2427 1177 2498 gignitur
1206 2445 1218 2480 :
1265 2444 1366 2499 per
1393 2425 1798 2481 abundantiam
1826 2443 1963 2480 escae
1992 2431 2052 2481 et

445 2525 632 2592 potus,
665 2523 724 2572 et
748 2517 1066 2572 satietatem
1096 2517 1298 2584 somni,
1331 2533 1433 2588 per
1461 2515 1640 2571 otium
1668 2520 1726 2569 et
1747 2516 1958 2586 jocum,
1993 2520 2051 2571 et

445 2605 660 2660 ornatis
686 2603 934 2659 vestibus
960 2604 1268 2659 incedendo
1293 2607 1484 2676 (Ra/72,
1518 2608 1555 2660 ι.
1586 2619 1671 2672 ιιι,
1707 2621 1766 2658 η.
1798 2601 1911 2669 58).

518 2695 570 2751 7.
594 2695 750 2749 Idem
767 2693 935 2748 dixit:
957 2694 1250 2765 Corporea:
1263 2694 1454 2748 multze
1474 2699 1608 2748 sunt
1625 2693 1934 2765 passiones.
1977 2694 2049 2750 Et

445 2779 584 2838 dicit
607 2782 660 2837 ei
688 2783 896 2837 frater:
923 2782 994 2836 Et
1034 2799 1156 2854 quae
1183 2788 1333 2849 sunt,
1361 2781 1542 2836 abba?
1587 2783 1658 2837 At
1681 2782 1774 2836 ille
1811 2799 2046 2854 respon-

445 2872 530 2926 dit
556 2890 568 2926 :
603 2871 748 2936 Quia
769 2871 978 2927 Paulus
1001 2873 1289 2942 apostolus
1317 2871 1454 2927 dicit
1478 2890 1489 2924 :
1524 2870 1840 2926 Fornicatio
1861 2877 1919 2926 et
1933 2871 2044 2927 im-

444 2961 744 3029 munditia,
776 2961 866 3015 vel
895 2960 1078 3015 omnis
1106 2960 1381 3032 cupiditas
1412 2977 1514 3016 nec
1533 2961 1933 3016 nomineturin
1959 2979 2045 3017 vo-

444 3050 548 3118 bis,
581 3051 726 3106 sicut
759 3051 921 3105 decet
939 3055 1161 3105 sanctos
1202 3051 1410 3120 (Ephes.
1445 3052 1526 3122 v);
1558 3050 1708 3105 visus
1733 3067 1956 3122 quoque
1985 3056 2044 3106 et

443 3140 648 3196 ﬁducia
664 3141 989 3212 frequenter
997 3140 1067 3194 ad
1089 3139 1339 3212 praelium
1354 3139 1606 3195 veniunt.

508 3227 564 3288 8.
591 3229 777 3286 Abbas
796 3230 1076 3286 Macarius
1099 3228 1376 3284 referebat
1395 3229 1544 3300 quod
1565 3245 1692 3284 cum
1713 3234 1968 3285 maneret
1981 3229 2037 3284 in

439 3319 537 3375 illa
585 3319 889 3376 solitudine
942 3319 1040 3374 ubi
1094 3319 1248 3374 solus
1277 3317 1560 3373 residebat
1605 3320 1790 3388 (Ruf/2,
1823 3321 1919 3374 lib.
1954 3333 2040 3387 ιιι,

439 3427 496 3466 η.
525 3409 621 3478 ϐις
655 3413 862 3479 Ρειαθη
893 3411 1064 3464 ιίὸειι.
1094 3423 1252 3476 xvm,
1285 3424 1441 3462 num.
1473 3407 1545 3478 9),
1579 3407 1814 3463 inferius
1843 3414 2038 3463 autem

435 3499 544 3554 fuit
570 3499 750 3555 altera
776 3497 1038 3563 solitudo,
1055 3515 1179 3569 qua
1207 3497 1374 3569 plena
1391 3501 1516 3552 erat
1532 3496 1724 3552 multis
1745 3496 2032 3566 fratribus,

437 3606 564 3645 sero
593 3605 695 3662 per
725 3588 873 3643 viam
903 3586 1379 3659 circumspiciens,
1421 3585 1561 3640 vidit
1590 3585 1900 3642 daemonem
1945 3603 2034 3642 ve-

433 3678 686 3734 nientem
717 3677 775 3732 in
822 3677 1006 3748 figura
1044 3675 1292 3731 hominis
1338 3674 1604 3730 vestitum
1651 3675 1803 3730 linea
1841 3674 2035 3730 tunica

431 3768 740 3840 perforata;
774 3772 832 3822 et
857 3783 958 3838 per
979 3765 1204 3836 singula
1229 3763 1508 3820 foramina
1531 3781 1665 3819 vasa
1692 3781 1866 3836 parva
1891 3781 2032 3838 pen-

431 3857 658 3924 debant,
690 3863 750 3912 et
776 3855 919 3911 dixit
946 3855 1000 3911 ei
1037 3871 1206 3910 senex
1239 3873 1252 3910 :
1284 3853 1407 3919 Quo
1435 3853 1610 3921 vadis,
1643 3853 1923 3924 maligne?
1963 3855 2035 3910 Et

430 3946 720 4019 respondit
741 3946 794 4001 ei
823 3964 836 3999 :
870 3945 1028 4000 Vade
1049 3959 1407 4000 commonere
1435 3943 1641 3999 fratres
1665 3943 1762 4015 qui
1789 3949 1924 3999 sunt
1949 3943 2033 3999 in-

427 4037 621 4092 ferius.
647 4035 746 4090 Ait
763 4051 932 4090 senex
958 4052 971 4088 :
992 4035 1063 4089 Et
1078 4039 1309 4106 propter
1323 4033 1458 4105 quid
1479 4038 1562 4088 tot
1588 4033 1812 4088 vascula
1839 4038 2028 4088 tecum

2133 1881 2396 1952 jejunas?
2413 1885 2489 1938 At
2505 1885 2600 1940 ille
2622 1886 2802 1944 dixit:
2836 1891 3024 1965 Usque
3051 1895 3122 1950 ad
3146 1912 3374 1952 nonam.
3392 1899 3542 1956 Dicit
3567 1903 3620 1958 ei
3651 1919 3734 1958 se-

2137 1986 2245 2025 nex
2268 1990 2281 2025 :
2305 1973 2509 2042 Jejuna
2524 1991 2703 2048 usque
2723 1979 2794 2034 ad
2809 1997 3117 2054 vesperam,
3149 1993 3208 2041 et
3237 1987 3307 2044 de
3328 1987 3632 2062 Evangelia
3647 1994 3728 2048 vel

2137 2057 2208 2112 de
2245 2059 2371 2114 aliis
2401 2062 2724 2135 Scripturis,
2766 2067 2888 2123 sine
2935 2072 3244 2130 cessatione
3272 2092 3496 2149 semper
3521 2079 3731 2152 aliquid

2138 2147 2416 2204 meditare
2447 2169 2458 2204 :
2492 2159 2551 2206 et
2579 2155 2797 2225 quoties
2826 2157 2928 2212 tibi
2955 2160 3146 2233 aliqua
3173 2147 3438 2235 cogitatio
3463 2147 3728 2241 superve-

2139 2236 2300 2305 nerit,
2317 2255 2607 2312 nunquam
2625 2243 2887 2302 deorsum
2909 2251 3164 2322 aspicias,
3189 2255 3290 2308 sed
3303 2272 3524 2312 sursum
3545 2261 3732 2315 oculos

2133 2328 2316 2383 cordis
2345 2330 2592 2398 intende,
2618 2339 2676 2390 et
2694 2352 2821 2391 mox
2840 2337 3119 2396 Dominus
3139 2343 3366 2415 adjutor
3383 2346 3489 2402 tibi
3510 2347 3640 2404 erit.
3665 2349 3732 2404 Et

2131 2415 2214 2470 ita
2243 2417 2498 2476 discessit
2526 2423 2597 2477 ad
2627 2425 2914 2497 pr0priam
2954 2430 3331 2490 solitudinem.
3377 2435 3447 2490 Et
3489 2437 3624 2492 dum
3652 2439 3732 2493 in-

2132 2506 2357 2563 sisteret
2379 2511 2640 2580 orationi,
2673 2515 3126 2590 circumspiciens
3159 2521 3322 2590 viam,
3353 2525 3562 2582 iterum
3591 2528 3729 2584 vidit

2130 2595 2442 2654 daemonem
2467 2601 2748 2670 eumdem,
2769 2611 2826 2659 et
2842 2607 3084 2678 requirit
3103 2626 3234 2666 eum
3257 2630 3270 2666 :
3296 2612 3417 2678 Quo
3447 2615 3641 2671 vadis?
3654 2618 3727 2673 At

2128 2683 2211 2738 illi
2235 2687 2405 2742 simili
2435 2690 2620 2748 modo.
2637 2693 2841 2750 fratres
2861 2712 3234 2769 commonere,
3254 2703 3560 2775 respondit.
3587 2706 3726 2761 Cum

2128 2780 2320 2831 autem
2343 2785 2738 2851 reverteretur,
2759 2783 3126 2858 interrogavit
3153 2805 3283 2844 eum
3296 2808 3462 2847 senex
3486 2812 3498 2848 :
3520 2793 3728 2858 Quem-

2127 2863 2434 2922 admodum
2483 2886 2633 2925 nunc
2669 2889 2731 2926 se
2767 2873 2979 2930 habent
3013 2877 3260 2933 fratres?
3305 2881 3501 2937 Atille
3529 2883 3674 2938 dixit
3702 2903 3716 2940 :

2123 2953 2288 3022 Male,
2323 2958 2590 3028 quoniam
2619 2977 2814 3018 omnes
2842 2971 3094 3035 agrestes
3120 2968 3301 3024 effecti
3318 2977 3470 3030 sunt.
3495 2977 3555 3026 et
3575 2973 3722 3044 quod

2124 3040 2195 3096 de
2219 3045 2480 3102 omnibus
2511 3051 2672 3121 pejus
2703 3059 2806 3120 est,
2838 3069 3014 3110 unum
3053 3073 3222 3128 quem
3266 3058 3440 3114 habui
3477 3062 3720 3118 amicum

2055 3146 2100 3208 α
2123 3131 2479 3191 obedientem
2508 3139 2669 3206 mihi,
2712 3147 2771 3196 et
2820 3143 2941 3215 ipse
2980 3147 3168 3202 nescio
3219 3149 3368 3204 unde
3396 3166 3714 3220 conversus,

2123 3223 2382 3280 omnibus
2409 3228 2662 3299 asperior
2689 3237 2806 3297 est;
2830 3235 3083 3304 etjuravi
3111 3252 3203 3291 me
3225 3253 3338 3293 non
3367 3239 3715 3296 calcatumm

2123 3309 2284 3366 illum
2313 3314 2518 3379 locum,
2559 3318 2670 3374 nisi
2696 3328 2824 3392 post
2848 3323 3089 3380 multum
3122 3330 3365 3399 tempus.
3397 3329 3466 3384 Et
3499 3329 3620 3386 haec
3642 3330 3723 3386 di-

2124 3417 2275 3469 cens,
2307 3403 2580 3462 discessit.

2189 3491 2242 3547 9.
2271 3492 2645 3566 Interrogavit
2684 3499 2914 3569 quidam
2943 3501 3119 3559 frater
3142 3521 3312 3578 super
3339 3508 3714 3578 cogitationes

2116 3597 2248 3636 suas
2275 3581 2536 3640 abbatem
2564 3587 2901 3645 Pimenium.
2932 3593 3002 3648 Et
3027 3595 3317 3666 respondit
3344 3613 3513 3653 senex
3541 3618 3556 3654 :
3587 3599 3710 3655 Mo-

2115 3671 2330 3727 nachus
2344 3673 2392 3727 si
2410 3680 2681 3744 ventrem,
2699 3683 2756 3732 et
2774 3679 3072 3747 luxuriam,
3091 3690 3149 3738 et
3167 3683 3420 3756 linguam
3434 3688 3706 3755 renuerit,

2116 3763 2174 3814 et
2187 3761 2540 3833 vagatienem
2565 3781 2680 3822 non
2705 3767 2878 3824 fuerit
2903 3778 3167 3840 sectatus,
3192 3775 3409 3831 confido
3438 3776 3572 3849 quia
3597 3793 3712 3833 non

2114 3851 2407 3922 morietur,
2440 3855 2540 3910 sed
2552 3855 2701 3912 vivet
2713 3857 2770 3912 in
2791 3867 3126 3932 perpetuum
3145 3865 3326 3934 (Ruf/2,
3361 3869 3401 3920 ι.
3422 3880 3585 3934 ιιι,η.
3618 3865 3706 3937 62;

2111 3939 2331 4010 Pelag.,
2367 3943 2536 4000 libell.
2569 3963 2622 4013 ν,
2656 3963 2715 4002 η.
2750 3945 2827 4019 9).

2182 4029 2268 4086 10.
2293 4031 2414 4086 Duo
2444 4033 2647 4090 fratres
2667 4037 2740 4092 ad
2775 4038 3036 4096 abbatem
3060 4041 3241 4098 Eliam
3269 4051 3566 4112 venerunt,
3605 4046 3712 4102 im-

426 4126 584 4181 fers?
612 4127 690 4180 At
715 4125 809 4179 ille
844 4123 986 4178 dixit
1010 4140 1022 4176 :
1046 4123 1287 4178 Gustum
1337 4122 1454 4177 fero
1484 4121 1779 4190 fratribus;
1814 4127 1872 4177 et
1897 4121 2023 4178 ideo
2105 4120 2342 4190 pugnati
2367 4124 3020 4199 acogitationibusmuﬂ‘.
3039 4135 3079 4186 ι.
3110 4145 3193 4198 ιιι,
3219 4149 3278 4188 η.
3299 4131 3408 4204 64).
3426 4135 3693 4191 Etvidens

425 4221 588 4271 tanta
604 4214 744 4280 fero,
759 4217 824 4268 ut
843 4211 890 4266 si
909 4227 1084 4267 unum
1103 4227 1217 4266 non
1239 4209 1824 4283 placuerit,porrigam
1843 4211 2018 4279 aliud;
2105 4223 2199 4262 eos
2217 4225 2404 4280 senex,
2432 4215 2580 4284 quod
2617 4219 2929 4290 corpulenti
2949 4227 3155 4289 essent,
3177 4227 3445 4294 tanquam
3480 4225 3554 4280 ad
3580 4225 3694 4280 dis-

424 4304 577 4376 quod
597 4303 715 4357 siet
739 4301 880 4356 illud
908 4299 1278 4372 displicuerit,
1313 4299 1606 4354 ostendam
1636 4299 1824 4364 aliud;
1856 4306 1915 4354 et
1940 4300 2022 4355 sic
2103 4297 2352 4370 cipulum
2382 4320 2546 4360 suum
2582 4306 2897 4378 subridens,
2929 4310 3108 4366 dixit:
3148 4312 3310 4380 Vere,
3359 4313 3550 4379 frater,
3584 4331 3691 4386 ego

423 4393 549 4450 ﬁeri
577 4408 690 4448 non
717 4395 921 4464 potest,
955 4389 1064 4444 nisi
1115 4406 1292 4446 unum
1321 4388 1535 4460 aliquid
1564 4405 1630 4443 ex
1658 4387 1770 4444 illis
1799 4389 2074 4476 placeat_
2101 4388 2365 4446 erubesco
2392 4409 2493 4464 pro
2521 4400 2596 4463 te,
2631 4397 2765 4468 quia
2792 4399 2873 4454 sic
2906 4399 2968 4454 in
3007 4400 3205 4472 sagina
3238 4402 3461 4458 nutristi
3487 4420 3692 4476 corpus

423 4485 522 4540 eis.
556 4483 626 4538 Et
651 4483 772 4537 haec
794 4481 1004 4546 dicens,
1035 4478 1312 4535 discessit.
1352 4477 1674 4532 Permansit
1701 4483 1892 4533 autem
1923 4495 2010 4534 se-
2031 4467 2082 4528 D
2097 4481 2295 4535 tuum:
2320 4482 2454 4553 quia
2473 4500 2600 4540 esca
2626 4487 2905 4544 vermium
2920 4505 3133 4558 sumus,
3158 4507 3283 4546 cum
3301 4493 3616 4564 proﬁtearis
3633 4499 3689 4548 te

421 4591 530 4629 nex
559 4573 619 4628 in
645 4571 842 4628 eodem
863 4569 1004 4636 loco,
1023 4568 1230 4624 iterum
1249 4583 1351 4640 per
1365 4565 1511 4622 viam
1539 4566 2014 4639 circumspiciens,
2101 4585 2222 4624 esse
2243 4572 2578 4629 monachum
2599 4594 2611 4644 ;
2635 4577 2818 4647 pallor
2834 4579 2984 4634 enim
2997 4597 3126 4635 cum
3141 4581 3472 4649 humilitate,
3497 4587 3556 4636 et
3573 4599 3692 4638 ma-

419 4678 708 4735 usquequo
736 4660 956 4716 daamon
984 4658 1194 4713 rediret
1221 4663 1280 4712 et
1313 4662 1673 4728 cognosceret
1719 4673 1842 4728 quae
1868 4657 2018 4713 indi-

417 4757 590 4808 caret.
617 4751 690 4806 Et
715 4765 844 4806 cum
873 4748 1102 4814 rediret,
1141 4746 1282 4802 dixit
1315 4745 1367 4801 ei
1407 4763 1419 4798 :
1455 4745 1653 4801 Salvus
1677 4742 1774 4801 si‘s.
1806 4747 1880 4802 At
1921 4747 2016 4803 ille

416 4840 710 4914 respondit
739 4858 752 4894 :
787 4837 934 4904 Quid
966 4836 1105 4892 mihi
1152 4835 1304 4891 istud
1342 4834 1593 4903 verbum,
1645 4835 1779 4907 quia
1819 4853 2015 4892 omnes

414 4931 555 4988 mihi
574 4927 843 4985 contrarii
872 4925 1006 4981 facti
1022 4929 1174 4992 sunt,
1195 4929 1253 4980 et
1271 4924 1460 4980 nullus
1478 4923 1724 4979 consiliis
1755 4925 1896 4980 meis
1925 4942 2014 4982 ac-

415 5017 691 5095 quiescit?
719 5016 872 5072 Dixit
898 5015 950 5070 ei
975 5031 1144 5069 senex
1172 5032 1185 5068 :
1218 5015 1364 5084 Ergo
1397 5013 1682 5068 neminem
1723 5013 1802 5068 ibi
1837 5013 2012 5072 habes

413 5108 698 5168 amicum?
728 5105 924 5162 Atille
953 5103 1245 5176 respondit
1273 5121 1287 5156 :
1317 5103 1503 5158 Unum
1531 5102 1711 5158 habeo
1743 5103 2006 5173 amicum,

408 5202 529 5275 ipse
556 5197 696 5255 mihi
713 5194 1011 5252 consentit.
1033 5195 1104 5248 Et
1125 5191 1342 5264 quoties
1364 5191 1568 5246 viderit
1591 5209 1682 5246 me
1703 5191 1813 5247 huc
1839 5198 2011 5266 atque

408 5292 558 5359 illuc,
593 5289 706 5344 cito
731 5284 1076 5341 convertitur
1208 5299 1299 5377 me
1325 5281 1480 5378 velut
1501 5287 1732 5378 ventus...
1755 5281 2010 5378 Cumque

409 5391 615 5432 nomen
638 5374 764 5444 ejus
793 5369 864 5424 ab
891 5385 958 5424 eo
983 5365 1294 5440 requisivit,
1309 5364 1450 5420 dixit
1472 5388 1485 5420 :
1505 5365 1651 5429 Quia
1671 5365 2008 5438 Theopistus

407 5465 664 5536 [Rufﬁn.,
718 5460 1174 5531 TheOpemptus;
1214 5459 1421 5524 Pelag.,
1453 5453 1828 5526 Theoctistus]
1866 5456 2006 5512 dici-

407 5559 521 5610 tur.
553 5553 622 5608 Et
657 5566 788 5605 mox
815 5547 1060 5604 evanuit.
1111 5547 1436 5616 Exsurgens
1470 5543 1664 5614 itaque
1709 5545 2004 5603 confestim

406 5640 579 5702 abbas
601 5638 901 5710 Macarius,
931 5634 1219 5701 descendit
1245 5634 1320 5692 ad
1359 5630 1684 5691 inferiorem
1725 5650 1998 5696 eremum.

2098 4657 2228 4726 cies,
2243 4660 2412 4716 decus
2434 4670 2518 4718 est
2539 4667 2817 4722 monachi.
2854 4669 2995 4724 Item
3015 4669 3188 4725 dixit:
3217 4671 3360 4734 Quia
3379 4672 3688 4727 monachus

2095 4747 2268 4803 edens
2295 4751 2556 4820 multum,
2597 4761 2655 4810 et
2676 4772 2916 4828 Operans
2947 4759 3208 4826 multum,
3248 4777 3358 4816 non
3403 4761 3684 4830 conﬁdat;

2097 4836 2192 4908 qui
2216 4843 2408 4894 autem
2443 4859 2645 4914 parum
2679 4846 2813 4913 edit,
2865 4847 3036 4904 etiam
3065 4849 3114 4904 si
3153 4866 3355 4923 parum
3399 4856 3683 4924 operetur,

2095 4927 2342 4984 conﬁdat
2363 4935 2421 4986 et
2447 4939 2582 5003 agat
2600 4934 2852 4992 viriliter.

2721 5025 2957 5082 CAPUT
2989 5028 3064 5084 II.

2094 5104 2300 5162 Contra
2312 5109 2748 5181 philargyrz‘am,
2770 5117 2894 5172 etde
2915 5119 3156 5186 perfecta
3174 5120 3675 5176 abrenuntiatione.

2168 5199 2216 5248 1.
2244 5197 2484 5262 Quidam
2503 5203 2728 5272 juvenis
2768 5205 2990 5262 volebat
3025 5207 3421 5266 abrenuntiare
3464 5210 3676 5264 mundo

2093 5282 2252 5353 (Καθ’.
2285 5289 2321 5342 ι.
2341 5302 2417 5354 ιιι,
2451 5306 2509 5345 η.
2542 5291 2642 5362 67;
2680 5296 2885 5363 Pelag.,
2923 5298 3096 5352 libell.
3128 5313 3244 5366 x1v,
3287 5316 3344 5354 η.
3374 5299 3453 5371 4),
3485 5304 3537 5354 et
3565 5299 3678 5354 fre-

2090 5379 2329 5444 quenter
2351 5394 2480 5433 eum
2511 5397 2800 5452 egressum
2821 5384 2892 5440 de
2915 5385 3080 5442 domo
3108 5405 3210 5444 sua
3225 5389 3550 5445 revocabant
3574 5404 3673 5443 co-

2085 5462 2388 5532 gitationes
2413 5468 2755 5528 involventes
2782 5473 3039 5545 plurimis
3061 5477 3332 5549 negotiis;
3363 5483 3483 5534 erat
3519 5478 3671 5532 enim

2085 5551 2239 5608 dives
2267 5556 2444 5613 valde.
2476 5559 2598 5616 Uno
2639 5562 2730 5617 die
2768 5580 2991 5635 egresso
3033 5583 3118 5636 eo,
3168 5568 3359 5624 hostes
3394 5567 3669 5624 immundi

2085 5641 2576 5708 circumdederunt
2601 5669 2752 5725 eum,
2777 5659 2838 5713 et
2861 5656 3106 5716 multum
3147 5658 3432 5733 pulverem
3469 5657 3669 5716 excita-
