3934 6380
195 325 333 385 1029

1488 315 1729 377 VERBA
1766 309 2158 373 SENIORUM.

3330 324 3462 384 1030

193 456 392 510 verunt
413 457 544 509 ante
572 452 750 509 illum.
782 452 884 508 Ille
910 468 1041 507 vero
1071 449 1362 507 confestim
1390 446 1706 519 exspolians
1726 439 2256 512 se‘Acompunctus,
2302 446 2361 497 et
2395 458 2568 515 agens
2608 444 3016 517 paenitentiam,
3059 446 3238 506 factus
3276 457 3365 507 est
3405 457 3463 509 et

193 549 248 599 et
263 545 484 615 jactans
510 543 839 597 vestimenta
857 558 978 609 sua,
1004 540 1266 596 currebat
1291 539 1475 594 nudus
1505 536 1573 590 ad
1595 550 1789 589 mona-

192 632 445 687 sterium.
478 631 793 686 Declaravit
830 636 1021 685 autem
1051 630 1201 684 Deus
1233 628 1333 683 uni
1362 626 1503 693 seni,
1535 625 1726 679 dicens
1767 640 1783 679 ς

195 723 390 793 Surge.
422 727 480 776 et
528 720 747 792 suscipe
788 720 1059 775 athletam
1106 735 1315 773 meum.
1366 718 1609 786 Surgens
1650 729 1783 784 ergo

192 827 377 877 senex,
419 809 660 865 obviavit
705 810 788 863 illi
814 810 996 876 nudo;
1048 813 1103 863 et
1143 822 1482 879 cognoscens
1530 820 1778 866 causam,

192 900 502 954 admiratus
538 904 641 966 est,
676 902 733 952 et
757 898 913 953 dedit
951 898 1032 951 illi
1076 896 1333 952 habitum
1372 894 1777 949 monachalem.

196 989 430 1054 Quando
455 994 646 1043 autem
675 987 848 1058 aliqui
873 985 1170 1041 veniebant
1197 987 1266 1040 ad
1285 1001 1476 1040 senem
1498 982 1783 1054 requirere

192 1079 259 1132 de
283 1076 713 1149 cogitationibus
740 1076 928 1141 variis,
960 1075 1277 1131 instruebat
1298 1091 1393 1129 eos
1413 1074 1481 1128 de
1502 1072 1783 1127 abrenun-

192 1166 423 1223 tiatione
442 1166 746 1227 mundana.
770 1171 827 1220 et
845 1165 1067 1220 dicebat
1091 1184 1103 1219 :
1136 1166 1303 1220 Illum
1332 1164 1565 1217 fratrem
1593 1160 1785 1232 requi-

190 1257 315 1323 rite,
349 1255 445 1328 qui
470 1273 573 1311 nec
597 1255 927 1311 indumenta
957 1254 1043 1309 sui
1071 1254 1319 1326 corporis
1356 1252 1612 1315 servavit,
1649 1250 1783 1322 quia

192 1363 292 1417 ego
312 1346 383 1401 ad
404 1361 728 1400 mensuram
754 1344 1187 1400 renuntiationis
1207 1344 1368 1399 istius
1397 1342 1635 1397 necdum
1651 1357 1780 1411 per-

186 1434 328 1490 veni.

254 1524 309 1583 2.
342 1523 577 1580 Dicebat
593 1528 781 1579 autem
802 1525 1011 1579 Paulus
1034 1523 1204 1578 abbas
1226 1524 1425 1577 Galata
1446 1541 1457 1575 :
1477 1522 1535 1576 Si
1560 1521 1779 1591 aliquas

186 1631 274 1669 res
294 1614 535 1669 voluerit
564 1614 869 1669 monachus
909 1614 968 1667 in
998 1614 1137 1668 cella
1175 1629 1277 1667 sua
1322 1611 1530 1665 habere
1577 1615 1781 1681 praeter

186 1721 276 1759 eas
298 1704 420 1758 sine
451 1702 653 1775 quibus
684 1719 796 1758 non
827 1707 1015 1774 potest
1040 1702 1243 1766 vivere,
1278 1701 1601 1772 frequenter
1625 1697 1779 1768 cogi-

184 1797 276 1848 tur
302 1810 333 1847 e
372 1793 513 1847 cella
538 1792 746 1863 egredi,
777 1797 833 1847 et
864 1792 944 1846 ita
960 1790 1354 1846 adaemonibus
1382 1789 1779 1861 praevaricatur
1798 1794 1846 1855 B

182 1899 244 1937 ac
262 1880 543 1953 decipitur
562 1884 947 1949 (Ruﬁ.,l.m,n.
974 1881 1079 1951 72).
1105 1881 1209 1934 Hic
1224 1885 1413 1934 autem
1433 1878 1553 1950 ipse
1572 1877 1778 1932 Paulus

181 1971 237 2026 in
276 1986 395 2026 una
435 1970 865 2043 quadragesima
897 1987 1023 2025 cum
1054 1969 1295 2024 sextario
1324 1968 1492 2022 lentis
1522 1972 1579 2022 et
1606 1984 1777 2038 parvo

180 2061 403 2116 vasculo
418 2077 576 2132 aqua;
597 2060 939 2131 perduravit,
961 2065 1019 2113 et
1035 2075 1207 2113 unam
1224 2059 1520 2112 mattulam
1542 2056 1770 2123 faciens,

182 2150 436 2205 eamdem
467 2149 689 2204 texebat
715 2154 773 2204 et
799 2148 1103 2215 retexebat,
1129 2165 1198 2203 ne
1217 2147 1609 2203 tantummodo
1629 2146 1778 2199 foras

179 2240 374 2295 exiret.

249 2327 299 2386 3.
339 2328 580 2393 Quidam
609 2324 788 2383 frater
810 2327 1103 2399 requisivit
1131 2341 1343 2393 senem,
1372 2326 1561 2379 dicens
1595 2343 1606 2378 :
1643 2325 1771 2390 Fac,

182 2415 344 2487 abba,
377 2417 727 2485 charitatem,
761 2421 818 2472 et
845 2417 935 2471 dic
972 2417 1111 2471 mihi
1139 2432 1477 2481 sermonem,
1511 2414 1645 2485 quid
1684 2413 1778 2467 de-

180 2506 345 2562 beam
373 2508 433 2562 in
453 2509 748 2578 juventute
786 2522 1144 2577 congregare,
1176 2510 1242 2560 ut
1268 2504 1504 2559 habeam
1536 2503 1675 2557 illud
1717 2502 1777 2556 in

180 2602 487 2652 senectute.
534 2595 849 2667 Respondit
886 2612 1055 2650 senex
1085 2610 1097 2643 :
1127 2596 1242 2649 Aut
1271 2593 1557 2649 Christum
1605 2590 1779 2663 adipi-

179 2702 356 2749 scere,
390 2691 449 2739 et
468 2685 651 2756 cogita
678 2685 747 2739 de
778 2690 865 2752 te;
902 2690 1001 2739 aut
1029 2688 1180 2738 certe
1209 2682 1603 2755 pecuniam,ne
1625 2697 1779 2735 men-

181 2776 332 2830 dices
359 2794 372 2842 ;
405 2792 537 2845 ergo
566 2780 727 2829 tuum
757 2780 843 2829 est
870 2774 1075 2845 eligere
1108 2778 1208 2828 aut
1233 2771 1533 2827 Dominum
1574 2771 1773 2839 Deum,

180 2870 276 2919 aut
306 2881 715 2919 mammonam.

246 2951 302 3011 4.
354 2955 702 3026 Frequenter
735 2954 907 3009 abbas
945 2954 1205 3024 Agathon
1244 2968 1407 3006 suum
1441 2951 1777 3022 discipulum

182 3043 595 3110 commonebat,
621 3044 812 3098 dicens
846 3045 960 3098 :Ne
983 3042 1283 3113 aliquando
1310 3042 1424 3095 tale
1440 3041 1651 3111 aliquid
1674 3039 1778 3094 tibi

1866 526 1985 597 ipse
2015 534 2277 584 strenuus
2298 531 2622 595 monachus,
2639 548 2705 585 ex
2733 532 2949 588 actibus
2973 534 3090 589 suis
3119 553 3258 608 quos
3285 539 3453 600 vidit.

2494 621 2727 676 CAPUT
2746 623 2840 677 IV.

1940 706 2091 773 Quod
2119 711 2418 763 tolerantia
2450 713 2798 779 paupertatis
2826 714 2888 767 in
2918 717 3161 783 requiem
3185 719 3357 773 ducit.

1940 793 1987 850 1.
2020 795 2254 851 Dicebat
2272 814 2420 853 unus
2438 815 2505 853 ex
2534 797 2957 856 senibuszNihil
2987 804 3299 862 invenimus
3328 809 3463 864 scri-

1864 888 2024 953 ptum
2053 885 2122 939 de
2142 886 2351 941 Lazaro
2372 888 2469 942 illo
2488 905 2734 961 paupere
2760 892 2907 962 quod
2926 893 3169 965 aliquam
3192 897 3458 953 virtutem

1865 972 2123 1043 fecisset;
2154 975 2263 1030 nisi
2292 977 2398 1031 hoc
2424 982 2667 1044 tantum,
2704 981 2837 1051 quia
2864 998 3152 1053 nunquam
3195 986 3461 1044 adversus

1865 1061 2094 1117 divitem
2125 1067 2515 1134 murmuravit,
2545 1070 2800 1139 quamvis
2814 1070 2894 1124 illi
2910 1072 3123 1127 nullam
3140 1075 3459 1132 misericor-

1866 1150 2018 1205 diam
2049 1152 2290 1220 faceret;
2342 1156 2440 1209 sed
2468 1173 2595 1210 cum
2626 1159 2936 1228 gratiarum
2966 1162 3186 1217 actione
3214 1167 3461 1235 portavit

1863 1240 2111 1296 laborem
2139 1245 2487 1315 paupertatis
2515 1247 2898 1320 suae,ideoque
2926 1249 2981 1304 in
3012 1252 3197 1307 sinum
3220 1253 3458 1313 Abrahae

1863 1335 2156 1403 susceptus
2176 1338 2279 1386 est.

1931 1419 1985 1477 2.
2020 1422 2162 1475 Item
2191 1421 2365 1476 dixit:
2396 1423 2537 1488 Quia
2561 1440 2673 1480 non
2704 1432 2927 1497 oportet
2946 1445 3286 1502 quemquam
3305 1434 3458 1505 cogi-

1862 1515 2001 1575 tare,
2029 1510 2139 1564 nisi
2159 1510 2229 1565 de
2258 1511 2461 1567 timore
2488 1514 2609 1567 Dei.
2642 1516 2786 1570 Nam
2817 1517 2921 1572 etsi
2950 1525 3176 1575 coactus
3204 1521 3374 1577 fuerit
3388 1524 3459 1579 de

1861 1599 2138 1670 corporali
2171 1602 2506 1656 necessitate
2529 1619 2652 1657 esse
2667 1605 2956 1674 sollicitus,
2993 1624 3286 1681 nunquam
3306 1612 3459 1683 cogi-

1859 1693 1943 1743 tet
1970 1688 2040 1744 de
2067 1705 2135 1743 ea
2161 1695 2292 1744 ante
2321 1695 2564 1763 tempus.

2500 1781 2736 1838 CAPUT
2763 1784 2830 1838 V.

2280 1870 2354 1923 De
2382 1874 2737 1939 reprimenda
2764 1877 3034 1932 avaritia.

1938 1954 2183 2012 LAbbas
2196 1958 2456 2014 Silvanus
2486 1960 2621 2015 dum
2650 1962 2931 2017 modicum
2946 1964 3204 2022 discessit
3229 1984 3264 2022 a
3287 1969 3448 2037 cella,

1858 2044 2167 2117 discipulus
2194 2064 2330 2105 suus
2356 2049 2651 2104 Zacharias
2680 2068 2807 2106 cum
2837 2052 2947 2107 illis
2974 2054 3242 2111 fratribus
3265 2075 3458 2130 sepem

1859 2133 2011 2188 horti
2043 2137 2270 2203 amovit,
2302 2143 2359 2191 et
2384 2138 2515 2193 fecit
2540 2139 2769 2195 hortum
2794 2144 3089 2213 majorem.
3121 2145 3282 2209 Quod
3309 2153 3459 2218 post-

1861 2240 2028 2294 quam
2058 2242 2345 2296 regressus
2374 2244 2539 2282 senex
2567 2230 2812 2299 agnovit,
2844 2233 2978 2287 tulit
3008 2234 3269 2289 melotem
3294 2252 3457 2292 suam

1858 2318 1925 2367 ut
1950 2314 2281 2369 discederet.
2311 2318 2388 2371 At
2413 2315 2494 2371 illi
2527 2319 2887 2389 projicientes
2914 2338 2975 2376 se
3003 2323 3073 2377 ad
3102 2325 3274 2394 pedes
3309 2327 3454 2397 ejus,

1858 2409 2087 2474 propter
2106 2403 2240 2475 quid
2268 2405 2373 2460 hoc
2400 2406 2626 2475 faceret,
2650 2413 2714 2462 ut
2757 2409 3047 2477 indicaret,
3072 2414 3453 2483 postulabant.

1859 2492 2014 2545 Tunc
2041 2509 2209 2546 senex
2251 2493 2333 2547 ait
2378 2510 2390 2544 :
2431 2495 2556 2550 Non
2580 2495 2885 2567 ingredior,
2925 2499 3127 2571 inquit,
3171 2502 3230 2556 in
3259 2504 3458 2560 cellam

1861 2580 2023 2647 hanc,
2051 2581 2161 2636 nisi
2190 2598 2359 2654 sepes.
2376 2582 2551 2638 fuerit
2570 2585 2628 2639 in
2658 2586 2843 2641 locum
2866 2604 3030 2643 suum
3049 2593 3458 2659 revocata.Quo

1860 2686 1988 2724 mox
2014 2670 2161 2725 facto
2213 2671 2294 2726 ita
2322 2689 2617 2742 regressus
2648 2681 2751 2730 est.

1928 2758 1982 2813 2.
2016 2760 2256 2824 Quidam
2298 2761 2474 2816 frater
2518 2765 2814 2835 requisivit
2855 2783 3067 2834 senem,
3112 2768 3302 2826 dicens
3340 2790 3351 2825 :
3398 2773 3459 2829 Si

1859 2848 1999 2902 mihi
2024 2848 2190 2903 debet
2209 2866 2416 2921 paucos
2445 2868 2709 2908 nummos
2731 2854 2924 2923 frater,
2942 2857 3108 2927 jubes
3126 2864 3191 2913 ut
3206 2866 3460 2931 repetam

1860 2954 1956 2991 eos
1998 2940 2182 3009 (lin/[1,
2221 2943 2258 2995 ι.
2299 2955 2384 3004 ιη,
2417 2958 2474 2995 η.
2514 2940 2630 3008 170)
2668 2943 2693 2995 ?
2730 2944 2836 2999 Cui
2864 2962 3032 3000 senex
3063 2965 3075 3000 :
3110 2948 3295 3003 Semel
3326 2954 3457 3005 tan-

1860 3029 2150 3082 tummodo
2186 3027 2285 3082 ‘illi
2335 3029 2424 3084 dic
2451 3047 2579 3085 cum
2634 3032 2971 3089 humilitate.
3020 3037 3095 3089 At
3139 3037 3235 3092 ille
3272 3038 3454 3094 dixit:

182 3133 462 3205 acquiras,
497 3134 644 3204 quod
674 3133 836 3187 fratri
865 3138 922 3187 te
950 3112 1165 3204 petenti
1194 3132 1328 3185 dare
1358 3130 1565 3202 pigeat,
1600 3135 1658 3183 et
1678 3146 1780 3201 per
1799 3112 1843 3173 C
1867 3116 2024 3180 Quod
2052 3116 2100 3171 si
2126 3118 2303 3172 semel
2327 3119 2538 3183 dixero,
2564 3125 2621 3174 et
2644 3121 2786 3175 nihil
2808 3123 2948 3177 mihi
2975 3122 3212 3192 dederit,
3228 3127 3363 3198 quid
3381 3128 3462 3182 fa-

178 3223 281 3278 hoc
300 3223 605 3277 invenieris
635 3223 901 3277 mandata
920 3222 1020 3276 Dei
1040 3219 1596 3292 transgrediens.Qui
1616 3219 1775 3290 petit,

178 3312 249 3367 da
276 3313 332 3368 ei
353 3330 368 3382 ;
393 3318 451 3367 et
466 3312 671 3367 volenti
692 3328 727 3367 a
744 3317 801 3367 te
832 3311 1100 3377 mutuari,
1124 3326 1195 3398 ne
1216 3309 1486 3364 avertaris
1500 3310 1674 3379 (Lucze
1683 3310 1774 3377 v1).

801 3400 1037 3456 CAPUT
1066 3401 1167 3455 III.

178 3493 334 3548 Nihil
365 3492 661 3548 dolendum
698 3490 982 3556 monacho,
1034 3491 1086 3542 si
1140 3490 1275 3559 quid
1317 3488 1625 3557 perdiderit
1673 3492 1775 3542 aut

266 3585 271 3591 ‘
842 3581 1112 3633 amiserit.

244 3670 296 3725 l.
330 3669 520 3724 Abbas
540 3668 819 3724 Macarius
837 3668 970 3723 dum
990 3671 1137 3722 esset
1156 3667 1215 3721 in
1236 3667 1491 3739 Egypto,
1516 3671 1572 3720 et
1590 3681 1777 3736 egres-

176 3776 268 3815 sus
296 3758 497 3815 fuisset
516 3759 585 3813 de
609 3758 748 3813 cella
775 3774 895 3822 sua,
914 3773 1204 3827 regressus
1228 3756 1444 3810 invenit
1474 3755 1775 3826 quemdam

175 3850 456 3904 latronem
503 3848 788 3902 furantem
835 3846 895 3900 id
923 3844 1071 3918 quod
1112 3846 1172 3900 in
1217 3845 1359 3899 cella
1394 3861 1499 3899 sua
1545 3843 1779 3898 haberet

181 3940 362 4007 (ἔωθε,
417 3941 455 3993 ι.
513 3952 592 4005 in,
649 3953 807 3992 num.
862 3934 964 4003 73;
998 3938 1204 4004 Pelag.,
1239 3936 1406 3989 libelt.
1456 3950 1565 4000 XVI,
1603 3950 1660 3988 η.
1701 3932 1774 4003 6).

179 4028 346 4083 Stetit
370 4042 509 4097 ergo
539 4032 596 4081 et
616 4027 736 4098 ipse
751 4031 1020 4097 tanquam
1031 4024 1381 4096 peregrinus,
1406 4028 1465 4077 et
1484 4022 1779 4077 carricavit

172 4116 384 4172 animal
414 4132 542 4170 cum
579 4116 705 4182 illo;
737 4121 792 4169 et
822 4130 951 4170 cum
992 4130 1204 4184 magna
1233 4113 1511 4185 patientia
1541 4111 1779 4166 deduxit

177 4223 326 4271 eum,
358 4206 591 4260 dicens:
636 4205 729 4259 Nil
759 4204 1053 4258 intulimus
1104 4204 1164 4257 in
1215 4203 1365 4257 hunc
1412 4202 1688 4256 mundum
1725 4201 1783 4272 (Ι

180 4297 319 4351 Tim.
342 4307 418 4356 vn
443 4314 455 4349 :
479 4294 752 4350 Dominus
772 4292 1223 4357 dedit,Dominus
1243 4292 1498 4361 abstulit,
1531 4291 1676 4345 sicut
1694 4290 1777 4344 illi

176 4386 405 4457 placuit,
436 4385 518 4440 ita
548 4385 757 4440 factum
784 4388 887 4445 est,
921 4383 1244 4438 benedictus
1273 4382 1545 4438 Dominus
1564 4382 1622 4436 in
1654 4397 1776 4436 om-

175 4475 361 4531 nibus.

240 4564 297 4623 2.
338 4564 579 4630 Quidam
608 4564 784 4619 frater
812 4563 1025 4618 vicinus
1050 4561 1341 4633 cujusdam
1380 4559 1572 4630 magni
1603 4559 1772 4625 senis,

175 4655 392 4710 occulte
422 4653 845 4725 ingrediebatur
868 4653 1067 4707 cellam
1102 4652 1224 4722 ejus
1248 4670 1261 4719 ;
1296 4655 1354 4704 et
1376 4648 1649 4721 quidquid
1680 4649 1777 4702 ha-

177 4742 346 4798 bebat
373 4759 565 4811 senex,
597 4741 892 4797 iurabatur
918 4742 1098 4810 (Ilii/ﬂ,
1126 4743 1164 4794 ι.
1198 4753 1279 4804 III,
1314 4755 1373 4791 η.
1409 4736 1513 4804 76;
1566 4739 1771 4804 Pelag.,

180 4835 351 4888 libell.
385 4846 496 4898 xw,
534 4848 591 4886 η.
630 4830 737 4897 l9).
773 4831 913 4886 Cum
961 4834 1151 4884 autem
1181 4827 1398 4881 videret
1427 4842 1619 4891 senex,
1662 4841 1776 4880 non

178 4920 340 4976 illum
368 4920 659 4991 arguebat,
710 4920 813 4975 sed
856 4919 1100 4991 amplius
1145 4916 1501 4990 operabatur,
1534 4914 1724 4969 dicens
1757 4932 1769 4968 :

176 5010 340 5077 Puto,
358 5015 547 5076 ως
572 5010 748 5065 frater
765 5010 859 5063 ille
880 5008 1229 5064 necessarius
1251 5004 1619 5061 est.Habebat
1640 5020 1774 5075 ergo

178 5116 347 5155 senex
365 5099 637 5171 grandem
661 5098 1083 5154 tribulationem
1104 5114 1171 5152 ex
1188 5096 1425 5168 penuria
1444 5094 1775 5167 panis.Cum

177 5195 367 5244 autem
399 5190 703 5244 moriturus
723 5193 889 5253 esset,
921 5193 978 5242 et
1005 5186 1502 5243 circumdedissent
1536 5200 1666 5238 eum
1694 5183 1773 5237 illi

175 5278 399 5343 fratres,
436 5279 529 5333 ille
564 5296 691 5334 cum
722 5278 953 5333 vidisset
981 5277 1139 5331 illum
1171 5277 1402 5331 fratrem
1434 5274 1530 5346 qui
1560 5272 1777 5329 solebat

178 5367 260 5421 illi
279 5368 477 5433 furari,
512 5368 648 5422 dicit
681 5367 731 5421 ei
770 5382 782 5417 :
818 5367 1032 5422 Accede
1060 5367 1170 5420 huc
1207 5365 1279 5419 ad
1325 5380 1434 5431 me,
1467 5363 1664 5418 frater.
1709 5363 1776 5417 Et

98 5530 103 5535 ξ
179 5457 608 5529 apprehendens
632 5473 832 5511 manus
860 5458 1000 5528 ejus,
1021 5450 1304 5510 osculatus
1333 5458 1421 5508 est
1441 5452 1769 5519 eas,dicens:

179 5546 408 5601 Gratias
423 5562 532 5617 ago
560 5545 821 5601 manibus
843 5546 1005 5601 istius
1034 5543 1381 5616 fratris,quia
1396 5548 1625 5615 propter
1645 5558 1776 5597 eum

180 5636 432 5694 arbitror
456 5650 549 5692 me
575 5635 788 5693 iturum
817 5636 877 5692 in
890 5651 1130 5710 regnum
1152 5635 1439 5692 caelorum.
1463 5633 1565 5692 Ille
1585 5636 1779 5688 autem

1861 3205 2049 3260 ciam?
2090 3207 2246 3261 Tunc
2274 3224 2442 3263 senex
2485 3209 2569 3263 ait
2598 3228 2610 3265 :
2644 3210 2895 3265 Ulterius
2925 3211 2975 3267 ei
3003 3213 3147 3268 nihil
3183 3214 3355 3271 dicas.
3386 3218 3463 3272 At

1860 3295 1955 3349 ille
1984 3295 2190 3350 iterum
2223 3297 2342 3350 ait:
2391 3298 2460 3352 Et
2487 3297 2623 3369 quid
2650 3299 2869 3366 faciam,
2902 3301 3035 3373 quia
3080 3319 3194 3358 non
3222 3320 3451 3375 possum

1858 3384 2078 3439 vincere
2106 3385 2500 3456 cogitationem
2530 3403 2735 3455 meam,
2768 3388 2876 3443 nisi
2894 3390 3052 3445 fuero
3082 3392 3162 3447 illi
3185 3392 3460 3466 importu-

1855 3491 1962 3529 nus
1977 3474 2003 3527 ?
2031 3474 2179 3529 Dicit
2203 3475 2254 3529 ei
2284 3492 2453 3530 senex
2480 3495 2492 3530 :
2518 3476 2750 3531 Dimitte
2771 3479 3137 3548 cogitationes
3163 3486 3310 3551 tuas,
3330 3490 3455 3541 tan-

1855 3564 2148 3619 tummodo
2173 3564 2409 3620 fratrem
2444 3571 2607 3621 tuum
2636 3582 2707 3621 ne
2737 3568 3104 3638 contristeris,
3131 3572 3228 3643 qui
3258 3589 3459 3629 mona-

1857 3654 1995 3708 chus
2024 3670 2103 3708 es.

1930 3741 2176 3800 3.Abbas
2186 3744 2447 3816 Agatbon
2464 3745 2779 3802 volentibus
2796 3763 2981 3803 emere
2995 3765 3167 3821 opera
3183 3766 3456 3809 manuum

1859 3849 2109 3899 suarum,
2134 3850 2260 3888 cum
2281 3835 2475 3905 requie
2495 3835 2773 3891 vendebat
2796 3853 2808 3884 :
2827 3838 3072 3909 pretium
3101 3845 3291 3895 autem
3310 3847 3452 3911 erat,

1860 3922 2027 3976 cribri
2051 3923 2278 3993 quidem
2302 3924 2521 3978 nummi
2549 3929 2776 3980 centum
2801 3945 2813 3993 ;
2859 3928 3137 3998 sportellae
3168 3945 3315 3997 vero,
3347 3930 3456 3986 du-

1861 4011 2007 4065 centi
2019 4012 2458 4083 quinquaginta;
2483 4018 2540 4068 et
2551 4015 2867 4070 volentibus
2889 4032 3215 4089 comparare
3234 4017 3455 4075 dicebat

1860 4101 2124 4173 pretium,
2161 4106 2217 4156 et
2242 4102 2515 4173 quidquid
2560 4102 2643 4157 illi
2668 4103 2973 4171 dedissent,
3004 4107 3345 4179 suscipiebat
3371 4114 3456 4163 ta-

1861 4206 2010 4253 cens,
2025 4207 2127 4245 nec
2146 4190 2448 4262 aliquando
2472 4191 3099 4250 dinumerans.Dicebat
3119 4196 3287 4251 enim:
3313 4198 3463 4263 Quid

1858 4280 2000 4334 mihi
2031 4281 2260 4351 prodest
2277 4287 2601 4336 concertare
2613 4299 2741 4337 cum
2757 4283 2886 4351 illis,
2911 4284 3068 4339 utilli
3087 4292 3321 4356 peccent
3340 4288 3455 4342 for-

1859 4370 2005 4424 sitan
2029 4370 2309 4440 jurantes,
2340 4375 2399 4424 et
2427 4371 2650 4441 quando
2668 4372 3046 4443 superfuerint
3071 4376 3309 4441 nummi,
3338 4393 3460 4432 ero-

1792 4466 1843 4526 D
1856 4475 1984 4530 gem
2005 4460 2130 4514 illos
2150 4458 2454 4513 fratribus?
2476 4460 2583 4515 Sed
2606 4462 2743 4531 quia
2762 4462 2911 4516 Deus
2932 4478 3044 4517 non
3056 4464 3176 4518 vult
3195 4464 3457 4536 hujusce-

1859 4548 2012 4603 modi
2040 4548 2457 4618 eleemosynam
2486 4564 2517 4602 a
2550 4565 2659 4615 me,
2693 4565 2876 4621 neque
2904 4550 2985 4605 illi
3026 4552 3209 4622 placet
3239 4558 3303 4607 ut
3342 4554 3454 4609 ali-

1858 4654 2024 4709 quem
2072 4638 2400 4708 permittam
2441 4637 2501 4693 in
2545 4639 2910 4693 sacrificando
2936 4655 3183 4710 peccare.
3220 4642 3289 4696 Et
3317 4643 3456 4699 dum

1857 4726 1939 4780 illi
1967 4726 2142 4781 frater
2166 4727 2412 4781 diceret:
2434 4727 2503 4782 Et
2520 4728 2680 4799 panis
2700 4727 2759 4783 in
2780 4728 2981 4783 cellam
3009 4730 3159 4784 unde
3188 4737 3457 4788 venturus

1858 4814 1986 4871 est?
2024 4814 2165 4870 dixit
2192 4815 2281 4872 ei:
2314 4815 2460 4880 Quid
2490 4817 2640 4871 enim
2672 4818 2834 4888 panis
2861 4816 3155 4875 hominum
3186 4820 3246 4876 in
3275 4821 3456 4877 cella?

2410 4930 2417 4933 -
2487 4906 2721 4962 CAPUT
2747 4907 2844 4962 VI.

2168 4999 2371 5054 Contra
2403 4999 2574 5063 iram,
2605 5002 2655 5050 et
2683 4996 2750 5051 de
2774 5000 2992 5068 origine
3019 5002 3137 5056 irze.

1930 5087 1980 5146 1.
2013 5087 2165 5145 Dixit
2190 5086 2418 5159 quidam
2462 5102 2527 5140 ex
2553 5087 2761 5141 sanctis
2792 5087 3054 5143 Patribus
3078 5092 3259 5158 {Ra/7.,
3294 5092 3333 5144 ι.
3366 5102 3452 5156 ru,

1858 5196 1917 5234 η.
1952 5176 2039 5247 76)
2069 5196 2080 5225 :
2109 5180 2200 5234 Ira
2221 5194 2320 5249 per
2348 5177 2449 5230 hos
2477 5182 2720 5246 quatuor
2747 5183 2906 5232 actus
2936 5178 3201 5248 exsurgit.
3223 5182 3457 5249 propter

1858 5268 2221 5341 cupiditatem
2242 5266 2490 5321 avaritiae
2509 5265 2679 5320 dandi
2699 5270 2756 5321 et
2773 5266 3305 5337 accipiendi,resque
3325 5266 3458 5322 alie-

1858 5375 1961 5414 nas
1980 5357 2255 5429 rapiendi,
2280 5363 2338 5411 et
2366 5355 2413 5410 si
2434 5355 2558 5426 quis
2582 5355 2861 5427 propriam
2890 5354 3227 5409 sententiam
3258 5371 3457 5411 amans

1860 5447 2135 5515 defendit;
2160 5452 2217 5501 et
2241 5446 2287 5499 si
2312 5445 2436 5517 quis
2464 5461 2524 5498 se
2547 5444 2667 5499 vult
2694 5443 3000 5499 honoribus
3027 5459 3147 5498 esse
3187 5444 3455 5515 dignum;

1861 5542 1920 5592 et
1958 5537 2005 5591 si
2036 5536 2162 5609 quis
2188 5536 2473 5590 doctorem
2501 5550 2561 5588 se
2591 5548 2716 5589 esse
2743 5532 2881 5601 vult,
2914 5533 3041 5604 plus
3067 5533 3327 5589 omnibus
3364 5551 3459 5590 sa-

1860 5628 2110 5702 pientem
2132 5642 2193 5683 se
2211 5640 2335 5683 esse
2354 5637 2605 5699 sperans.
2636 5621 2732 5679 Ira
2750 5621 2925 5678 etiam
2952 5637 3056 5698 per
3073 5622 3192 5681 haec
3220 5629 3467 5699 quatuor
