3934 6394
486 300 619 369 1cm

1587 298 1683 356 DE
1717 296 1908 358 VITIS
1944 295 2242 367 PAWUM
2277 297 2492 357 LIBER
2528 299 2653 356 VII.

3613 304 3762 363 1οεῖ

483 427 771 484 humanos
811 438 1007 482 sensus
1045 423 1327 493 obscurat,
1368 425 1419 481 si
1460 423 1588 481 odio
1620 424 1884 484 habuerit
1909 426 2080 483 homo
2093 429 2143 489 Α
2159 426 2454 500 respondit
2480 444 2494 482 :
2518 425 2756 484 Satisfac
2783 426 3114 499 cogitationi
3137 430 3270 496 tuae,
3299 428 3567 502 quoniam
3582 430 3762 489 frater

483 516 799 589 proximum
825 531 1012 583 suum,
1035 518 1136 570 aut
1160 514 1208 570 si
1237 531 1338 587 pro
1367 515 1544 571 nihilo
1578 515 1858 585 habuerit,
1893 521 1994 571 aut
2028 516 2078 571 si

482 605 745 661 inviderit
766 604 867 674 illi,
893 610 996 660 aut
1018 604 1065 659 si
1085 604 1484 661 detractaverit
1510 606 1580 661 de
1601 623 1687 662 eo.
1717 607 1803 661 Ad
1831 606 1936 661 hoc
1956 622 2080 660 san-

482 700 634 750 ctum
666 696 943 750 Joannem
990 695 1393 765 evangelistam
1424 696 1714 751 ostendam
1747 700 2034 751 auctorem
2064 713 2076 748 :

482 782 590 849 Qui
610 783 746 851 odit,
764 784 966 856 inquit,
991 783 1223 840 fratrem
1243 801 1428 852 suum,
1444 785 1506 840 in
1522 785 1769 841 tenebris
1789 790 1894 852 est,
1914 790 1973 840 et
1989 800 2085 839 ne-

485 872 590 929 scit
609 889 720 945 quo
742 878 853 941 eat,
878 879 937 929 et
954 880 1148 929 manet
1159 874 1218 929 in
1232 880 1415 930 morte
1440 875 1492 944 (I
1504 876 1667 929 Joan.
1694 878 1779 946 ιι).
1797 872 2083 929 Passionis

484 968 677 1018 autem
706 963 877 1034 hujus
904 963 1201 1019 retributio
1231 968 1477 1035 quatuor
1510 963 1707 1019 modos
1735 962 1939 1018 habet:
1972 961 2084 1035 pri-

482 1068 637 1109 mum
665 1068 733 1107 ex
774 1051 960 1121 corde,
993 1052 1301 1109 secundum
1329 1069 1394 1107 ex
1435 1050 1595 1119 facie,
1619 1051 1852 1107 tertium
1882 1068 1949 1107 ex
1976 1051 2085 1106 lin-

479 1158 612 1213 gua,
628 1146 893 1213 quartum
908 1159 977 1198 ex
1006 1142 1171 1198 facto.
1188 1141 1247 1198 Si
1277 1141 1404 1213 quis
1430 1157 1564 1213 ergo
1592 1141 1843 1213 potuerit
1859 1141 1941 1196 ita
1957 1156 2083 1213 por-

480 1236 604 1287 tare
627 1231 863 1299 malum,
889 1237 958 1287 ut
981 1247 1096 1287 non
1118 1231 1471 1303 ingrediatur
1485 1230 1544 1285 in
1566 1230 1749 1297 corde,
1765 1247 1878 1286 non
1894 1247 2084 1302 perve-

481 1320 569 1376 nit
594 1336 775 1392 usque
801 1321 873 1375 ad
900 1319 1121 1376 faciem.
1155 1320 1215 1376 Si
1256 1325 1447 1376 autem
1492 1319 1710 1374 venerit
1754 1319 1814 1375 in
1857 1319 2078 1387 faciem,

482 1408 763 1467 custodiat
788 1409 1041 1480 linguam
1071 1425 1252 1475 suam,
1285 1425 1357 1464 ne
1374 1408 1640 1481 10quatur
1659 1409 1817 1465 illud.
1836 1407 1998 1475 Quod
2033 1409 2082 1464 si

483 1499 707 1556 locutus
728 1498 918 1566 fuerit,
946 1499 1032 1554 vel
1051 1499 1157 1554 hoc
1179 1499 1477 1565 custodiat,
1511 1516 1583 1555 ne
1601 1499 1801 1554 reddat
1827 1499 1885 1554 in
1914 1499 2079 1566 facto,

482 1588 581 1645 sed
611 1605 737 1644 mox
766 1587 1020 1644 abscidat
1058 1604 1095 1643 a
1122 1589 1309 1646 corde.
1341 1589 1479 1644 Tres
1506 1589 1659 1644 enim
1699 1589 1911 1660 gradus
1949 1592 2084 1643 sunt

2159 533 2273 572 non
2298 517 2420 573 vult
2435 522 2493 572 te
2521 516 2801 588 injuriari,
2830 517 2930 573 sed
2953 523 3184 591 peccata
3208 523 3310 575 tua
3335 519 3677 579 submittunt
3692 521 3763 576 il-

2160 607 2357 663 lum.N
2360 623 2452 662 am
2468 606 2527 661 in
2548 606 2703 662 omni
2725 607 3035 663 tentatione
3055 625 3178 680 quae
3197 608 3300 664 tibi
3320 610 3637 682 contigerit,
3654 627 3761 684 per

2167 695 2359 750 omnia
2385 712 2457 750 ne
2485 712 2690 767 arguas
2712 713 2843 752 eum
2866 716 2879 765 ;
2899 697 3009 753 nisi
3036 699 3427 754 tantummodo
3454 699 3545 756 dic
3575 718 3588 753 :
3614 701 3763 766 Quia

2165 790 2396 856 propter
2429 792 2660 857 peccata
2689 803 2817 841 mea
2842 786 3173 858 contingunt
3204 788 3342 843 mihi
3369 789 3508 844 hac.

2235 871 2289 931 3.
2330 873 2564 930 Dicebat
2597 874 2921 947 frequenter
2964 875 3137 932 abbas
3175 877 3502 933 Pimenius:
3545 878 3766 935 Malitia

2162 978 2280 1018 nun
2288 979 2458 1035 quam
2493 970 2793 1036 exsuperat
2811 965 3085 1020 malitiam
3109 979 3121 1015 :
3140 966 3238 1021 sed
3265 965 3311 1020 si
3332 968 3457 1039 quis
3474 969 3768 1024 malefece—

2161 1051 2240 1107 rit
2265 1051 2386 1119 tibi,
2421 1058 2485 1108 tu
2512 1053 2596 1108 illi
2614 1052 2825 1109 bonum
2841 1054 3032 1120 redde,
3048 1061 3113 1111 ut
3135 1072 3235 1127 per
3251 1057 3560 1113 bonitatem
3570 1058 3765 1114 vincas

2161 1141 2604 1211 malitiamUiu/I‘.
2632 1145 2728 1198 tib.
2754 1158 2838 1211 III,
2865 1161 2924 1198 η.
2947 1143 3049 1213 79;
3071 1147 3540 1214 Petag.,libett.x.
3565 1164 3625 1203 η.
3642 1146 3759 1214 53).

2233 1228 2286 1286 4.
2311 1230 2552 1295 Quidam
2566 1231 2742 1288 frater
2759 1237 2884 1288 erat
2898 1232 3083 1301 (Ra/fi,
3106 1235 3202 1288 lib.
3233 1248 3315 1300 III,
3329 1251 3388 1289 η.
3409 1232 3479 1292 80
3500 1255 3514 1304 ;
3547 1237 3759 1305 Pelag.,

2166 1319 2340 1374 libell.
2373 1336 2490 1387 xv1,
2524 1337 2686 1376 num.
2717 1321 2826 1391 η),
2877 1322 2974 1393 qui
3003 1328 3215 1394 quanto
3242 1323 3367 1395 plus
3395 1341 3526 1380 eum
3553 1325 3766 1396 aliquis

2166 1405 2545 1478 injuriabatur
2568 1415 2669 1464 aut
2698 1409 2985 1478 incitabat,
3025 1417 3180 1467 tanto
3205 1412 3384 1483 magis
3404 1412 3475 1468 ad
3502 1430 3633 1469 eum
3668 1430 3765 1470 re-

2167 1497 2449 1565 currebat,
2488 1498 2679 1554 dicens
2710 1520 2722 1555 :
2776 1500 2878 1555 Isti
2907 1506 3043 1555 sunt
3068 1502 3164 1573 qui
3213 1501 3376 1557 nobis
3416 1504 3769 1560 occasionem

2164 1587 2416 1657 praebent
2445 1588 2518 1643 ad
2542 1588 2943 1660 perfectionem
2969 1596 3254 1659 nostram;
3277 1591 3375 1663 qui
3403 1598 3592 1648 autem
3616 1593 3760 1649 bea-

482 1677 776 1733 hominum
803 1678 864 1732 in
893 1678 1157 1750 passione
1184 1677 1304 1732 irae.
1322 1678 1467 1732 Nam
1482 1678 1579 1749 qui
1599 1679 1740 1733 nulli
1766 1677 2083 1733 voluntarie
2103 1752 2134 1755 _
2164 1677 2383 1732 tiﬁcant
2416 1694 2537 1745 nos,
2569 1678 2859 1750 decipiunt
2891 1696 3013 1747 nos,
3046 1685 3106 1737 et
3130 1681 3391 1737 semitam
3416 1682 3625 1755 pedum
3654 1699 3762 1738 no-

482 1772 664 1834 nocet,
680 1773 737 1822 et
746 1767 1139 1823 resistentibus
1158 1783 1271 1822 non
1284 1766 1608 1838 injuriatur,
1632 1774 1689 1822 et
1703 1768 1884 1840 parcit
1901 1766 2083 1838 proxi-
2102 1752 2145 1815 Β
2160 1771 2407 1822 strorum
2436 1766 2772 1823 subvertant
2800 1771 2931 1838 (Isa.
2959 1781 3067 1837 III).

482 1873 576 1912 mo
604 1874 725 1925 suo,
758 1856 849 1912 hic
875 1856 1185 1912 secundum
1206 1856 1415 1912 Christi
1443 1862 1706 1912 naturam
1727 1862 1830 1912 est.
1855 1856 1963 1921 Qui
1984 1873 2082 1912 au-

481 1951 599 2002 tem
618 1964 722 2003 nec
748 1946 923 2002 alium
951 1946 1124 2013 laedit,
1148 1962 1332 2018 neque
1361 1962 1425 2001 se
1448 1946 1575 2001 laedi
1600 1946 1739 2012 vult,
1761 1945 1852 2000 hic
1871 1961 2078 2001 secun-

480 2037 617 2092 dum
642 2035 826 2092 Adam
856 2040 960 2091 est.
987 2035 1095 2100 Qui
1117 2052 1249 2090 vero
1279 2035 1405 2091 aliis
1435 2039 1617 2103 nocet,
1631 2040 1731 2091 aut
1752 2035 2077 2106 injuriatur,

481 2132 582 2183 aut
606 2127 919 2182 calumnias
945 2124 1175 2197 ingerit,
1207 2129 1309 2181 aut
1336 2140 1540 2181 usuras
1570 2124 1761 2196 exigit,
1774 2124 1864 2180 hic
1880 2140 2082 2181 secun-

479 2215 616 2273 dum
643 2216 932 2272 diabolum
950 2220 1056 2270 est.

549 2305 851 2372 2.Quidam
866 2305 1072 2361 fratres
1089 2304 1376 2361 venientes
1386 2305 1458 2361 ad
1471 2303 1732 2362 abbatem
1747 2303 2076 2372 Antonium,

478 2395 842 2470 postulabant
869 2395 941 2451 ab
958 2411 1025 2450 eo
1044 2394 1240 2451 audire
1260 2410 1579 2451 sermonem
1594 2411 1696 2467 per
1715 2410 1885 2466 quam
1906 2394 2084 2449 salva-

478 2492 677 2543 rentur
692 2488 898 2559 (Joan.,
933 2487 1079 2543 libet.
1105 2500 1183 2553 Iv,
1212 2502 1270 2541 η.
1305 2485 1412 2554 li).
1437 2483 1651 2549 Quibus
1670 2484 1766 2539 ille
1786 2484 1903 2539 ait:
1940 2483 2083 2539 Scri-

477 2582 676 2650 pturas
707 2575 1017 2641 audivistis,
1054 2580 1113 2631 et
1132 2575 1289 2630 scitis
1308 2591 1432 2647 quae
1450 2574 1608 2629 vobis
1627 2590 1663 2628 a
1683 2574 1908 2629 Christo
1928 2573 2083 2628 sufﬁ-

478 2666 650 2721 ciant.
676 2666 752 2720 At
768 2664 871 2731 illi,
894 2670 959 2720 ut
975 2665 1092 2737 ipse
1116 2680 1339 2736 quoque
1359 2663 1572 2734 aliquid
1583 2663 1665 2719 eis
1682 2663 1868 2718 dicere
1885 2662 2082 2734 digna-

479 2760 655 2822 retur,
683 2751 989 2808 instabant.
1010 2753 1167 2808 Tunc
1193 2753 1330 2808 dicit
1356 2753 1437 2808 eis
1461 2770 1473 2805 :
1515 2753 1884 2823 Evangelium
1903 2751 2074 2806 dicit:

480 2842 540 2896 Si
569 2841 697 2914 quis
720 2847 777 2896 te
800 2840 1139 2913 percusserit
1156 2840 1217 2896 in
1244 2840 1529 2896 maxillam
1555 2839 1863 2907 dexteram,
1895 2838 2081 2912 praebe

478 2932 563 2987 illi
594 2936 653 2987 et
678 2931 916 2986 alteram
947 2932 1162 3000 (Matth.
1196 2930 1271 3000 v).
1299 2931 1376 2985 At
1397 2929 1479 2984 illi
1509 2946 1569 2985 se
1605 2929 1787 2984 facere
1819 2929 1925 2985 hoc
1966 2946 2080 2985 non

476 3038 641 3095 posse
670 3021 952 3076 dixerunt.
980 3019 1294 3092 Respondit
1320 3035 1493 3074 senex
1518 3037 1531 3075 :
1564 3019 1821 3074 Praebere
1838 3019 2077 3075 alteram

2233 1856 2287 1910 5.
2315 1856 2476 1911 Alius
2493 1862 2617 1913 erat
2634 1874 2822 1925 senex,
2854 1858 2903 1914 si
2944 1859 3070 1930 quis
3112 1858 3446 1916 detraxisset
3466 1860 3537 1929 ei,
3566 1862 3669 1919 ille
3688 1863 3775 1919 fe—

2162 1944 2436 2015 stinabat,
2467 1945 2515 2002 si
2540 1946 2754 2002 vicinus
2782 1946 2835 2002 ei
2856 1953 2997 2015 erat,
3020 1965 3120 2020 per
3141 1949 3386 2022 seipsum
3415 1949 3555 2006 bene
3573 1969 3769 2008 remu-

2161 2050 2364 2091 nerare
2380 2035 2571 2104 illum;
2601 2036 2752 2108 quod
2779 2036 2829 2091 si
2856 2037 3078 2109 longius
3108 2038 3388 2108 manebat,
3412 2042 3765 2098 tmnsmitte-

2163 2124 2259 2181 bat
2288 2126 2340 2182 ei
2362 2142 2600 2183 munera
2629 2128 2812 2195 (Ra/)2,
2849 2130 2887 2182 ι.
2923 2142 3006 2195 ιιι,
3040 2145 3099 2183 η.
3126 2128 3233 2199 ll).

2754 2217 2989 2273 CAPUT
3014 2218 3165 2274 VIII.

2514 2308 2589 2361 De
2618 2322 2733 2362 non
2750 2308 3104 2364 retribuendo
3130 2311 3399 2366 inimicis.

2233 2395 2258 2450 1
2273 2395 2535 2461 .Quidam
2549 2396 2724 2452 frater
2740 2397 3108 2469 interrogavit
3122 2397 3383 2455 abbatem
3404 2399 3757 2470 Sisoi(Ruff.,

2164 2488 2203 2541 ι.
2237 2500 2318 2554 ω,
2342 2502 2399 2541 η.
2432 2484 2545 2557 82),
2576 2487 2768 2542 dicens
2800 2501 2812 2536 :
2844 2487 2904 2543 Si
2930 2488 3177 2543 latrones
3206 2494 3307 2544 aut
3344 2487 3564 2545 barbari
3583 2506 3759 2563 super

2167 2591 2259 2630 me
2287 2574 2578 2644 irruerint,
2609 2577 2861 2632 occidere
2888 2594 2979 2633 me
2993 2578 3262 2646 volentes,
3281 2583 3341 2634 et
3364 2596 3467 2651 ego
3486 2579 3534 2635 si
3551 2596 3763 2652 prava-

2162 2665 2341 2732 luero,
2378 2664 2546 2736 jubes
2584 2672 2650 2722 ut
2685 2666 2976 2722 occidam?
3021 2668 3125 2724 Cui
3164 2668 3258 2724 ille
3294 2669 3582 2741 respondit
3611 2686 3626 2722 :
3674 2671 3760 2727 Ne

2162 2753 2335 2809 facias
2364 2754 2534 2822 istud,
2559 2770 2631 2811 ne
2657 2755 2965 2810 nomineris
2988 2755 3284 2823 homicida,
3301 2757 3400 2813 sed
3427 2762 3610 2813 totum
3638 2759 3757 2815 Deo

2163 2843 2460 2912 contrade;
2494 2850 2552 2899 et
2572 2844 2845 2916 quidquid
2867 2844 2967 2900 tibi
2996 2846 3295 2917 contigerit
3325 2846 3560 2915 adversi,
3586 2848 3757 2920 profi-

2160 2937 2281 2988 tere
2309 2934 2415 2988 hoc
2450 2931 2555 2988 tibi
2584 2939 2814 3006 propter
2856 2940 3088 3007 peccata
3121 2942 3221 2991 tua
3251 2936 3468 3005 venire;
3515 2937 3565 2992 si
3614 2937 3753 3010 quid

2160 3038 2292 3077 vero
2337 3021 2472 3077 boni
2517 3023 2692 3079 fueris
2736 3029 3090 3094 consecutus,
3118 3024 3318 3082 divinae
3347 3025 3753 3099 dispensationi

476 3128 590 3167 non
610 3111 881 3183 potestis?
911 3110 996 3165 vel
1024 3109 1084 3164 in
1103 3109 1261 3164 illam
1288 3108 1516 3177 iterum,
1530 3108 1579 3164 si
1598 3109 1856 3176 voluerit,
1879 3114 2074 3177 θθει
2096 3119 2142 3180 c
2158 3116 2341 3168 totum
2369 3112 2539 3167 debes
2568 3111 2866 3169 ascribere.

476 3200 640 3257 ferire
655 3200 947 3256 sustinete.
982 3197 1092 3255 Sed
1117 3214 1246 3254 cum
1273 3214 1456 3270 neque
1486 3198 1591 3254 hoc
1627 3215 1687 3254 se
1707 3215 1870 3270 posse
1890 3197 2075 3254 facere

474 3295 840 3355 testarentur,
868 3288 1006 3344 dicit
1034 3288 1114 3343 eis
1141 3304 1308 3344 senex
1342 3306 1353 3341 :
1389 3288 1535 3360 Ergo
1562 3288 1612 3343 si
1637 3288 1744 3342 hoc
1769 3304 1881 3343 non
1909 3293 2073 3360 pote-

473 3380 595 3448 stis,
625 3397 697 3435 ne
724 3379 975 3435 reddatis
1004 3377 1219 3434 malum
1245 3394 1347 3450 pro
1370 3394 1436 3432 eo
1471 3377 1620 3449 quod
1657 3377 1968 3449 accepistis.
2002 3378 2072 3433 Et

475 3486 606 3525 cum
631 3469 783 3524 idem
814 3468 1067 3534 verbum,
1109 3467 1258 3538 quod
1275 3466 1537 3538 superius
1562 3466 1840 3534 dixerant,
1857 3472 2074 3540 repete-

472 3565 619 3625 rent,
634 3557 774 3614 dixit
796 3556 967 3612 abbas
996 3556 1275 3612 Antonius
1302 3555 1576 3627 discipulo
1604 3573 1707 3611 suo
1737 3570 1751 3606 :
1778 3556 1951 3623 Vade,
1985 3557 2072 3612 fac

472 3648 585 3704 illis
608 3664 783 3716 escas,
815 3652 881 3702 ut
906 3645 1222 3712 comedant,
1248 3645 1402 3700 vides
1440 3644 1592 3700 enim
1614 3645 1763 3717 quod
1793 3646 1954 3701 valde
1983 3646 2071 3702 in-

472 3737 625 3794 ﬁrmi
663 3742 816 3794 sunt.
850 3736 920 3791 Et
940 3737 1023 3791 ait
1060 3735 1133 3790 ad
1155 3735 1281 3791 illos
1313 3753 1329 3792 :
1360 3734 1420 3791 Si
1453 3735 1602 3791 enim
1634 3735 1741 3791 hoc
1765 3752 1879 3791 non
1908 3741 2070 3808 pote-

471 3828 592 3894 stis,
620 3832 677 3883 et
702 3828 943 3883 alterum
980 3842 1095 3881 non
1132 3824 1314 3892 vultis,
1349 3824 1483 3896 quid
1528 3841 1563 3880 a
1595 3841 1686 3880 me
1726 3825 2018 3897 requiritis
2047 3825 2072 3881 'I

468 3923 533 3973 ut
559 3917 742 3984 video,
772 3915 1090 3972 necessaria
1112 3921 1199 3971 est
1226 3914 1384 3971 vobis
1411 3914 1612 3983 oratio,
1654 3931 1757 3987 per
1784 3931 1957 3987 quam
1984 3915 2070 3971 in~

469 4007 709 4063 firmitas
736 4012 922 4063 vestra
949 4010 1199 4063 sanetur.

1078 4092 1312 4151 CAPUT
1336 4092 1463 4149 VII.

756 4183 833 4241 De
857 4184 1214 4239 retribuendo
1245 4184 1448 4238 bonum
1468 4198 1574 4252 pro
1602 4185 1771 4238 malo.

540 4274 596 4330 1.
637 4271 880 4340 Quidam
908 4288 975 4327 ex
1020 4270 1290 4327 fratribus
1317 4269 1388 4326 ab
1415 4270 1527 4327 alio
1556 4287 1755 4343 passus
1801 4270 2072 4343 injuriam

467 4363 624 4421 venit
654 4363 725 4420 ad
747 4361 1010 4419 abbatem
1049 4360 1256 4417 Sisoim
1271 4378 1284 4427 ;
1310 4364 1368 4415 et
1391 4360 1747 4417 contumeliae
1773 4376 1952 4432 genus
1980 4378 2071 4417 ex-

2227 3200 2282 3255 2.
2309 3201 2445 3257 Erat
2470 3202 2707 3259 eremita
2734 3202 2963 3275 quidam
2988 3204 3300 3276 magnusin
3329 3209 3518 3261 monte
3546 3205 3644 3277 qui
3671 3204 3753 3262 di-

2154 3290 2299 3346 citur
2327 3290 2611 3347 Athabeos
2624 3292 2858 3367 [Ruf/in.
2876 3293 3275 3365 Athlibeus],et
3296 3301 3568 3351 venerunt
3580 3312 3753 3367 super

2152 3395 2282 3434 eum
2323 3379 2571 3436 latrones
2617 3366 2813 3451 (Ruf/1‘,
2842 3385 2883 3437 ι.
2915 3395 2989 3449 In,
3022 3398 3082 3437 η.
3114 3380 3224 3451 83).
3258 3384 3399 3438 Cum
3426 3388 3614 3438 autem
3653 3366 3749 3439 ille

2149 3485 2343 3524 vocem
2372 3470 2636 3537 dedisset,
2660 3470 2731 3526 de
2748 3471 2947 3526 vicinis
2970 3472 3107 3528 locis
3133 3471 3337 3528 fratres
3361 3472 3443 3528 illi
3458 3474 3748 3529 conﬂuen-

2152 3564 2239 3613 tes
2266 3560 2817 3632 comprehenderunt
2838 3577 2953 3617 eos.
2985 3561 3137 3627 Quos
3162 3562 3521 3618 transmissos
3538 3563 3598 3619 in
3618 3564 3750 3619 civi-

2154 3652 2331 3703 tatem
2358 3650 2532 3720 judex
2551 3649 2708 3705 misit
2725 3650 2786 3705 in
2796 3666 3100 3706 carcerem.
3120 3651 3346 3708 Fratres
3367 3669 3494 3707 vero
3506 3652 3589 3708 illi
3612 3668 3749 3709 con-

2154 3737 2363 3792 tristati
2386 3744 2519 3793 sunt
2538 3739 2723 3806 nimis,
2752 3739 2885 3811 quia
2909 3746 3138 3813 propter
3162 3757 3257 3797 eos
3283 3742 3531 3797 latrones
3549 3742 3747 3798 traditi

2154 3832 2343 3883 essent
2355 3828 2427 3883 ad
2447 3844 2700 3900 penam;
2724 3835 2782 3884 et
2801 3829 3094 3886 venientes
3113 3830 3183 3885 ad
3194 3829 3450 3887 abbatem
3469 3831 3751 3889 Pimenio-

2152 3932 2302 3983 nem,
2331 3923 2705 3974 narraverunt
2731 3919 2784 3973 ei
2812 3919 3041 3975 factum.
3066 3919 3174 3985 Qui
3198 3920 3421 3993 scripsit
3446 3921 3518 3976 ad
3550 3921 3750 3977 eremi-

2151 4010 2289 4065 tam.
2345 4007 2579 4065 dicens:
2632 4008 3009 4065 Reminiscere
3063 4010 3300 4081 primam
3348 4010 3744 4082 proditionem,

2153 4097 2302 4152 unde
2330 4096 2478 4153 facta
2504 4102 2609 4166 est,
2643 4103 2700 4154 et
2726 4104 2862 4154 tunc
2888 4098 3102 4156 videbis
3137 4100 3439 4156 secundam
3471 4100 3746 4172 proditio-

2152 4201 2302 4241 nem.
2325 4186 2450 4241 Nisi
2478 4186 2629 4243 enim
2657 4187 2914 4259 proditus
2932 4188 3135 4245 fuisses
3148 4187 3220 4244 ab
3239 4188 3740 4258 interioribustuis,

2151 4276 2455 4332 secundam
2504 4276 2943 4349 publicationem
2997 4278 3290 4351 nunquam
3337 4284 3739 4351 perpetrasses.

2152 4363 2406 4437 Cumque
2430 4366 2525 4422 ille
2552 4367 2725 4423 talem
2752 4368 3005 4424 audisset
3016 4385 3352 4435 sermonem,
3376 4374 3743 4441 compunctus

469 4468 704 4527 ponens,
733 4449 979 4506 addebat
1005 4464 1021 4500 :
1048 4449 1226 4521 Cupio
1252 4466 1343 4505 me
1380 4448 1661 4505 vindicare
1686 4450 1879 4522 (Ra/ﬁ,
1913 4453 1952 4506 ι.
1980 4464 2063 4519 ιιι,
2087 4441 2272 4523 Dest;
2302 4460 2361 4509 et
2405 4472 2534 4512 cum
2562 4462 2711 4512 esset
2735 4456 2803 4512 in
2822 4458 2919 4513 illa
2946 4457 3173 4530 regione
3196 4458 3534 4525 nominatus,
3568 4464 3628 4514 et
3645 4474 3745 4531 per

469 4560 531 4598 η.
563 4541 660 4611 77;
689 4544 873 4610 Pelag.
908 4541 1077 4596 tibett.
1107 4553 1218 4607 xv1,
1250 4555 1310 4594 η.
1339 4535 1442 4609 10).
1476 4539 1656 4595 Senex
1684 4544 1876 4596 autem
1908 4556 2072 4612 roga-

468 4631 567 4689 bat
604 4648 734 4688 eum
771 4635 834 4685 ut
870 4629 1217 4700 relinqueret
1244 4628 1361 4684 Deo
1388 4627 1711 4684 vindictam.
1745 4630 1820 4684 At
1842 4628 1937 4684 ille
1968 4629 2071 4685 ite-

466 4738 596 4777 rum
619 4740 631 4776 :
650 4722 777 4776 Non
801 4719 1089 4786 desistam,
1121 4716 1327 4790 inquit,
1344 4717 1455 4773 nisi
1475 4717 1697 4774 fortiter
1714 4733 1805 4774 me
1827 4718 2068 4775 vindica-

466 4828 617 4867 vero.
653 4810 754 4866 Cui
773 4809 944 4865 abbas
972 4808 1148 4865 Sisois
1167 4809 1251 4864 ait
1279 4827 1291 4863 :
1323 4808 1469 4873 Quia
1483 4809 1659 4863 semel
1675 4808 1780 4864 hoc
1798 4809 1858 4865 in
1874 4809 2066 4867 animo

468 4899 725 4974 posuisti,
758 4899 959 4954 saltem
983 4914 1229 4954 oremus.
1248 4897 1318 4954 Et
1338 4914 1643 4969 exsurgens
1664 4915 1833 4954 senex
1846 4898 1934 4954 his
1949 4916 2068 4955 ver-

466 4990 556 5047 bis
576 4989 745 5062 ccepit
774 5005 937 5045 orare
971 5005 982 5041 :
1026 4988 1199 5053 Deus,
1239 4988 1362 5058 jam
1386 5004 1500 5042 non
1531 5005 1591 5043 es
1619 4986 1781 5044 nobis
1812 5005 2067 5045 necessa-

466 5080 605 5145 rius,
630 5084 695 5134 ut
720 5094 822 5150 pro
852 5076 1014 5133 nobis
1043 5075 1316 5132 sollicitus
1343 5074 1441 5143 sis,
1467 5075 1602 5147 quia
1628 5093 1732 5132 nos
1761 5076 1889 5148 ipsi,
1921 5078 2069 5134 sicut

465 5168 575 5225 iste
596 5169 774 5224 frater
799 5166 954 5233 dicit,
984 5170 1043 5221 et
1066 5165 1325 5221 volumus
1352 5170 1409 5220 et
1428 5160 1736 5236 possumus
1757 5164 2061 5223 vindicare.

470 5259 632 5326 Quod
652 5274 779 5314 cum
807 5256 901 5312 ille
929 5256 1106 5311 frater
1133 5254 1402 5322 audisset,
1421 5261 1553 5309 ante
1582 5254 1752 5326 pedes
1777 5256 1927 5310 senis
1944 5274 2071 5328 pro-

471 5355 703 5417 stratus,
737 5347 959 5402 veniam
990 5345 1343 5418 precabatur,
1366 5343 1700 5415 promittens
1729 5360 1791 5400 se
1817 5361 1947 5400 cum
1972 5346 2068 5402 illo

468 5439 560 5495 cui
581 5436 931 5495 irascebatur
956 5452 1245 5508 nunquam
1265 5434 1529 5505 deinceps
1548 5449 1671 5488 esse
1700 5439 2065 5493 certaturum.

537 5527 594 5585 2.
613 5526 855 5592 Quidam
884 5526 1062 5582 frater
1087 5542 1218 5582 cum
1239 5524 1311 5581 ab
1323 5524 1502 5580 altero
1518 5522 1598 5594 inj
1607 5522 2069 5592 uriaretur,venit

472 5620 530 5676 et
545 5615 906 5675 annuntiavit
924 5615 1046 5674 seni
1075 5616 1260 5689 (Ra/)2,
1300 5615 1398 5672 tib.
1424 5625 1502 5684 In,
1536 5628 1596 5670 η.
1630 5610 1865 5686 78).Cui
1895 5631 2066 5673 senex

2150 4544 2393 4600 multum
2420 4551 2643 4617 tempus
2665 4547 2736 4602 de
2758 4547 2899 4603 cella
2924 4564 3029 4603 sua
3057 4563 3172 4604 non
3198 4548 3406 4616 exiens,
3435 4563 3741 4620 exsurgens

2148 4637 2342 4689 tamen
2358 4634 2419 4689 in
2436 4634 2739 4705 civitatem,
2756 4642 2816 4692 et
2837 4637 3117 4709 expellens
3143 4637 3388 4695 latrones
3401 4637 3472 4694 de
3496 4653 3737 4705 carcere,

2149 4722 2413 4781 liberavit
2439 4741 2537 4781 eos
2561 4726 2804 4799 publice.

2755 4817 2990 4873 CAPUT
3020 4817 3117 4873 IX.

2617 4906 2692 4961 De
2708 4908 2949 4976 perfecta
2976 4908 3273 4977 patientia.

2224 4996 2274 5050 l.
2303 4992 2545 5059 Quidam
2596 4995 2790 5052 videns
2820 4996 3097 5053 laboriose
3132 5000 3451 5069 portantem
3491 4995 3569 5053 in:
3593 4993 3735 5051 lecto

2148 5088 2436 5139 mortuum
2462 5084 2694 5155 (Pelag.,
2729 5087 3033 5152 l2bett.xv1,
3067 5101 3127 5142 η.
3159 5084 3270 5157 ll),
3303 5084 3443 5141 dicit
3467 5085 3565 5141 ei-z
3593 5084 3739 5140 Mor-

2146 5175 2277 5227 tuos
2305 5173 2536 5244 portas?
2560 5174 2609 5228 si
2636 5174 2719 5229 vis
2746 5175 2946 5231 melius
2969 5177 3173 5243 facere,
3202 5174 3353 5231 vivos
3388 5180 3569 5247 porta,
3602 5174 3732 5246 quia

2149 5262 2367 5333 paciﬁci
2390 5263 2494 5317 ﬁlii
2520 5263 2623 5318 Dei
2652 5263 3001 5319 vocabuntur
3033 5266 3205 5325 «Matt.
3228 5282 3261 5318 v
3279 5280 3311 5325 J.

2217 5351 2271 5405 2.
2303 5352 2788 5424 Interrogantibus
2813 5353 3148 5425 quibusdam
3180 5353 3446 5409 fratribus
3473 5352 3727 5408 abbatem

2149 5440 2379 5512 Moysen
2394 5443 2832 5510 sermonem,ille
2847 5444 3105 5499 hortatus
3118 5449 3205 5499 est
3216 5443 3549 5515 discipulum
3566 5459 3726 5498 suum

2146 5529 2489 5600 Zachariam,
2508 5538 2575 5588 ut
2601 5532 2682 5589 eis
2705 5532 2921 5605 aliquid
2947 5533 3174 5591 diceret.
3201 5533 3356 5589 Tunc
3374 5532 3471 5588 ille
3496 5531 3726 5605 pallium

2146 5634 2315 5679 suum
2339 5620 2599 5694 deposuit
2626 5621 2730 5681 sub
2748 5622 3005 5697 pedibus,
3034 5629 3095 5682 et
3114 5622 3460 5681 conculcavit
3488 5621 3645 5692 illud,
3672 5624 3728 5678 et
