3934 6396
125 390 248 453 1033

1398 395 1638 452 VERBA
1676 397 2066 455 SENIORUM.

3237 400 3259 455 1
3271 400 3372 458 034

123 519 267 577 dixit:
285 516 410 578 Nisi
427 517 553 592 quis
574 518 652 573 sic
669 517 840 573 fuerit
860 521 1238 588 conculcatus,
1255 521 1558 576 monachus
1573 539 1694 578 esse
1715 524 1764 583 A
1781 525 1955 579 sumit
1985 540 2074 578 me
2093 523 2356 594 cogitatio
2377 539 2518 588 mea,
2544 526 2602 576 et
2628 523 2814 594 arguit
2843 539 2951 590 me,
2975 524 3167 580 dicens
3191 544 3202 578 :
3228 525 3395 591 Qua-.

120 627 221 665 non
249 611 616 681 potesttRu/I‘.,
636 612 673 663 ι.
694 623 754 674 ιι,
781 626 839 662 n.
862 608 930 664 86
954 627 966 676 ;
993 613 1193 678 Pelag.,
1224 613 1472 675 libet.xv,
1502 628 1560 665 η.
1592 610 1697 679 17.)

185 697 231 755 3.
258 697 460 754 Abbati
486 697 749 752 Ammoni
777 699 1128 769 prophetavit
1172 698 1370 753 beatus
1397 700 1694 763 Antonius,

119 789 297 842 dicens
330 807 342 840 :
376 787 614 842 Multum
644 787 816 841 habes
845 788 903 841 in
932 789 1134 842 timore
1165 789 1265 843 Dei
1315 791 1602 860 proﬁcere.
1633 791 1701 844 Et

120 878 348 931 educens
376 893 506 931 eum
531 877 600 930 de
629 877 784 942 cella,
823 877 1068 932 ostendit
1099 878 1149 930 ei
1181 879 1446 949 lapidem,
1481 883 1537 932 et
1565 878 1701 932 dicit

119 966 164 1020 ei
195 965 377 1020 :Vade
397 971 452 1019 et
473 965 744 1036 injuriare
769 966 1013 1038 lapidem
1036 967 1202 1033 hunc,
1232 973 1288 1021 et
1318 967 1700 1022 indesinenter

120 1055 254 1109 caede
293 1055 472 1108 illum.
511 1055 671 1118 Quod
700 1072 824 1110 cum
877 1056 1112 1122 fecisset,
1155 1056 1520 1127 interrogavit
1570 1074 1699 1110 eum

118 1149 332 1198 sanctus
350 1145 647 1216 Antgnius,
667 1144 715 1198 si
737 1145 788 1198 ei
807 1146 1016 1216 aliquid
1042 1146 1181 1217 lapis
1204 1147 1603 1217 respondisset.
1628 1149 1702 1201 At

118 1234 205 1287 ille
227 1233 365 1287 dixit
394 1251 406 1287 :
440 1235 584 1288 Non.
619 1234 722 1288 Cui
767 1234 938 1289 abbas
967 1236 1244 1290 Antonius
1274 1235 1355 1289 ait
1383 1254 1396 1289 :
1439 1237 1526 1291 Ita
1554 1241 1611 1290 et
1638 1243 1700 1291 tu

117 1322 184 1376 ad
212 1322 354 1376 hanc
383 1339 706 1377 mensuram
748 1328 1118 1394 perventurus
1148 1341 1226 1391 es,
1260 1329 1324 1379 ut
1361 1325 1574 1380 nullam
1603 1324 1706 1379 tibi

121 1409 232 1464 fieri
261 1409 551 1465 arbitreris
577 1410 866 1482 injuriam.

734 1501 966 1557 CAPUT
993 1502 1063 1556 Χ.

123 1590 265 1657 Quod
289 1595 494 1658 oportet
515 1606 620 1660 pro
643 1607 794 1660 pace,
826 1593 1080 1659 quamvis
1103 1592 1242 1645 bona
1267 1597 1397 1646 sunt
1419 1608 1602 1661 opera,
1626 1593 1708 1645 di-

471 1742 483 1752 .
795 1683 1031 1735 mittere.

189 1767 236 1821 l.
268 1766 457 1822 Abbas
501 1768 703 1823 Motois
736 1769 1028 1823 aedificavit
1061 1768 1168 1823 sibi
1215 1770 1620 1824 monasterium
1651 1770 1710 1824 in

1782 631 1842 668 re
1872 613 2108 685 peccasti
2135 613 2159 666 ’ἶ
2201 612 2333 684 quid
2364 612 2603 667 faciam?
2632 613 2939 684 Respondit
2981 631 3151 669 senex
3176 633 3186 668 :
3222 615 3374 680 Qua-

1783 720 2000 774 cunque
2028 703 2166 756 hora
2195 702 2458 756 ceciderit
2495 702 2660 756 homo
2691 703 2748 756 in
2800 704 3041 774 culpam,
3077 710 3133 758 et
3175 705 3378 760 dixerit

1783 809 1846 845 ex
1876 793 2084 846 corde:
2132 793 2369 846 Domine
2416 792 2582 856 Deus,
2635 792 2872 862 peccavi,
2921 793 3147 863 indulge
3195 794 3371 862 mihi;

1782 898 1908 935 mox
1924 881 2348 950 cessabitcogita
2357 881 2525 934 tionis
2537 881 2619 933 vel
2636 881 2878 934 tristitiae
2896 881 2991 935 illa
3001 883 3374 954 consumptio.

1853 968 1902 1026 3.
1940 969 2168 1024 Dicebat
2194 976 2382 1023 autem
2413 968 2585 1023 abbas
2615 969 2900 1024 Pimenius
2929 970 2998 1024 de
3037 970 3238 1025 abbate
3281 971 3379 1026 Isi-

1782 1059 1936 1124 doro,
1973 1059 2101 1130 quia
2130 1059 2282 1112 solus
2327 1059 2420 1112 ille
2466 1075 2524 1112 se
2563 1058 2912 1128 cognovisset
2940 1060 3122 1134 (Ra/IX,
3161 1062 3254 1114 tib.
3289 1074 3374 1126 Ill,

1785 1166 1840 1202 η.
1881 1146 2021 1217 101).
2045 1149 2189 1202 Nam
2209 1137 2426 1218 quoties
2446 1147 2528 1201 illi
2547 1147 2768 1201 dicebat
2787 1148 3049 1218 cogitatio
3075 1166 3208 1203 sua:
3235 1149 3379 1214 Quia

1784 1253 2022 1307 magnus
2052 1254 2129 1302 es,
2163 1242 2297 1290 tunc
2327 1242 2384 1290 et
2407 1236 2524 1307 ipse
2552 1236 2926 1306 respondebat
2944 1237 3048 1291 sibi
3075 1256 3086 1290 :
3113 1239 3379 1310 Nunquid

1787 1327 1916 1381 talis
1937 1327 2118 1397 qualis
2149 1325 2456 1402 Antonius,
2481 1331 2580 1378 aut
2620 1331 2771 1378 certe
2805 1325 2976 1380 abbas
3009 1325 3268 1393 Piamon,
3296 1328 3382 1382 vel

1788 1415 1990 1486 reliqui
2038 1416 2234 1468 Patres
2275 1414 2371 1484 qui
2412 1414 2527 1468 Deo
2558 1413 2934 1484 placuerunt?
2983 1415 3212 1479 Quoties
3250 1432 3383 1487 ergo

1787 1505 1904 1560 haec
1931 1503 2230 1574 cogitabat,
2263 1502 2665 1574 requiescebat.
2690 1503 2924 1568 Quando
2943 1521 3072 1558 vero
3104 1505 3381 1574 inimicus,

1789 1593 2128 1648 conturbans
2166 1609 2314 1658 eum,
2366 1591 2708 1663 suggerebat
2749 1593 2801 1647 ei
2852 1593 3300 1665 desperationem
3329 1600 3388 1650 et

1793 1699 2034 1754 poenam,
2060 1682 2251 1735 dicens
2281 1699 2291 1734 :
2316 1681 2591 1744 Quoniam
2613 1687 2740 1752 post
2766 1681 2882 1736 haec
2903 1682 3095 1736 omnia
3122 1683 3306 1738 iturus
3328 1700 3388 1738 es

1794 1773 1864 1826 ad
1904 1777 2206 1836 tormenta,
2239 1770 2382 1825 dixit
2407 1770 2525 1840 ipse
2558 1789 2569 1823 :
2603 1770 2746 1834 Quia
2775 1771 3028 1842 quamvis
3058 1789 3162 1842 ego
3192 1773 3250 1828 in
3275 1777 3386 1828 tor-

120 1855 232 1910 loco
263 1857 360 1927 qui
387 1857 593 1912 dicitur
612 1859 957 1912 Heracleona
1003 1859 1186 1927 (Ra/ﬂ,
1224 1862 1258 1913 ι.
1297 1875 1383 1930 ιιῐ,
1413 1876 1470 1913 n.
1505 1859 1615 1927 94).
1645 1844 1774 1913 EtB
1795 1865 1986 1916 menta
2019 1861 2230 1927 mittar,
2254 1865 2445 1914 tamen
2476 1877 2569 1914 vos
2596 1858 2794 1914 subtus
2820 1877 2908 1915 me
2937 1861 3178 1916 invenio.

118 1944 248 1999 dum
275 1945 353 1999 ibi
380 1964 414 2000 a
445 1946 638 2001 multis
657 1948 1351 2014 molestaretur,369in
1369 1949 1608 2003 alterum
1629 1949 1712 2002 lo-

119 2051 240 2089 cum
263 2041 651 2107 transgressus
672 2043 778 2105 est,
797 2045 853 2091 et
872 2037 1132 2092 similiter
1160 2037 1235 2092 ibi
1268 2039 1577 2092 construxit
1598 2054 1714 2092 mo-

121 2125 445 2178 nasterium.
482 2125 588 2180 Sed
621 2142 722 2196 per
748 2126 1015 2180 invidiam
1045 2127 1250 2181 diaboli
1282 2127 1508 2197 quidam
1539 2127 1714 2181 frater

117 2212 190 2266 ibi
221 2213 484 2268 inventus
515 2220 618 2282 est,
651 2216 746 2286 qui
775 2233 998 2287 semper
1025 2233 1168 2270 iram
1196 2234 1322 2270 cum
1346 2234 1411 2270 eo
1433 2216 1706 2270 habebat:

117 2308 344 2373 propter
369 2303 486 2358 haec
509 2305 752 2358 surrexit
773 2305 923 2370 inde,
952 2313 1008 2359 et
1038 2306 1110 2360 ad
1142 2306 1431 2377 proprium
1459 2323 1714 2360 reversus

117 2397 199 2444 est
226 2391 409 2446 vicum
432 2411 445 2459 ;
471 2399 528 2446 et
551 2393 683 2448 fecit
710 2393 824 2448 illic
844 2395 1270 2461 monasterium,
1295 2402 1352 2449 et
1380 2396 1607 2448 reclusit
1634 2413 1717 2448 se-

116 2481 420 2552 metipsum
430 2482 583 2536 .Post
591 2489 812 2554 tempus
825 2489 1012 2538 autem
1029 2485 1380 2554 aliquantum
1394 2484 1717 2554 congregati

115 2575 245 2626 sunt
285 2586 452 2624 senes
481 2571 550 2625 de
596 2572 691 2626 illo
744 2573 892 2627 unde
940 2591 1228 2644 regressus
1275 2579 1376 2635 est,
1433 2574 1715 2627 deducen-

116 2662 198 2713 tes
230 2675 424 2714 secum
459 2660 619 2715 illum
646 2661 899 2728 fratrem,
935 2679 1061 2716 cum
1093 2679 1202 2734 quo
1233 2663 1509 2717 habuerat
1533 2663 1711 2728 litem,

116 2753 397 2818 quatenus
417 2755 682 2819 rogarent
707 2767 856 2816 eum,
889 2757 954 2805 ut
990 2751 1326 2806 reducerent
1352 2752 1410 2806 in
1442 2756 1718 2806 monaste-

113 2836 259 2891 rium
279 2839 780 2910 suum.Postquam
799 2843 988 2894 autem
1011 2839 1070 2894 in
1090 2840 1270 2894 vicina
1287 2841 1408 2894 loca
1422 2846 1712 2907 venerunt,

112 2929 231 2980 tam
262 2927 503 2981 melotes
517 2944 648 2982 suas
664 2945 832 2999 quam
849 2929 1009 2983 illum
1031 2929 1264 2984 fratrem
1287 2929 1494 2984 ibidem
1514 2929 1717 2984 dereli-

115 3022 380 3084 querunt,
414 3017 633 3087 ipsique
657 3018 891 3088 profecti
921 3023 1053 3072 sunt
1074 3019 1143 3073 ad
1175 3035 1386 3072 senem.
1409 3021 1478 3074 Et
1495 3020 1719 3090 pulsan-

112 3103 264 3159 tibus
286 3106 423 3173 illis,
455 3112 652 3176 aperta
680 3106 929 3161 fenestra
957 3108 1283 3178 respexit,et
1307 3109 1563 3179 cognovit
1587 3126 1707 3166 eos.

1865 1951 1917 2005 4.
1957 1948 2158 2003 Abbati
2201 1949 2378 2020 Moysi
2403 1935 2726 2020 frequenter
2753 1955 3138 2020 apparuerunt
3156 1950 3388 2021 spiritus

1797 2039 2028 2107 maligni
2059 2041 2242 2105 (Rulf.,
2272 2042 2309 2091 t.
2343 2052 2422 2104 In,
2459 2054 2514 2091 η.
2555 2036 2689 2105 102),
2722 2037 2969 2093 dicentes
2995 2057 3007 2091 :
3036 2039 3232 2093 Vicisti
3262 2056 3383 2106 nos,

1795 2133 1855 2181 et
1882 2127 2022 2181 nihil
2049 2127 2150 2181 tibi
2180 2143 2476 2197 possumus
2499 2126 2678 2180 facere
2703 2146 2714 2195 ;
2743 2127 3008 2198 quoniam
3039 2129 3258 2198 quoties
3288 2145 3389 2200 per

1795 2217 2244 2287 desperationem
2264 2216 2562 2269 humiliare
2579 2222 2633 2268 te
2653 2217 2925 2282 volumus,
2941 2217 3203 2271 exaltaris
3224 2237 3236 2284 ;
3255 2234 3391 2288 quo-

1796 2305 1903 2358 ties
1932 2311 1987 2357 te
2009 2305 2272 2370 exaltare,
2304 2304 2384 2358 ita
2421 2311 2477 2358 te
2501 2303 2783 2369 humilias,
2824 2310 2887 2358 ut
2916 2305 3104 2360 nullus
3134 2306 3202 2360 de
3229 2305 3389 2360 nobis

1800 2395 2029 2448 accedat
2052 2394 2120 2447 ad
2153 2399 2225 2447 te.

1871 2483 1920 2537 5.
1955 2483 2096 2537 Cum
2126 2482 2354 2552 quidam
2385 2483 2454 2536 ad
2492 2481 2751 2537 abbatem
2785 2483 3028 2537 Sisoium
3069 2483 3393 2554 frequenter

1800 2572 1970 2626 talem
1999 2588 2313 2626 sermonem
2357 2572 2670 2643 requireret
2711 2573 2912 2643 (Ra/"ﬂ,
2952 2577 2989 2626 ι.
3023 2587 3104 2639 III,
3139 2590 3195 2627 η.
3240 2572 3387 2642 1113),

1800 2661 1943 2725 Quid
1966 2661 2185 2726 faciam,
2214 2662 2400 2725 Pater,
2429 2662 2692 2732 quoniam
2716 2661 2921 2715 cecidi?
2943 2663 3042 2717 Ille
3069 2663 3390 2734 respondit:

1801 2751 1997 2821 Surge.
2025 2750 2100 2804 Et
2117 2751 2383 2807 surrexit.
2411 2751 2478 2804 Et
2497 2751 2702 2804 iterum
2730 2767 2789 2804 se
2818 2751 3083 2805 cecidisse
3113 2752 3396 2822 professus

1801 2846 1904 2894 est.
1936 2841 2032 2894 Ait
2061 2857 2256 2894 senex:
2283 2841 2351 2894 Et
2376 2841 2582 2894 iterum
2612 2857 2797 2911 surge.
2833 2842 2973 2895 Cum
3004 2847 3192 2895 autem
3221 2841 3396 2895 frater

1797 2929 2122 3000 frequenter
2152 2946 2210 2984 se
2239 2928 2504 2983 cecidisse
2534 2935 2809 2996 narraret,
2841 2931 3039 2984 eodem
3068 2947 3236 2985 senex
3265 2936 3392 2985 ute-

1799 3018 1968 3073 batur
1998 3035 2276 3085 sermone,
2312 3020 2664 3073 exclamans:
2700 3021 2824 3073 Non
2869 3036 3052 3073 cesses
3088 3020 3388 3090 surgendo,

1800 3109 1901 3162 ﬁli.
1934 3108 2040 3162 Cui
2067 3108 2241 3162 frater
2274 3126 2285 3159 :
2325 3109 2626 3178 Usquequo
2655 3125 2881 3179 possum
2924 3125 3172 3178 surgere,
3204 3109 3390 3176 Pater,

113 3193 249 3248 Post
276 3195 594 3250 orationem
622 3197 825 3251 tactam
865 3197 999 3251 dicit
1026 3197 1106 3250 eis
1136 3196 1306 3251 abbas
1339 3198 1530 3251 Motois
1567 3223 1578 3252 :
1607 3197 1712 3251 Ubi
1732 3201 1774 3262 C
1800 3198 2055 3268 explana.
2089 3198 2184 3250 Ait
2211 3213 2379 3251 senex
2413 3217 2424 3250 :
2461 3197 2763 3267 Quousque
2803 3201 2902 3250 aut
2938 3196 2996 3250 in
3025 3196 3170 3251 bono
3203 3215 3389 3268 opere,

111 3288 245 3337 sunt
275 3284 517 3339 melotes
546 3286 778 3340 vestrae?
801 3287 876 3339 At
903 3286 983 3340 illi
1013 3287 1423 3358 responderunt
1450 3306 1460 3340 :
1495 3288 1631 3341 Ecce
1659 3287 1718 3341 in

111 3372 295 3427 vicino
318 3364 456 3428 sunt
475 3391 588 3429 una
609 3392 735 3430 cum
749 3375 944 3442 fratre,
962 3375 1057 3446 qui
1082 3381 1265 3430 tecum
1287 3376 1429 3430 iram
1452 3376 1712 3431 habebat.

109 3461 428 3534 Postquam
450 3463 556 3517 hoc
576 3480 746 3519 senex
776 3464 1008 3528 audivit,
1037 3470 1093 3519 et
1122 3482 1327 3520 nomen
1356 3466 1508 3520 illius
1539 3471 1596 3520 et
1616 3466 1716 3520 ad-

110 3556 345 3606 ventum
376 3553 656 3622 cognovit,
687 3570 802 3624 praa
833 3554 1040 3624 gaudio
1071 3555 1279 3608 ostium
1324 3572 1422 3627 per
1449 3556 1598 3628 quod
1628 3555 1716 3609 in-

107 3656 342 3709 gressus
374 3641 580 3696 fuerat.
619 3659 752 3697 cum
783 3644 965 3698 securi
1013 3643 1316 3714 confregit;
1351 3649 1407 3698 et
1434 3662 1712 3714 egressus,

109 3730 367 3784 cucurrit
395 3729 467 3784 ad
495 3731 679 3785 locum
709 3731 804 3786 ubi
834 3736 956 3786 erat
993 3732 1087 3786 ille
1107 3733 1300 3800 frater,
1333 3739 1390 3788 et
1418 3734 1571 3805 prior
1599 3735 1718 3806 ipse

108 3819 280 3890 caepit
309 3835 485 3889 agere
507 3820 895 3891 paenitentiam
923 3821 1069 3893 apud
1109 3839 1267 3876 eum:
1303 3823 1721 3894 etamplectens

109 3923 266 3975 eum,
298 3909 623 3963 introduxit
649 3911 708 3964 in
736 3910 934 3964 cellam
972 3927 1155 3978 suam,
1205 3916 1262 3965 et
1299 3929 1400 3982 per
1439 3917 1554 3966 tres
1601 3912 1722 3966 dies

107 3998 445 4052 convivatus
468 4003 554 4052 est
589 4015 717 4054 cum
749 3999 849 4066 eis,
885 4000 980 4070 qui
1010 4017 1301 4072 nunquam
1325 4000 1568 4055 habebat
1594 4018 1723 4056 con-

1802 3291 1902 3341 aut
1935 3286 1993 3340 in
2024 3287 2171 3340 malo
2216 3286 2615 3357 deprehensus,
2651 3285 2962 3340 occumbas.
2997 3287 3060 3340 In
3091 3302 3200 3357 quo
3243 3287 3396 3342 enim

1802 3393 1969 3447 opere
1998 3375 2379 3446 deprehensus
2403 3375 2570 3428 fuerit
2597 3375 2783 3440 homo,
2813 3375 3177 3444 judicabitur.

1871 3464 1924 3518 6.
1948 3465 2089 3518 Item
2116 3463 2256 3517 dixit
2289 3481 2299 3515 :
2334 3463 2441 3527 Qui
2467 3462 2702 3529 laborat,
2735 3468 2793 3517 et
2811 3461 3115 3517 arbitratus
3141 3479 3200 3518 se
3224 3463 3395 3519 fuerit

1800 3553 2012 3626 aliquid
2041 3552 2240 3620 facere,
2271 3552 2470 3623 recipit
2509 3552 2600 3605 hic
2626 3552 2938 3606 mercedem
2968 3569 3151 3608 suam.

2404 3642 2591 3696 CAPU
2604 3641 2637 3696 Γ
2663 3642 2788 3697 XII.

2144 3733 2347 3787 Contra
2370 3734 2637 3800 spiritum
2667 3747 2820 3784 vana;
2843 3733 3050 3798 gloriae.

1879 3821 1930 3876 1.
1961 3820 2200 3885 Quidam
2227 3819 2403 3873 frater
2431 3819 2719 3890 requisivit
2751 3818 3009 3873 abbatem
3035 3818 3352 3873 Pimenium
3377 3835 3389 3871 :

1805 3910 1864 3966 Si
1877 3910 2077 3965 melius
2097 3915 2260 3973 esset,
2283 3909 2572 3975 remotius,
2591 3925 2662 3962 an
2682 3925 2808 3962 cum
2824 3908 2949 3962 aliis
2965 3909 3393 3976 manere(Ruf/‘.,

1805 4003 1844 4054 Ζ.
1866 4014 1949 4066 IlI,
1968 4016 2025 4053 η.
2057 3997 2210 4067 110)?
2230 3997 2538 4069 Respondit
2555 4015 2750 4053 senex:
2772 3998 2951 4052 Homo
2967 3997 3012 4051 si
3033 3997 3400 4068 semetipsum

1805 4088 2246 4160 reprehenderit,
2268 4086 2475 4157 ubique
2504 4092 2690 4158 potest
2707 4086 3006 4158 persistere
3031 4104 3043 4152 ;
3068 4085 3114 4138 si
3131 4091 3322 4139 autem
3341 4099 3400 4138 se

1806 4178 2150 4248 magnificat,
2169 4192 2444 4247 nusquam
2467 4181 2598 4243 stat,
2621 4175 2765 4230 sicut
2783 4175 3049 4246 scriptum
3072 4180 3188 4228 est:
3213 4174 3318 4237 Qui
3340 4189 3399 4226 se

1805 4266 2088 4321 existimat
2117 4265 2327 4336 aliquid
2359 4283 2498 4331 esse,
2525 4282 2650 4320 cum
2681 4265 2820 4318 nihil
2842 4265 2932 4331 sit,
2952 4265 3072 4335 ipse
3100 4281 3160 4318 se
3188 4263 3405 4318 seducit

109 4353 165 4409 Si
207 4354 632 4410 contristavero
662 4356 930 4428 aliquem,
960 4358 1434 4428 quemadmodum
1486 4357 1722 4428 rogem?
1804 4357 2007 4426 (Galat.
2035 4358 2128 4423 γι).
2171 4354 2450 4424 Quidquid
2475 4354 2624 4408 enim
2657 4353 2868 4408 homini
2897 4353 3091 4407 fecerit
3119 4354 3304 4418 homo,
3329 4369 3400 4406 ne

107 4443 436 4515 Respondit
463 4461 630 4498 senex
663 4463 673 4497 :
713 4446 791 4499 Ex
817 4447 1092 4517 profundo
1124 4447 1308 4500 cordis
1329 4447 1434 4510 tui,
1467 4463 1592 4500 cum
1622 4447 1723 4500 do-
1808 4446 2047 4499 exsultet
2073 4445 2131 4498 in
2163 4461 2227 4498 eo
2253 4444 2387 4514 quia
2410 4460 2537 4497 mox
2559 4443 2754 4514 perdet
2782 4443 2940 4496 illud.

105 4531 226 4587 lore
272 4549 388 4604 age
440 4533 826 4603 penitentiam
876 4535 1024 4606 apud
1055 4553 1183 4589 eum
1227 4558 1240 4604 -,
1268 4541 1326 4590 et
1356 4535 1547 4590 videns
1575 4535 1722 4590 Deus
1743 4565 1790 4622 ι)
1880 4533 1932 4590 ‘2.
1963 4533 2236 4587 Abbatem
2268 4532 2575 4586 Macarium
2605 4532 2649 4585 si
2687 4531 2812 4602 quis
2842 4548 2970 4586 cum
3019 4531 3222 4585 timore
3251 4531 3404 4622 velut

105 4623 478 4694 propositum
509 4627 694 4691 tuum,
724 4623 1027 4678 satisfaciet
1047 4625 1118 4679 ei.
1743 4620 1777 4622 _
1811 4629 2065 4678 sanctum
2096 4622 2275 4675 virum
2308 4621 2572 4681 voluisset
2608 4620 2821 4686 audire,
2854 4625 3144 4690 suspectus
3184 4620 3400 4674 nullum

744 4712 976 4768 CAPUT
1012 4714 1108 4768 XI.
1568 4753 1573 4758 .
1809 4713 2033 4784 penitus
2061 4729 2093 4764 a
2119 4727 2251 4765 sene
2282 4708 2588 4780 excipiebat
2616 4725 2964 4779 responsum.
2999 4708 3056 4763 Si
3097 4709 3222 4779 quis
3250 4725 3399 4776 vero,

107 4798 324 4854 Contra
356 4801 630 4869 spiritum
671 4803 930 4864 tristitia,
966 4804 1065 4870 qui
1109 4787 1536 4870 desperatioﬁem
1567 4803 1720 4869 facit.
1809 4802 1961 4856 velut
1989 4805 2350 4854 contemnens
2380 4815 2528 4864 eum,
2557 4796 2762 4851 talibus
2791 4796 2971 4851 verbis
3000 4798 3361 4869 compellaret
3387 4817 3400 4850 :

177 4889 234 4943 1.
269 4888 474 4943 Abbas
501 4889 774 4943 Arsenius
805 4889 944 4944 dixit
978 4909 989 4943 :
1026 4891 1152 4944 Non
1184 4895 1375 4945 coctus
1402 4891 1728 4961 laterculus,
1812 4889 1971 4944 Abba
2000 4887 2226 4953 Macari,
2251 4886 2473 4957 quando
2496 4902 2621 4940 eras
2649 4886 2981 4940 camelarius
3011 4891 3069 4940 et
3091 4887 3303 4941 nitrum
3315 4886 3404 4941 fu-

105 4977 154 5031 si
179 4979 406 5034 missus
433 4977 490 5031 in
519 4976 946 5033 fundamentum
976 4979 1148 5034 fuerit
1165 4997 1337 5051 prope
1358 4980 1609 5046 ﬂuvium,
1638 4996 1733 5034 ne-
1812 4979 2048 5043 rabaris,
2077 4976 2330 5048 nunquid
2353 4992 2466 5030 non
2495 4974 2796 5046 vapulabas
2815 4992 2848 5029 a
2880 4976 3182 5047 magistris,
3215 4977 3406 5047 depre-

107 5083 220 5137 que
246 5084 374 5122 uno
406 5066 500 5122 die
528 5067 762 5122 sufferre
794 5069 1027 5139 poterit;
1069 5069 1118 5122 si
1147 5074 1334 5124 autem
1377 5069 1518 5124 bene
1565 5069 1734 5124 fuerit
1813 5070 2022 5123 hensus
2046 5068 2103 5121 in
2134 5066 2326 5121 furto?
2371 5065 2611 5119 libenter
2645 5065 2714 5132 ei,
2760 5065 3031 5143 quidquid
3061 5065 3402 5137 requisisset,

104 5163 330 5225 coctus,
371 5161 674 5227 permanet
702 5162 974 5228 tanquam
1000 5158 1141 5229 lapis
1170 5158 1402 5228 (Pelag.,
1444 5161 1612 5213 libell.
1645 5176 1732 5224 xv,
1816 5175 1943 5213 cum
1963 5157 2169 5228 gaudio
2198 5153 2591 5226 respondebat.
3011 5225 3016 5229 '

107 5262 166 5299 η.
199 5245 298 5311 5|,
326 5248 564 5300 nomine
586 5246 825 5314 Orsisii).
843 5247 933 5301 Sic
946 5251 1003 5300 et
1028 5247 1195 5302 homo
1217 5264 1330 5302 non
1355 5253 1545 5302 coctus
1555 5263 1736 5318 neque
1889 5245 1940 5300 3.
1956 5245 2139 5299 Abbas
2153 5245 2448 5309 Nesteron,
2465 5243 2598 5296 dum
2614 5259 2738 5296 cum
2757 5241 2881 5296 aliis
2896 5241 3212 5296 ambularet
3226 5241 3411 5296 fratri-

106 5335 539 5400 inﬂammatus,
564 5335 870 5390 secundum
898 5336 1047 5407 quod
1077 5336 1145 5391 de
1165 5337 1377 5407 Joseph
1399 5337 1607 5391 dictum
1629 5342 1732 5402 est,
1819 5335 1924 5389 bus
1953 5334 2009 5388 in
2038 5335 2275 5398 deserto,
2310 5333 2571 5387 viderunt
2590 5332 2912 5394 draconem,
2941 5338 2996 5384 et
3019 5331 3284 5401 fugerunt
3303 5334 3411 5397 (Pe-

109 5424 436 5495 Eloquium
466 5423 691 5478 Domini
721 5423 1094 5479 inflammavit
1108 5442 1236 5480 eum
1259 5427 1426 5493 (Psat.
1457 5428 1580 5496 CIV),
1610 5442 1738 5480 mox
1822 5427 1954 5492 Iag.,
1981 5425 2146 5477 libell.
2178 5437 2295 5488 VIII,
2331 5439 2387 5480 n.
2416 5420 2526 5490 13).
2549 5421 2695 5476 Dicit
2732 5420 2782 5474 ei
2813 5435 2957 5474 unus
2992 5436 3054 5472 ex
3087 5419 3165 5474 eis
3203 5438 3214 5474 :
3250 5419 3323 5474 Et
3347 5426 3413 5475 tu

107 5512 168 5568 in
195 5511 498 5585 principio
527 5513 769 5567 carnalis
801 5513 1156 5583 cogitationis
1191 5514 1531 5572 dissolvitur.
1820 5513 2005 5572 times.
2031 5511 2207 5565 abba?
2233 5511 2335 5566 Cui
2365 5528 2531 5565 senex
2557 5531 2568 5565 :
2592 5511 2717 5563 Non
2735 5509 2927 5574 timeo,
2959 5508 3057 5575 ﬁli,
3094 5508 3192 5562 sed
3221 5514 3417 5576 ego

181 5603 236 5659 2.
267 5603 447 5658 Idem
474 5601 782 5673 requisitus
803 5602 872 5656 ab
885 5603 1061 5658 altero
1076 5604 1248 5658 fratre
1264 5604 1483 5658 dicente
1506 5622 1517 5657 :
1537 5605 1594 5658 Si
1617 5620 1740 5674 pec-
1822 5601 2069 5672 oportuit
2084 5617 2171 5655 me
2189 5599 2410 5671 fugere:
2432 5597 2562 5670 quia
2583 5597 2691 5652 nisi
2707 5597 2994 5667 fugissem,
3017 5597 3416 5668 cogitationem

109 5690 549 5764 cavero,etiam
580 5691 639 5745 in
670 5707 1005 5763 quocunque
1024 5693 1242 5750 minuto
1271 5697 1588 5765 peccato,et
1617 5709 1742 5748 con-
1822 5707 1976 5746 vanae
1996 5690 2188 5761 gloria:
2217 5706 2327 5746 non
2356 5689 2636 5746 vitassem.

521 5791 787 5856 Ριιτιιοι..
818 5789 1089 5860 LXXIII.

108 4088 481 4142 suetudinem
521 4093 586 4142 ut
607 4089 890 4160 jejuuium
919 4091 1193 4158 solveret;
1228 4096 1286 4145 et
1307 4091 1568 4160 surrexit,
1598 4107 1723 4163 pro-

104 4173 411 4248 fectusque
437 4181 523 4231 est
549 4193 674 4231 cum
701 4179 830 4234 illis.

177 4265 212 4322 2
222 4306 234 4319 .
255 4266 511 4330 Quidam
523 4266 698 4322 frater
715 4268 1005 4340 requisivit
1019 4269 1278 4324 abbatem
1291 4269 1717 4335 Eliam,dicens:

3029 5788 3106 5850 33
