3934 6420
554 383 691 442 1035

1652 385 1746 442 DE
1782 384 1973 443 VITIS
2011 382 2307 441 PATRUM
2344 383 2559 444 LIBER
2596 389 2718 447 VII.

3683 402 3802 461 1036

618 511 679 570 ll.
707 509 878 566 Venit
904 509 1206 583 aliquando
1224 510 1298 566 ad
1319 508 1581 567 abbatem
1602 511 1882 567 Zenonem
1902 513 1959 567 in
1981 511 2144 584 Syria
2161 513 2208 573 A
2224 528 2327 584 per
2352 515 2591 583 gloriam
2621 517 2825 590 accipit
2874 520 3058 590 (Ra/[2,
3107 525 3145 578 ι.
3188 538 3302 592 xm,
3350 542 3407 581 η.
3444 524 3580 585 Ηῑζε
3611 528 3795 599 Ρειαρη

548 601 752 673 aliquis
781 601 957 656 frater
981 600 1302 672 Egyptius,
1334 605 1393 655 et
1419 601 1587 673 coepit
1614 601 1983 673 cogitationes
2011 618 2142 673 pro-

546 690 699 762 prias
719 707 1000 756 accusare,
1033 697 1309 763 praesente
1334 708 1468 746 sene
1500 693 1682 759 (Ra/)2,
1708 695 1746 746 ι.
1780 707 1863 757 III,
1899 710 1957 746 η.
1996 691 2137 753 111).

544 782 645 836 Ille
673 785 864 836 autem
906 781 1141 836 audiens
1169 781 1292 847 hoc,
1324 781 1636 836 admiratus
1680 781 1819 835 dixit
1849 800 1860 834 :
1895 781 2142 853 Egyptii

545 886 686 942 quas
706 871 920 926 habent
939 871 1173 926 virtutes
1194 872 1396 938 celant,
1422 876 1480 926 et
1499 871 1628 925 vitia
1653 888 1776 942 quae
1798 888 1910 926 non
1933 871 2144 926 habent

545 960 941 1027 manifestant;
968 960 1095 1032 Syri
1117 966 1308 1015 autem
1331 966 1389 1015 et
1415 960 1592 1015 Graeci
1619 961 1852 1015 virtutes
1869 978 2009 1032 quas
2028 978 2143 1016 non

542 1048 753 1105 habent
780 1050 1106 1122 praedicant,
1138 1056 1194 1105 et
1222 1050 1359 1105 vitia
1386 1067 1509 1122 quae
1534 1049 1744 1106 habent
1770 1050 2136 1106 abscondunt.

614 1141 666 1195 5.
708 1139 953 1204 Quidam
976 1156 1162 1204 senex,
1195 1157 1323 1195 cum
1350 1140 1688 1195 venisset'ad
1719 1140 1892 1195 alium
1923 1158 2133 1207 senem,

541 1228 683 1285 dixit
712 1247 724 1283 :
760 1230 876 1300 Ego
906 1235 1163 1285 mortuus
1199 1246 1325 1285 sum
1372 1230 1505 1285 huic
1550 1231 1752 1284 saeculo
1784 1232 1965 1297 (Ra/)2,
2005 1232 2043 1286 l.
2075 1246 2134 1291 ιι.

540 1335 601 1373 η.
629 1319 737 1374 116
763 1337 777 1386 ;
803 1322 1008 1388 Pelag.,
1043 1321 1212 1374 libell.
1245 1337 1318 1387 xi,
1351 1336 1415 1376 η.
1456 1318 1565 1389 38).
1600 1320 1702 1374 Cui
1730 1320 1824 1374 ille
1854 1321 2031 1375 alter:
2054 1322 2137 1376 Ne

539 1408 789 1463 conﬁdas
807 1407 867 1462 in
885 1413 963 1475 te,
985 1409 1161 1463 donec
1180 1409 1485 1480 egrediaris
1502 1409 1571 1463 de
1592 1426 1824 1480 corpore
1848 1410 1969 1464 hoc.
1990 1411 2136 1464 Nam

539 1497 647 1553 etsi
693 1497 834 1552 dicis
877 1502 961 1565 tu,
992 1498 1137 1562 Quin
1172 1504 1431 1553 mortuus
1472 1514 1626 1566 sum;
1660 1498 1914 1554 diabolus
1944 1506 2136 1555 tamen

536 1588 777 1644 necdum
797 1592 1053 1643 mortuus
1071 1593 1176 1656 est,
1198 1589 1360 1659 cujus
1372 1587 1806 1643 innumerabiles
1821 1594 1954 1645 sunt
1972 1591 2133 1645 mala:

532 1687 871 1831 arbitbbas
897 1774 1088 1839 Sisois,
1119 1789 1247 1828 cum
1268 1772 1489 1838 sedens,
1508 1773 1784 1843 praesente
1806 1768 1977 1823 fratre
1999 1768 2137 1823 alte-

2226 606 2395 659 libcll.
2428 622 2513 671 xv,
2548 622 2705 661 num.
2733 604 2842 675 56).

2295 693 2347 749 2.
2381 695 2524 750 Item
2552 696 2693 751 dixit
2739 715 2751 750 :
2794 698 2941 753 Fieri
2970 717 3083 756 non
3121 708 3309 774 potest
3343 710 3407 760 ut
3450 707 3618 762 simul
3644 707 3800 763 herba

2226 790 2491 839 nascatur
2510 791 2567 839 et
2592 803 2812 855 semen;
2836 789 2918 843 ita
2939 789 3281 862 impossibile
3309 800 3397 849 est
3420 800 3487 850 ut
3510 797 3730 852 laudem
3754 804 3803 853 et

2222 873 2463 943 gloriam
2488 874 2757 931 habentes
2778 879 3149 948 saecularium,
3180 882 3347 937 simul
3374 890 3432 938 et
3456 885 3698 941 fructum
3726 887 3800 941 fa-

2222 962 2437 1018 ciamus
2455 965 2737 1021 coelestem
2758 969 2943 1035 (Ra/[1,
2977 973 3015 1024 ι.
3043 984 3124 1038 m,
3149 987 3207 1025 η.
3243 970 3380 1042 113;
3417 977 3616 1045 Pelag.;
3641 978 3798 1032 libell.

2223 1067 2341 1119 vm,
2365 1070 2421 1120 η,
2454 1051 2542 1120 20,
2577 1059 2801 1111 nomine
2830 1058 3186 1131 Syncletica’).

2293 1141 2344 1199 3.
2369 1144 2509 1198 Item
2531 1144 2672 1199 dixit
2694 1147 2875 1213 (Ra/[2,
2901 1151 2939 1202 ι.
2964 1163 3049 1214 III,
3069 1147 3247 1208 11.113
3270 1168 3282 1216 ;
3304 1154 3507 1221 Pclag.,
3536 1155 3700 1209 libeu.
3722 1172 3797 1221 xv,

2222 1249 2279 1286 η.
2314 1231 2402 1302 5’1)
2438 1251 2450 1285 :
2485 1234 2721 1298 Quando
2749 1236 3014 1306 cogitatio
3041 1238 3334 1310 superbiae,
3367 1242 3451 1295 vel
3479 1248 3627 1297 certe
3657 1260 3801 1299 vanae

2217 1321 2409 1391 gloriae
2440 1327 2497 1376 te
2526 1323 2838 1395 impugnat,
2872 1333 3225 1397 perscrutare
3259 1330 3518 1401 teipsum,
3550 1332 3596 1385 si
3621 1334 3803 1388 omnia

2219 1412 2487 1466 mandata
2515 1413 2617 1467 Dei
2647 1416 2898 1482 servasti,
2931 1416 2977 1470 si
3002 1417 3259 1473 inimicos
3287 1419 3492 1491 diligis,
3523 1420 3572 1475 si
3596 1422 3802 1492 gaudes

2218 1500 2287 1555 de
2322 1502 2502 1572 gloria
2530 1502 2740 1557 inimici
2777 1504 2879 1572 tui,
2917 1511 2975 1561 et
3015 1508 3365 1564 contristaris
3402 1508 3459 1564 in
3499 1510 3801 1581 dejectione

2219 1591 2375 1661 ejus;
2405 1591 2454 1645 si
2482 1592 2632 1663 apud
2663 1599 2720 1647 te
2752 1593 2944 1663 habes,
2972 1596 3238 1667 quoniam
3265 1614 3457 1654 servus
3480 1599 3699 1655 inutilis
3726 1618 3800 1668 es,

2218 1685 2276 1735 et
2290 1681 2439 1752 quod
2462 1681 2587 1752 plus
2606 1682 2863 1739 omnibus
2892 1684 3211 1741 hominibus
3230 1688 3307 1742 sis
3321 1694 3609 1759 peccator;
3636 1696 3697 1745 et
3716 1707 3803 1745 ne-

2218 1787 2326 1841 que
2345 1775 2481 1826 tunc
2498 1777 2614 1825 tam
2638 1773 2852 1841 grande
2867 1774 3076 1846 aliquid
3090 1775 3293 1848 sapias,
3313 1783 3579 1849 tanquam
3594 1779 3802 1850 aliquid

533 1880 617 1931 ro,
643 1864 824 1919 factus
844 1864 1067 1919 essetin
1088 1862 1311 1927 exstasi,
1335 1866 1395 1915 et
1408 1862 1586 1915 altero
1599 1860 1862 1914 audiente
1881 1858 2131 1913 nesciens
2145 1867 2193 1927 Β
2215 1859 2347 1915 boni
2372 1861 2587 1925 feceris,
2622 1861 2804 1916 sciens
2831 1864 2980 1935 quod
3008 1865 3158 1920 elata
3197 1867 3461 1938 cogitatio
3487 1866 3587 1923 illa
3614 1869 3804 1923 omnia

532 1954 886 2026 suspirasset,
898 1953 1068 2026 coepit
1086 1952 1376 2025 poenitere,
1396 1967 1461 2005 ac
1475 1949 1659 2005 dicere
1679 1968 1691 2004 :
1709 1949 1947 2019 Indulge
1968 1948 2126 2016 mihi,

530 2044 725 2112 frater,
781 2059 1034 2116 exposco;
1091 2042 1333 2097 necdum
1373 2040 1524 2095 enim
1552 2056 1644 2094 me
1684 2055 1955 2109 cognosco
2008 2055 2130 2092 esse

530 2133 890 2199 monachum,
908 2132 1042 2205 quia
1068 2132 1334 2187 audiente
1362 2131 1540 2185 altero
1568 2129 1864 2202 suSpiravi.
1898 2128 2129 2193 Quoties

528 2227 719 2278 autem
748 2223 807 2277 in
851 2222 1106 2277 oratione
1152 2238 1321 2276 senex
1364 2220 1514 2275 idem
1566 2224 1722 2274 stans
1765 2234 1970 2273 manus
1998 2234 2129 2273 suas

530 2313 709 2367 erexit
731 2312 802 2367 ad
827 2312 1049 2378 coelum,
1074 2310 1185 2366 cito
1213 2308 1530 2382 deponebat
1554 2324 1778 2371 manus,
1809 2313 2126 2380 prapterea,

528 2401 572 2456 si
604 2402 749 2456 alter
776 2417 1021 2473 praesens
1051 2406 1218 2468 esset,
1248 2416 1319 2455 ne
1343 2400 1449 2454 hoc
1486 2398 1674 2470 ipsum
1714 2397 1795 2452 illi
1830 2414 1932 2469 pro
1960 2397 2127 2452 laude

526 2495 829 2546 constaret.

597 2579 650 2637 7.
665 2579 904 2645 Quidam
927 2595 1096 2636 senex
1118 2579 1411 2635 habitabat
1421 2578 1479 2634 in
1495 2576 1851 2633 inferioribus
1872 2574 2126 2648 partibus

525 2668 773 2741 Egypti,
804 2674 863 2724 et
888 2669 1118 2725 sedebat
1147 2669 1641 2740 quiescens(Ru/f.,
1668 2669 1763 2722 lib.
1789 2681 1868 2732 III,
1896 2682 1955 2721 η.
1988 2664 2119 2732 118;

521 2760 780 2823 Joannes,
810 2760 978 2813 libell.
1010 2773 1085 2826 1v,
1115 2775 1173 2813 η.
1199 2759 1309 2825 35).
1340 2758 1498 2813 Unus
1522 2764 1711 2812 autem
1742 2754 2021 2811 saecularis
2039 2772 2125 2809 re-

522 2844 755 2916 ligiosus
784 2846 1143 2901 ministrabat
1169 2846 1240 2901 ei.
1275 2846 1526 2916 Contigit
1543 2851 1732 2900 autem
1761 2850 1827 2900 ut
1852 2844 1999 2900 filius
2025 2860 2124 2899 saa-

521 2934 729 2989 cularis
742 2935 1145 2990 inﬁrmaretur.
1162 2935 1355 2990 Multis
1378 2951 1511 3006 ergo
1529 2934 1786 3006 precibus
1802 2932 2123 3005 postulabat

521 3041 736 3089 senem,
752 3030 818 3081 ut
831 3025 1046 3080 veniret
1064 3025 1135 3079 ad
1156 3024 1391 3079 domum
1408 3041 1587 3092 suam,
1622 3029 1677 3079 et
1697 3023 1904 3078 faceret
1918 3022 2122 3077 oratio-

519 3131 649 3170 nem
678 3131 780 3186 pro
804 3113 1042 3172 infante.
1081 3112 1409 3185 Exsurgens
1434 3129 1563 3168 vero
1593 3112 2122 3180 senex,ambulabat

2218 1949 2365 2005 bona
2400 1950 2670 2005 dissolvit.

2281 2038 2341 2097 4.
2372 2040 2523 2095 Dixit
2534 2057 2703 2096 senex
2724 2043 2945 2098 cuidam
2961 2045 3185 2113 (Pelag.,
3211 2048 3381 2101 libell.
3403 2064 3658 2113 xv,num.
3679 2047 3796 2118 55):

2211 2129 2337 2183 Non
2362 2146 2612 2201 apponas
2636 2148 2733 2186 cor
2757 2138 2919 2188 tuum
2947 2134 3214 2189 adversus
3244 2135 3477 2190 fratrem
3513 2142 3699 2203 tuum,
3727 2138 3805 2191 di-

2211 2234 2343 2271 cens
2375 2235 2387 2269 :
2423 2219 2713 2283 Quomodo
2733 2227 2796 2276 tu
2824 2222 3067 2293 amplius
3093 2222 3314 2279 sobrius
3339 2240 3399 2278 es
3423 2240 3593 2295 quam
3611 2225 3728 2292 ille,
3750 2232 3805 2279 et

2211 2306 2620 2362 continentior?
2640 2310 2737 2364 sed
2762 2309 3020 2365 subditus
3040 2316 3160 2366 esto
3178 2312 3375 2382 gratiae
3398 2312 3497 2366 Dei
3525 2312 3583 2367 in
3602 2313 3806 2385 spiritu

2211 2397 2579 2468 paupertatis,
2603 2403 2660 2452 et
2675 2415 2776 2469 per
2793 2399 3127 2455 charitatem
3154 2417 3264 2455 non
3281 2402 3487 2469 fictam,
3510 2418 3581 2457 ne
3601 2402 3804 2474 spiritu

2209 2486 2563 2541 exaltationis
2592 2487 2793 2558 perdas
2822 2488 3073 2544 laborem
3100 2494 3283 2545 tuum.

2280 2576 2333 2630 5.
2357 2577 2499 2631 Item
2528 2576 2669 2631 dixit
2694 2594 2861 2632 senex
2886 2596 2898 2632 :
2924 2579 3431 2651 Quantumcunque
3450 2581 3601 2636 enim
3629 2598 3695 2635 se
3714 2580 3805 2635 de-

2206 2665 2458 2735 posuerit
2475 2666 2642 2721 homo
2656 2666 2714 2721 in
2736 2667 3075 2734 humilitate,
3092 2674 3315 2724 tantum
3336 2686 3556 2742 quoque
3581 2669 3806 2743 proficit

2205 2753 2265 2808 in
2294 2754 2473 2809 altum
2490 2755 2681 2823 (Ra/72,
2721 2759 2815 2811 lib.
2860 2772 2940 2825 iu,
2974 2775 3031 2813 η.
3071 2757 3206 2827 171;
3240 2762 3442 2828 Pelag.,
3491 2762 3665 2815 libell.
3712 2777 3799 2826 xv,

2205 2859 2264 2898 η.
2300 2845 2409 2913 77).
2436 2844 2593 2899 Sicut
2619 2845 2768 2900 enim
2790 2845 3072 2917 superbia,
3093 2848 3141 2901 si
3168 2848 3481 2903 ascenderit
3498 2848 3558 2903 in
3574 2849 3801 2914 celum,

2203 2948 2382 3003 usque
2410 2933 2483 2987 ad
2512 2934 2792 2990 infernum
2821 2936 3116 2992 deducitur
3141 2955 3154 2990 :
3197 2936 3279 2992 ita
3306 2943 3363 2992 et
3409 2937 3726 3006 humilitas,
3756 2940 3803 2994 si

2202 3021 2558 3078 descenderit
2580 3024 2653 3079 ad
2680 3025 2980 3095 infernum,
3010 3037 3147 3082 tunc
3165 3025 3498 3082 exaltabitur
3524 3044 3712 3101 usque
3733 3028 3804 3083 ad

2202 3112 2425 3167 coelum.

517 3219 645 3259 cum
672 3219 758 3259 eo.
785 3204 887 3259 Ille
908 3209 1098 3259 autem
1118 3203 1482 3275 praecessit,et
1500 3202 1787 3273 ingressus
1806 3202 1864 3257 in
1882 3202 2113 3257 domum
2127 3188 2173 3250 Ο
2266 3197 2321 3256 6.
2355 3200 2543 3256 Abbas
2571 3201 2870 3271 Macarius,
2904 3204 3041 3259 dum
3064 3204 3309 3260 diluculo
3329 3205 3648 3277 palmarum
3669 3206 3805 3262 folia

516 3311 698 3361 suam,
730 3293 903 3349 dixit:
934 3285 1133 3348 Venite
1160 3293 1221 3348 in
1239 3309 1533 3349 occursum
1560 3293 1931 3348 anachoreta.
1962 3294 2114 3357 Quos

516 3401 644 3439 cum
656 3400 825 3439 senex
839 3382 1068 3438 vidisset
1085 3384 1301 3454 alonge
1315 3399 1568 3453 egressos
1587 3399 1717 3437 cum
1734 3382 2089 3454 lampadibus
2099 3421 2114 3449 ,

512 3473 695 3528 sensit
721 3473 869 3545 quod
892 3473 965 3527 ad
990 3489 1051 3527 se
1080 3472 1364 3539 venirent;
1397 3477 1455 3526 et
1482 3473 1677 3527 statim
1706 3471 2025 3543 despolians
2053 3488 2113 3526 se

515 3561 851 3617 vestimenta
880 3577 981 3617 sua
1023 3561 1179 3616 misit
1218 3562 1280 3616 in
1326 3561 1578 3627 fluvium,
1625 3566 1683 3615 et
1720 3561 1890 3632 coepit
1927 3560 2115 3616 lavare

516 3657 673 3707 stans
710 3651 913 3707 nudus.
944 3651 1045 3706 Ille
1073 3656 1263 3706 autem
1294 3650 1390 3722 qui
1420 3649 1779 3705 ministrabat
1807 3651 1878 3717 ei,
1920 3651 2114 3706 videns

515 3740 633 3795 haec
669 3740 917 3796 erubuit.
940 3740 1012 3796 Et
1034 3740 1270 3812 rogabat
1296 3740 1571 3808 homines,
1607 3740 1796 3795 dicens
1821 3759 1832 3794 :
1859 3741 2114 3795 Reverti-

516 3831 677 3899 mini,
696 3846 867 3886 senex
882 3830 1032 3885 enim
1054 3835 1248 3885 noster
1266 3846 1493 3885 sensum
1518 3830 1780 3902 perdidit.
1800 3830 1870 3884 Et
1888 3830 2118 3884 veniens

517 3920 587 3975 ad
615 3936 763 3987 eum,
806 3921 885 3976 ait
919 3920 1003 3974 illi
1039 3937 1050 3973 :
1082 3919 1259 3988 Abba,
1293 3920 1427 3991 quid
1456 3925 1544 3974 est
1582 3920 1687 3974 hoc
1716 3920 1865 3991 quod
1892 3917 2118 3974 fecisti?

517 4009 727 4065 Omnes
755 4008 906 4064 enim
937 4009 1033 4081 qui
1060 4013 1117 4064 te
1140 4009 1399 4065 viderunt
1426 4009 1689 4065 dixerunt
1713 4029 1725 4063 :
1746 4009 1891 4074 Quia
1915 4010 2119 4064 daemo-

517 4098 677 4153 nium
695 4097 867 4153 habet
893 4114 1082 4154 senex.
1115 4098 1219 4154 Cui
1258 4099 1352 4154 ille
1381 4115 1394 4150 :
1427 4099 1542 4169 Ego
1571 4116 1702 4154 vero
1728 4098 1981 4154 volebam
2011 4099 2118 4153 hoc

518 4185 736 4241 audire.

588 4274 643 4333 8.
660 4276 803 4333 Item
835 4276 946 4331 alia
964 4276 1084 4332 vice
1105 4274 1330 4331 volebat
1348 4293 1478 4332 eum
1501 4276 1705 4348 aliquis
1725 4276 1915 4331 videre
1945 4294 2013 4332 ex
2028 4278 2119 4348 ju-

518 4368 754 4437 dicibus,
787 4374 844 4423 et
868 4371 1274 4439 praecesserunt
1301 4366 1508 4432 clerici,
1535 4366 1783 4422 dicentes
1805 4367 1855 4421 ei
1892 4383 1903 4419 :
1935 4367 2113 4434 Abba,

516 4472 773 4532 praepara
789 4463 867 4524 te,
885 4456 1152 4529 quoniam
1176 4456 1351 4527 judex
1370 4455 1605 4511 audiens
1624 4472 1795 4528 opera
1811 4461 1912 4511 tua
1932 4456 2118 4511 veniet

2199 3295 2430 3362 portans
2449 3291 2520 3345 ad
2540 3292 2741 3347 cellam
2760 3310 2921 3348 suam
2940 3300 3331 3361 reverteretur,
3347 3295 3590 3350 occurrit
3608 3297 3663 3352 ei
3685 3296 3806 3352 dia-

2200 3378 2361 3434 bolus
2391 3397 2520 3435 cum
2550 3380 2689 3436 falce
2716 3388 3014 3453 praeacuta,
3039 3384 3231 3439 volens
3260 3400 3387 3439 eum
3408 3391 3729 3456 percutere,
3747 3391 3805 3440 et

2198 3485 2309 3523 non
2338 3469 2559 3524 valebat
2590 3472 2787 3540 (Ra/[2,
2822 3476 2861 3528 ι.
2892 3487 2951 3540 II,
2987 3490 3043 3527 η.
3074 3472 3178 3529 124
3216 3492 3229 3541 ;
3264 3476 3468 3542 Pelag.,
3502 3476 3677 3534 libell.
3709 3491 3801 3541 xv,

2160 3566 2167 3573 ’
2197 3575 2256 3613 n.
2276 3558 2386 3626 26).
2413 3559 2521 3623 Qui
2541 3560 2876 3628 exclamans,
2904 3561 3011 3616 ait:
3034 3562 3295 3633 Magnam
3318 3562 3429 3617 vim
3449 3579 3485 3617 a
3509 3568 3566 3618 te
3584 3564 3799 3635 patior,

2196 3649 2425 3717 Macari,
2468 3649 2566 3721 qui
2594 3667 2721 3705 cum
2748 3655 2808 3705 te
2836 3651 2998 3723 cupio
3036 3667 3258 3719 nocere,
3290 3667 3402 3706 non
3431 3651 3624 3720 valeo;
3659 3653 3804 3709 dum

2196 3754 2542 3811 quaecunque
2558 3745 2621 3795 tu
2649 3739 2803 3808 facis,
2833 3758 2936 3812 ego
2960 3741 3139 3811 magis
3164 3756 3510 3812 exsuperem.
3544 3742 3631 3797 Tu
3659 3760 3803 3814 ergo

2199 3828 2484 3884 interdum
2510 3830 2756 3901 jejunas,
2788 3846 2891 3900 ego
2930 3846 3219 3901 nunquam
3259 3829 3372 3885 ullo
3398 3829 3521 3885 cibo
3548 3831 3801 3888 reficior.

2197 3918 2282 3974 Tu
2311 3935 2455 3991 saepe
2482 3919 2697 3990 vigilas,
2726 3936 2818 3974 me
2836 3936 2966 3974 vero
2995 3935 3284 3991 nunquam
3304 3936 3472 3992 sopor
3490 3923 3800 3993 oppressit,

2198 4008 2297 4063 sed
2309 4025 2422 4063 una
2453 4025 2514 4063 re
2536 4025 2626 4064 me
2646 4008 2821 4063 vincis
2840 4009 2978 4080 ipse,
2997 4008 3196 4064 fateor.
3222 4010 3473 4081 Cumque
3491 4009 3564 4064 ab
3583 4026 3651 4065 eo
3672 4026 3803 4065 rem

2196 4096 2378 4169 ipsam
2404 4098 2683 4153 Macarius
2709 4098 3054 4170 requisisset,
3081 4098 3196 4154 ait:
3222 4098 3521 4154 Humilitas
3548 4104 3654 4155 tua
3674 4102 3802 4156 sola

2197 4204 2289 4241 me
2316 4187 2503 4242 vincit.
2532 4188 2662 4242 Haec
2680 4188 2901 4243 dicente
2920 4187 3167 4255 inimico,
3188 4192 3245 4241 et
3269 4188 3602 4244 extendente
3622 4188 3799 4245 beato

2199 4276 2442 4331 Macario
2470 4294 2673 4332 manus
2701 4293 2832 4333 suas
2854 4277 2925 4332 ad
2944 4276 3275 4345 orationem,
3299 4277 3531 4348 spiritus
3550 4278 3807 4335 immun-

2198 4364 2305 4420 dus
2333 4365 2483 4420 inter
2510 4382 2677 4421 auras
2701 4366 2946 4421 evanuit.

2272 4455 2323 4509 7.
2357 4455 2597 4520 Quidam
2628 4472 2693 4510 ex
2714 4455 2972 4510 Patribus
2999 4454 3253 4511 dicebat:
3277 4455 3473 4511 Omnis
3490 4453 3655 4511 labor
3675 4457 3806 4513 sine

516 4549 588 4604 ad
616 4555 692 4616 te,
739 4547 994 4603 benedici
1031 4545 1261 4618 cupiens
1289 4561 1324 4600 a
1362 4550 1419 4600 te
1445 4546 1667 4615 (Pelag.,
1704 4549 1874 4613 libell,
1899 4561 2012 4613 vm,
2046 4563 2103 4601 η.
2125 4547 2177 4609 D
2199 4542 2519 4599 humilitate
2546 4560 2724 4599 vanus
2749 4547 3047 4612 est-(Ru/f.,
3072 4546 3112 4597 ι.
3133 4558 3218 4611 m,
3250 4560 3309 4598 η.
3334 4540 3807 4615 I26).Humilitas

516 4639 605 4705 18,
628 4641 852 4692 nomine
885 4636 1171 4707 Simonis).
1204 4635 1305 4690 Ille
1329 4640 1520 4689 autem
1549 4635 1689 4690 dixit
1722 4654 1734 4689 :
1772 4637 1860 4691 Ita
1887 4636 2109 4703 faciam,

516 4744 620 4798 ego
646 4725 973 4799 praeparabo
1000 4741 1112 4780 me.
1140 4724 1392 4779 Vestitus
1432 4714 1566 4796 ergo
1594 4724 1851 4780 lebetone
1881 4726 1952 4796 (1)
1986 4742 2109 4792 suo,

515 4822 574 4872 et
601 4817 804 4871 tollens
831 4831 1035 4888 panem
1064 4820 1123 4869 et
1155 4830 1385 4870 caseum
1415 4814 1475 4868 in
1512 4813 1791 4882 manibus,
1824 4815 2117 4869 adscendit

513 4905 572 4961 in
591 4910 832 4977 portam,
851 4909 908 4959 et
925 4904 1245 4959 divaricatis
1264 4903 1499 4975 pedibus
1520 4904 1740 4969 sedens,
1760 4903 1930 4975 ccepit
1959 4921 2114 4958 man-

514 4996 741 5051 ducare.
775 4993 1022 5049 Veniens
1066 4997 1257 5048 autem
1304 5008 1432 5048 cum
1483 4993 1665 5047 officio
1695 5009 1798 5048 suo
1831 4993 2023 5063 judex,
2057 4999 2115 5048 et

509 5084 706 5140 videns
734 5101 886 5151 eum,
917 5082 1057 5137 dixit
1089 5101 1101 5137 ε
1130 5083 1243 5137 Iste
1269 5087 1356 5136 est
1381 5082 1719 5137 anachoreta
1745 5082 1815 5136 de
1835 5097 1945 5152 quo
1973 5082 2114 5136 talia

513 5173 918 5231 audiebamus?
947 5173 1017 5228 Et
1052 5177 1416 5228 contemnens
1446 5188 1597 5241 eum,
1620 5172 1702 5226 ita
1728 5170 2001 5226 discessit.

1090 5299 1334 5357 CAPUT
1361 5298 1516 5357 XIII.

897 5428 1102 5484 Contra
1131 5429 1399 5497 spiritum
1427 5425 1710 5495 superbis.

581 5534 632 5595 1.
656 5535 898 5603 Quidam
920 5552 1088 5592 senex
1107 5534 1276 5590 dixit:
1299 5533 1408 5599 Qui
1428 5532 1499 5588 ab
1514 5530 1837 5588 hominibus
1863 5532 2104 5605 amplius

2196 4632 2344 4687 enim
2357 4649 2670 4704 praecursor
2691 4641 2775 4688 est
2795 4633 3088 4688 charitatis
3104 4633 3280 4689 .Sicut
3296 4633 3540 4688 Joannes
3554 4650 3809 4705 praecur-

2196 4739 2289 4776 sor
2317 4728 2440 4777 erat
2465 4724 2829 4791 Jesu,omnes
2856 4724 3087 4777 trahens
3113 4728 3236 4788 θα
3254 4727 3296 4788 ι
3332 4722 3402 4777 ad
3429 4739 3560 4777 eum
3588 4741 3599 4776 :
3627 4724 3720 4778 ita
3750 4730 3809 4779 et

2196 4812 2487 4867 humilitas
2516 4813 2753 4867 attrahit
2789 4813 2860 4867 ad
2890 4812 3243 4880 charitatem,
3272 4811 3330 4867 id
3360 4816 3465 4879 est,
3499 4811 3575 4867 ad
3602 4812 3806 4884 ipsum

2194 4901 2393 4968 Deum,
2423 4903 2555 4973 quia
2573 4903 2721 4957 Deus
2758 4901 3002 4957 charitas
3039 4908 3142 4959 est.

2265 4991 2316 5046 8.
2349 4991 2589 5055 Quidam
2617 4992 2791 5047 frater
2810 4991 3102 5063 requisivit
3129 5007 3165 5045 a
3191 5006 3359 5045 sene:
3391 4988 3537 5055 Quid
3567 4996 3661 5045 est
3689 4991 3810 5047 hu-

2194 5080 2447 5136 militas?
2477 5082 2580 5136 Cui
2604 5098 2770 5136 senex
2803 5098 2815 5134 :
2840 5081 3024 5136 Arbor
3043 5086 3129 5135 est
3151 5080 3293 5147 vitae,
3308 5080 3367 5134 in
3386 5080 3564 5134 altum
3588 5096 3806 5135 excre-

2194 5186 2355 5225 scens
2376 5171 2606 5243 (Pelag.,
2639 5174 2806 5226 libell.
2834 5188 2921 5239 xv,
2956 5174 3182 5225 nomine
3207 5169 3571 5239 Ifyperocliii).

2263 5260 2315 5315 9.
2349 5261 2493 5316 Item
2520 5260 2693 5315 dixit:
2714 5262 2906 5327 Terra,
2930 5260 2990 5315 in
3018 5276 3129 5331 qua
3148 5260 3297 5315 Deus
3321 5258 3458 5313 dixit
3483 5258 3589 5313 sibi
3611 5261 3804 5314 sacri-

2188 5350 2377 5406 ficium
2406 5352 2625 5419 ofl‘crre,
2648 5350 2940 5406 humilitas
2970 5354 3055 5405 est
3073 5351 3292 5420 (Pelag.,
3326 5349 3493 5405 liba".
3512 5364 3598 5415 xv,
3624 5364 3699 5404 π.
3726 5348 3803 5405 37

2187 5445 2413 5498 nomine
2438 5444 2723 5511 Pastoris).

2258 5529 2345 5589 10.
2390 5533 2602 5587 lterum
2639 5530 2948 5602 requisitus
2976 5545 3143 5585 senex
3178 5527 3401 5600 quidam
3433 5544 3446 5580 :
3480 5525 3799 5591 Quomodo

509 5624 822 5681 honoratur
838 5630 940 5680 aut
964 5626 1248 5691 laudatur,
1283 5639 1396 5678 non
1414 5639 1647 5696 parvum
1664 5622 1932 5678 damnum
1960 5623 2104 5695 pati-
2183 5626 2370 5696 potest
2382 5622 2572 5675 anima
2584 5620 2965 5676 humilitatem
2974 5618 3203 5691 adipisci
3214 5618 3238 5672 7
3251 5616 3580 5688 Respondit:
3599 5615 3669 5671 Si
3681 5635 3797 5675 sua

506 5717 630 5784 tur;
658 5714 755 5788 qui
783 5719 971 5769 autem
998 5713 1069 5769 ab
1096 5711 1418 5769 hominibus
1445 5729 1560 5769 non
1579 5713 1910 5781 honoratur,
1940 5712 2102 5770 desu-
2182 5712 2576 5770 tantummodo
2596 5711 2747 5766 mala
2764 5711 2932 5766 homo
2950 5708 3282 5766 consideret.
3306 5704 3538 5763 Dicebat
3554 5710 3792 5785 autem,
