3934 6376
104 355 243 417 1037
1363 357 1605 417 VERBA
1646 358 2037 417 SENIORUM.
3239 369 3379 431 1038

108 483 246 547 Quia
273 481 538 554 perfectio
585 481 829 537 hominis
866 486 952 537 est
987 482 1276 539 humilitas
1300 483 1494 556 (Rulli,
1536 487 1574 540 ι.
1608 498 1691 553 m,
1713 487 1839 546 An.
1871 483 1988 557 80).
2012 487 2099 542 Ita
2128 492 2185 543 et
2212 504 2315 544 nos
2344 506 2444 562 per
2470 491 2573 547 Dei
2608 491 3088 564 dispensationem
3125 494 3377 565 tegimen

109 589 163 627 η.
202 571 327 640 171;
360 574 601 642 Append.
635 574 826 639 Mart.,
859 589 918 627 η.
944 570 1058 645 58).
1774 575 2092 646 accipimus,
2128 582 2193 633 ut
2217 595 2286 633 ea
2312 596 2435 651 quae
2450 581 2922 652 operamurbona,
2945 599 3061 638 non
3081 584 3372 639 valeamus

173 660 419 718 “Dixit
436 660 613 715 abbas
637 662 839 716 Motois
862 677 875 714 :
902 662 1206 718 Humilitas
1228 680 1330 718 nec
1358 663 1480 735 ipsa
1505 664 1695 719 irasci-
1775 664 2087 733 intendere,
2120 684 2191 722 ne
2216 685 2318 723 nos
2345 669 2452 741 ipsi
2480 669 2880 737 beatificantes,
2900 673 3182 743 possimus
3204 675 3376 729 extol-

104 757 212 818 tur,
235 767 338 805 nec
368 751 509 805 alios
529 750 694 805 irasci
717 751 1010 822 permittit.
1776 754 1910 821 lere,
1945 761 2002 810 et
2029 758 2340 813 mercedem
2357 760 2642 831 propriam
2671 761 3015 816 amittamus.
3041 763 3187 817 Nam
3218 767 3272 817 et
3304 762 3374 818 ob

179 838 262 897 12.
296 841 439 895 Item
467 840 607 894 dixit
639 858 651 893 :
687 841 990 896 Humilitas
1019 848 1122 908 est,
1156 842 1204 897 si
1244 844 1467 914 quando
1496 859 1692 914 pecca-
1766 844 1880 898 hoc
1909 846 2132 915 quando
2160 847 2535 919 relinquimur
2563 848 2624 903 in
2651 849 2890 904 sordidis
2919 851 3371 921 cogitationibus,

102 928 242 983 verit
266 928 327 983 in
355 935 411 984 te
440 929 615 985 frater
641 934 793 999 tuus,
817 936 1119 1003 antequam
1145 932 1433 1004 pteniteat,
1456 932 1695 987 indulse-
1775 950 2001 989 necesse
2017 942 2103 990 est
2121 941 2185 990 ut
2203 937 2309 992 hoc
2325 939 2718 993 tantummodo
2739 939 3168 1010 praevideamus,
3185 947 3250 996 ut
3270 958 3373 996 nos

106 1019 181 1073 ris
201 1018 254 1074 ei
279 1020 503 1089 (Pelag.,
531 1020 700 1074 libell.
732 1036 823 1087 xv,
850 1037 907 1074 η.
938 1018 1056 1089 60).
1780 1022 1932 1094 ipsos
1957 1030 2015 1078 et
2040 1030 2292 1080 nostram
2321 1028 2662 1082 sententiam
2697 1028 3168 1095 condemnemus;
3217 1035 3274 1085 et
3308 1046 3377 1085 ea

691 1110 925 1165 CAPUT
961 1111 1108 1165 XIV.
1783 1129 1905 1183 quae
1936 1118 2069 1167 sunt
2088 1114 2147 1168 in
2162 1114 2322 1169 nobis
2343 1115 2588 1183 sordida,
2604 1116 2742 1172 illud
2763 1134 2995 1188 parvum
3008 1118 3217 1173 bonum
3234 1136 3376 1191 opus

108 1198 257 1265 Quod
279 1199 510 1266 perfecti
528 1200 659 1265 viri,
680 1203 936 1267 quamvis
957 1203 1182 1268 possint,
1200 1204 1399 1256 nolunt
1419 1203 1699 1256 miracula
1780 1208 2039 1257 nostrum
2066 1203 2125 1258 in
2146 1204 2306 1258 nobis
2334 1205 2652 1262 obscurent.
2682 1207 2984 1278 Nunquam
3024 1208 3175 1262 enim
3205 1208 3375 1264 homo

228 1334 233 1335 ,
567 1289 764 1356 facere,
790 1305 857 1343 ne
884 1293 1241 1344 extollantur.
1438 1350 1443 1357 ν
1780 1290 1961 1346 bonus
1991 1298 2093 1358 est,
2115 1293 2286 1347 etiam
2316 1294 2365 1347 si
2397 1293 2578 1349 bonus
2608 1311 2730 1349 esse
2760 1296 3057 1363 desideret,
3086 1296 3196 1351 nisi
3226 1298 3377 1354 Deus

177 1374 228 1430 1.
260 1374 447 1430 Abbas
470 1376 697 1448 Joseph,
728 1378 862 1432 dum
891 1394 1015 1432 cum
1042 1378 1166 1433 aliis
1197 1378 1471 1434 fratribus
1498 1380 1570 1434 ad
1600 1378 1699 1433 ab—
1781 1379 2119 1436 habitaverit
2142 1381 2200 1436 in
2225 1382 2365 1454 ipso,
2385 1382 2520 1454 quia
2544 1399 2711 1438 nemo
2737 1383 2918 1439 bonus
2938 1384 3046 1439 nisi
3061 1386 3214 1441 solus
3228 1386 3378 1442 Deus

110 1464 296 1519 batem
314 1465 629 1521 Pimenium
652 1466 869 1521 veniret
893 1469 1078 1535 (Rulli,
1101 1472 1141 1523 ι.
1165 1483 1249 1535 ιιι,
1282 1468 1483 1536 η.168;
1510 1472 1696 1536 Joan.,
1786 1471 1935 1539 (Luc.
1958 1472 2133 1540 xvxn).
2164 1470 2401 1543 Oportet
2422 1478 2612 1528 autem
2642 1478 2707 1527 ut
2735 1489 2837 1528 nos
2863 1473 3016 1545 ipsos
3043 1491 3267 1547 semper
3294 1493 3380 1532 ve-

110 1556 274 1609 libell.
304 1568 371 1617 Ιι,
388 1570 448 1608 η.
471 1554 815 1626 ‘10),quidam
837 1573 903 1610 ex
924 1557 1253 1628 parentibus
1277 1558 1532 1629 praedicti
1553 1557 1702 1612 senis
1783 1559 1988 1614 raciter
2006 1560 2348 1629 incusemus.
2375 1562 2612 1626 Quando
2635 1561 2787 1618 enim
2816 1580 2877 1618 se
2906 1564 3144 1636 quisque
3162 1581 3276 1620 non
3294 1582 3379 1621 re-

110 1643 345 1698 Pimenii
365 1643 1016 1718 attulitinfantem,cujus
1026 1646 1195 1701 facies
1206 1664 1308 1718 per
1320 1647 1699 1719 arreptionem
1783 1649 2098 1720 prehendit,
2122 1650 2436 1705 mercedem
2465 1651 2749 1723 propriam
2771 1651 3002 1707 amittit.

107 1732 313 1788 diaboli
337 1732 523 1788 fuerat
549 1733 890 1805 depravata;
925 1740 983 1790 et
1003 1736 1204 1791 sedens
1224 1742 1387 1808 pater
1417 1738 1541 1807 ejus
1571 1753 1700 1792 cum
1721 1807 1765 1815 _
1852 1737 1906 1791 2.
1938 1738 2096 1793 Idem
2140 1737 2343 1794 beatus
2384 1741 2682 1806 Antonius,
2716 1741 2854 1795 dum
2883 1741 2941 1795 in
2980 1741 3122 1796 cella
3148 1744 3379 1815 propria

108 1837 173 1875 eo
218 1822 356 1877 foris
397 1824 818 1891 monasterium,
860 1825 1135 1896 plorabat.
1166 1826 1308 1882 Cum
1336 1832 1524 1881 autem
1555 1807 1991 1895 unusBoraret,
2021 1828 2171 1883 venit
2201 1828 2271 1882 ad
2294 1846 2425 1883 eum
2455 1846 2577 1897 vox,
2610 1830 2836 1884 dicens:
2870 1830 3102 1897 Antoni,
3137 1832 3378 1890 necdum

108 1927 273 1966 senex
300 1912 372 1966 ad
400 1928 592 1967 vocem
625 1914 812 1968 ﬂentis
841 1931 1097 1984 egressus
1123 1920 1289 1982 esset,
1303 1920 1359 1970 et
1387 1915 1702 1986 interroga-
1784 1916 2165 1988 pervenistiad
2181 1934 2503 1973 mensuram
2516 1918 2860 1990 coriarii,qui
2876 1919 3380 1978 estinAlexandria

110 2006 197 2055 ret
234 2018 367 2056 eum
414 2018 516 2056 cur
541 2003 806 2074 ploraret,
835 2004 931 2058 ille
980 2005 1302 2076 respondit:
1334 2005 1545 2059 Parens
1577 2022 1703 2059 sum
1784 2005 1975 2077 (Rulli,
2005 2010 2148 2071 (.111,
2179 2024 2236 2061 η.
2274 2005 2418 2079 130).
2451 2008 2572 2072 Quo
2596 2008 2810 2075 audito,
2835 2025 3002 2063 senex
3030 2026 3379 2081 consurgens

110 2088 268 2144 istius
306 2090 565 2158 Pimenii,
599 2096 658 2146 et
682 2092 752 2147 ob
784 2093 889 2147 hoc
923 2094 1069 2160 veni,
1104 2100 1169 2149 ut
1192 2095 1405 2149 videret
1432 2095 1704 2149 infantem
1785 2102 2206 2167 mane,arrepto
2222 2096 2419 2151 baculo
2444 2097 2502 2151 in
2530 2098 2810 2153 civitatem
2839 2098 3075 2153 festinus
3103 2102 3375 2171 pervenit.

110 2178 279 2239 hunc.
293 2180 484 2246 Vides,
511 2181 755 2249 domine,
776 2200 899 2254 quae
930 2183 1058 2237 huic
1085 2183 1284 2238 infanti
1314 2201 1413 2255 per
1438 2185 1705 2239 Satanam
1789 2185 2042 2255 Cumque
2071 2185 2145 2239 ad
2165 2185 2516 2257 designatum
2539 2186 2827 2242 hominem
2846 2188 3206 2259 pervenisset,
3225 2195 3284 2245 et
3296 2190 3381 2246 in-

111 2270 997 2340 contigerittcntatio.Timuimus
1018 2272 1166 2326 enim
1185 2290 1361 2344 usque
1380 2290 1528 2327 nunc
1551 2273 1707 2328 illum
1786 2290 2013 2344 gressus
2041 2273 2253 2340 fuisset,
2288 2275 2382 2330 ille
2424 2275 2540 2329 viso
2569 2281 2730 2331 tanto
2771 2277 2888 2331 viro
2921 2276 3230 2349 obstupuit.
3274 2281 3379 2335 Cui

110 2358 216 2413 huc
242 2359 464 2426 offerre,
511 2359 643 2430 quia
688 2377 801 2415 non
829 2361 945 2416 vult
989 2378 1091 2416 nos
1120 2361 1327 2416 videre.
1379 2363 1447 2416 Et
1484 2379 1631 2417 nunc
1659 2361 1706 2415 si
1789 2363 1928 2416 dixit
1953 2379 2121 2417 senex
2156 2382 2167 2417 :
2204 2364 2371 2418 Refer
2391 2364 2530 2418 mihi
2552 2382 2724 2436 opera
2750 2370 2869 2431 tua,
2883 2366 3016 2437 quia
3043 2373 3272 2439 propter
3298 2374 3378 2435 te,

111 2448 594 2520 cognoveritquod
620 2450 711 2503 hic
737 2467 841 2521 ego
863 2467 1151 2516 sum,cum
1177 2451 1502 2506 confusione
1523 2451 1709 2522 ejiciet
1788 2451 1981 2505 relicto
1992 2451 2233 2518 deserto,
2252 2453 2361 2507 huc
2376 2453 2633 2518 veni.Qui
2658 2455 3021 2525 respondens,
3047 2456 3132 2510 ait
3154 2457 3382 2513 :Nescio

112 2554 220 2592 me.
235 2539 356 2608 Ego
386 2543 576 2593 autem
594 2556 691 2594 vos
712 2539 925 2606 videns,
945 2541 1160 2605 Patres,
1182 2541 1278 2612 qui
1299 2541 1463 2595 modo
1483 2541 1553 2594 ad
1576 2557 1706 2595 eum
1789 2557 1879 2595 me
1903 2541 2206 2612 aliquando
2227 2542 2438 2613 aliquid
2463 2542 2592 2597 boni
2618 2549 2990 2615 perpetrasse,
3014 2546 3163 2600 unde
3184 2563 3255 2601 ex
3283 2564 3384 2602 cu-

117 2626 367 2694 venistis,
398 2628 726 2700 praesumpsi
756 2629 948 2685 venire
975 2630 1103 2687 huc.
1127 2630 1416 2694 Quomodo
1446 2646 1579 2700 ergo
1602 2629 1704 2697 vis,
1789 2629 1888 2683 bili
1916 2630 2143 2701 proprio
2183 2648 2348 2685 mane
2380 2647 2748 2703 consurgens,
2783 2639 3085 2704 antequam
3120 2635 3181 2690 in
3217 2652 3386 2708 Opere

110 2716 248 2771 vade
264 2722 326 2771 et
344 2717 610 2772 miserere
629 2718 1029 2784 mei,abba;et
1052 2719 1187 2774 tolle
1206 2718 1483 2774 infantem
1506 2719 1701 2785 istum,
1790 2735 1916 2773 meo
1945 2719 2243 2786 resideam,
2275 2720 2399 2775 dico
2443 2721 2592 2791 quod
2622 2721 2805 2776 omnis
2834 2723 2951 2777 haec
2986 2722 3182 2779 civitas
3210 2741 3244 2779 a
3281 2725 3388 2779 mi-

113 2810 167 2860 et
199 2805 361 2861 defer
386 2805 539 2862 intus
562 2812 850 2875 tecum,ut
868 2814 991 2863 oret
1014 2825 1115 2880 pro
1145 2825 1255 2862 me.
1279 2809 1458 2873 Quem
1478 2825 1605 2863 cum
1617 2825 1707 2863 se-
1792 2825 1930 2863 nore
1956 2825 2133 2879 usque
2152 2810 2221 2863 ad
2257 2810 2549 2880 majorem,
2584 2810 2905 2881 ingreditur
2932 2811 2989 2866 in
3016 2829 3255 2883 regnum
3284 2814 3387 2869 Dei

111 2910 216 2949 nex
234 2895 480 2962 tulisset,
504 2904 563 2951 et
584 2896 870 2967 ingressus
897 2897 1096 2952 fuisset
1124 2897 1183 2952 in
1215 2898 1433 2959 cellam.
1466 2897 1709 2969 sapienti
1792 2903 2024 2969 propter
2041 2898 2295 2968 justitias
2323 2916 2471 2966 suas,
2490 2915 2593 2969 ego
2621 2904 2813 2954 autem
2840 2901 2991 2955 solus
3015 2909 3244 2974 propter
3256 2920 3388 2975 pec-

114 2984 346 3039 consilio
369 3001 527 3052 usus,
560 3002 675 3040 non
704 2986 863 3040 illum
893 2986 1098 3041 obtulit
1112 2987 1295 3058 primo
1316 2986 1507 3042 abbati
1532 2986 1713 3041 Pime—
1793 2990 1921 3039 cata
1945 3002 2072 3040 mea
2100 3002 2324 3057 plenam
2353 2987 2755 3057 sempiternam
2773 2985 3389 3059 ingredianQuod'ver-

112 3073 225 3143 nio,
255 3073 358 3128 sed
383 3074 693 3130 minoribus
723 3075 1002 3142 Patribus,
1020 3081 1078 3130 et
1098 3075 1349 3130 dicebat:
1374 3076 1609 3146 Signate
1629 3076 1714 3130 in-
1792 3073 1928 3129 bum
1957 3091 2142 3141 mane,
2178 3081 2235 3129 et
2263 3080 2567 3146 antequam
2602 3076 2885 3146 quiescam
2928 3095 3074 3146 sero,
3105 3093 3173 3133 ex
3205 3080 3390 3137 cordis

113 3161 348 3230 fantem,
369 3162 588 3230 fratres,
610 3163 877 3219 facientes
902 3165 1236 3232 orationem,
1253 3182 1457 3236 rogans
1486 3182 1587 3237 per
1603 3165 1715 3220 sin-
1731 3167 1775 3227 ί]
1800 3162 1911 3216 mei
1942 3162 2122 3216 sentio
2151 3163 2405 3217 veritate.
2425 3164 2584 3228 Quod
2616 3165 2852 3219 audiens
2875 3165 3072 3220 beatus
3087 3168 3384 3236 Antonius,

111 3252 272 3322 gulos
302 3268 486 3308 senes.
518 3253 589 3307 Et
624 3259 752 3326 post
776 3270 971 3309 omnes
1001 3254 1205 3309 detulit
1231 3255 1393 3309 illum
1435 3254 1707 3309 Pimenio.
1793 3250 2109 3320 respondit:
2137 3251 2205 3305 In
2230 3250 2587 3318 veritate,fili,
2607 3252 2754 3306 sicut
2767 3252 2946 3308 bonus
2966 3254 3165 3308 artifex
3186 3256 3390 3312 sedens

113 3342 187 3395 At
212 3341 311 3396 ille
337 3341 563 3397 nolebat
584 3359 713 3397 eum
745 3359 847 3398 nec
875 3344 1143 3415 aspicere.
1171 3344 1312 3399 Cum
1334 3347 1524 3399 autem
1543 3360 1711 3414 roga-
1791 3340 1851 3394 in
1870 3341 2036 3394 domo
2052 3344 2169 3406 tua,
2200 3345 2392 3405 (ηπ
2412 3356 2542 3394 eum
2563 3341 2756 3411 requie
2768 3358 3005 3412 regnum
3031 3341 3134 3396 Dei
3153 3342 3390 3414 adeptus

112 3435 382 3486 renteum
395 3436 462 3486 ut
476 3430 623 3486 sicut
635 3448 847 3499 omnes,
864 3433 948 3488 sic
968 3438 1026 3487 et
1045 3434 1164 3504 ipse
1185 3438 1392 3501 oraret,
1413 3433 1708 3504 ingemuit,
1794 3446 1854 3484 es
1885 3445 1897 3480 :
1926 3445 2032 3499 ego
2062 3433 2253 3483 autem
2281 3429 2432 3484 velut
2450 3429 2570 3483 sine
2599 3429 2935 3485 discretione
2965 3447 3132 3486 omne
3164 3436 3388 3504 tempus

115 3526 172 3574 et
191 3535 439 3590 surgens
455 3520 851 3588 oravit,dicens
869 3539 881 3577 :
902 3522 1216 3590 Deus,sana
1233 3522 1507 3577 facturam
1530 3526 1708 3589 tuam,
1793 3535 1984 3573 meum
2014 3518 2073 3572 in
2101 3517 2405 3573 solitudine
2434 3524 2815 3587 conversatus,
2842 3520 3083 3575 necdum
3111 3519 3265 3576 verbi
3303 3521 3387 3577 tui

115 3623 185 3663 ne
216 3608 544 3664 dominetur
564 3610 617 3665 ei
644 3609 924 3666 inimicus.
958 3611 1028 3666 Et
1054 3611 1302 3683 signavit
1331 3611 1622 3679 infantem,
1656 3615 1715 3665 et
1793 3609 2070 3679 assumpsi
2097 3624 2441 3662 mensuram.

114 3713 242 3753 mox
261 3714 438 3753 sanus
466 3704 552 3755 est
580 3699 729 3771 patri
749 3699 1022 3755 redditus.
1867 3696 1919 3755 3.
1954 3697 2194 3762 Quidam
2223 3697 2399 3752 frater
2434 3696 2730 3769 requisivit
2755 3696 3017 3753 abbatem
3048 3698 3387 3767 Pimenium,

182 3787 238 3845 2.
271 3788 421 3843 Cum
444 3788 673 3859 quidam
701 3789 980 3844 saecularis
999 3788 1060 3843 in
1083 3789 1375 3844 ecclesiam
1390 3789 1620 3844 veniens
1643 3788 1714 3843 ab
1796 3787 1988 3842 dicens
2015 3789 2199 3857 (Rulli,
2234 3789 2330 3842 lib.
2363 3801 2447 3854 III,
2477 3803 2536 3841 η.
2568 3785 2694 3855 131)
2714 3801 2726 3836 :
2749 3787 2897 3852 Quid
2917 3793 3021 3854 est,
3046 3788 3389 3860 Pater,quod

116 3875 414 3932 immundo
438 3878 642 3949 spiritu
668 3883 978 3945 teneretur,
1001 3884 1059 3933 et
1079 3894 1273 3933 omnes
1297 3878 1608 3933 orationem
1638 3878 1716 3932 fe-
1796 3876 2097 3947 Apostolus
2116 3876 2268 3930 dicit:
2286 3875 2490 3930 Omnia
2500 3875 2713 3930 munda
2726 3876 2949 3931 mundis
2965 3875 3077 3931 ’IAt
3093 3877 3186 3932 ille
3203 3877 3344 3932 dixit
3373 3896 3385 3932 :

118 3965 346 4032 cissent,
367 3967 692 4023 nullatenus
711 3968 943 4040 spiritus
967 3967 1296 4023 immundus
1324 3967 1718 4038 egrediebatur
1799 3966 1859 4021 Si
1880 3965 2005 4036 quis
2044 3965 2117 4019 ad
2164 3965 2313 4020 hunc
2350 3981 2666 4019 sermonem
2712 3965 3004 4037 pervenire
3034 3966 3299 4038 potuerit,
3328 3972 3394 4021 ut

117 4054 187 4109 ab
215 4072 284 4111 eo
319 4057 508 4124 (Rulli,
541 4061 580 4112 ι.
612 4072 670 4125 n,
702 4075 761 4112 η.
790 4056 918 4126 121ς
951 4060 1313 4123 Joan.,libell.
1340 4072 1399 4123 ιι,
1428 4073 1485 4111 n.
1515 4055 1594 4119 4).
1625 4056 1719 4111 Di-
1801 4072 1929 4111 eum
1958 4055 2254 4125 intelligat,
2278 4053 2488 4109 videbit
2509 4070 2568 4109 se
2597 4054 2870 4110 minorem
2900 4072 3024 4110 esse
3052 4056 3225 4111 totius
3244 4072 3395 4111 crea-

119 4149 256 4200 cunt
282 4161 420 4216 ergo
439 4145 590 4201 inter
616 4163 678 4201 se
705 4147 906 4202 fratres
936 4165 947 4201 :
975 4146 1121 4211 Quid
1151 4162 1447 4218 possumus
1466 4145 1598 4201 huic
1611 4146 1721 4218 spi-
1800 4150 1961 4200 turae.
1994 4145 2099 4199 Cui
2134 4144 2312 4198 frater
2344 4161 2356 4196 :
2393 4144 2463 4198 Et
2504 4143 2783 4215 quomodo
2825 4160 2918 4198 me
2948 4162 3176 4217 possum
3205 4146 3394 4229 videre

119 4234 257 4288 ritui
277 4234 503 4289 facere?
531 4252 697 4292 nemo
717 4237 881 4292 illum
908 4241 1096 4309 potest
1115 4242 1392 4301 excutere,
1415 4235 1525 4290 nisi
1545 4234 1720 4290 abbas
1802 4235 2078 4289 minorem
2109 4233 2179 4288 ab
2200 4251 2265 4288 eo
2287 4233 2382 4305 qui
2410 4233 2690 4289 homicida
2708 4239 2795 4289 est
2812 4235 2836 4288 Ἰ
2856 4236 3167 4306 Respondit
3191 4252 3389 4292 senex:

122 4323 394 4379 Besarion
414 4343 427 4392 ;
448 4325 545 4380 sed
564 4325 611 4380 si
628 4326 735 4382 hoc
756 4326 1082 4393 dixerimus,
1102 4326 1197 4380 ille
1217 4342 1320 4380 nec
1336 4325 1407 4380 ad
1429 4325 1721 4380 ecclesiam
1804 4323 1862 4378 Si
1878 4323 2122 4395 potuerit
2146 4323 2311 4378 homo
2325 4323 2392 4377 ad
2414 4339 2731 4378 sermonem
2756 4323 2905 4377 hunc
2922 4323 3176 4395 Apostoli
3198 4340 3395 4395 perve-

121 4413 433 4486 acquiescit
458 4415 666 4470 venire.
701 4416 809 4471 Sed
838 4416 1111 4471 faciamus
1128 4415 1320 4470 taliter
1352 4433 1363 4469 :
1399 4415 1622 4487 quando
1650 4414 1721 4469 ad
1803 4413 1946 4479 nire,
1980 4419 2037 4467 et
2065 4412 2267 4467 viderit
2290 4412 2576 4467 hominem
2606 4412 2703 4483 qui
2734 4412 2877 4466 forte
2904 4412 3079 4467 alium
3107 4412 3393 4474 occiderit.

122 4503 419 4557 ecclesiam
448 4510 579 4575 ante
608 4521 803 4560 omnes
830 4505 973 4560 solet
988 4504 1196 4571 venire,
1216 4504 1365 4559 hunc
1385 4504 1481 4574 qui
1510 4503 1724 4575 patitur
1742 4488 1937 4555 Ddicit
1963 4501 2021 4555 in
2041 4501 2343 4571 semetipso
2368 4520 2379 4555 :
2404 4501 2506 4554 Ille
2534 4500 2759 4570 quidem
2778 4499 2880 4554 hoc
2900 4499 3082 4553 solum
3103 4507 3396 4571 peccatum

122 4591 403 4646 faciamus
436 4593 652 4662 sedere,
684 4599 742 4648 et
773 4599 970 4666 postea
1014 4594 1302 4647 dicamus:
1335 4592 1513 4674 Abba,
1555 4591 1717 4658 abba,
1805 4590 1953 4655 fecit,
1985 4606 2087 4659 ego
2118 4595 2308 4643 autem
2338 4589 2491 4642 omni
2521 4588 2661 4642 hora
2693 4587 3058 4643 homicidium
3080 4589 3394 4657 committo,

123 4680 341 4735 suscita
359 4680 509 4735 hunc
543 4682 935 4738 dormientem.
966 4683 1253 4737 Fecerunt.
1269 4697 1402 4751 ergo
1426 4681 1524 4734 ita.
1541 4681 1611 4735 Et
1636 4697 1726 4734 ve-
1804 4679 2082 4749 meipsum
2104 4676 2469 4732 interficiens.
2490 4678 2701 4731 Etcum
2724 4676 2900 4730 frater
2917 4676 3233 4748 requireret
3261 4694 3396 4749 quo-

120 4769 319 4825 niente
338 4769 538 4826 abbate
549 4771 1157 4838 Besarione,steterunt
1170 4786 1365 4825 omnes
1375 4770 1435 4824 in
1444 4769 1717 4836 oratione,
1804 4768 1970 4822 modo
1989 4767 2094 4821 hoc
2122 4771 2309 4837 posset
2321 4766 2463 4833 ﬁeri,
2492 4765 2779 4837 respondit
2797 4781 2967 4819 senex
2988 4783 2999 4818 :
3017 4766 3147 4820 Haec
3163 4766 3282 4821 sola
3292 4766 3395 4821 ho-

122 4864 181 4912 et
203 4845 415 4914 dicunt,
434 4861 486 4915 ei
519 4860 731 4927 :Abba,
763 4861 973 4916 suscita
1012 4861 1184 4915 istum
1215 4859 1312 4931 qui
1360 4858 1587 4913 dormit.
1622 4859 1722 4913 Ille
1803 4854 2984 4927 minisjustitiaest,utsempersemetipsum
2999 4855 3393 4927 reprehendat;

123 4954 321 5003 autem
346 4947 512 5003 dixit:
538 4950 800 5021 Surge,et
813 4951 1079 5021 egredere
1098 4949 1269 5005 foras.
1289 4950 1358 5004 Et
1380 4964 1512 5003 mox
1531 4964 1721 5018 egres-
1804 4952 1863 5002 et
1888 4952 2021 5001 tunc
2042 4943 2463 5016 justiﬁcabitur,
2495 4961 2623 4998 eum
2654 4959 2759 4998 sua
2784 4948 3014 5015 peccata
3040 4944 3393 5001 condemnat.

124 5053 221 5092 sus
251 5042 343 5092 est
367 5036 437 5092 ab
464 5055 530 5093 eo
548 5039 778 5111 spiritus
800 5039 1147 5107 immundus,
1167 5045 1223 5093 et
1241 5054 1412 5093 sanus
1440 5037 1618 5093 factus
1638 5040 1725 5091 est
1875 5036 1927 5090 Ιι.
1958 5034 2194 5099 Quidam
2224 5033 2400 5087 frater
2427 5032 2568 5088 dixit
2595 5033 2666 5088 ad
2693 5049 2884 5088 senem
2918 5052 2929 5087 :
2965 5034 3244 5104 Cogitatio
3273 5050 3400 5089 mea

122 5143 189 5181 ex
217 5126 322 5181 illa
350 5127 510 5183 hora.
1806 5125 1943 5180 dicit
1967 5123 2126 5190 mihi,
2146 5124 2332 5178 Bonus
2351 5140 2498 5178 sum.
2519 5123 2831 5194 Respondit
2847 5123 2899 5178 ei
2918 5139 3089 5178 senex
3112 5136 3124 5171 ε
3155 5123 3262 5187 Qui
3285 5139 3398 5178 non

729 5218 962 5273 CAPUT
989 5218 1109 5273 XV.
1806 5214 1956 5269 videt
1981 5218 2208 5285 peccata
2248 5229 2368 5281 sua,
2401 5228 2627 5284 semper
2653 5213 2746 5267 ille
2768 5212 2827 5266 in
2857 5211 3019 5267 bonis
3045 5228 3166 5266 esse
3193 5228 3253 5266 se
3275 5229 3397 5266 crc-

128 5306 284 5374 Quod
321 5309 543 5362 utiliter
577 5310 867 5377 aliquoties
910 5311 974 5363 in
1013 5309 1252 5362 sordidis
1300 5307 1724 5375 cogitationibus
1806 5304 1917 5371 dit;
1966 5304 2065 5374 qui
2106 5310 2296 5358 autem
2325 5302 2477 5357 videt
2505 5302 2621 5370 illa,
2649 5300 3018 5372 cogitationes
3051 5300 3133 5354 illi
3159 5300 3399 5355 suadere

486 5400 890 5466 relinquimur,
924 5413 991 5452 ne
1013 5400 1369 5452 ertollamur.
1806 5409 1920 5448 non
1948 5398 2184 5464 possunt
2207 5391 2355 5464 quod
2384 5391 2442 5446 in
2462 5391 2623 5447 bonis
2641 5391 2733 5459 sit;
2760 5389 2864 5444 scit
2885 5388 3036 5443 enim
3057 5388 3208 5460 quod
3227 5389 3396 5445 videt.

201 5482 252 5543 1.
286 5483 446 5557 Saepe
471 5484 693 5541 dicebat
717 5486 915 5542 beatus
942 5485 1219 5541 Antonius
1243 5506 1256 5542 :
1283 5485 1406 5541 Nisi
1433 5484 1612 5557 pistor
1638 5500 1726 5537 ve-
1808 5482 1963 5553 Opus
1987 5499 2122 5553 ergo
2149 5486 2234 5535 est
2260 5480 2516 5535 laborare
2541 5481 2802 5544 multum,
2834 5483 2899 5532 ut
2923 5495 2983 5532 se
3008 5478 3245 5549 quisque
3273 5495 3402 5534 con-

124 5573 277 5630 laret
290 5575 483 5630 oculos
495 5575 1096 5642 animalis,mercedem
1110 5591 1272 5630 suam
1288 5573 1584 5646 recipiens,
1605 5573 1726 5645 ipse
1808 5571 2052 5638 sideret;
2103 5587 2235 5625 nam
2265 5570 2630 5642 negligentia,
2663 5566 3016 5639 ignavisque,
3045 5571 3104 5622 et
3131 5568 3400 5628 relaxatio

125 5670 489 5721 consumeret
518 5666 827 5741 (Rufﬁn.,l.
853 5679 1006 5733 n1,n.
1040 5663 1167 5732 128;
1194 5666 1398 5735 Pelag.,
1428 5665 1596 5719 libell.
1634 5679 1722 5730 xv,
1810 5665 2087 5716 excaecant
2112 5660 2302 5716 oculos
2322 5658 2507 5713 cordis
2530 5655 2728 5724 nostri.
