3910 6388
559 360 702 422 1039
1663 362 1758 419 DE
1795 363 1984 420 VITIS
2022 355 2317 418 PATRUM
2353 363 2570 422 LIBER
2605 366 2728 423 VII.
3701 365 3821 425 1M0

627 491 682 544 5.
715 489 956 556 Quidam
975 489 1150 546 frater
1173 489 1313 544 dixit
1325 486 1515 544 abbati
1542 487 1830 544 Pimenio:
1857 487 2224 559 Cogitatio«A
2238 489 2397 544 nobis
2427 507 2569 562 opus
2605 489 2825 553 animae,
2878 485 3044 557 abba,
3081 493 3139 542 et
3181 502 3354 559 Opera
3391 503 3684 555 manuum.
3723 489 3816 544 Cui

557 596 658 636 nes
685 596 824 635 meae
851 596 964 634 non
995 579 1334 652 permittunt
1348 595 1437 633 me
1465 583 1694 650 peccata
1709 594 1833 632 mea
1854 579 2148 650 respicere,
2236 596 2432 634 senex:
2466 579 2671 634 Omnia
2682 593 3028 649 quaecunque
3050 593 3151 648 pro
3169 577 3436 631 mandato
3455 577 3558 632 Dei
3573 577 3814 646 facimus,

555 669 653 725 sed
682 670 879 724 Patres
907 669 1020 724 mei
1039 673 1253 740 cogunt
1273 685 1361 723 me
1381 668 1630 738 cogitare
1649 669 2152 740 peccata.Respon-
2235 669 2294 723 in
2322 655 2585 740 operibus
2623 668 2826 722 animm
2855 666 3170 738 reputanda
3197 671 3356 732 sunt;
3397 682 3522 737 quae
3568 684 3698 722 vero
3723 685 3815 738 pro

552 758 636 813 dit
663 757 838 814 abbas
877 757 1190 824 Pimenion,
1221 757 1290 812 de
1321 756 1522 812 abbate
1550 757 1764 812 Isidoro
1793 757 2059 824 referens,
2093 762 2152 812 et
2232 764 2425 812 nostra
2453 758 2672 828 agimus
2710 755 2956 811 utilitate
2983 755 3070 810 vel
3117 755 3425 822 commodo,
3470 755 3586 810 haec
3635 756 3818 811 omnia

551 847 742 902 dicens
766 865 779 901 :
813 848 960 902 Dum
980 847 1277 919 plangeret
1304 846 1478 901 abbas
1501 846 1750 901 Isidorus
1776 846 1834 900 in
1854 847 1996 900 cella
2023 863 2143 911 sua,
2231 864 2402 919 opera
2419 863 2690 902 manuum
2723 863 2845 900 esse
2872 849 3201 900 noscuntur.

550 941 610 991 et
627 935 938 1008 discipulus
961 937 1084 1008 ejus
1096 936 1154 991 in
1179 935 1290 990 alia
1311 936 1451 990 cella
1462 935 1704 1000 sederet,
1721 935 2033 1006 contigitut
2050 936 2151 990 illa
2301 935 2353 994 3.
2386 935 2574 990 Abbas
2601 935 2819 1006 Apollo,
2853 935 2901 988 si
2925 933 3049 1006 quis
3073 933 3144 988 de
3170 933 3434 988 fratribus
3475 949 3605 988 eum
3633 933 3692 989 in
3718 951 3815 990 suo

547 1025 688 1080 hora
707 1025 858 1080 idem
889 1025 1197 1098 discipulus
1217 1024 1289 1080 ad
1305 1023 1464 1080 illum
1486 1024 1860 1094 veniret,quia
1875 1025 1970 1078 ille
1991 1024 2146 1096 plan-
2229 1024 2556 1095 requisisset
2576 1041 2744 1096 opere
2774 1031 2830 1078 et
2849 1023 3060 1088 labore,
3078 1039 3205 1077 mox
3223 1021 3494 1095 pergebat
3508 1039 3636 1078 cum
3665 1026 3815 1080 omni

543 1114 733 1186 gebat,
761 1121 819 1171 et
848 1115 1141 1186 requisivit
1167 1132 1319 1182 eum,
1346 1115 1536 1169 dicens
1559 1129 1571 1165 :
1605 1115 1749 1179 Quid
1773 1115 2009 1186 plangis,
2044 1115 2146 1168 Pa-
2226 1114 2439 1181 laetitia,
2463 1114 2656 1169 dicens
2681 1132 2692 1167 ε
2729 1114 2844 1185 Ego
2865 1130 2994 1168 cum
3017 1129 3150 1184 rege
3170 1129 3294 1166 meo
3317 1112 3541 1168 Christo
3562 1113 3702 1169 vado
3716 1114 3816 1168 ho-

542 1208 634 1260 ter
652 1206 677 1260 ?
695 1205 878 1260 Atille
890 1205 1209 1278 respondit:
1233 1206 1471 1260 Peccata
1499 1221 1625 1260 mea
1653 1206 1879 1276 plango,
1901 1205 2002 1260 fili.
2028 1206 2145 1260 Ite-
2226 1203 2317 1258 die
2347 1203 2570 1274 operari
2604 1219 2705 1274 pro
2733 1203 2925 1256 anima
2951 1218 3096 1257 mea.
3139 1202 3269 1256 Haec
3297 1206 3384 1256 est
3405 1201 3558 1256 enim
3584 1219 3812 1272 merces,

543 1311 672 1351 rum
691 1295 830 1351 dicit
844 1295 916 1350 ei:
935 1297 1062 1350 Non
1082 1295 1256 1350 habes
1276 1293 1693 1368 peccata,abba.
1711 1295 1861 1349 Dicit
1876 1295 2137 1350 eisenex:

544 1385 592 1441 Ο
621 1385 721 1453 ﬁli,
743 1385 792 1440 si
811 1390 1041 1457 peccata
1069 1401 1196 1440 mea
1224 1385 1376 1440 Deus
1403 1384 1792 1439 manifestaret
1819 1385 2142 1442 hominibus

540 1488 648 1530 nec
665 1478 802 1542 tres,
834 1489 938 1528 nec
959 1478 1203 1545 quatuor
1229 1472 1569 1540 sufﬁcerent,
1594 1472 1693 1528 sed
1713 1489 1816 1528 nec
1843 1474 2052 1545 plures.

1142 1562 1376 1618 CAPUT
1404 1562 1549 1617 XVI.

943 1653 1216 1720 Quomodo
1246 1654 1453 1706 vitetur
1473 1653 1757 1707 detractio.

611 1741 663 1796 1.
696 1740 936 1806 Quidam
965 1740 1142 1796 frater
1174 1739 1468 1812 requisivit
1504 1740 1766 1796 abbatem
1795 1741 2132 1811 Pimenium,

2225 1309 2349 1364 quae
2375 1293 2576 1348 animae
2603 1297 2916 1364 reputatur.

2793 1381 3028 1436 CAPUT
3045 1380 3245 1436 XVIII.

2479 1472 2553 1527 De
2582 1473 2918 1540 refutatione
2941 1473 3182 1540 propria:
3211 1473 3532 1525 voluntatis.

2297 1561 2352 1616 1.
2384 1561 2626 1626 Quidam
2658 1561 2998 1615 anachoreta
3025 1558 3257 1614 sedebat
3277 1561 3440 1630 juxta
3479 1557 3810 1623 coenobium,

2226 1651 2434 1706 multas
2453 1651 2687 1706 virtutes
2716 1649 2926 1704 faciens
2949 1651 3142 1721 (Ra/ﬂ,
3161 1653 3199 1704 ι.
3233 1663 3314 1716 111,
3339 1665 3397 1704 η.
3437 1645 3571 1715 15ος
3602 1650 3808 1716 Pelag.,

2226 1741 2394 1795 libell.
2428 1755 2551 1806 xm,
2583 1755 2642 1794 η.
2674 1737 2752 1810 8).
2785 1741 2856 1794 Et
2883 1755 3013 1793 cum
3042 1738 3325 1793 venissent
3353 1738 3424 1792 ad
3453 1739 3612 1792 illum
3639 1737 3814 1808 aliqui

536 1829 754 1885 dicens:
781 1830 1072 1894 Quomodo
1114 1807 1302 1902 potest
1329 1830 1496 1885 homo
1529 1830 1728 1897 vitare,
1770 1847 1840 1884 ne
1869 1807 2136 1903 loquatur
2155 1807 2204 1870 Β
2222 1830 2480 1884 monachi
2497 1829 2565 1884 de
2577 1807 3248 1899 coenobio,compulerunt
3265 1844 3395 1882 eum
3416 1843 3526 1882 non
3548 1807 3817 1881 consueta

535 1919 681 1974 male
703 1919 958 1991 proximo
985 1934 1088 1974 suo
1121 1920 1307 1989 (Ruf/1,
1343 1921 1383 1974 ι.
1425 1932 1511 1984 In,
1534 1935 1596 1974 η.
1626 1917 1794 1987 133)?
1825 1919 2138 1991 Respondit
2216 1923 2411 1984 οτι,
2439 1919 2579 1972 hora
2600 1917 2960 1972 manducare.
2983 1916 3052 1970 Et
3079 1920 3208 1988 post
3224 1917 3328 1970 hoc
3351 1915 3614 1970 dixerunt
3633 1915 3688 1970 ei
3704 1913 3815 1970 fra-

535 2023 735 2064 senex:
761 2008 880 2080 Ego
904 2011 963 2063 et
989 2007 1276 2080 proximus
1304 2023 1466 2062 meus
1479 2008 1604 2063 dum
1622 2008 1898 2079 imagines
1915 2026 2130 2066 sumus.
2215 2012 2360 2062 tres:
2395 2007 2775 2062 Contristatus
2797 2024 2876 2074 es,
2902 2005 3064 2072 abba,
3097 2005 3328 2076 aliquid,
3349 2005 3480 2076 quia
3501 2003 3670 2059 hodie
3689 2020 3817 2059 con-

534 2098 676 2153 Cum
695 2113 833 2168 ergo
855 2113 1043 2152 meam
1067 2096 1374 2168 imaginem
1399 2097 1833 2168 reprehendero,
1850 2098 2135 2154 invenitur
2215 2101 2306 2150 tra
2317 2097 2783 2152 consuetudinem
2794 2095 2998 2150 fecisti?
3014 2093 3228 2160 Quibus
3245 2095 3339 2149 ille
3350 2093 3818 2166 respondit:Tunc

534 2184 721 2258 imago
749 2185 942 2242 fratris
966 2185 1078 2241 mei
1106 2186 1255 2258 apud
1275 2202 1366 2240 me
1385 2185 1749 2250 venerabilis;
1774 2188 2000 2258 quando
2029 2204 2132 2244 au-
2216 2192 2304 2240 est
2331 2186 2470 2240 mihi
2501 2186 2813 2253 tribulatio,
2839 2184 3062 2256 quando
3090 2184 3372 2256 propriam
3403 2185 3586 2238 fecero
3613 2182 3814 2240 volun-

2215 2279 2409 2330 tatem.

532 2280 648 2330 tem
671 2291 856 2330 meam
877 2275 1338 2335 laudavero.tunc
1352 2275 1544 2330 fratris
1557 2276 1668 2330 mei
1682 2275 1987 2348 imaginem
2007 2295 2134 2349 pra-

529 2380 656 2419 vam
687 2365 1117 2437 respicio.Tunc
1137 2381 1271 2436 ergo
1301 2365 1398 2420 alii
1426 2381 1539 2420 non
1567 2365 1824 2432 detraho,
1841 2367 1887 2420 si
1909 2383 2134 2438 semper

533 2453 810 2526 meipsum
832 2454 1184 2526 reprehendo
1202 2472 1216 2508 :
1236 2453 1369 2526 quia
1380 2471 1650 2526 magnum
1667 2454 1848 2510 virum
1872 2455 2126 2528 despicit,

531 2543 628 2616 qui
657 2543 906 2614 seipsum
927 2559 1042 2599 non
1071 2543 1408 2599 considerat.

597 2630 651 2689 2.
679 2631 913 2687 Dicebat
940 2632 1170 2704 quidam
1195 2632 1462 2690 Patrum:
1485 2633 1768 2705 Quidquid
1793 2633 1964 2689 habes
1977 2634 2126 2702 odio,

527 2720 716 2776 aliine
742 2719 914 2776 facias
945 2723 1131 2790 (Eu/[1,
1166 2725 1204 2776 ι.
1237 2735 1322 2786 m,
1350 2738 1406 2777 η.
1450 2721 1590 2790 153;
1623 2724 1830 2792 Pelag.,
1877 2725 2050 2779 libell.
2083 2739 2126 2790 1,

528 2826 690 2864 num.
719 2809 831 2878 21).
868 2809 928 2865 Si
953 2809 1076 2864 odis
1105 2809 1202 2880 qui
1223 2809 1326 2864 tibi
1356 2810 1504 2865 male
1539 2811 1804 2882 loquitur,
1837 2828 2020 2884 neque
2061 2818 2125 2868 tu

528 2899 677 2954 male
696 2898 946 2971 loquaris
967 2899 1036 2952 de
1058 2899 1189 2953 alio.
1206 2899 1264 2954 Si
1293 2899 1420 2954 odio
1441 2899 1613 2954 habes
1633 2901 1729 2972 qui
1750 2901 1854 2955 tibi
1878 2901 2010 2957 facit
2029 2919 2127 2958 ca-

526 2987 822 3054 lumniam,
855 3003 1038 3060 neque
1066 2987 1404 3043 calumniam
1424 2994 1487 3044 tu
1507 2989 1672 3045 alicui
1701 2990 1891 3045 facias.
1919 2991 1978 3046 Si
1999 2991 2126 3046 odio

526 3076 700 3132 habes
723 3077 821 3149 qui
842 3082 898 3132 te
910 3077 968 3132 in
983 3083 1308 3150 contemptu
1321 3078 1496 3142 ducit,
1512 3085 1612 3134 aut
1629 3079 1854 3150 injuriis
1876 3081 2094 3152 appetit

2104 3123 2184 3190 fC

2285 2365 2338 2422 ‘2.
2372 2364 2614 2430 Quidam
2656 2365 2832 2420 frater
2859 2363 3086 2418 veniens
3125 2363 3186 2417 in
3239 2363 3449 2434 Scythi,
3484 2367 3551 2418 ut
3597 2362 3816 2416 videret

2213 2453 2475 2508 abbatem
2503 2454 2804 2508 Arsenium
2834 2451 3172 2524 postulabat.
3199 2453 3454 2524 Cumque
3483 2450 3582 2506 alii
3603 2451 3808 2506 fratres

2211 2544 2282 2610 ei,
2311 2549 2378 2599 ut
2404 2544 2697 2616 paululum
2727 2543 3120 2615 requiesceret,
3137 2542 3456 2608 suaderent,
3477 2541 3805 2614 respondit:

2212 2632 2342 2688 Non
2371 2633 2648 2688 manduco
2677 2649 2901 2704 panem,
2953 2631 3062 2686 nisi
3105 2631 3264 2687 illum
3293 2631 3480 2686 videre
3521 2646 3806 2686 meruero.

2209 2723 2366 2778 Tunc
2389 2740 2537 2778 unus
2565 2739 2630 2777 ex
2652 2721 2920 2778 fratribus
2938 2722 3124 2794 ipsum
3145 2720 3303 2776 duxit
3319 2721 3390 2775 ad
3413 2719 3682 2775 abbatem
3711 2722 3811 2774 Ar-

2209 2812 2448 2880 senium,
2482 2813 2815 2885 pulsatoque
2858 2812 3004 2866 ostio
3041 2811 3272 2877 cellulae,
3305 2809 3617 2864 introduxit
3651 2826 3804 2864 eum.

2208 2903 2422 2958 Deinde
2450 2901 2712 2973 suscepti,
2733 2907 2790 2956 et
2817 2901 3071 2956 oratione
3090 2900 3251 2964 facta,
3260 2899 3655 2954 consederunt.
3664 2899 3806 2954 Cum

2209 2998 2400 3048 autem
2423 2991 2624 3046 beatus
2651 2996 2867 3046 taceret
2894 2990 3185 3055 Arsenius,
3204 2989 3318 3056 ille,
3334 2989 3427 3060 qui
3443 2987 3684 3044 fratrem
3703 2987 3804 3042 ad-

2208 3081 2464 3148 duxerat,
2486 3081 2564 3136 ait
2597 3103 2609 3138 :
2644 3081 2759 3152 Ego
2805 3079 3050 3134 discedo.
3079 3078 3189 3134 Sed
3218 3083 3274 3133 et
3303 3077 3350 3133 is
3373 3077 3468 3150 qui
3493 3094 3561 3132 ex
3585 3093 3795 3148 magno

522 3173 622 3222 aut
649 3166 836 3222 aufert
852 3167 1000 3239 quod
1025 3172 1187 3222 tuum
1200 3172 1302 3234 est,
1326 3173 1424 3223 aut
1445 3168 1660 3240 aliquid
1681 3169 1794 3224 tale
1811 3169 1962 3234 facit,
1979 3170 2122 3225 nihil
2141 3166 2184 3190 υ
2207 3171 2490 3226 desiderio
2517 3175 2768 3236 venerat,
2799 3169 2992 3224 videns
3021 3168 3155 3240 quia
3182 3167 3323 3222 nihil
3353 3167 3404 3222 ei
3427 3167 3650 3222 locutus
3675 3166 3807 3221 fuis-

520 3255 724 3312 horum
754 3255 926 3311 facias
950 3256 1138 3312 alicui.
1171 3256 1286 3321 Qui
1311 3261 1503 3312 autem
1533 3257 1639 3312 hoc
1666 3257 1896 3314 verbum
1928 3264 2118 3314 custo-

519 3345 641 3400 dire
664 3349 868 3416 potest,
895 3345 1104 3400 sufficit
1123 3345 1174 3400 ei
1203 3345 1277 3400 ad
1307 3347 1570 3400 salutem.

589 3432 644 3488 3.
680 3433 839 3490 Unus
869 3451 941 3488 ex
972 3433 1180 3490 sanctis
1209 3434 1472 3490 Patribus
1507 3435 1701 3490 videns
1739 3436 1914 3492 alium
1942 3437 2117 3508 negli-

515 3523 1370 3595 gentem,ﬂevitamare,dicens:
1396 3524 1492 3578 Vae
1510 3524 1810 3596 mihi,quia
1829 3527 2109 3598 quomodo

514 3611 686 3666 hodie
715 3611 824 3667 iste
854 3616 1065 3684 peccat,
1107 3612 1187 3667 sic
1215 3617 1274 3668 et
1309 3629 1412 3692 ego
1441 3613 1706 3669 crastino.
1737 3615 1806 3668 Et
1827 3635 1833 3639 ·
1852 3615 2119 3670 monebat

519 3699 859 3773 discipulum
887 3701 1282 3769 suum,dicens
1308 3721 1320 3756 :
1348 3702 1614 3767 Quamvis
1642 3703 1844 3775 aliquis
1869 3705 2118 3776 graviter

515 3796 790 3862 praesente
816 3796 874 3846 te
902 3790 1229 3863 peccaverit,
1262 3808 1334 3846 ne
1353 3792 1690 3848 condemnes
1719 3809 1879 3862 eum;
1914 3794 2011 3848 sed
2037 3794 2117 3850 sic

515 3879 666 3951 apud
693 3885 751 3934 te
779 3879 872 3946 sit,
904 3886 1178 3952 tanquam
1205 3886 1270 3936 tu
1319 3881 1446 3952 plus
1474 3898 1540 3938 eo
1590 3899 1804 3954 pecces,
1859 3883 2116 3954 quamvis

513 3969 610 4026 ille
639 3971 922 4026 saecularis
949 3971 1042 4038 sit,
1070 3972 1180 4028 nisi
1220 3971 1364 4028 forte
1399 3973 1582 4028 Deum
1615 3973 2110 4045 blasphemaverit,

513 4059 664 4130 quod
683 4064 771 4114 est
797 4060 1210 4115 haereticorum.

581 4149 636 4202 4.
669 4148 911 4213 Quidam
933 4149 1160 4205 nomine
1178 4149 1515 4206 Timotheus
1541 4151 1900 4220 anachoreta,
1933 4153 2114 4224 negli-

2203 3268 2292 3316 set
2318 3260 2490 3316 abbas
2517 3259 2806 3325 Arsenius,
2840 3275 2954 3330 prae
2981 3256 3315 3313 verecundia
3342 3257 3546 3311 tacitus
3575 3256 3799 3321 sedens,

2201 3350 2342 3406 dixit
2373 3367 2384 3404 :
2413 3352 2482 3406 Et
2509 3366 2612 3420 ego
2644 3365 2866 3420 quoque
2887 3354 3096 3414 tecum,
3129 3346 3320 3413 frater,
3351 3345 3701 3401 abscedo.Ac
3719 3346 3797 3400 sic

2198 3445 2440 3511 uterque
2461 3439 2856 3494 discesserunt.
2885 3435 3212 3492 Postulabat
3231 3440 3420 3492 autem
3436 3440 3503 3490 ut
3518 3435 3697 3490 etiam
3727 3435 3798 3490 ad

2198 3529 2458 3585 abbatem
2489 3527 2846 3601 Moysen,qui
2869 3544 2936 3582 ex
2955 3525 3268 3582 latronibus
3281 3541 3578 3580 conversus
3587 3525 3795 3590 fuerat,

2197 3615 2584 3670 deduceretur.
2614 3615 2664 3668 Α
2690 3629 2801 3685 quo
2831 3611 3576 3684 susceptus,factachar1tate
3603 3610 3800 3665 dimis-

2196 3721 2292 3760 sus
2324 3711 2407 3759 est
2417 3747 2430 3760 .
2448 3705 2646 3758 Frater
2663 3709 2853 3758 autem
2869 3701 2965 3773 qui
2975 3702 3046 3756 ad
3059 3706 3326 3772 utrosque
3339 3700 3522 3772 ipsum
3535 3698 3796 3768 duxerat,

2197 3794 2339 3848 dixit
2369 3793 2452 3848 illi
2481 3810 2494 3846 :
2541 3793 2680 3847 Ecce
2731 3797 2998 3863 utrosque
3029 3807 3168 3862 quos
3208 3788 3531 3862 postulabas
3559 3788 3754 3844 vidisti
3779 3807 3793 3842 :

2199 3883 2324 3955 quis
2349 3883 2452 3937 tibi
2479 3882 2606 3954 plus
2635 3898 2702 3935 ex
2725 3880 2998 3936 ambobus
3019 3879 3245 3952 placet?
3273 3881 3350 3934 At
3377 3878 3472 3934 ille
3491 3877 3574 3932 ait
3607 3894 3622 3932 :
3656 3877 3796 3933 Mihi

2197 3973 2414 4028 interea
2443 3971 2535 4027 hic
2563 3971 2764 4027 melior
2790 3971 3028 4037 videtur,
3045 3969 3141 4041 qui
3165 3986 3267 4024 nos
3290 3973 3558 4038 utrosque
3573 3971 3632 4022 et
3650 3966 3795 4022 bene

2197 4062 2460 4134 suscepit,
2509 4067 2568 4116 et
2602 4061 2745 4116 bene
2799 4059 2971 4132 pavit.
3022 4060 3144 4124 Quo
3182 4073 3439 4112 sermone
3479 4062 3791 4129 comperto,

2197 4169 2343 4208 unus
2364 4169 2432 4206 ex
2460 4150 2722 4206 Patribus
2751 4150 2823 4205 ad
2851 4149 3155 4204 Dominum
3183 4147 3382 4212 oravit,
3413 4145 3606 4200 dicens
3635 4166 3650 4202 :
3677 4146 3795 4200 Do-

382 5306 391 5311 ’
490 5310 685 5367 dicens
709 5323 722 5358 ε
748 5309 896 5376 Quid
925 5319 1012 5365 est
1031 5309 1170 5364 ﬁdes
1190 5307 1220 5363 ?
1247 5309 1352 5366 Cui
1379 5325 1550 5364 senex
1583 5323 1594 5358 :
1627 5311 1694 5365 In
1733 5309 2006 5366 charitate
2036 5317 2094 5368 et

507 4241 735 4306 gentem
758 4237 1060 4308 quemdam
1082 4238 1315 4294 fratrem
1339 4240 1597 4306 audiens,
1620 4239 1995 4311 interroganti
2022 4241 2117 4296 ab-
2198 4241 2368 4305 mine,
2401 4241 2548 4296 hanc
2561 4240 2701 4295 mihi
2727 4256 2846 4294 rem
2870 4255 3066 4311 precor
3081 4236 3330 4302 ostende,
3352 4236 3485 4306 quia
3501 4250 3651 4290 unus
3665 4251 3796 4306 pro-

507 4325 625 4381 bati
656 4325 791 4398 quid
821 4327 908 4382 illi
945 4326 1107 4382 fratri
1131 4327 1358 4395 faceret,
1387 4328 1545 4382 dedit
1568 4328 1861 4384 consilium
1892 4336 1956 4385 ut
1985 4347 2114 4386 eum
2195 4337 2322 4403 pter
2341 4347 2549 4385 nomen
2575 4336 2739 4385 tuum
2766 4345 2960 4384 omnes
2989 4326 3243 4386 homines
3259 4325 3443 4380 videre
3471 4330 3574 4379 aut
3590 4325 3792 4396 appel-

507 4415 812 4487 expelleret
840 4418 1022 4486 (Rulli,
1048 4421 1087 4472 ι.
1121 4431 1181 4482 11,
1218 4434 1276 4472 η.
1305 4417 1448 4482 140).
1471 4417 1611 4472 Cum
1645 4435 1782 4489 ergo
1801 4419 1896 4474 ille
1926 4421 2114 4492 expul-
2196 4421 2314 4475 lare
2335 4419 2560 4490 refugit,
2579 4419 2724 4473 alter
2736 4415 3141 4472 veroomnibus
3164 4420 3394 4488 prOpter
3407 4429 3612 4469 nomen
3624 4418 3794 4468 tuum

503 4519 604 4560 sus
632 4509 797 4572 esset,
827 4505 1064 4560 tentatio
1090 4505 1240 4560 venit
1262 4523 1433 4578 super
1467 4507 1849 4562 Timotheum.
1877 4509 1946 4563 Et
1975 4526 2104 4564 cum
2123 4500 2502 4565 Dcommunis
2530 4513 2634 4564 est.
2651 4509 2720 4563 Et
2747 4524 2890 4574 ecce,
2923 4506 2982 4561 in
3012 4504 3216 4561 exstasi
3239 4505 3362 4559 duae
3389 4503 3472 4558 illi
3496 4518 3666 4558 naves
3687 4518 3794 4574 per

502 4595 833 4666 imploraret
878 4595 939 4650 in
969 4600 1270 4668 conspectu
1311 4595 1433 4664 Dei,
1481 4601 1541 4651 et
1569 4596 1816 4652 diceret:
1851 4597 2100 4666 Peccavi,
2188 4599 2422 4654 ﬂuvium
2450 4603 2688 4653 ostensae
2712 4603 2888 4652 sunt:
2922 4601 2980 4650 et
3005 4595 3065 4650 in
3094 4610 3211 4650 una
3239 4593 3466 4665 quidem
3493 4591 3634 4646 vidit
3662 4592 3791 4664 Spi-

499 4683 768 4740 miserere
798 4683 938 4753 mei;
964 4685 1122 4740 venit
1149 4685 1221 4739 ad
1251 4701 1378 4739 eum
1410 4702 1531 4752 vox,
1547 4685 2098 4756 dicenszTimothee,
2185 4689 2358 4744 ritum
2389 4694 2646 4744 sanctum
2676 4703 2805 4742 cum
2833 4684 3055 4740 silentio
3073 4689 3132 4739 et
3154 4682 3368 4754 requie.
3397 4697 3510 4736 una
3527 4697 3658 4736 cum
3687 4679 3796 4735 ab-

498 4771 626 4827 ideo
654 4771 760 4827 tibi
792 4773 900 4828 hoc
919 4773 1125 4837 evenit,
1158 4773 1290 4846 quia
1315 4773 1548 4830 fratrem
1570 4780 1732 4831 tuum
1760 4775 1821 4832 in
1849 4783 2103 4852 tempore
2184 4776 2318 4832 bate
2345 4777 2582 4832 Arsenio
2609 4777 3002 4846 navigantem;
3035 4774 3096 4828 in
3123 4773 3304 4828 altera
3324 4787 3453 4826 vero
3481 4769 3610 4825 navi
3639 4769 3793 4825 vidit

496 4861 826 4918 tentationis
853 4879 968 4919 sua:
993 4862 1332 4936 despexisti,
2184 4866 2448 4922 abbatem
2491 4867 2723 4938 Moysen
2757 4869 2815 4920 et
2841 4863 3068 4936 angelos
3117 4862 3238 4929 Dei,
3276 4862 3387 4917 mel
3415 4865 3471 4916 et
3499 4859 3694 4915 favum
3725 4859 3788 4914 in

1069 4987 1304 5044 CAPUT
1320 4987 1498 5046 XVII.
1943 5017 1946 5022 _
2183 4973 2246 5012 os
2274 4961 2333 5012 et
2359 4956 2417 5011 in
2446 4955 2644 5012 dentes
2668 4957 2792 5027 ejus
2811 4953 3143 5010 inserentes.

823 5113 896 5168 De
914 5114 1197 5168 voluntate
1222 5115 1477 5182 proximi
1494 5114 1773 5183 facienda.
2776 5077 3010 5134 CAPUT
3036 5076 3182 5134 ΧῙΧ·

566 5219 622 5280 1.
651 5219 851 5277 Frater
879 5218 1114 5291 quidam
1137 5218 1428 5291 requisivit
1471 5219 1731 5276 abbatem
1776 5220 2092 5290 Pimenion,

2251 5206 2325 5260 De
2345 5207 2613 5274 obsequiis
2636 5205 3080 5273 inﬁrmantium,
3099 5205 3179 5258 vel
3207 5203 3535 5270 inﬁrmitate
3554 5200 3701 5268 ipsa.

2247 5311 2302 5366 1.
2335 5311 2577 5376 Quidam
2595 5310 2772 5366 frater
2798 5309 3092 5382 requisivit
3118 5323 3299 5375 senes,
3324 5306 3512 5361 dicens
3533 5305 3778 5373 (Pelag.,

489 5399 810 5456 humilitate
835 5415 1062 5472 semper
1084 5399 1271 5454 vivere
1301 5403 1362 5454 et
1387 5398 1570 5455 facere
1593 5398 1805 5454 bonum
1835 5401 2091 5472 proximo
2177 5403 2345 5457 libell.
2369 5414 2510 5466 xvu.
2539 5417 2703 5456 num.
2738 5397 2821 5470 18)
2857 5417 2870 5453 :
2917 5398 2977 5454 Si
3011 5398 3122 5454 duo
3161 5397 3364 5452 fratres
3392 5395 3451 5450 in
3497 5409 3610 5448 una
3635 5401 3782 5449 sunt

487 5505 613 5546 suo.
2173 5491 2334 5558 cella,
2351 5495 2409 5545 et
2431 5488 2526 5545 ille
2538 5489 2765 5561 quidem
2777 5504 2925 5543 unus
2947 5504 3044 5542 sex
3061 5485 3258 5542 diebus
3277 5484 3512 5554 integris
3523 5484 3602 5554 jej
3609 5489 3772 5551 unat,

553 5579 610 5634 2.
631 5578 818 5635 Abbas
845 5577 1172 5635 Theodorus
1199 5591 1330 5632 cum
1355 5575 1426 5632 de
1455 5592 1623 5652 opere
1654 5594 1926 5636 manuum
1955 5579 2082 5636 ani-
2171 5579 2269 5634 ille
2297 5584 2488 5634 autem
2517 5579 2662 5652 alter
2687 5577 3007 5633 inﬁrmitati
3035 5575 3170 5632 facit
3195 5573 3560 5646 obsequium;
3605 5573 3777 5643 cujus

485 5681 702 5740 maeque
739 5668 1082 5740 loqueretur,
1112 5666 1248 5724 dicit
1273 5666 1345 5723 ad
1395 5680 1526 5724 eum
1551 5667 1728 5744 frater
1760 5686 1773 5723 :
1836 5669 2089 5744 Explana
2170 5685 2304 5742 ergo
2333 5685 2473 5743 Opus
2492 5668 2678 5738 majus
2698 5673 2784 5724 est
2812 5667 2964 5740 apud
2990 5667 3174 5724 Deum
3190 5663 3218 5720 ?
3237 5662 3543 5738 Respondit
3560 5677 3734 5720 senex
