3910 6368
108 364 243 424 1011

1408 360 1649 419 VERBA
1686 358 2077 418 SENIORUM.

3241 369 3381 430 1042

106 491 166 549 Si
200 490 294 546 ille
315 488 409 563 qui
423 489 755 561 jejunatsex
778 486 1210 558 dies,pernares
1240 503 1301 541 se
1328 484 1702 557 suspenderit,
1720 480 1938 544 Aciens
1966 486 2155 542 animo
2185 488 2329 560 ejus,
2363 488 2584 548 dicebat
2614 509 2626 547 :
2668 492 2814 560 Noli,
2849 494 2930 561 mi
2965 494 3208 565 domine,
3241 498 3381 555 talia

104 597 218 637 non
245 581 355 636 erit
381 579 581 635 similis
604 578 686 632 illi
717 577 881 632 alteri
911 577 968 631 in
990 581 1289 648 conspectu
1303 577 1445 631 Dei..

172 671 228 727 2.
241 672 486 726 Joannes
496 668 681 722 minor
690 666 981 733 Thebaeus,
1001 666 1307 738 discipulus
1327 665 1544 720 abbatis
1564 666 1700 720 Am-

103 760 309 829 monis,
328 757 624 813 duodecim
653 756 817 811 annis
844 755 950 827 ipsi
971 757 1092 810 seni
1114 755 1421 810 inﬁrmanti
1444 755 1575 809 fecit
1600 753 1701 809 ob-

102 848 362 920 sequium
381 867 393 916 ;
407 862 574 901 senex
587 850 779 900 tamen
792 862 920 899 cum
939 845 1168 899 vidisset
1189 861 1314 898 eum
1331 843 1697 910 laborantem,

101 954 391 1009 nunquam
421 936 503 991 illi
522 938 836 991 sermonem
858 933 1127 988 blandum
1147 938 1247 988 aut
1265 933 1531 1005 placitum
1546 933 1700 987 locu-

102 1033 193 1082 tus
224 1032 312 1082 est
337 1028 520 1095 (Ra/71,
556 1026 651 1080 lib.
686 1039 765 1090 In,
804 1040 859 1078 η.
891 1022 991 1078 155
1022 1042 1034 1089 ;
1067 1025 1457 1091 Pelag.,libell.
1494 1036 1608 1087 XVI,
1644 1039 1700 1076 η.

98 1115 176 1187 4).
202 1117 346 1171 Cum
372 1120 564 1170 autem
596 1114 665 1167 de
694 1114 799 1167 hoc
832 1112 1041 1166 mundo
1062 1112 1347 1178 transiret,
1381 1110 1704 1167 sedentibus

101 1205 226 1259 aliis
254 1204 503 1272 senibus,
534 1202 720 1259 tenuit
747 1218 948 1256 manus
979 1203 1120 1271 ejus,
1151 1206 1207 1255 et
1237 1200 1380 1255 dixit
1409 1200 1459 1254 ei
1490 1201 1658 1256 tertio
1686 1220 1697 1254 :

100 1294 361 1361 Salveris,
394 1292 644 1359 salveris,
688 1292 936 1346 salveris.
972 1291 1041 1344 Et
1069 1290 1303 1344 tradidit
1348 1290 1508 1344 illum
1551 1289 1701 1344 seni-

97 1383 219 1449 bus,
254 1383 444 1438 dicens
477 1401 488 1436 :
518 1383 617 1437 Ille
646 1397 759 1435 non
774 1379 1076 1445 homo,sed
1106 1380 1339 1449 angelus
1368 1384 1470 1446 est,
1495 1379 1591 1450 qui
1618 1384 1705 1433 tot

101 1472 264 1527 annis
309 1472 447 1526 mihi
476 1470 788 1526 inﬁrmanti
813 1469 1078 1535 serviens,
1106 1468 1441 1530 necbonum
1495 1484 1704 1523 sermo-

14 1572 15 1605 i
96 1577 225 1616 nem
259 1560 516 1627 audiens,
550 1559 679 1614 fecit
725 1564 917 1613 tamen
966 1557 1295 1629 obsequium
1325 1574 1452 1612 cum
1492 1574 1699 1628 magna

14 1684 15 1693 η
94 1650 390 1723 patientia.

161 1739 216 1794 3.
243 1740 441 1794 Plures
462 1738 634 1809 igitur
662 1737 896 1792 diversis
925 1736 1245 1791 laborantes
1269 1736 1697 1792 necessitatibus

1783 572 1957 645 loqui,
1990 576 2087 630 sed
2122 577 2210 631 dic
2268 579 2454 650 potius
2510 581 2646 652 quid
2689 587 2745 638 te
2798 585 3264 655 contristaverim,
3323 593 3383 645 et

1783 664 2039 719 emendo.
2072 666 2501 737 Elephantiosus
2521 675 2710 725 autem
2739 688 2869 728 cum
2892 673 3082 731 furore
3099 675 3331 733 dicebat
3362 696 3375 732 :

1784 753 1956 820 Vade,
1983 754 2111 809 nolo
2141 756 2278 812 istas
2307 757 2659 814 adulationes
2674 764 2829 829 tuas;
2848 764 3057 834 projice
3069 781 3158 821 me
3187 765 3248 822 in
3276 783 3380 839 pu-

1784 840 2009 910 blicum,
2032 845 2456 916 refrigeratione
2470 854 2688 904 tuanon
2705 867 2863 921 egeo.
2884 851 3376 925 Eulogiusautem,

1785 934 2026 991 Obsecro
2086 944 2165 1007 te,
2193 939 2397 1011 inquit,
2432 942 2654 1012 placare
2687 961 2698 997 :
2734 950 2835 999 aut
2876 946 3011 1017 quid
3064 951 3140 1013 te,
3173 948 3378 1020 inquit,

1785 1026 2250 1095 contristaverim,
2272 1032 2589 1087 venerande
2617 1049 2805 1101 senex,
2849 1035 3071 1091 edicito.
3102 1037 3382 1109 Elephan-

1784 1114 1961 1169 tiosus
1990 1122 2180 1171 autem
2210 1119 2463 1189 asperior
2508 1120 2566 1175 in
2617 1122 2823 1191 furore,
2857 1124 3079 1180 dicebat
3105 1126 3177 1181 ad
3200 1143 3331 1182 eum
3364 1144 3377 1181 :

1783 1204 1909 1258 Jam
1938 1204 2323 1261 fraudulentas
2344 1208 2633 1264 irrisiones
2652 1216 2781 1267 tuas
2810 1228 2924 1267 non
2943 1213 3080 1280 fero,
3112 1215 3385 1270 adulatio-

1785 1309 1885 1348 nes
1904 1298 1961 1348 et
1984 1293 2450 1351 subsannationes
2463 1303 2589 1353 tuas
2611 1316 2722 1355 non
2750 1301 2949 1357 tolero.
2970 1302 3088 1357 Nec
3102 1304 3239 1358 mihi
3267 1305 3386 1359 hac

1783 1382 1943 1437 arida
1972 1400 2249 1455 parcaque
2270 1386 2384 1441 vita
2397 1388 2650 1457 jucunda
2669 1394 2772 1456 est,
2796 1391 2920 1445 volo
2949 1391 3209 1447 carnibus
3228 1399 3385 1449 satu-

1783 1471 1918 1526 rari.
1951 1473 2205 1545 Cumque
2234 1476 2287 1529 ei
2311 1475 2571 1533 exhibitas
2599 1478 2769 1533 aviro
2786 1480 3196 1549 patientissimo
3225 1482 3389 1537 Eulo-

1780 1561 1873 1631 gio
1903 1579 2101 1618 carnes
2119 1563 2374 1631 fuissent,
2399 1566 2568 1638 ccepit
2607 1565 2814 1623 iterum
2842 1570 3191 1640 proclamare
3222 1589 3234 1625 :
3260 1571 3387 1627 Non

1781 1656 1958 1721 potes,
1988 1652 2191 1723 inquit,
2224 1670 2362 1708 mea;
2390 1655 2710 1711 satisfacere
2738 1657 3037 1725 voluntati,
3068 1676 3252 1731 neque
3296 1664 3384 1715 te-

1780 1756 1907 1794 cum
1931 1741 2216 1797 solitarius
2257 1741 2513 1798 habitare
2540 1746 2814 1816 prsevaleo
2836 1764 2848 1799 :
2873 1748 3145 1819 populum
3175 1748 3383 1815 videre,

14 1840 15 1873 ξ
94 1799 702 1884 οοηνθηενυηιυίωινθε
722 1827 793 1880 ad
825 1830 1079 1881 sanctum
1103 1826 1408 1880 Antonium
1434 1828 1692 1894 (Pallad.,
1711 1799 1758 1860 Β
1780 1829 1850 1883 ad
1877 1829 2161 1900 publicum
2184 1832 2266 1886 ire
2284 1799 2559 1888 desidero:
2577 1799 2727 1890 Dicit
2747 1799 3384 1908 eiEdlogius

14 1932 17 1963 ῑ
94 1935 138 1974 c.
161 1917 274 1987 26),
310 1918 461 1972 inter
489 1934 630 1989 quos
658 1921 717 1970 et
746 1915 1011 1985 Eulogius
1034 1914 1101 1983 (‘2)
1127 1915 1354 1986 quidam
1388 1915 1696 1971 monachus

14 2382 18 2413 I

14 2470 19 2505 [

14 2560 19 2595 Ι

14 2650 21 2688 Ι

90 2007 522 2073 Alexandrinus,
555 2023 679 2061 cum
711 2005 921 2076 alioqui
952 2004 1336 2076 elephantiaco
1358 2003 1551 2059 morbo
1572 2022 1696 2059 cru-

92 2096 364 2163 ciabatur,
399 2113 537 2168 quos
552 2096 682 2151 illuc
708 2100 937 2166 propter
956 2094 1341 2164 hujuscemodi
1355 2110 1582 2148 causam
1607 2112 1696 2149 ve-

90 2186 238 2239 nisse
291 2183 704 2239 memorabant.
747 2185 851 2238 Hic
896 2182 1162 2253 Eulogius
1219 2183 1580 2237 scholasticus
1622 2183 1692 2251 (3)

90 2279 226 2339 erat,
250 2273 613 2329 saecularibus
636 2273 837 2327 litteris
852 2272 1237 2336 eruditus.Qui
1252 2272 1691 2328 immortalitatis

88 2364 366 2418 desiderio
404 2367 618 2435 captus,
654 2363 781 2417 huic
810 2362 1020 2416 mundo
1059 2361 1479 2415 renuntiaverat
1512 2382 1523 2425 ;
1558 2362 1692 2417 divi-

87 2453 271 2524 sisque
301 2451 471 2507 rebus
499 2452 616 2506 suis
644 2450 901 2506 omnibus
938 2457 1106 2522 atque
1136 2450 1425 2520 dispersis,
1483 2467 1686 2521 parum

85 2542 295 2613 aliquid
309 2541 675 2613 pecuniarum
693 2541 1003 2611 reliquerat
1016 2538 1218 2610 sibi;qu
1228 2539 1351 2593 ibus
1371 2539 1502 2611 quia
1512 2556 1613 2610 per
1626 2556 1686 2595 se

85 2631 303 2703 operari
328 2647 438 2685 non
462 2634 699 2702 poterat,
718 2634 993 2684 uteretur.
1023 2630 1164 2683 Cum
1184 2628 1358 2698 igitur
1386 2645 1516 2683 eum
1536 2645 1685 2700 quae-

14 2774 15 2777 η
82 2720 207 2775 dam
238 2719 421 2775 animi
468 2719 702 2774 defectio
724 2718 1004 2789 fatigaret,
1040 2724 1097 2773 et
1121 2735 1302 2789 neque
1331 2734 1459 2772 cum
1489 2717 1682 2772 multis

14 2832 21 2866 ε
81 2809 136 2864 in
154 2809 501 2872 monasterio
522 2809 745 2880 degere,
763 2825 943 2879 neque
958 2807 1266 2862 solitariam
1291 2806 1461 2861 vitam
1493 2813 1683 2878 posset

14 2920 21 2957 :
80 2899 219 2954 ferre
269 2899 571 2971 patienter,
596 2899 805 2970 reperit
833 2897 1134 2969 quemdam
1156 2896 1373 2968 publice
1412 2897 1472 2950 in
1493 2897 1681 2968 platea

14 3014 19 3047 ι
74 2990 375 3061 jacentem,
401 2988 483 3042 ita
510 2988 878 3043 invalitudine
904 2988 1017 3053 illa,
1061 3003 1230 3058 quam
1256 2986 1512 3057 superius
1542 2986 1676 3053 dixi,

13 3102 21 3139 ι
79 3078 394 3150 impletum,
427 3082 490 3131 ut
507 3077 627 3132 sine
644 3076 879 3148 pedibus
900 3081 957 3130 et
972 3075 1232 3130 manibus
1249 3075 1534 3128 videretur
1557 3092 1568 3127 :
1588 3075 1678 3129 cui
1709 3153 1725 3156 4
1759 3097 1985 3135 causam
2016 3080 2044 3135 ?
2072 3082 2380 3153 Respondit
2408 3082 2489 3137 eis
2517 3101 2530 3137 :
2564 3082 2709 3148 Quia
2736 3084 2881 3138 dura
2911 3088 3045 3139 sunt
3072 3101 3195 3156 quae
3222 3084 3362 3139 mihi

14 3190 19 3225 :
78 3167 672 3239 linguatantummodo
687 3166 959 3220 immunis
972 3184 1003 3220 a
1016 3166 1189 3219 tantis
1200 3164 1543 3220 cruciatibus
1554 3170 1677 3220 erat
1694 3153 1738 3215 C
1760 3176 1995 3224 conatur
2018 3170 2325 3242 imponere,
2349 3176 2408 3226 et
2436 3171 2571 3243 quid
2592 3187 2756 3241 agam
2770 3172 2972 3242 ignoro
2995 3191 3010 3229 :
3034 3153 3360 3243 projiciam-

14 3284 19 3317 ι
76 3273 182 3328 qua
209 3256 397 3328 magis
436 3262 626 3328 posset
651 3256 722 3310 ab
750 3255 1101 3310 intuentibus
1131 3255 1408 3309 malorum
1439 3271 1672 3309 suorum
1756 3275 1827 3313 ne
1857 3276 1987 3314 eum
2017 3260 2171 3314 ?Sed
2193 3260 2357 3315 aliter
2385 3261 2500 3315 Deo
2529 3261 2787 3315 dexteras
2805 3261 2955 3330 dedi,
2984 3262 3054 3316 de
3090 3262 3197 3317 hoc
3219 3262 3357 3318 satis

14 3375 18 3407 ξ
74 3347 388 3401 remedium
404 3345 731 3417 promereri.
758 3346 1010 3416 Cumque
1022 3362 1150 3398 eum
1164 3343 1431 3398 assistens
1444 3344 1672 3399 vidisset

14 3466 17 3499 ἱ

14 3554 19 3587 Ξ

73 3435 358 3506 Eulogius,
392 3434 643 3489 oratione
666 3435 813 3488 facta
840 3435 908 3488 ad
930 3435 1128 3497 Deum,
1163 3438 1221 3487 et
1245 3433 1393 3487 facta
1424 3434 1667 3504 quadam

71 3539 193 3578 cum
219 3524 463 3578 Domino
481 3524 755 3595 pactione,
781 3523 867 3577 his
892 3524 1168 3578 allocutus
1198 3529 1284 3577 est
1310 3522 1492 3577 verbis
1520 3542 1531 3576 :
1555 3524 1667 3578 Do-

69 3613 233 3680 mine,
266 3613 476 3685 inquit,
508 3614 678 3678 Deus,
709 3613 768 3666 in
798 3618 896 3667 tuo
938 3612 1165 3666 nomine
1201 3612 1445 3683 suscipio
1494 3612 1663 3667 istum

14 3726 21 3765 ;
68 3706 181 3757 tam
195 3702 435 3757 immani
451 3702 764 3756 valetudine
775 3701 1165 3773 przepeditum,
1180 3705 1241 3755 ut
1256 3702 1665 3772 propteristum

14 3818 20 3855 ι
69 3792 271 3863 possim
289 3798 349 3846 et
369 3793 489 3863 ipse
505 3791 727 3845 salvari.
761 3791 926 3849 Adsis
939 3808 1071 3861 ergo
1094 3791 1249 3855 mihi,
1272 3792 1301 3845 J
1306 3808 1404 3845 esu
1421 3792 1660 3858 Christe,

14 3891 20 3945 ε
69 3887 232 3953 atque
262 3881 598 3954 patientiam
619 3881 679 3934 in
699 3880 800 3935 tali
829 3880 1141 3934 ministerio
1191 3880 1470 3951 largiaris.
1517 3882 1667 3936 Mox-

14 4086 19 4125 Ξ

14 4358 17 4393 Έ

68 3987 170 4042 que
191 3972 264 4026 ad
291 3972 577 4042 jacentem
597 3970 758 4024 illum
783 3970 863 4024 ait
888 3988 898 4023 :
920 3970 1017 4024 Vis
1039 3969 1230 4036 frater,
1255 3970 1498 4040 suscipio
1526 3976 1583 4024 te
1605 3970 1663 4026 in

68 4059 228 4114 domo
267 4076 416 4124 mea,
442 4065 497 4113 et
518 4076 849 4131 quacunque
876 4064 1071 4130 potero
1104 4060 1610 4125 ratione,sustento
1639 4060 1663 4114 ?

70 4148 320 4221 Cumque
349 4149 467 4203 haec
479 4148 573 4202 ille
594 4148 1126 4220 libenteramplecti,
1150 4149 1197 4203 si
1227 4148 1575 4219 dignaretur,
1600 4167 1661 4205 se

68 4237 272 4294 diceret
297 4238 545 4293 :Vadam
560 4254 712 4308 ergo,
734 4237 939 4309 inquit,
971 4238 1259 4292 etasinum
1304 4255 1414 4309 quo
1442 4240 1661 4294 veharis

68 4327 357 4382 adducam.
378 4327 483 4382 Cui
502 4326 862 4381 vehementer
879 4327 1163 4381 exsultans
1174 4328 1460 4382 consensit
1483 4345 1662 4399 aegro-

65 4419 170 4471 tus.
192 4417 372 4489 quue
393 4432 521 4470 mox
548 4415 678 4470 fecit
694 4415 981 4486 Eulogius,
1005 4421 1449 4471 etmemoratum
1471 4418 1542 4472 ad
1567 4418 1663 4473 ho-

1778 1919 1921 1972 duco
1951 1918 2053 1973 tibi
2079 1920 2497 1976 multitudinem
2526 1923 2784 1978 fratrum.
2810 1924 3028 1980 Rursus
3053 1925 3293 1981 ferocior
3316 1942 3383 1983 ac

1777 2024 1919 2078 pene
1935 2007 2296 2080 blasphemus
2311 2016 2555 2081 aegrotus
2582 2031 2595 2066 :
2621 2013 2754 2078 Nec,
2782 2012 2987 2085 inquit,
3003 2013 3200 2071 faciem
3218 2020 3379 2071 tuam

1776 2097 1963 2151 videre
1990 2098 2133 2164 volo,
2156 2104 2214 2153 et
2240 2099 2470 2154 adducis
2498 2101 2637 2155 mihi
2666 2100 2876 2156 similes
2899 2108 3045 2170 tuos,
3076 2103 3250 2160 solius
3278 2121 3380 2176 pa-

1774 2186 1862 2241 nis
1875 2186 2231 2242 devoratores
2247 2211 2259 2251 ς
2274 2190 2710 2262 concutiensque
2722 2192 3107 2263 semetipsum,
3124 2193 3380 2264 inquieta

1772 2293 1903 2330 voce
1937 2277 2160 2345 clamat,
2184 2278 2375 2333 dicens
2409 2299 2421 2332 :
2454 2279 2558 2334 Hic
2579 2296 2701 2335 esse
2725 2282 2874 2348 nolo,
2898 2282 2970 2336 ad
2988 2281 3275 2353 publicum
3294 2283 3377 2338 ire

1771 2365 2047 2422 desidero.
2063 2366 2109 2421 Ο
2124 2366 2390 2422 violentia
2408 2367 2420 2421 !
2436 2368 2501 2423 In
2522 2385 2651 2423 eum
2680 2369 2865 2425 locum
2893 2387 2983 2425 me
2993 2371 3203 2443 projice
3223 2371 3375 2427 unde

1768 2471 1859 2509 me
1877 2455 2172 2510 sustulisti.
2202 2457 2383 2512 Tanta
2405 2474 2538 2528 ergo
2566 2463 2688 2513 erat
2719 2460 2842 2529 ejus
2870 2459 3371 2533 insania,adeoque

1768 2559 1965 2598 sensus
2006 2546 2128 2615 ejus
2156 2544 2386 2612 inﬁrmi,
2422 2546 2836 2617 quodammodo
2865 2553 2924 2604 et
2945 2564 3130 2604 mores
3178 2549 3360 2620 [ἴοι-ιε,

1767 2633 2053 2705 humores]
2109 2640 2426 2706 perveterat
2454 2636 2693 2705 daemon,
2725 2643 2792 2693 ut
2819 2644 2878 2693 et
2904 2638 3106 2710 laqueo
3135 2655 3196 2694 se
3222 2639 3369 2696 forte

1766 2724 2168 2794 suspendisset,
2200 2724 2248 2779 si
2267 2741 2486 2792 manus,
2517 2742 2619 2797 per
2637 2743 2777 2798 quas
2804 2727 2911 2782 hoc
2930 2728 3114 2783 facere
3154 2734 3364 2800 posset,

1763 2811 2069 2868 habuisset.
2095 2814 2181 2868 Ad
2201 2815 2504 2869 monachos
2532 2815 2724 2887 itaque
2747 2815 2957 2871 vicinos
2986 2816 3173 2889 pergit
3203 2818 3369 2874 Eulo-

1759 2900 1905 2971 gius,
1938 2902 2020 2957 ita
2035 2902 2224 2958 dicens
2251 2903 2332 2958 eis
2364 2922 2375 2957 :
2398 2904 2773 2971 Quidfaciam,
2790 2906 2925 2976 quia
2944 2905 3365 2978 elephantiosus

1762 2990 1866 3045 iste
1895 2992 2116 3062 penitus
2138 2992 2437 3065 desperare
2458 3010 2548 3048 me
2563 2993 2727 3049 fecit?
2750 2995 2958 3050 Dicunt
2983 2995 3036 3050 ei
3064 3014 3076 3050 :
3100 2995 3281 3060 Quam
3293 2996 3365 3050 ob

1751 3365 1964 3403 vereor.
1998 3350 2124 3403 Non
2151 3349 2441 3420 projiciam
2473 3366 2600 3404 eum
2628 3368 2642 3417 ;
2664 3350 2761 3404 sed
2782 3355 2865 3405 tot
2880 3366 2946 3405 ac
2971 3355 3132 3406 tanta
3146 3350 3354 3406 iterum

1750 3437 1968 3493 dierum
1992 3455 2057 3493 ac
2078 3439 2328 3493 noctium
2348 3439 2498 3493 mala
2518 3439 2665 3495 ferre
2692 3456 2805 3494 non
2824 3456 3056 3512 possum
3088 3459 3102 3509 ;
3126 3439 3262 3512 quid
3279 3440 3352 3496 de

1749 3527 1869 3598 ipso
1896 3527 2071 3598 igitur
2096 3544 2129 3582 a
2148 3545 2238 3582 me
2266 3529 2384 3594 ﬁat,
2412 3528 2628 3599 ignoro.
2660 3529 2745 3585 Ad
2771 3545 2939 3600 quem
2963 3529 3047 3584 illi
3068 3529 3154 3584 his
3166 3529 3350 3585 verbis

1748 3616 2093 3689 loquuntur:
2115 3618 2261 3693 Dum
2289 3618 2471 3672 adhuc
2494 3617 2628 3672 vivit
2643 3623 2969 3689 etsuperest
2980 3618 3345 3689 Magnusille,

1746 3706 1827 3761 sic
1878 3707 2025 3761 enim
2073 3706 2391 3773 vocabatur,
2450 3706 2744 3773 Antonius,
2792 3707 3032 3762 ascende
3076 3707 3147 3762 ad
3193 3723 3345 3775 eum,

1747 3813 2071 3867 aegrumque
2090 3796 2217 3851 navi
2238 3796 2648 3868 impositum,in
2678 3797 3214 3868 monasteriumejus
3243 3796 3344 3851 de-

1746 3885 1846 3952 fer,
1875 3890 2200 3957 exspectans
2228 3884 2305 3939 ibi
2334 3885 2511 3940 donec
2538 3885 2860 3956 speluncam
2891 3902 3055 3940 suam
3084 3902 3342 3957 egressus

1746 3975 2022 4029 adveniat.
2048 3974 2226 4038 Quem
2254 3991 2380 4029 cum
2411 3975 2632 4042 videris,
2660 3976 2865 4029 referes
2891 3975 3002 4030 ista
3037 3991 3160 4046 quae
3188 3980 3344 4047 pate-

1744 4064 1842 4131 ris,
1866 4071 2035 4135 atque
2063 4064 2133 4118 ab
2162 4080 2228 4119 eo
2259 4063 2552 4119 consilium
2567 4063 2877 4136 postulabis
2901 4082 2914 4130 ;
2948 4063 3217 4136 quidquid
3236 4062 3340 4119 tibi

1743 4171 1912 4225 super
1939 4154 2044 4209 hoc
2079 4153 2298 4220 dixerit,
2326 4152 2515 4221 facies,
2551 4158 2608 4208 et
2647 4154 2770 4224 ejus
2820 4153 3225 4209 monitionibus
3253 4170 3342 4208 ac-

1745 4243 2015 4313 quiesces,
2036 4243 2217 4297 sciens
2240 4260 2276 4297 a
2304 4242 2420 4297 Deo
2444 4242 2632 4314 juberi
2656 4242 2758 4296 tibi
2776 4243 2925 4315 quod
2954 4243 3048 4298 ille
3069 4258 3341 4314 praecepe-

1744 4332 1837 4387 rit.
1867 4334 1994 4387 Mox
2021 4333 2196 4403 igitur
2211 4332 2562 4387 sermonibus
2592 4332 2834 4389 fratrum
2862 4331 3101 4387 libenter
3122 4332 3340 4387 instru-

1744 4426 1886 4487 ctus,
1900 4421 2282 4493 supradictum
2304 4438 2514 4491 aegrum
2528 4420 2746 4475 blandis
2772 4420 3030 4492 precibus
3040 4437 3332 4492 superans,

64 4506 291 4576 spitium
303 4522 470 4560 suum
493 4504 614 4560 sine
633 4505 901 4559 dilatione
937 4505 1260 4560 transvexit.
1294 4507 1401 4560 Per
1431 4507 1659 4577 quinde-
1677 4509 1971 4571 Dlittorali
1986 4510 2532 4581 naviculaeimposuit
2545 4528 2557 4576 ;
2571 4510 2908 4580 sustulitque
2920 4509 2989 4563 de
3000 4509 3223 4563 civitate
3238 4525 3340 4580 per

13 4632 17 4661 τ
63 4594 169 4650 cim
196 4594 692 4667 igiturannosjugi
710 4595 997 4650 curatione
1019 4600 1077 4649 et
1091 4595 1359 4667 perpetua
1386 4595 1435 4649 ei
1451 4595 1655 4650 sollici-

63 4684 253 4739 tudine
273 4683 580 4740 serviebat:
599 4701 701 4755 per
728 4700 896 4755 quem
917 4700 1080 4738 omne
1103 4689 1327 4755 tempus
1356 4690 1412 4738 et
1431 4685 1543 4751 ille,
1568 4685 1657 4740 cui

14 4822 15 4839 η
62 4776 280 4829 tantum
306 4772 667 4828 deferebatur
701 4772 1050 4844 obsequium,
1082 4790 1209 4827 cum
1241 4774 1553 4844 gratiarum
1570 4791 1658 4829 ac-

64 4862 214 4917 tione
242 4868 449 4918 cuncta
475 4861 770 4929 tolerabat,
790 4868 847 4916 et
867 4862 1083 4933 Eulogii
1112 4863 1370 4918 manibus
1400 4869 1457 4917 et
1486 4865 1659 4918 medi-

64 4953 353 5017 camentis,
376 4952 623 5023 cibisque
653 4951 953 5018 etbalneis,
985 4953 1534 5025 proutcnmpetebat
1564 4971 1658 5007 va-

63 5040 318 5109 letudini,
361 5041 682 5096 curabatur.
707 5042 842 5095 Post
866 5040 1183 5112 quindecim
1212 5060 1342 5096 vero
1381 5059 1557 5098 annos
1578 5043 1660 5098 in-

64 5135 267 5190 stinctu
293 5134 582 5201 daemonis,
616 5133 971 5206 supradictus
1002 5140 1244 5206 aegrotus
1260 5135 1556 5191 immemor
1575 5142 1663 5192 tot

64 5221 315 5278 laborum
349 5223 568 5293 Eulogii
591 5228 992 5295 tantorumque
1019 5224 1370 5289 meritorum,
1404 5226 1572 5296 coepit
1591 5226 1660 5281 ab

66 5327 126 5367 eo
154 5313 294 5367 velle
341 5311 646 5379 discedere,
682 5312 986 5383 multisque
1013 5313 1235 5383 injuriis
1265 5318 1433 5384 atque
1464 5331 1663 5386 Oppre-

64 5398 192 5455 briis
231 5402 525 5472 increpare
555 5418 705 5469 eum,
738 5401 929 5455 dicens
962 5420 975 5455 :
1008 5402 1261 5472 Fugitive
1296 5401 1385 5474 (’1),
1418 5404 1512 5475 qui
1532 5423 1662 5476 pro-

66 5489 238 5559 priam
253 5491 490 5545 domum
500 5490 1133 5562 devorasti,furatusque
1146 5508 1204 5545 es
1219 5492 1459 5547 alienam
1473 5499 1597 5560 61
1603 5500 1663 5560 4

65 5578 457 5645 substantiam,
474 5579 532 5633 in
554 5596 644 5633 me
665 5580 1013 5634 occasionem
1032 5580 1229 5653 salutis
1254 5586 1366 5635 tute
1393 5583 1667 5653 reperisse

70 5671 123 5724 te
146 5668 330 5725 credis
351 5668 376 5723 Ἰ
397 5668 665 5740 Eulogius
693 5672 885 5725 autem
914 5668 1151 5740 rogabat
1178 5686 1328 5738 eum,
1360 5675 1417 5727 et
1445 5672 1669 5728 satisfa-

1738 4605 1981 4667 noctem,
2003 4605 2060 4653 et
2077 4600 2146 4653 ad
2168 4599 2569 4670 discipulorum
2588 4598 2769 4653 sancti
2785 4598 3016 4653 Antonii
3044 4597 3338 4653 habitacu-

1738 4690 1858 4743 lum
1884 4688 2059 4743 duxit.
2093 4688 2298 4743 Evenit
2322 4693 2514 4743 autem
2543 4693 2608 4742 ut
2634 4686 2743 4741 alio
2773 4686 2862 4741 die
2891 4685 3222 4759 vespertinis
3240 4687 3339 4741 hoc

1739 4778 1817 4833 ris
1834 4776 2223 4850 superveniret
2237 4777 2369 4831 illuc
2379 4776 2576 4831 beatus
2590 4776 2887 4842 Antonius,
2910 4775 3190 4831 referente
3199 4775 3338 4832 mihi

1740 4866 1944 4923 Cronio
1970 4866 2118 4938 quod
2140 4866 2435 4937 chlamyde
2464 4882 2529 4920 ex
2550 4864 2785 4937 pellibus
2809 4865 2958 4921 facta
2978 4865 3210 4921 indutus
3242 4865 3339 4921 ad-

1738 4956 1974 5013 venerit.
1999 4955 2229 5011 Solebat
2248 4960 2438 5009 autem
2457 4954 2687 5010 veniens
2710 4954 2780 5009 ad
2807 4954 3211 5011 monasterium
3230 4954 3342 5009 fra-

1740 5052 1892 5101 trum
1928 5062 2124 5100 vocare
2153 5061 2216 5099 ex
2246 5044 2382 5116 ipsis
2409 5044 2734 5110 Macarium,
2758 5060 2999 5115 eumque
3027 5044 3117 5100 his
3157 5043 3343 5099 verbis

1742 5136 2090 5206 interrogare
2120 5150 2133 5189 :
2158 5134 2450 5188 Venerunt
2468 5133 2650 5188 adhuc
2669 5133 2845 5205 aliqui
2875 5133 3078 5188 fratres
3097 5134 3122 5183 ?
3148 5132 3224 5188 Et
3244 5132 3340 5188 ille

1743 5225 1960 5279 venisse
1989 5223 2224 5278 dicebat.
2254 5223 2333 5277 De
2362 5222 2624 5294 lEgypto,
2655 5222 2858 5294 inquit,
2890 5227 3042 5290 sunt,
3064 5238 3137 5277 an
3156 5221 3225 5278 de
3253 5222 3342 5278 Je-

1745 5313 2065 5386 rosolyma?
2087 5314 2203 5367 Hoc
2228 5317 2416 5367 autem
2447 5311 2669 5383 signum
2693 5311 2763 5366 ab
2791 5311 2878 5366 his
2905 5312 3155 5382 jusserat
3196 5310 3342 5379 dari,

1745 5410 1811 5459 ut
1831 5403 2049 5475 quoties
2078 5402 2251 5473 aliqui
2281 5418 2392 5456 non
2421 5401 2557 5455 satis
2587 5399 2742 5471 digni
2770 5399 3045 5470 colloquio
3060 5399 3237 5470 ipsius
3255 5417 3343 5455 ve-

1746 5493 1953 5560 nirent,
1970 5492 2259 5547 advenisse
2287 5489 2533 5563 Egyptii
2548 5489 2887 5557 dicerentur;
2907 5488 3127 5560 quoties
3151 5493 3343 5545 autem

1749 5582 1927 5637 sancti
1951 5582 2178 5653 quidam
2204 5586 2261 5636 et
2283 5580 2605 5652 spirituales
2634 5578 2957 5633 viderentur
2976 5576 3099 5645 viri,
3124 5578 3343 5635 venisse

1751 5673 1821 5729 de
1831 5671 2183 5744 Jerosolyma
2201 5669 2619 5727 nuntiarentur.
2632 5668 2788 5727 Tunc
2798 5683 2932 5740 ergo
2942 5666 3171 5723 veniens
3179 5667 3345 5740 juxta
