3910 6374
580 355 718 416 1043

1682 354 1777 410 DE
1812 351 2003 410 VlTIS
2039 350 2337 409 PATRUM
2372 351 2589 410 LIBER
2623 351 2750 408 VII.

3708 348 3814 408 1044

574 481 1036 539 consuetudinem
1063 496 1246 549 suam,
1263 496 1390 537 cum
1412 480 1790 552 interrogaret
1808 484 2002 536 utrum
2019 479 2173 534 Jero-
2187 480 2236 539 A
2253 480 2335 536 tio
2363 481 2476 536 ista
2526 479 2734 534 idcirco
2775 475 2977 533 accidit
3027 475 3199 543 vobis,
3248 475 3381 548 quia
3435 475 3511 530 ad
3537 475 3700 531 ﬁnem
3715 476 3816 532 vita

573 571 973 644 selymitmillic
990 571 1194 626 fratres
1213 575 1419 638 essent,
1461 587 1534 624 an
1562 569 1829 642 Egyptii,
1883 569 2172 640 respondit

572 661 876 732 Macarius,
905 661 1130 716 dicens:
1157 661 1235 716 Ex
1257 666 1498 732 utroque
1526 659 1640 714 illic
1667 659 1938 730 quosdam
1963 674 2171 729 genere

569 750 776 807 vidisse
799 766 880 806 se.
901 751 1043 808 Cum
1060 755 1250 806 autem
1273 749 1504 804 dixisset
1520 749 1603 804 illi
1616 753 1843 803 sanctus
1860 746 2163 802 Antonius:

568 841 678 896 Fac
693 841 803 895 illis
829 840 1104 906 laetitiam,
1130 844 1188 894 et
1214 845 1441 894 sumant
1455 837 1660 904 cibum,
1692 844 1748 892 et
1775 854 1890 892 una
1918 854 2044 892 cum
2066 837 2168 903 eis,

571 929 826 984 oratione
843 930 1138 1000 completa,
1166 927 1513 1000 jubebantur
1555 927 1844 982 discedere
1877 945 1890 981 :
1921 943 1987 982 ac
2040 943 2173 982 vero

569 1034 700 1075 cum
725 1019 1149 1092 Jerosolymitas
1174 1035 1393 1073 venisse
1417 1017 1720 1084 didicisset,
1754 1033 1854 1088 per
1871 1020 2050 1071 totam
2077 1033 2175 1071 no-

570 1114 715 1162 ctem
735 1125 864 1163 cum
887 1109 969 1162 eis
987 1108 1208 1174 sedens,
1241 1123 1312 1162 ea
1339 1106 1449 1161 illis
1475 1123 1598 1178 quae
1626 1105 1796 1160 saluti
1825 1121 2019 1160 eorum
2047 1121 2175 1176 pro-

569 1199 804 1252 ficerent
829 1196 1182 1268 loquebatur.
1207 1197 1512 1252 llemorata
1521 1195 1697 1266 igitur
1714 1201 1878 1250 nocte
1895 1211 2023 1249 eum
2041 1211 2168 1248 con-

569 1287 781 1342 sedisse
817 1286 1156 1353 referebant,
1185 1291 1246 1340 et
1270 1301 1736 1356 unumquemque
1783 1284 1858 1338 ad
1894 1300 1953 1337 se
1982 1284 2051 1338 de
2080 1283 2168 1338 his

567 1376 668 1448 qui
689 1379 1082 1442 convenerant,
1106 1391 1382 1452 evocasse.
1405 1375 1661 1444 Cumque
1680 1390 1714 1427 a
1732 1373 1888 1428 nullo
1909 1372 2035 1444 quis
2054 1373 2169 1427 illic

571 1465 838 1536 Eulogius
857 1469 1168 1531 vocaretur,
1183 1463 1452 1528 audisset,
1468 1463 1586 1534 ipse
1607 1463 1663 1517 in
1680 1461 1929 1518 tenebris
1941 1462 2170 1534 propria

564 1571 703 1608 .voce
727 1571 832 1610 sua
855 1553 1013 1608 illum
1041 1557 1130 1608 ter
1165 1552 1392 1607 nomine
1419 1552 1651 1606 vocavit.
1685 1552 1789 1606 Cui
1814 1568 1943 1606 cum
1973 1567 2170 1623 supra-

568 1643 754 1699 dictus
797 1643 1160 1698 scholasticus
1188 1657 1302 1696 non
1331 1642 1713 1713 responderet,
1763 1645 1968 1713 putans
2021 1641 2169 1713 quod

567 1733 714 1788 alter
739 1733 943 1804 aliquis
963 1731 1229 1803 Eulogius
1265 1737 1575 1797 vocaretur,
1599 1731 1735 1786 dicit
1761 1730 1812 1784 ei
1833 1747 2028 1785 rursus
2058 1748 2072 1783 ε
2093 1732 2171 1785 Te

2251 570 2417 626 ambo
2447 569 2694 633 venistis,
2725 569 2895 623 etiam
2915 572 3154 638 uterque
3171 571 3420 621 vestrum
3440 563 3816 622 merebiturco-

2251 661 2462 715 ronari.
2485 659 2640 714 Nihil
2665 675 2799 729 ergo
2815 657 2980 712 aliter
3007 655 3269 718 feceritis.
3289 671 3362 710 ne
3379 655 3428 710 si
3451 655 3596 710 forte
3613 655 3813 726 angelus

2250 751 2498 816 veniens,
2526 765 2623 803 vos
2649 748 2709 802 in
2735 763 2802 802 eo
2839 763 3007 818 quem
3029 745 3144 800 dixi
3170 745 3292 800 loco
3315 743 3566 800 invenire
3591 759 3700 798 non
3718 761 3816 815 pos-

2255 839 2348 903 sit,
2373 839 2598 910 utrique
2621 837 2842 892 coronis
2861 834 3217 890 fraudemini.
3249 833 3358 898 Qui
3397 849 3525 888 cum
3551 833 3622 888 ad
3646 832 3818 888 cellam

2254 945 2414 984 suam
2429 927 2694 982 velociter
2707 925 2992 980 redeundo
3007 924 3386 994 redintegrata
3397 937 3534 994 pace
3545 921 3814 988 venissent,

2253 1019 2404 1073 intra
2431 1017 2807 1088 quadraginta
2833 1015 2953 1069 dies
2991 1013 3258 1084 Eulogius
3274 1011 3428 1084 prior
3455 1010 3610 1078 obiit,
3645 1016 3701 1066 et
3718 1022 3820 1082 post

2253 1108 2468 1178 aliquot
2483 1107 2606 1161 dies
2615 1105 2968 1176 supradictus
2985 1103 3188 1158 defecit
3206 1106 3468 1174 mgrotus,
3481 1100 3670 1156 animo
3685 1101 3820 1154 vehe-

2249 1202 2470 1252 menter
2493 1194 2808 1250 incolumis.
2851 1192 3090 1248 Cronius
3118 1197 3308 1248 autem
3353 1207 3480 1246 cum
3538 1189 3818 1262 plurimum

2249 1285 2518 1358 temporis
2546 1284 2606 1338 in
2633 1283 2935 1338 Thebaidis
2971 1282 3170 1337 fuisset
3223 1280 3378 1347 locis,
3409 1280 3480 1336 ad
3503 1279 3821 1336 monasteria

2248 1373 2631 1430 Alexandrina
2653 1371 2944 1428 descendit
2963 1391 2977 1440 ;
2998 1371 3293 1444 evenitque
3315 1375 3380 1426 ut
3396 1370 3469 1425 ad
3485 1369 3646 1425 illum
3659 1385 3823 1424 occur-

2249 1471 2400 1520 reret
2437 1464 2608 1532 diem,
2632 1463 2729 1535 qui
2752 1462 2922 1517 unius
2948 1461 3173 1533 quidem
3201 1459 3680 1532 quadragesimus,
3711 1459 3823 1513 alte-

2250 1555 2370 1610 rius
2407 1557 2598 1608 autem
2626 1551 2827 1607 tertius
2854 1549 3167 1606 celebratus
3193 1555 3328 1604 tunc
3358 1565 3394 1603 a
3418 1547 3686 1604 fratribus
3699 1548 3823 1603 dice-

2252 1643 2437 1698 batur.
2460 1643 2602 1698 Cum
2622 1640 2798 1712 igitur
2824 1640 3062 1695 Cronius
3088 1639 3194 1695 hoc
3207 1639 3475 1705 audigset,
3506 1637 3784 1710 obstupuit
3809 1657 3819 1704 ς

2253 1737 2590 1805 sumptoque
2612 1729 2910 1801 Evangelio
2924 1734 3137 1788 sancto.
3155 1735 3324 1800 atque
3338 1727 3395 1782 in
3408 1727 3592 1782 medio
3607 1727 3823 1782 fratrum

566 1838 718 1889 voco,
751 1802 966 1893 Eulogi,
990 1821 1086 1892 qui
1113 1802 1196 1876 ab
1224 1819 1564 1877 Alexandria
1587 1820 1811 1874 civitate
1831 1819 2050 1874 venisti.
2080 1802 2234 1875 Di-B
2251 1802 2452 1894 posito,
2477 1802 2605 1876 cum
2627 1824 2980 1874 sacramento
3025 1817 3164 1890 ipsis
3191 1834 3293 1890 per
3334 1817 3590 1872 ordinem
3644 1823 3822 1872 cuncta

563 1911 642 1966 cit
662 1911 714 1966 ei
741 1911 1010 1981 Eulogius
1035 1929 1050 1966 :
1082 1911 1248 1978 Quid,
1275 1926 1482 1982 quaeso,
1519 1909 1686 1980 jubes
1715 1910 1740 1962 ?
1770 1909 1844 1964 Et
1869 1909 2166 1976 Antonius,

563 2000 730 2068 Quid,
762 1999 966 2072 inquit,
1019 2000 1131 2055 huc
1166 1999 1368 2054 venisti
1389 1998 1414 2052 *ἲ
1434 1999 1744 2070 Respondit
1771 1998 2056 2068 Eulogius,
2088 1997 2169 2052 di-

562 2105 696 2144 cens
719 2107 730 2143 :
752 2089 861 2154 Qui
889 2088 992 2143 tibi
1040 2105 1247 2143 nomen
1277 2104 1465 2142 meum
1491 2088 1740 2142 revelare
1768 2087 2032 2158 dignatus
2060 2091 2164 2152 est,

561 2178 683 2250 ipse
703 2179 876 2234 etiam
916 2183 974 2232 et
993 2177 1268 2232 adventus
1287 2177 1400 2232 mei
1424 2193 1650 2232 causam
1681 2175 2062 2248 proculdubio
2083 2193 2166 2230 re-

561 2268 785 2323 velavit.
824 2269 981 2323 Tunc
1009 2267 1138 2321 ille:
1170 2268 1375 2332 Quare,
1422 2267 1624 2337 inquit,
1657 2266 1877 2320 veneris
1906 2265 2039 2328 scio,
2063 2265 2162 2320 sed

561 2363 694 2412 ante
735 2373 932 2412 omnes
980 2357 1084 2411 hos
1113 2357 1334 2420 fratres,
1374 2361 1442 2410 ut
1467 2372 1664 2410 omnes
1711 2356 1966 2420 audiant,
1995 2355 2160 2410 refer.

558 2447 757 2502 Iussus
780 2446 955 2517 igitur
980 2462 1016 2500 a
1044 2462 1252 2517 magno
1282 2445 1527 2500 Antonio
1547 2461 1740 2499 servus
1766 2444 1974 2500 Christi
2003 2444 2166 2498 Eulo-

557 2536 705 2607 gius,
738 2535 932 2590 retulit
980 2540 1112 2590 ante
1143 2551 1338 2589 omnes
1371 2552 1382 2587 :
1418 2536 1596 2589 Istum
1627 2533 2078 2604 elephantiosum
2107 2534 2167 2588 in

559 2625 748 2696 platea
767 2623 989 2696 publica
1005 2623 1188 2694 reperi
1209 2625 1540 2694 projectum,
1573 2624 1734 2692 cujus
1754 2639 1947 2678 curam
1975 2623 2164 2677 nullus

559 2713 854 2768 hominum
880 2713 1148 2783 gerebat;
1181 2718 1239 2767 et
1292 2713 1524 2783 promisi
1563 2713 1680 2767 Deo
1733 2717 1796 2766 ut
1823 2713 2162 2768 deservirem

560 2801 882 2872 mgritudini
909 2804 1034 2872 ejus
1079 2802 1358 2872 quomodo
1388 2818 1626 2872 possem,
1655 2807 1825 2872 etego
1855 2819 1954 2873 per
1977 2801 2156 2870 illum,

2251 1910 2740 1984 exposuit,dicens:
2758 1909 2973 1963 Horum
2985 1907 3234 1963 omnium
3247 1923 3373 1978 quae
3386 1907 3821 1970 commemoravi,

2248 2002 2526 2072 interpres
2551 1999 2674 2071 ipse
2701 1997 2783 2053 fui
2810 2014 3154 2064 sermonum,
3195 2013 3262 2052 eo
3291 1996 3441 2068 quod
3467 1996 3663 2051 Gmce
3693 1996 3823 2066 loqui

2247 2095 2474 2146 sanctus
2484 2088 2762 2143 Antonius
2776 2085 3077 2142 nesciebat.
3094 2087 3210 2158 Ego
3221 2092 3411 2141 autem
3429 2089 3730 2156 utramque
3739 2085 3826 2139 lin-

2249 2196 2418 2251 guam
2439 2195 2725 2244 noveram,
2747 2183 2918 2248 atque
2947 2175 3097 2231 inter
3113 2176 3264 2247 ipsos
3283 2173 3568 2246 loquebar,
3590 2174 3708 2229 illis
3727 2175 3827 2246 qui-

2246 2269 2373 2324 dem
2410 2269 2620 2334 Graeco,
2654 2265 2747 2320 isti
2778 2271 2967 2321 autem
2995 2265 3255 2336 Egyptio
3283 2281 3379 2319 ore
3408 2264 3768 2336 respondens.

2315 2357 2372 2412 4.
2413 2356 2536 2412 Hoc
2568 2371 2792 2427 quoque
2843 2353 3084 2410 Cronius
3136 2353 3255 2424 ipse
3301 2351 3461 2407 nobis
3505 2352 3823 2415 referebat‘,

2248 2447 2397 2518 quod
2420 2445 2471 2500 ei
2487 2451 2715 2500 sanctus
2729 2443 3024 2508 Antonius,
3044 2443 3102 2497 in
3130 2443 3228 2497 illa
3256 2441 3376 2514 ipsa
3403 2447 3564 2498 nocte
3581 2459 3698 2514 qua
3713 2441 3827 2496 bea-

2247 2541 2368 2591 tum
2400 2535 2696 2606 Eulogium
2745 2533 2974 2598 dimisit,
2997 2532 3228 2588 dixisset
3257 2532 3390 2604 quia
3409 2548 3510 2604 per
3527 2537 3716 2588 totum
3745 2548 3828 2586 an-

2249 2641 2386 2680 num
2415 2625 2747 2697 deprecatus
2776 2623 2992 2685 fuisset,
3010 2628 3074 2677 ut
3097 2621 3529 2676 ostenderentur
3548 2621 3606 2676 ei
3637 2637 3736 2694 per
3760 2637 3828 2676 rc-

2249 2715 2585 2769 velationem
2631 2715 2755 2768 loca
2781 2717 3138 2784 peccatorum
3167 2715 3338 2782 atque
3360 2711 3670 2782 justorum.
3695 2711 3761 2766 Et
3783 2728 3830 2764 se

2243 2804 2448 2858 vidisse
2467 2802 2689 2858 dicebat
2715 2817 3013 2874 procerum
3045 2801 3340 2872 quemdam
3371 2816 3548 2871 usque
3575 2800 3654 2855 ad
3674 2799 3828 2855 nubes

563 2896 621 2946 et
647 2891 742 2945 ille
762 2907 864 2962 per
892 2907 984 2945 me
1020 2891 1350 2944 salvaretur.
1367 2890 1446 2944 Ex
1461 2907 1572 2960 quo
1619 2894 1808 2944 autem
1831 2889 2044 2962 pariter
2071 2906 2162 2944 su—
2241 2893 2550 2965 gigantem,
2573 2891 2706 2946 tetri
2723 2891 2944 2956 coloris,
2968 2896 3224 2945 extensus
3244 2888 3540 2944 habentem
3561 2889 3829 2944 adcmlum

561 2997 710 3046 mus,
763 2980 994 3052 quintus
1049 2979 1298 3034 decimus
1327 2995 1509 3033 annus
1540 2983 1644 3041 est,
1679 2979 1824 3033 sicut
1853 2984 1910 3033 et
1964 2985 2162 3034 vestrae
2243 2999 2444 3037 manus
2481 2987 2651 3053 atque
2678 2980 2823 3036 intra
2851 2980 3022 3052 pedes
3049 2979 3224 3051 ipsius
3271 2979 3453 3033 lacum
3481 2978 3555 3032 ad
3605 2980 3828 3051 speciem

559 3069 846 3125 sanctitati
866 3069 1032 3124 credo
1053 3069 1244 3124 omnia
1270 3069 1534 3123 revelata.
1551 3068 1694 3132 Quia
1707 3068 1881 3138 igitur
1907 3069 2164 3140 postplu-
2189 3125 2221 3148 Ἴ
2245 3071 2634 3138 marisfusum,
2652 3069 2750 3126 ubi
2764 3074 3034 3140 tanquam
3054 3086 3183 3124 aves
3202 3067 3482 3140 inquietas
3501 3068 3726 3123 animas
3752 3085 3829 3122 vo-

560 3159 737 3214 rimos
761 3175 940 3214 annos
960 3174 1086 3213 cum
1109 3174 1144 3212 a
1188 3175 1280 3212 me
1301 3157 1444 3212 nihil
1466 3157 1600 3212 mali
1655 3157 1969 3228 pertulerit,
1995 3155 2223 3212 variis“
2246 3161 2427 3216 lantes
2474 3159 2614 3214 vidit
2643 3159 2922 3214 Antonius
2950 3176 2962 3212 :
2995 3162 3054 3213 et
3081 3157 3192 3212 illa:
3224 3157 3448 3230 quidem
3497 3173 3828 3229 quaecunque

564 3264 654 3302 me
676 3247 934 3319 procellis
962 3263 1028 3302 ac
1053 3247 1483 3318 tempestatibus
1510 3251 1690 3313 vexat,
1710 3247 1780 3302 ob
1808 3247 1958 3318 quod
1978 3253 2036 3302 et
2062 3264 2166 3317 ego

561 3337 745 3409 ipsum
776 3355 814 3392 a
839 3353 931 3392 me
949 3337 1224 3410 projicere
1251 3335 1508 3407 cogitavi,
1535 3343 1836 3408 propterea
1862 3337 1932 3391 ad
1963 3336 2167 3390 sancti-

562 3432 740 3482 tatem
765 3431 925 3482 tuam
948 3426 1094 3494 veni,
1123 3431 1189 3481 ut
1217 3425 1350 3498 quid
1369 3442 1436 3480 ex
1452 3425 1558 3480 hoc
1584 3426 1783 3480 faciam
1805 3425 2055 3496 digneris
2075 3441 2166 3481 me

562 3516 678 3571 tuis
708 3516 940 3571 edocere
965 3515 1228 3582 consiliis,
1263 3521 1322 3570 et
1349 3514 1695 3570 orationibus
1724 3515 2011 3586 adjuvare.
2041 3516 2168 3570 Pes-

564 3605 723 3660 simis
759 3605 911 3660 enim
941 3604 1185 3660 motibus
1222 3609 1374 3660 totus
1397 3604 1604 3675 fatigor
1629 3609 1686 3659 et
1713 3604 1950 3659 crucior.
1972 3609 2170 3671 015

568 3695 672 3751 Cui
701 3695 820 3750 hinc
841 3700 975 3750 tunc
1003 3694 1282 3750 Antonius
1309 3710 1504 3748 severa
1531 3699 1700 3765 atque
1725 3693 1996 3748 iracunda
2037 3711 2167 3749 voce

565 3785 859 3856 respondit
889 3803 900 3838 :
933 3785 1016 3840 Tu
1047 3784 1208 3839 illum
1229 3800 1265 3838 a
1302 3796 1360 3838 te
1387 3783 1636 3855 projicis,
1669 3782 1872 3855 Eulogi
1899 3783 2040 3838 Tsed
2071 3783 2167 3839 ille

565 3891 696 3930 eum
735 3890 848 3930 non
876 3868 1130 3946 projicit,
1143 3873 1238 3944 qui
1267 3889 1396 3927 eum
1424 3889 1456 3926 a
1484 3890 1544 3927 se
1571 3872 1781 3927 factum
1821 3890 1941 3927 esse
1966 3889 2166 3944 cogno-

567 3963 692 4019 scit.
733 3963 967 4034 Projicis
996 3964 1169 4018 eum?
1199 3963 1489 4018 meliorem
1511 3967 1567 4016 te
1596 3961 1860 4028 inveniet,
1894 3968 1951 4017 et
1997 3963 2169 4034 eliget

567 4053 720 4108 Deus
742 4052 841 4122 qui
859 4052 1090 4123 colligat
1103 4051 1456 4107 destitutum.
1481 4051 1621 4106 Cum
1629 4068 1736 4123 que
1757 4052 2088 4123 perterritus
2097 4053 2167 4107 ad

568 4141 688 4196 haec
708 4141 978 4211 Eulogius
998 4139 1169 4195 verba
1186 4140 1471 4206 tacuisset,
1499 4141 1692 4195 relicto
1717 4157 1913 4196 rursus
1941 4147 2170 4197 sanctus

569 4229 849 4285 Antonius
875 4231 1129 4300 Eulogio,
1157 4230 1324 4300 erepit
1342 4235 1617 4299 aegrotum
1646 4230 1889 4302 propriis
1901 4231 2173 4286 sermoni-

567 4319 674 4374 bus
703 4319 1016 4386 verberare,
1046 4324 1103 4374 et
1131 4319 1249 4374 haec
1269 4319 1340 4374 ad
1371 4335 1500 4373 eum
1530 4335 1657 4373 cum
1679 4320 2172 4376 clamoremaximo

572 4409 726 4481 loqui
758 4429 770 4464 :
793 4409 1203 4481 Elephantiose,
1230 4424 1390 4462 coeno
1401 4413 1459 4462 et
1483 4408 1602 4462 luto
1621 4409 1867 4475 horride,
1891 4426 1994 4464 nec
2020 4415 2172 4464 terra

2247 3267 2419 3323 supra
2441 3250 2620 3322 ipsius
2643 3265 2844 3304 manus
2863 3254 3142 3320 caputque
3160 3246 3421 3302 volabant
3437 3247 3827 3302 conservabat}-

2246 3346 2377 3408 tur;
2406 3355 2749 3411 quaecunque
2777 3342 2966 3393 autem
2997 3336 3102 3392 sub
3127 3335 3384 3392 manibus
3404 3335 3580 3408 ipsius
3613 3343 3828 3409 repertae

2247 3429 2501 3494 fuissent,
2535 3427 2935 3499 mergebantur
2951 3426 3011 3481 in
3036 3427 3243 3482 lacum.
3274 3425 3479 3480 Vocem
3501 3430 3700 3481 autem
3719 3431 3835 3480 tunc

2248 3519 2420 3574 talem
2448 3517 2556 3572 sibi
2584 3517 2804 3572 venisse
2849 3514 3166 3572 referebat:
3198 3515 3314 3570 Has
3361 3531 3556 3570 omnes
3611 3516 3830 3570 animas.

2251 3624 2392 3680 quas
2428 3607 2680 3662 volantes
2727 3605 2902 3668 vides,
2937 3604 3082 3659 scias
3117 3603 3334 3659 animas
3363 3619 3486 3658 esse
3539 3605 3831 3674 justorum,

2251 3715 2374 3769 quae
2403 3697 2462 3752 in
2477 3696 2723 3769 paradisi
2738 3694 3087 3750 habitatione
3105 3694 3496 3764 requiescunt;
3525 3692 3641 3750 illa:
3663 3701 3833 3750 autem

2249 3787 2453 3842 animae
2481 3787 2604 3842 alia)
2647 3786 2718 3840 ad
2749 3785 2970 3840 inferna
2999 3785 3322 3849 mittuntur,
3362 3783 3512 3854 quod
3555 3785 3834 3855 patiuntur

2249 3877 2566 3948 quicunque
2579 3875 2790 3930 carnali
2818 3873 3130 3929 obedierint
3141 3872 3434 3938 voluntati,
3450 3878 3505 3928 et
3526 3873 3832 3945 quicunque

2249 3965 2596 4020 iracundiam
2641 3964 2970 4030 retinentes,
3001 3963 3238 4018 reddere
3264 3959 3428 4017 malis
3453 3962 3622 4034 paria
3667 3968 3832 4018 tenta-

2249 4055 2452 4110 verint.

2324 4145 2374 4200 5.
2409 4141 2746 4200 Referebant
2791 4147 2980 4198 autem
3029 4139 3191 4196 nobis
3219 4145 3334 4196 tam
3387 4140 3634 4196 Cronius
3683 4156 3832 4212 quam

2252 4237 2479 4288 sanctus
2510 4233 2734 4300 Hierax,
2755 4237 2926 4303 atque
2949 4230 3044 4286 alii
3059 4231 3248 4302 plures
3266 4229 3433 4284 vicini
3455 4229 3721 4297 fratrum,
3745 4230 3834 4284 ista

2255 4340 2377 4395 quze
2406 4323 2608 4378 dicam.
2643 4321 2884 4386 Quidam
2931 4337 3099 4376 senex
3126 4319 3265 4374 dixit
3295 4337 3308 4373 :
3341 4318 3483 4384 Quia
3510 4319 3556 4374 si
3577 4321 3692 4374 scit
3729 4335 3832 4373 mo-

2252 4413 2465 4468 nachus
2495 4429 2617 4467 esse
2665 4411 2928 4482 aliquem,
2957 4409 3106 4482 apud
3135 4425 3302 4480 quem
3327 4409 3602 4480 proficere
3637 4415 3827 4481 posset,

573 4501 745 4569 digne
775 4515 877 4553 nec
892 4498 1051 4562 coelo,
1069 4497 1406 4552 nondesinis
1427 4496 1693 4567 injuriam
1713 4498 1816 4552 Dei
1837 4499 2124 4554 vociferari
2145 4495 2233 4554 ?D
2251 4503 2348 4557 sed
2378 4501 2692 4557 necessaria
2721 4499 2969 4572 corporis
2999 4516 3126 4554 cum
3156 4497 3346 4553 labore
3397 4496 3591 4565 habet,
3624 4504 3684 4552 et
3729 4513 3834 4570 pro-

571 4589 765 4644 Nescis
785 4588 934 4660 quod
948 4588 1044 4660 qui
1073 4587 1358 4642 ministrat
1375 4586 1479 4640 tibi
1509 4587 1766 4641 Christus
1782 4594 1870 4642 est
1891 4588 1914 4641 ?
1932 4589 2170 4652 Quema-
2250 4597 2447 4664 pterea
2471 4608 2586 4646 non
2624 4590 2779 4645 vadit
2832 4591 2904 4645 ad
2959 4606 3108 4656 eum,
3165 4587 3487 4658 hujusmodi
3542 4588 3836 4643 monachus

569 4678 839 4733 dmodum
870 4695 1041 4732 ausus
1069 4683 1155 4731 est
1201 4681 1398 4731 contra
1449 4676 1736 4731 Christum
1789 4677 1925 4732 talia
1967 4678 2119 4750 loqui
2146 4679 2170 4732 Τ
2251 4699 2362 4736 non
2393 4681 2570 4736 credit
2597 4698 2720 4735 esse
2739 4681 2938 4736 Deum.

574 4771 717 4824 Nam
742 4773 972 4840 propter
1002 4767 1289 4822 Christum
1331 4783 1391 4820 se
1421 4765 1526 4820 iste
1549 4767 1774 4820 servitio
1801 4767 1902 4822 tali
1930 4773 1988 4823 et
2015 4767 2172 4824 obse-
2322 4769 2376 4827 6.
2410 4771 2560 4826 Dixit
2600 4770 2829 4842 quidam
2857 4785 3024 4823 senex
3066 4785 3078 4821 :
3113 4766 3221 4831 Qui
3244 4766 3358 4820 vult
3385 4782 3642 4821 eremum
3691 4765 3836 4821 habi-

576 4857 723 4930 quiis
750 4857 1089 4928 subjugavit,
1117 4872 1283 4928 quem
1312 4860 1370 4909 et
1395 4855 1580 4926 ipsum
1611 4856 1859 4910 mordaci
1911 4875 2171 4914 sermone
2251 4866 2394 4928 tare,
2415 4859 2582 4915 debet
2607 4875 2729 4914 esse
2757 4859 2969 4924 doctor,
3003 4873 3117 4912 non
3141 4856 3238 4928 qui
3283 4854 3538 4910 doctrina
3565 4863 3748 4927 egeat,
3777 4871 3834 4908 ne

574 4949 880 5004 laceratum
909 4945 1155 5017 reliquit.
1187 4944 1590 5015 Conversisque
1611 4944 1794 5000 verbis
1817 4947 1888 5000 ad
1919 4948 2058 5002 alios
2075 4949 2175 5004 fra-
2255 4950 2658 5006 detrimentum
2693 4947 2973 5004 sustinere
3021 4946 3274 5001 videatur
3303 4945 3524 5016 (Pelag.,
3566 4947 3739 5000 libell.
3789 4959 3833 5000 Χ.

573 5044 708 5104 tres,
741 5036 812 5090 ad
827 5051 1286 5108 unumquemque
1315 5034 1413 5098 ita,
1435 5039 1501 5088 ut
1526 5033 1671 5088 ratio
1695 5035 2045 5106 singulorum
2066 5038 2175 5093 exi—
2257 5057 2416 5094 num.
2448 5039 2558 5106 90).

571 5125 760 5196 gebat,
793 5127 1028 5184 locutus.
1062 5141 1258 5179 rursus
1286 5123 1357 5178 ad
1389 5123 1683 5192 Eulogium
1713 5130 1767 5178 et
1798 5125 1869 5179 ad
1898 5133 2172 5195 aegrotum

571 5215 738 5281 redit,
771 5215 1016 5286 dicitque
1046 5213 1126 5269 eis
1155 5232 1166 5268 :
1203 5215 1286 5268 Ne
1328 5212 1453 5284 quis
1476 5217 1749 5276 vestrum,
1799 5232 1831 5266 ο
1863 5215 1983 5280 ﬁlii,
2030 5234 2174 5287 quo-

573 5322 740 5378 quam
764 5323 824 5360 se
850 5311 1051 5372 vertat,
1085 5309 1286 5358 neuter
1314 5301 1385 5356 ab
1423 5301 1600 5356 altero
1630 5309 1940 5372 separetur,
1972 5307 2070 5360 sed
2098 5308 2169 5362 ad

574 5396 771 5450 cellam
795 5401 1058 5460 vestram,
1093 5394 1152 5448 in
1177 5410 1290 5465 qua
1318 5408 1418 5464 per
1436 5395 1660 5446 tantum
1681 5395 1904 5464 tempus
1936 5396 2164 5466 vixistis,
2325 5397 2372 5454 1.
2406 5399 2643 5468 Magnus
2663 5396 2891 5468 quidam
2916 5411 3084 5448 senex
3119 5392 3423 5448 inﬁrmanti
3449 5393 3726 5465 discipulo
3749 5409 3832 5447 suo

575 5487 754 5540 redite
781 5485 840 5538 in
867 5501 1024 5556 pace,
1048 5499 1272 5538 omnem
1305 5481 1594 5536 tristitiam
1622 5480 1984 5550 deponentes.
2041 5488 2168 5542 Jam
2250 5487 2389 5542 dixit
2421 5501 2432 5536 :
2458 5489 2539 5542 Ne
2567 5485 2933 5546 contristeris,
2963 5483 3063 5546 fili,
3096 5499 3162 5538 ex
3209 5480 3536 5536 inﬁrmitate
3567 5484 3656 5538 vel
3688 5483 3836 5555 plaga

576 5591 725 5629 nunc
745 5577 893 5630 enim
925 5576 992 5628 ad
1015 5591 1107 5628 vos
1128 5573 1400 5628 Dominus
1419 5571 1568 5624 Deus
1582 5569 1771 5625 mittet
1797 5591 1810 5626 ε
1835 5589 1963 5628 nam
1992 5581 2170 5632 tenta-
2251 5577 2498 5648 corporis
2525 5576 2609 5630 tui
2633 5578 2814 5644 (Ru/I.,
2844 5576 2938 5630 lib.
2971 5588 3054 5639 nr,
3082 5589 3138 5629 η.
3173 5571 3264 5630 157
3292 5589 3304 5638 ;
3329 5573 3530 5639 Pclag.,
3555 5573 3732 5626 (ibe-ll.
3755 5585 3833 5627 ru.

651 5663 670 5698 ί
695 5664 849 5720 Idem
876 5665 933 5720 in
963 5665 1092 5720 Vita
1120 5661 1368 5728 Antonii,
1399 5677 1448 5714 c.
1468 5657 1558 5717 38.
1908 5713 1918 5721 .
2255 5683 2312 5723 η.
2345 5666 2432 5734 16,
2465 5669 2688 5721 nomine
2724 5665 3081 5734 Sylwlcticz).
3123 5663 3355 5719 Summa
3377 5661 3527 5716 enim
3553 5662 3753 5734 religio
3767 5666 3837 5716 est

2861 5161 3094 5216 CAPUT
3123 5159 3238 5215 XX.

2431 5291 2582 5358 Quod
2613 5291 2916 5357 inﬁrmitas
2945 5287 3188 5356 corporis
3210 5289 3382 5356 prosit
3425 5289 3654 5341 animm.
