3910 6398
511 311 644 372 1047

1608 315 1704 373 DE
1737 316 1930 374 VITIS
1966 315 2264 374 PATRUM
2299 314 2516 372 LIBER
2549 315 2674 372 VII.

3639 308 3773 372 1048

501 431 628 506 οὐ
639 445 692 508 ὐ
709 441 838 498 lato
847 441 1348 515 animoingredi,et
1365 442 1596 514 angelos
1614 459 1811 499 eorum
1821 459 1950 499 cum
1963 459 2099 514 gau-
2113 445 2162 504 A
2181 457 2354 514 opera
2369 446 2490 511 tua,
2511 440 2773 498 Domine!
2805 437 2999 496 omnia
3018 437 3078 494 in
3092 436 3370 512 sapientia
3395 436 3578 494 fecisti
3607 437 3768 506 (Ρωι.

503 527 596 582 dio
633 530 849 600 pariter
871 547 1000 586 cum
1026 531 1182 604 ipsis.
1201 531 1388 586 Unum
1418 535 1611 586 autem
1637 531 1778 587 vidit
1803 532 2028 603 nigrum
2044 537 2102 588 et

501 615 834 674 nebulosum
863 613 1164 676 habentem
1193 621 1770 693 corpus,etdaemones
1783 621 1915 676 hinc
1929 627 2100 694 atque

502 705 634 760 inde
660 707 951 764 trahentes
979 724 1110 765 eum
1149 710 1218 764 ad
1262 727 1342 778 se,
1375 711 1546 765 misso
1577 710 1732 765 freno
1777 711 1838 765 in
1866 710 2099 766 naribus

502 795 645 866 ejus,
677 801 736 852 et
762 799 1025 870 angelum
1049 805 1306 854 sanctum
1324 800 1446 870 ejus
1461 799 1530 854 de
1553 799 1720 870 longe
1746 804 2094 872 sequentem,

499 883 742 940 tristem.
774 887 986 943 Beatus
1015 905 1148 959 ergo
1169 888 1376 943 Paulus
1403 889 1571 960 coepit
1594 888 1729 944 flere
1748 889 2100 944 amarissime

501 977 560 1028 et
585 979 782 1045 pectus
812 993 976 1031 suum
997 977 1469 1045 tundere,sedens
1495 982 1627 1032 ante
1639 977 1948 1044 ecclesiam,
1967 995 2099 1050 pro-

484 1066 628 1134 .pter
651 1079 780 1119 eum
803 1081 972 1136 quem
998 1067 1172 1121 talem
1211 1072 1524 1138 aspexerat.
1547 1067 1758 1122 Omnes
1783 1073 1974 1122 autem
2003 1067 2100 1122 alii

498 1168 662 1208 senes
689 1153 942 1210 videntes
969 1171 1098 1210 eum
1116 1155 1198 1211 sic
1221 1157 1470 1222 ﬂentem,
1503 1160 1795 1228 coeperunt
1820 1173 2022 1228 rogare
2037 1162 2103 1212 ut

499 1239 548 1296 si
581 1241 716 1313 quid
743 1243 802 1298 in
828 1243 941 1299 illis
979 1245 1226 1310 vidisset,
1259 1245 1664 1313 manifestaret,
1705 1251 1807 1300 aut
1829 1262 1958 1301 cum
1984 1245 2096 1300 illis

497 1329 892 1401 ingrederetur
913 1333 972 1388 in
1000 1334 1511 1405 congregationem.
1553 1335 1655 1390 Ille
1683 1340 1874 1389 autem
1916 1335 2100 1390 noluit

499 1417 741 1490 ingredi,
773 1421 874 1476 sed
905 1439 1128 1494 semper
1183 1422 1354 1478 ﬂebat
1382 1429 1612 1495 propter
1639 1440 1768 1478 eum
1798 1441 1964 1495 quem
2020 1423 2098 1479 sic

491 1508 735 1564 viderat.
758 1511 894 1566 Post
920 1513 1208 1582 paululum
1235 1518 1580 1581 autem,cum
1595 1511 1851 1568 absoluta
1868 1530 2096 1585 congre-

2181 535 2324 602 cm).

2749 618 2984 674 CAPUT
3008 617 3205 673 XXIV.

2181 712 2336 780 Quod
2362 715 2413 766 et
2454 713 2518 766 in
2540 712 2818 782 proposito
2859 709 3192 779 pauitantia:
3231 708 3284 761 si
3320 709 3566 760 trameat
3594 705 3767 772 homo,

2693 805 2881 854 tamen
2906 799 3262 866 suscipiatur.

2258 889 2482 947 l.Venit
2507 889 2736 962 quidam
2761 889 2936 942 frater
2954 886 3025 941 ad
3041 884 3305 940 abbatem
3332 883 3773 951 Pimenium,di-

2181 994 2330 1045 cens,
2357 980 2502 1051 quod
2518 978 2791 1050 grandem
2814 975 3233 1031 tribulationem
3244 989 3440 1047 passus
3451 973 3773 1028 esset.Dicit

2182 1068 2234 1124 ei
2257 1085 2428 1124 senex
2451 1087 2464 1124 :
2492 1069 2646 1139 Fuge
2675 1067 2744 1122 de
2791 1067 2911 1120 loco
2936 1065 3052 1131 illo,
3075 1069 3348 1136 quantum
3371 1062 3551 1118 tribus
3577 1060 3774 1118 diebus

2183 1163 2242 1214 et
2268 1158 2451 1213 tribus
2478 1157 2738 1212 noctibus
2765 1154 3054 1211 ambulare
3097 1159 3292 1226 potes;
3346 1157 3404 1207 et
3440 1153 3526 1207 fac
3559 1167 3771 1207 annum

2178 1248 2483 1318 integrum,
2521 1247 2788 1318 jejunans
2835 1260 3016 1316 usque
3044 1243 3116 1298 ad
3144 1247 3384 1298 noctem.
3417 1241 3521 1297 Cui
3547 1241 3685 1295 ille:
3718 1239 3772 1295 Si

2179 1343 2437 1392 mortuus
2465 1336 2625 1390 fuero
2644 1340 2948 1406 antequam
2976 1349 3124 1387 unus
3147 1348 3328 1388 annus
3341 1335 3615 1397 transeat,
3639 1329 3766 1402 quid

2178 1427 2248 1482 de
2263 1443 2352 1480 me
2373 1425 2506 1480 fiet?
2533 1425 2688 1480 Dixit
2713 1423 2886 1479 abbas
2912 1422 3198 1478 Pimenius
3220 1440 3232 1475 :
3256 1420 3489 1476 Confido
3518 1419 3580 1474 in
3593 1419 3773 1474 Deum

2179 1515 2312 1587 quia
2340 1514 2388 1570 si
2413 1519 2475 1569 tu
2503 1531 2631 1569 cum
2659 1513 2758 1569 tali
2779 1511 3063 1585 proposito
3083 1527 3123 1566 a.
3141 1509 3414 1566 mefueris
3429 1511 3774 1581 egressus,ut

496 1597 731 1667 gatione
778 1599 1148 1667 discederent,
1195 1601 1402 1656 iterum
1447 1601 1700 1657 omnium
1747 1603 1965 1657 vultum
1989 1603 2099 1658 cir-
2181 1605 2288 1660 hoc
2305 1604 2496 1670 facias,
2529 1603 2699 1658 etiam
2731 1603 2780 1656 si
2809 1619 2937 1656 mox
2967 1605 3223 1656 mortuus
3251 1599 3441 1665 fueris,
3471 1614 3604 1652 cum
3625 1597 3770 1652 desi-

498 1687 920 1758 cumspiciebat,
945 1689 993 1744 si
1025 1691 1165 1745 tales
1197 1691 1600 1762 egrederentur
1637 1692 1830 1762 quales
1859 1691 2100 1762 ingressi
2126 1763 2149 1764 γέ
2181 1693 2338 1748 derio
2375 1692 2521 1748 bono
2548 1691 2884 1764 suscipiatur
2908 1689 3239 1762 pcenitentia
3266 1693 3368 1744 tua
3389 1687 3540 1760 apud
3568 1687 3768 1742 Deum.

499 1780 655 1830 sunt.
675 1776 744 1831 Et
755 1777 895 1832 vidit
910 1777 1071 1834 illum
1090 1795 1255 1851 quem
1285 1785 1418 1834 ante
1445 1779 1664 1834 viderat
1685 1780 1911 1852 nigrum
1931 1785 1989 1836 et
2005 1797 2099 1836 ne-
2119 1763 2170 1824 Β
2250 1786 2306 1842 2.
2339 1783 2576 1848 Quidam
2605 1763 2780 1836 frater
2792 1779 3022 1836 sedebat
3051 1779 3110 1834 in
3137 1779 3277 1833 cella
3305 1793 3407 1832 sua
3429 1776 3489 1832 in
3507 1776 3766 1848 Egypto;

499 1861 780 1931 bulosum,
822 1882 1110 1937 egressum
1143 1867 1294 1923 clara
1321 1867 1463 1924 facie
1491 1874 1549 1924 et
1575 1870 1813 1924 candido
1842 1886 2092 1942 corpore,

498 1953 780 2010 demones
806 1956 876 2011 de
903 1957 1069 2028 longe
1098 1963 1396 2030 sequentes
1415 1975 1542 2014 eum
1570 1977 1583 2027 ;
1624 1965 1879 2014 sanctum
1906 1963 2097 2014 autem

497 2043 762 2114 angelum
795 2045 918 2116 ejus
944 2063 1118 2119 prope
1147 2047 1544 2114 eum,hilarem
1565 2053 1623 2103 et
1647 2049 1989 2119 gaudentem
2007 2065 2097 2103 su-

496 2148 600 2204 per
627 2149 758 2188 eum
785 2133 974 2190 nimis.
1004 2135 1161 2191 Tunc
1178 2123 1624 2192 sanctusPaulus
1639 2153 2096 2208 exsurgens,cum

498 2221 706 2292 gaudio
737 2223 1165 2291 vociferabatur,
1211 2224 1548 2281 benedicens
1587 2226 1910 2293 Dominum,
1933 2243 1998 2281 ac
2017 2225 2098 2280 di-

499 2325 630 2368 cens
661 2330 672 2366 :
704 2311 751 2367 0
781 2319 994 2384 quanta
1021 2314 1407 2370 misericordia
1425 2321 1482 2370 et
1521 2314 1838 2386 benignitas
1859 2315 1958 2371 Dei
1989 2319 2092 2382 est,

499 2407 715 2471 quanta
743 2402 866 2473 ejus
881 2403 1168 2460 miseratio
1189 2405 1305 2460 est!
1338 2405 1408 2459 Et
1435 2405 1741 2460 ascendens
1766 2405 1823 2460 in
1839 2406 2096 2461 altiorem

499 2489 706 2556 locum,
735 2507 869 2547 voce
895 2509 1101 2564 magna.
1124 2493 1347 2548 dicebat
1370 2512 1382 2549 :
1417 2493 1634 2561 Venite,
1653 2499 1711 2549 et
1729 2493 1911 2550 videte
1930 2511 2101 2566 opera

502 2577 606 2633 Dei
624 2597 637 2632 :
660 2580 930 2647 venite,et
945 2582 1129 2637 videte
1145 2583 1616 2654 quemadmodum
1629 2599 1824 2638 omnes
1847 2584 2102 2638 homines

505 2666 687 2722 salvos
713 2669 834 2724 vult
861 2670 1003 2737 fieri,
1044 2675 1104 2726 et
1139 2672 1212 2726 ad
1249 2672 1594 2744 agnitionem
1623 2672 1876 2728 veritatis
1911 2672 2103 2728 venire

505 2754 558 2830 (Ι
585 2759 726 2811 Tim.
759 2761 844 2828 11).
885 2759 1106 2827 Venite,
1135 2761 1435 2817 adoremus
1467 2778 1618 2830 eum;
1651 2762 1930 2818 dicentes:
1957 2763 2104 2828 Quia

504 2850 570 2902 tu
599 2845 753 2901 solus
776 2851 935 2918 potes
963 2855 1192 2920 peccata
1209 2850 1514 2906 dimittere.
1545 2851 1688 2906 Cum
1705 2857 1893 2908 autem
1909 2867 2104 2907 omnes

507 2935 914 3001 convenissent,
932 2939 1188 3009 exposuit
1213 2939 1293 2993 eis
1323 2940 1530 2994 Paulus
1559 2957 1682 3012 quae
1710 2940 2107 2996 vidissetante—

2177 1872 2238 1928 in
2263 1889 2473 1944 magna
2496 1871 2814 1926 humilitate
2833 1869 3165 1943 praecipuus,
3179 1873 3236 1922 et
3259 1865 3503 1922 habebat
3519 1881 3768 1920 sororem

2177 1961 2240 2018 in
2251 1961 2476 2016 civitate
2493 1959 2867 2024 meretricem,
2883 1975 3006 2029 quae
3027 1957 3218 2013 multis
3227 1954 3520 2011 animabus
3532 1953 3769 2027 perditio

2177 2051 2361 2106 fuerat
2395 2051 2577 2118 (Ruf/2,
2612 2052 2651 2104 ι.
2685 2062 2769 2114 nr,
2804 2063 2862 2102 η.
2893 2046 3042 2115 217).
3075 2047 3421 2118 Frequenter
3447 2049 3642 2099 autem
3685 2042 3768 2097 in-

2179 2138 2466 2194 sultabant
2501 2153 2662 2192 senes
2688 2135 2850 2192 fratri
2878 2135 2981 2204 illi,
3012 2141 3071 2192 et
3095 2135 3184 2190 vix
3210 2139 3516 2207 potuerunt
3537 2147 3768 2206 persua-

2178 2229 2311 2284 dere
2335 2228 2436 2295 illi,
2453 2232 2517 2282 ut
2543 2226 2760 2282 veniret
2785 2226 2856 2280 ad
2885 2225 3060 2292 illam,
3079 2229 3356 2298 quatenus
3385 2239 3485 2296 per
3512 2219 3771 2276 admoni-

2178 2319 2390 2374 tionem
2419 2317 2542 2388 ejus
2587 2321 2776 2388 posset
2804 2319 3094 2388 peccatum
3141 2313 3288 2386 quod
3320 2329 3420 2384 per
3447 2327 3576 2367 eam
3605 2309 3770 2365 ﬁebat

2181 2407 2456 2462 evincere.
2483 2406 2625 2460 Cum
2662 2421 2798 2477 ergo
2845 2405 3090 2459 venisset
3108 2403 3180 2458 ad
3211 2403 3414 2467 locum,
3445 2401 3675 2472 quidam
3710 2415 3770 2452 ex

2182 2497 2330 2553 notis
2359 2497 2481 2566 ejus
2528 2495 2722 2550 videns
2751 2511 2900 2561 eum,
2940 2492 3221 2566 praecessit
3265 2497 3323 2547 et
3364 2489 3649 2546 nuntiavit
3672 2489 3768 2554 illi,

2183 2587 2374 2642 dicens
2401 2605 2413 2640 :
2449 2585 2588 2640 Ecce
2615 2583 2792 2639 frater
2807 2589 2940 2639 tuus
2960 2581 3115 2637 venit
3131 2581 3199 2636 ad
3221 2586 3298 2637 te.
3332 2580 3434 2636 Illa
3453 2583 3646 2634 autem
3665 2593 3773 2650 prs:

2183 2675 2390 2746 gaudio
2419 2673 2626 2728 relictis
2645 2671 2992 2728 amatoribus
3015 2672 3152 2739 suis,
3167 2670 3369 2744 quibus
3398 2667 3769 2729 ministrabat,

2185 2763 2368 2836 capite
2379 2763 2730 2834 discooperto
2741 2761 2812 2816 ad
2823 2759 3229 2816 occurrendum
3247 2757 3406 2813 fratri
3429 2773 3659 2830 egressa
3673 2761 3770 2810 est.

2185 2855 2328 2908 Dum
2345 2869 2478 2923 ergo
2488 2855 2736 2906 tentaret
2755 2867 2884 2906 eum
2895 2849 3176 2922 amplecti,
3202 2847 3344 2903 dixit
3357 2847 3408 2902 ei
3434 2867 3446 2901 :
3474 2848 3648 2902 Soror
3658 2861 3774 2900 mea

2187 2941 2539 3008 charissima,
2585 2957 2751 3012 parce
2786 2939 2988 2994 anima:
3017 2945 3148 3004 tuae,
3175 2937 3439 3010 quoniam
3469 2941 3704 3008 propter
3723 2939 3773 2988 te

508 3037 677 3095 quam
708 3024 1099 3096 ingrederetur
1125 3027 1184 3083 in
1208 3029 1522 3094 ecclesiam,
1545 3035 1602 3084 et
1633 3047 1756 3101 quae
1785 3036 2019 3101 postea;
2052 3036 2166 3102 et“
2189 3031 2354 3087 multi
2389 3035 2648 3102 pereunt,
2689 3035 2746 3084 et
2789 3027 3264 3101 quemadmodum
3309 3025 3516 3099 poteris
3545 3025 3771 3081 sufferre

507 3111 736 3186 petebat
759 3114 917 3168 illum
939 3115 1167 3172 fratrem
1199 3135 1365 3189 quem
1386 3118 1466 3173 sic
1494 3119 1729 3185 viderat,
1763 3125 1826 3174 ut
1851 3119 1902 3173 ei
1932 3119 2108 3174 mani-

507 3201 741 3258 festaret
767 3205 1135 3276 cogitationes
1165 3213 1222 3262 et
1241 3213 1399 3262 actus
1437 3225 1590 3276 suos,
1627 3208 1712 3262 vel
1741 3210 2106 3280 quemadmo-

509 3292 644 3346 dum
673 3298 889 3349 tantam
916 3297 1415 3352 commutationem
1441 3297 1522 3352 illi
1543 3298 1690 3354 Deus
1705 3299 1988 3354 donasset.
2008 3299 2108 3355 Ille

509 3397 641 3436 vero
665 3388 797 3438 ante
822 3400 1019 3440 omnes
1047 3386 1216 3458 coepit
1241 3387 1469 3454 referre,
1502 3387 1693 3442 dicens
1739 3403 1753 3443 :
1798 3389 1913 3459 Ego
1941 3389 2109 3444 homo

511 3486 637 3526 sum
666 3478 942 3542 peccator,
958 3479 1014 3529 et
1038 3475 1232 3530 multis
1249 3476 1596 3548 temporibus
1618 3493 1841 3548 semper
1879 3477 2114 3533 fornica-

408 3557 414 3564 ’
513 3559 655 3615 tioni
683 3561 764 3616 fui
791 3561 1342 3644 deditus;ingressus
1361 3571 1550 3620 autem
1573 3583 1723 3620 nunc
1739 3565 1798 3620 in
1817 3567 2110 3621 ecclesiam

513 3649 637 3716 Dei,
668 3651 856 3706 audivi
875 3652 1044 3707 verba
1073 3671 1196 3724 quae
1223 3655 1442 3710 locutus
1461 3661 1548 3710 est
1577 3655 1850 3710 Dominus
1861 3673 1962 3728 per
1979 3672 2110 3728 pro-

515 3738 744 3810 phetam
775 3740 998 3809 Isaiam,
1041 3743 1230 3798 dicens
1269 3745 1418 3816 (Isai.
1465 3747 1506 3813 Ι)
1536 3762 1547 3797 :
1581 3744 1775 3798 Mundi
1819 3749 2015 3811 estote,
2054 3749 2112 3800 et

512 3828 696 3884 tollite
721 3830 964 3886 malitias
980 3832 1050 3886 de
1068 3833 1368 3889 animabus
1395 3835 1595 3889 vestris
1607 3839 1738 3889 ante
1751 3843 2112 3906 conspectum

516 3917 807 3973 oculorum
836 3921 1328 3977 meorum.Discite
1358 3920 1944 3994 benefiicere,quaerite
1957 3922 2114 3994 judi-

2189 3137 2382 3176 amara
2411 3120 2511 3174 illa
2547 3125 2605 3174 et
2631 3124 2840 3174 aeterna
2869 3117 3185 3174 tormenta?
3207 3117 3310 3172 Illa
3338 3121 3528 3171 autem
3556 3120 3770 3170 contre-

2189 3211 2447 3276 miscens,
2478 3209 2620 3264 dixit
2645 3208 2718 3266 ad
2759 3223 2888 3264 eum
2921 3226 2932 3262 :
2971 3207 3107 3274 Scis,
3141 3205 3330 3273 frater,
3364 3205 3496 3278 quia
3529 3211 3616 3260 est
3645 3201 3770 3258 mihi

2189 3300 2342 3355 salus
2368 3299 2452 3352 vel
2481 3297 2718 3352 amodo?
2743 3296 2846 3351 Cui
2863 3296 2958 3351 ille
2982 3313 2993 3348 :
3023 3295 3083 3350 Si
3101 3294 3361 3362 volueris,
3387 3298 3473 3349 est
3499 3293 3772 3349 salus.Illa

2192 3394 2384 3444 autem
2412 3387 2635 3458 jactans
2674 3403 2734 3440 se
2763 3385 2834 3440 ad
2877 3385 3048 3457 pedes
3075 3383 3284 3450 fratris,
3313 3383 3538 3455 petebat
3567 3389 3632 3438 ut
3655 3397 3768 3438 eam

2193 3494 2382 3533 secum
2409 3477 2640 3531 duceret
2665 3475 2724 3530 in
2752 3475 3058 3530 desertum.
3088 3473 3192 3528 Cui
3221 3473 3394 3528 frater
3419 3491 3432 3528 :
3458 3469 3634 3540 Vade,
3659 3487 3770 3526 coo-

2192 3565 2312 3639 peri
2333 3571 2501 3638 caput
2527 3571 2710 3631 tuum,
2742 3570 2802 3620 et
2827 3579 3063 3635 sequere
3098 3579 3207 3618 me.
3234 3562 3338 3618 Cui
3376 3561 3474 3616 illa
3508 3579 3520 3615 :
3553 3562 3768 3617 Eamus.

2193 3656 2430 3728 Oportet
2451 3672 2540 3710 me
2567 3654 2716 3709 enim
2738 3652 3041 3709 deformari
3067 3652 3216 3707 inter
3243 3651 3498 3707 homines
3517 3651 3668 3706 nudo
3695 3665 3776 3704 ca-

2191 3745 2306 3818 pite
2335 3743 2808 3811 deambulantem,
2839 3759 3005 3814 quam
3033 3742 3091 3796 in
3119 3741 3398 3796 officinam
3435 3739 3648 3813 peccati
3676 3735 3775 3792 mei

2194 3836 2399 3890 iterum
2420 3832 2660 3904 ingredi.
2693 3833 2842 3888 Dum
2870 3848 3000 3886 vero
3029 3830 3241 3904 pariter
3267 3829 3640 3894 ambularent,
3663 3842 3776 3882 mo-

2198 3923 2369 3978 nebat
2415 3939 2540 3976 eam
2560 3922 2632 3977 ad
2656 3919 3279 3994 pcenitentiam.Videns
3305 3923 3494 3974 autem
3521 3918 3656 3990 quia
3670 3915 3776 3988 qui-

517 4005 688 4074 cium,
720 4012 778 4062 et
805 4008 854 4062 si
881 4009 1093 4065 fuerint
1119 4017 1350 4081 peccata
1383 4016 1566 4067 vestra
1607 4017 1672 4066 ut
1715 4011 2022 4079 coccinum,
2054 4016 2122 4066 ut
2200 4013 2330 4068 dam
2355 4017 2545 4078 618
2580 4011 2874 4066 obviarent
2908 4009 3034 4078 sibi,
3059 4009 3198 4064 dixit
3241 4009 3292 4065 ei
3325 4019 3338 4055 :
3373 4008 3650 4074 Quoniam
3676 4019 3776 4061 non

515 4095 610 4150 nix
638 4095 1072 4155 dealbabuntur.
1089 4099 1147 4154 Si
1163 4100 1448 4154 volueritis
1475 4105 1532 4155 et
1549 4099 1838 4155 audieritis
1859 4100 2121 4166 me,bona
2201 4118 2396 4156 omnes
2433 4101 2618 4156 sciunt
2655 4100 2803 4172 quod
2833 4116 2992 4154 soror
3019 4115 3146 4154 mea
3164 4115 3244 4164 es,
3275 4112 3474 4170 parum
3502 4097 3573 4152 de
3590 4096 3680 4151 via
3703 4109 3778 4148 se-

517 4191 684 4239 terrae
703 4186 1023 4242 comedetis.
1058 4187 1172 4260 Ego
1201 4205 1331 4243 vero
1349 4189 1654 4243 fornicator
1673 4195 2038 4260 compunctus
2057 4190 2116 4246 in
2201 4191 2354 4258 cede,
2376 4189 2552 4246 donec
2577 4194 2886 4244 transeant.
2921 4189 2990 4243 Et
3016 4186 3532 4260 post,transgressis
3562 4186 3774 4250 illis,vo-

517 4273 624 4328 hoc
651 4290 911 4330 sermone
937 4277 1242 4348 prophetae,
1258 4283 1316 4332 et
1343 4277 1717 4348 ingemiscens
1745 4277 1892 4332 intra
1922 4285 2116 4350 pectus

520 4363 862 4430 meum,dixi
881 4365 952 4420 ad
986 4366 1288 4420 Dominum
1314 4385 1325 4420 :
1350 4367 1683 4430 Domine,tu
1706 4384 1766 4421 es
1791 4367 1893 4438 q'ii
1917 4368 2114 4424 venisti

2196 4280 2344 4335 cavit
2370 4295 2514 4347 eam,
2559 4284 2616 4334 et
2644 4278 2816 4334 dixit:
2839 4277 3070 4344 Eamus,
3119 4293 3298 4344 soror,
3328 4277 3470 4331 viam
3514 4281 3771 4330 nostram.

2196 4369 2302 4424 Illa
2327 4374 2516 4424 autem
2547 4385 2661 4423 non
2685 4368 3077 4440 respondente,
3094 4365 3424 4439 perquirens
3443 4365 3774 4420 inveniteam

520 4453 735 4508 salvare
755 4461 1102 4525 peccatores;
1123 4456 1240 4510 haec
1271 4472 1403 4528 ergo
1432 4473 1554 4527 quae
1583 4472 1731 4511 nunc
1750 4473 1851 4528 per
1871 4451 2179 4530 prophe-D
2197 4465 2496 4525 mortuam,
2543 4464 2600 4513 et
2634 4457 2870 4530 vestigia
2900 4457 3106 4529 pedum
3137 4457 3260 4528 ejus
3287 4455 3560 4526 sanguine
3599 4455 3772 4526 plena.

518 4547 637 4597 tam
657 4543 964 4614 promisisti
987 4561 1158 4615 opera
1177 4546 1392 4616 comple
1412 4545 1470 4600 in
1499 4562 1589 4600 me
1610 4545 1840 4616 indigno
1855 4553 1910 4602 et
1921 4563 2116 4618 pecca-

2199 4554 2321 4604 erat
2350 4548 2498 4603 enim
2529 4547 2882 4603 discalceata.
2907 4549 3048 4602 Cum
3091 4551 3279 4601 autem
3311 4543 3537 4600 senibus
3577 4557 3770 4600 renun-

519 4637 662 4688 tore.
690 4633 828 4688 Ecce
857 4633 1006 4688 enim
1037 4635 1238 4690 amodo
1269 4637 1536 4706 proﬁteor
1561 4633 1750 4700 tibi,et
1767 4635 2030 4707 promitto
2051 4653 2120 4691 ex
2197 4638 2398 4694 tiasset
2417 4637 2645 4704 factum,
2669 4635 3082 4692 contendebant
3099 4634 3248 4690 inter
3273 4651 3332 4688 se
3351 4633 3420 4688 de
3439 4633 3619 4689 salute
3643 4633 3770 4703 ejus.

519 4735 641 4786 toto
670 4731 1002 4804 corde,quia
1022 4733 1262 4788 ulterius
1284 4733 1389 4788 hoc
1418 4732 1628 4788 malum
1647 4749 1759 4788 non
1776 4733 1996 4802 faciam,
2021 4735 2120 4790 sed
2200 4726 2576 4783 Manifestavit
2603 4732 2795 4780 autem
2820 4726 2969 4780 Deus
2996 4724 3094 4780 uni
3125 4723 3245 4780 seni
3272 4723 3343 4778 de
3376 4723 3517 4794 ipsa,
3547 4738 3614 4777 80
3642 4717 3772 4793 quod

523 4829 788 4883 renuntio
806 4829 958 4884 omni
971 4829 1280 4902 injustitiae,
1299 4836 1358 4885 et
1378 4829 1579 4885 amodo
1596 4829 1701 4884 tibi
1717 4830 1896 4885 servio
1914 4830 1972 4885 in
1992 4846 2122 4886 con-
2199 4817 2356 4880 nulla
2379 4833 2514 4871 cura
2540 4815 2644 4870 Γυίι
2680 4815 2760 4870 illi
2789 4815 2848 4870 ίη
2895 4815 3094 4870 itiner?-
3137 4814 3205 4868 άθ
3240 4811 3513 4886 corpora“
3536 4828 3660 4878 ιιευν
3689 4805 3772 4864 εθδ

524 4927 760 4982 scientia
783 4929 1014 4984 munda.
1047 4929 1130 4984 Ab
1173 4929 1339 4984 hodie
1376 4946 1529 5000 ergo,
1555 4929 1812 4997 Domine,
1843 4935 1901 4984 et
1922 4929 1992 4984 ab
2018 4930 2103 4985 ha<

2203 4906 2403 4960 vulnus
2431 4905 2721 4978 proprium
2747 4905 3009 4976 neglexit,
3025 4909 3082 4960 et
3108 4903 3404 4976 suspiravit
3414 4903 3472 4958 in
3496 4907 3609 4956 tam
3628 4913 3776 4973 gran-

525 5028 666 5084 hora
692 5029 910 5102 suscipe
947 5047 1036 5084 me
1075 4992 1470 5102 pmnitentem:
1502 4992 1560 5085 et
1602 4992 1930 5085 adorantem
1960 5037 2034 5098 te,
2067 5035 2125 5086 et
2203 4993 3227 5102 d§,llf"diti°“31,iflef[?f'°97mm”
3254 4992 3436 5049 cordis
3462 4993 3586 5064 ejus
3609 5003 3774 5046 “see.

525 5085 1016 5184 abrenuntiantem
1045 5085 1303 5184 omnibus
1345 5129 1604 5201 peccatis.
1643 5129 1834 5188 Juravi
1864 5135 1921 5184 et
1949 5085 2122 5184 statui
2206 5085 2288 5157 pit
2305 5085 2456 5140 Deus
2487 5085 2874 5158 Penuentiam
2913 5085 3056 5155 θείω·

529 5229 677 5301 apud
715 5245 825 5294 me,
860 5245 1081 5284 servare
1107 5245 1302 5283 omnes
1325 5227 1760 5298 justiﬁcationes
1787 5233 1916 5283 tuas
1957 5231 2118 5282 cPsal.
2775 5208 3010 5265 CAPUT
3063 5207 3228 5263 XXV-

532 5333 718 5414 t‘xvm)
751 5328 866 5384 Sub
885 5328 990 5382 hac
1012 5327 1314 5400 sponsione
1331 5343 1589 5398 egressus
1617 5341 1742 5380 sum
1773 5325 1842 5379 de
1869 5325 2120 5392 ecclesia,
2563 5338 2636 5391 οε
2666 5337 3086 5404 ίτηριιρηαιίοηε
3109 5336 3437 5388 (Lemonum.

527 5433 782 5483 statuens
797 5427 943 5499 apud
977 5443 1067 5482 me
1083 5426 1302 5481 nihilde
1327 5424 1610 5497 prioribus
1629 5423 1871 5494 peccatis
1891 5423 2124 5478 ulterius
2282 5441 2328 5499 ι,
2362 5441 2602 5506 Quidam
2632 5443 2804 5496 frater
2850 5440 3138 5514 requisivit
3167 5457 3202 5496 a
3230 5456 3384 5505 sene,
3413 5439 3601 5495 dicens
3631 5458 3643 5494 ε
3676 5438 3774 5494 ουτ

527 5525 724 5580 facere.
761 5526 919 5590 Quod
940 5542 1065 5580 cum
1085 5526 1377 5580 audissent
1393 5521 1998 5587 omnes,clamaverunt
2012 5538 2123 5578 una
2207 5529 2368 5596 abba,
2403 5547 2437 5584 a
2455 5531 2801 5586 daemonibus
2814 5530 3250 5602 impugnamur?
3278 5528 3584 5602 Respondit
3602 5542 3765 5584 senex:

529 5639 660 5680 voce
687 5624 758 5680 ad
779 5625 1102 5692 Dominum,
1135 5625 1417 5682 dicentes:
1447 5621 1628 5686 Quam
1659 5619 1959 5690 magnifica
1987 5626 2124 5678 sunt
2205 5620 2480 5686 Quoniam
2507 5637 2666 5676 arma
2709 5625 2902 5676 nostra
2929 5619 3256 5692 abjecimus,
3287 5618 3342 5676 id
3381 5623 3485 5686 est,
3515 5617 3769 5691 poeniten-
