  <div class='ocr_page' id='page_1' title='image "/cluster/home/n/w/nwhite01/storage/ocr_20150623/73/umn.31951002477366m/530.png"; bbox 0 0 3910 6368; ppageno 0'>
   <div class='ocr_carea' id='block_1_1' title="bbox 160 332 308 392">
    <p class='ocr_par' dir='ltr' id='par_1_1' title="bbox 160 332 308 392">
     <span class='ocr_line' id='line_1_1' title="bbox 160 332 308 392; baseline 0.034 -4"><span class='ocrx_word' id='word_1_1' title='bbox 160 332 308 392; x_wconf 74' lang='grc'><strong>1049</strong></span> 
     </span>
    </p>
   </div>
   <div class='ocr_carea' id='block_1_2' title="bbox 1443 333 2112 397">
    <p class='ocr_par' dir='ltr' id='par_1_2' title="bbox 1443 333 2112 397">
     <span class='ocr_line' id='line_1_2' title="bbox 1443 333 2112 397; baseline 0.006 -6"><span class='ocrx_word' id='word_1_2' title='bbox 1443 333 1683 392; x_wconf 84' lang='lat' dir='ltr'><strong>VERBA</strong></span> <span class='ocrx_word' id='word_1_3' title='bbox 1721 337 2112 397; x_wconf 83' lang='lat' dir='ltr'><strong>SENIORUM.</strong></span> 
     </span>
    </p>
   </div>
   <div class='ocr_carea' id='block_1_3' title="bbox 3292 337 3433 397">
    <p class='ocr_par' dir='ltr' id='par_1_3' title="bbox 3292 337 3433 397">
     <span class='ocr_line' id='line_1_3' title="bbox 3292 337 3433 397; baseline 0 -1"><span class='ocrx_word' id='word_1_4' title='bbox 3292 337 3433 397; x_wconf 76' lang='grc'><strong>1050</strong></span> 
     </span>
    </p>
   </div>
   <div class='ocr_carea' id='block_1_4' title="bbox 153 458 3436 536">
    <p class='ocr_par' dir='ltr' id='par_1_4' title="bbox 153 458 3436 536">
     <span class='ocr_line' id='line_1_4' title="bbox 153 458 3436 536; baseline 0.002 -22"><span class='ocrx_word' id='word_1_5' title='bbox 153 458 324 528; x_wconf 85' lang='lat' dir='ltr'><strong>tiam,</strong></span> <span class='ocrx_word' id='word_1_6' title='bbox 352 460 749 528; x_wconf 65' lang='lat' dir='ltr'><strong>humilitatem,</strong></span> <span class='ocrx_word' id='word_1_7' title='bbox 768 458 1163 529; x_wconf 81' lang='lat' dir='ltr'><strong>obedientiam,</strong></span> <span class='ocrx_word' id='word_1_8' title='bbox 1188 465 1244 517; x_wconf 91' lang='lat' dir='ltr'><strong>et</strong></span> <span class='ocrx_word' id='word_1_9' title='bbox 1259 463 1553 534; x_wconf 81' lang='lat' dir='ltr'><strong>penuriam</strong></span> <span class='ocrx_word' id='word_1_10' title='bbox 1564 464 1754 535; x_wconf 63' lang='lat' dir='ltr'><strong>(Ra/)2,</strong></span> <span class='ocrx_word' id='word_1_11' title='bbox 1774 468 1824 528; x_wconf 81' lang='grc' dir='ltr'>Α</span> <span class='ocrx_word' id='word_1_12' title='bbox 1838 465 1944 523; x_wconf 90' lang='lat' dir='ltr'><strong>bus</strong></span> <span class='ocrx_word' id='word_1_13' title='bbox 1972 467 2213 536; x_wconf 83' lang='lat' dir='ltr'><strong>laborat,</strong></span> <span class='ocrx_word' id='word_1_14' title='bbox 2245 470 2303 522; x_wconf 92' lang='lat' dir='ltr'><strong>et</strong></span> <span class='ocrx_word' id='word_1_15' title='bbox 2328 468 2533 522; x_wconf 86' lang='lat' dir='ltr'><strong>iterum</strong></span> <span class='ocrx_word' id='word_1_16' title='bbox 2557 467 2873 534; x_wconf 82' lang='lat' dir='ltr'><strong>relaxatur;</strong></span> <span class='ocrx_word' id='word_1_17' title='bbox 2898 469 2955 521; x_wconf 91' lang='lat' dir='ltr'><strong>et</strong></span> <span class='ocrx_word' id='word_1_18' title='bbox 2981 481 3178 521; x_wconf 78' lang='lat' dir='ltr'><strong>rursus</strong></span> <span class='ocrx_word' id='word_1_19' title='bbox 3196 464 3436 534; x_wconf 84' lang='lat' dir='ltr'><strong>laborat,</strong></span> 
     </span>
    </p>
   </div>
   <div class='ocr_carea' id='block_1_5' title="bbox 156 549 1471 623">
    <p class='ocr_par' dir='ltr' id='par_1_5' title="bbox 156 549 1471 623">
     <span class='ocr_line' id='line_1_5' title="bbox 156 549 1471 623; baseline 0.005 -20"><span class='ocrx_word' id='word_1_20' title='bbox 156 550 257 603; x_wconf 85' lang='lat' dir='ltr'><strong>lib.</strong></span> <span class='ocrx_word' id='word_1_21' title='bbox 288 563 375 617; x_wconf 83' lang='lat' dir='ltr'><strong>Ill,</strong></span> <span class='ocrx_word' id='word_1_22' title='bbox 407 566 469 604; x_wconf 82' lang='grc' dir='ltr'>η.</span> <span class='ocrx_word' id='word_1_23' title='bbox 508 549 636 614; x_wconf 85' lang='grc'><strong>173;</strong></span> <span class='ocrx_word' id='word_1_24' title='bbox 667 552 872 618; x_wconf 83' lang='lat' dir='ltr'><strong>Pelag.,</strong></span> <span class='ocrx_word' id='word_1_25' title='bbox 906 552 1001 604; x_wconf 83' lang='lat' dir='ltr'><strong>lib.</strong></span> <span class='ocrx_word' id='word_1_26' title='bbox 1036 567 1122 615; x_wconf 84' lang='lat' dir='ltr'><strong>xv,</strong></span> <span class='ocrx_word' id='word_1_27' title='bbox 1165 567 1323 607; x_wconf 84' lang='lat' dir='ltr'><strong>num.</strong></span> <span class='ocrx_word' id='word_1_28' title='bbox 1358 552 1471 623; x_wconf 90' lang='lat'><strong>58).</strong></span> 
     </span>
    </p>
   </div>
   <div class='ocr_carea' id='block_1_6' title="bbox 226 636 1759 713">
    <p class='ocr_par' dir='ltr' id='par_1_6' title="bbox 226 636 1759 713">
     <span class='ocr_line' id='line_1_6' title="bbox 226 636 1759 713; baseline 0.003 -21"><span class='ocrx_word' id='word_1_29' title='bbox 226 636 284 691; x_wconf 96' lang='grc'>2.</span> <span class='ocrx_word' id='word_1_30' title='bbox 317 638 516 693; x_wconf 86' lang='lat' dir='ltr'><strong>Frater</strong></span> <span class='ocrx_word' id='word_1_31' title='bbox 544 638 772 710; x_wconf 89' lang='lat' dir='ltr'><strong>quidam</strong></span> <span class='ocrx_word' id='word_1_32' title='bbox 801 638 1059 693; x_wconf 86' lang='lat' dir='ltr'><strong>abbatem</strong></span> <span class='ocrx_word' id='word_1_33' title='bbox 1083 640 1324 696; x_wconf 90' lang='lat' dir='ltr'><strong>Sisoium</strong></span> <span class='ocrx_word' id='word_1_34' title='bbox 1344 642 1656 713; x_wconf 81' lang='lat' dir='ltr'><strong>requisivit,</strong></span> <span class='ocrx_word' id='word_1_35' title='bbox 1678 642 1759 697; x_wconf 88' lang='lat' dir='ltr'><strong>di-</strong></span> 
     </span>
    </p>
   </div>
   <div class='ocr_carea' id='block_1_7' title="bbox 153 727 1760 802">
    <p class='ocr_par' dir='ltr' id='par_1_7' title="bbox 153 727 1760 802">
     <span class='ocr_line' id='line_1_7' title="bbox 153 727 1760 802; baseline 0.004 -21"><span class='ocrx_word' id='word_1_36' title='bbox 153 742 293 781; x_wconf 87' lang='lat' dir='ltr'><strong>cens</strong></span> <span class='ocrx_word' id='word_1_37' title='bbox 322 742 336 783; x_wconf 93' lang='lat'><strong>:</strong></span> <span class='ocrx_word' id='word_1_38' title='bbox 368 727 559 796; x_wconf 80' lang='lat' dir='ltr'><strong>Putas,</strong></span> <span class='ocrx_word' id='word_1_39' title='bbox 591 728 756 795; x_wconf 88' lang='lat' dir='ltr'><strong>abba,</strong></span> <span class='ocrx_word' id='word_1_40' title='bbox 788 728 868 783; x_wconf 92' lang='lat' dir='ltr'><strong>sic</strong></span> <span class='ocrx_word' id='word_1_41' title='bbox 892 729 1058 784; x_wconf 89' lang='lat' dir='ltr'><strong>modo</strong></span> <span class='ocrx_word' id='word_1_42' title='bbox 1085 731 1441 802; x_wconf 85' lang='lat' dir='ltr'><strong>persequitur</strong></span> <span class='ocrx_word' id='word_1_43' title='bbox 1460 732 1760 788; x_wconf 89' lang='lat' dir='ltr'><strong>nosdiabo-</strong></span> 
     </span>
    </p>
   </div>
   <div class='ocr_carea' id='block_1_8' title="bbox 150 815 1757 890">
    <p class='ocr_par' dir='ltr' id='par_1_8' title="bbox 150 815 1757 890">
     <span class='ocr_line' id='line_1_8' title="bbox 150 815 1757 890; baseline 0.003 -19"><span class='ocrx_word' id='word_1_44' title='bbox 150 815 266 883; x_wconf 86' lang='lat' dir='ltr'><strong>lus,</strong></span> <span class='ocrx_word' id='word_1_45' title='bbox 300 816 446 872; x_wconf 87' lang='lat' dir='ltr'><strong>sicut</strong></span> <span class='ocrx_word' id='word_1_46' title='bbox 472 817 735 890; x_wconf 91' lang='lat' dir='ltr'><strong>antiquos</strong></span> <span class='ocrx_word' id='word_1_47' title='bbox 762 819 954 885; x_wconf 73' lang='lat' dir='ltr'><strong>(Ra/7.,</strong></span> <span class='ocrx_word' id='word_1_48' title='bbox 978 821 1075 873; x_wconf 97' lang='lat' dir='ltr'><strong>lib.</strong></span> <span class='ocrx_word' id='word_1_49' title='bbox 1100 834 1250 884; x_wconf 66' lang='lat'><strong>111,11.</strong></span> <span class='ocrx_word' id='word_1_50' title='bbox 1282 820 1385 875; x_wconf 77' lang='grc'><strong>174</strong></span> <span class='ocrx_word' id='word_1_51' title='bbox 1414 839 1427 889; x_wconf 86' lang='grc'><strong>;</strong></span> <span class='ocrx_word' id='word_1_52' title='bbox 1461 824 1667 890; x_wconf 84' lang='lat' dir='ltr'><strong>Pelag.,</strong></span> <span class='ocrx_word' id='word_1_53' title='bbox 1691 825 1757 877; x_wconf 86' lang='lat' dir='ltr'><strong>ti-</strong></span> 
     </span>
    </p>
   </div>
   <div class='ocr_carea' id='block_1_9' title="bbox 153 906 1754 980">
    <p class='ocr_par' dir='ltr' id='par_1_9' title="bbox 153 906 1754 980">
     <span class='ocr_line' id='line_1_9' title="bbox 153 906 1754 980; baseline 0.004 -20"><span class='ocrx_word' id='word_1_54' title='bbox 153 906 291 961; x_wconf 71' lang='lat' dir='ltr'><strong>bell;</strong></span> <span class='ocrx_word' id='word_1_55' title='bbox 316 922 409 973; x_wconf 86' lang='lat' dir='ltr'><strong>xv,</strong></span> <span class='ocrx_word' id='word_1_56' title='bbox 435 923 594 961; x_wconf 80' lang='lat' dir='ltr'><strong>nam.</strong></span> <span class='ocrx_word' id='word_1_57' title='bbox 629 906 716 967; x_wconf 76' lang='lat'><strong>45,-</strong></span> <span class='ocrx_word' id='word_1_58' title='bbox 739 907 763 960; x_wconf 86' lang='lat'><strong><em>?</em></strong></span> <span class='ocrx_word' id='word_1_59' title='bbox 789 908 1098 979; x_wconf 89' lang='lat' dir='ltr'><strong>Respondit</strong></span> <span class='ocrx_word' id='word_1_60' title='bbox 1125 926 1136 962; x_wconf 92' lang='lat'><strong>:</strong></span> <span class='ocrx_word' id='word_1_61' title='bbox 1173 910 1351 980; x_wconf 82' lang='lat' dir='ltr'><strong>Magis</strong></span> <span class='ocrx_word' id='word_1_62' title='bbox 1380 911 1546 965; x_wconf 91' lang='lat' dir='ltr'><strong>modo</strong></span> <span class='ocrx_word' id='word_1_63' title='bbox 1569 910 1754 966; x_wconf 89' lang='lat' dir='ltr'><strong>homi-</strong></span> 
     </span>
    </p>
   </div>
   <div class='ocr_carea' id='block_1_10' title="bbox 152 996 1756 1073">
    <p class='ocr_par' dir='ltr' id='par_1_10' title="bbox 152 996 1756 1073">
     <span class='ocr_line' id='line_1_10' title="bbox 152 996 1756 1073; baseline 0.004 -22"><span class='ocrx_word' id='word_1_64' title='bbox 152 1010 259 1051; x_wconf 89' lang='lat' dir='ltr'><strong>nes</strong></span> <span class='ocrx_word' id='word_1_65' title='bbox 287 1002 494 1052; x_wconf 64' lang='lat' dir='ltr'><strong>nostrae</strong></span> <span class='ocrx_word' id='word_1_66' title='bbox 524 996 703 1051; x_wconf 68' lang='lat' dir='ltr'><strong>aetatis</strong></span> <span class='ocrx_word' id='word_1_67' title='bbox 732 998 1106 1069; x_wconf 86' lang='lat' dir='ltr'><strong>persequitur,</strong></span> <span class='ocrx_word' id='word_1_68' title='bbox 1140 999 1275 1070; x_wconf 88' lang='lat' dir='ltr'><strong>quia</strong></span> <span class='ocrx_word' id='word_1_69' title='bbox 1302 1001 1756 1073; x_wconf 87' lang='lat' dir='ltr'><strong>appropinquant</strong></span> 
     </span>
    </p>
   </div>
   <div class='ocr_carea' id='block_1_11' title="bbox 150 1086 1752 1162">
    <p class='ocr_par' dir='ltr' id='par_1_11' title="bbox 150 1086 1752 1162">
     <span class='ocr_line' id='line_1_11' title="bbox 150 1086 1752 1162; baseline 0.004 -22"><span class='ocrx_word' id='word_1_70' title='bbox 150 1100 369 1157; x_wconf 87' lang='lat' dir='ltr'><strong>genera</strong></span> <span class='ocrx_word' id='word_1_71' title='bbox 379 1101 691 1158; x_wconf 87' lang='lat' dir='ltr'><strong>poenarum,</strong></span> <span class='ocrx_word' id='word_1_72' title='bbox 717 1086 813 1140; x_wconf 91' lang='lat' dir='ltr'><strong>ubi</strong></span> <span class='ocrx_word' id='word_1_73' title='bbox 832 1087 925 1141; x_wconf 91' lang='lat' dir='ltr'><strong>ille</strong></span> <span class='ocrx_word' id='word_1_74' title='bbox 946 1104 1070 1141; x_wconf 89' lang='lat' dir='ltr'><strong>cum</strong></span> <span class='ocrx_word' id='word_1_75' title='bbox 1103 1088 1415 1159; x_wconf 83' lang='lat' dir='ltr'><strong>legionibus</strong></span> <span class='ocrx_word' id='word_1_76' title='bbox 1444 1091 1559 1145; x_wconf 86' lang='lat' dir='ltr'><strong>suis</strong></span> <span class='ocrx_word' id='word_1_77' title='bbox 1571 1108 1752 1162; x_wconf 86' lang='lat' dir='ltr'><strong>angu-</strong></span> 
     </span>
    </p>
   </div>
   <div class='ocr_carea' id='block_1_12' title="bbox 153 1176 1756 1252">
    <p class='ocr_par' dir='ltr' id='par_1_12' title="bbox 153 1176 1756 1252">
     <span class='ocr_line' id='line_1_12' title="bbox 153 1176 1756 1252; baseline 0.004 -23"><span class='ocrx_word' id='word_1_78' title='bbox 153 1180 363 1242; x_wconf 83' lang='lat' dir='ltr'><strong>statur,</strong></span> <span class='ocrx_word' id='word_1_79' title='bbox 377 1176 511 1230; x_wconf 89' lang='lat' dir='ltr'><strong>dum</strong></span> <span class='ocrx_word' id='word_1_80' title='bbox 533 1176 638 1230; x_wconf 88' lang='lat' dir='ltr'><strong>scit</strong></span> <span class='ocrx_word' id='word_1_81' title='bbox 657 1181 940 1247; x_wconf 84' lang='lat' dir='ltr'><strong>stagnum,</strong></span> <span class='ocrx_word' id='word_1_82' title='bbox 960 1177 1055 1231; x_wconf 93' lang='lat' dir='ltr'><strong>ubi</strong></span> <span class='ocrx_word' id='word_1_83' title='bbox 1085 1178 1142 1232; x_wconf 90' lang='lat' dir='ltr'><strong>in</strong></span> <span class='ocrx_word' id='word_1_84' title='bbox 1172 1178 1300 1248; x_wconf 91' lang='lat' dir='ltr'><strong>igne</strong></span> <span class='ocrx_word' id='word_1_85' title='bbox 1319 1184 1376 1233; x_wconf 92' lang='lat' dir='ltr'><strong>et</strong></span> <span class='ocrx_word' id='word_1_86' title='bbox 1390 1181 1658 1252; x_wconf 89' lang='lat' dir='ltr'><strong>sulphure</strong></span> <span class='ocrx_word' id='word_1_87' title='bbox 1669 1197 1756 1235; x_wconf 91' lang='lat' dir='ltr'><strong>ar-</strong></span> 
     </span>
    </p>
   </div>
   <div class='ocr_carea' id='block_1_13' title="bbox 151 1264 1758 1325">
    <p class='ocr_par' dir='ltr' id='par_1_13' title="bbox 151 1264 1758 1325">
     <span class='ocr_line' id='line_1_13' title="bbox 151 1264 1758 1325; baseline 0.004 -6"><span class='ocrx_word' id='word_1_88' title='bbox 151 1280 325 1320; x_wconf 85' lang='lat' dir='ltr'><strong>surus</strong></span> <span class='ocrx_word' id='word_1_89' title='bbox 355 1264 465 1319; x_wconf 89' lang='lat' dir='ltr'><strong>erit</strong></span> <span class='ocrx_word' id='word_1_90' title='bbox 488 1283 500 1319; x_wconf 92' lang='lat'><strong>:</strong></span> <span class='ocrx_word' id='word_1_91' title='bbox 524 1264 650 1319; x_wconf 91' lang='lat' dir='ltr'><strong>ideo</strong></span> <span class='ocrx_word' id='word_1_92' title='bbox 670 1266 988 1321; x_wconf 89' lang='lat' dir='ltr'><strong>hominibus</strong></span> <span class='ocrx_word' id='word_1_93' title='bbox 1010 1266 1446 1323; x_wconf 80' lang='lat' dir='ltr'><strong>infestatur.Nec</strong></span> <span class='ocrx_word' id='word_1_94' title='bbox 1465 1275 1656 1325; x_wconf 91' lang='lat' dir='ltr'><strong>tamen</strong></span> <span class='ocrx_word' id='word_1_95' title='bbox 1674 1270 1758 1325; x_wconf 87' lang='lat' dir='ltr'><strong>in-</strong></span> 
     </span>
    </p>
   </div>
   <div class='ocr_carea' id='block_1_14' title="bbox 151 1354 1758 1429">
    <p class='ocr_par' dir='ltr' id='par_1_14' title="bbox 151 1354 1758 1429">
     <span class='ocr_line' id='line_1_14' title="bbox 151 1354 1758 1429; baseline 0.004 -21"><span class='ocrx_word' id='word_1_96' title='bbox 151 1354 351 1408; x_wconf 82' lang='lat' dir='ltr'><strong>ﬁrmos</strong></span> <span class='ocrx_word' id='word_1_97' title='bbox 383 1369 635 1425; x_wconf 86' lang='lat' dir='ltr'><strong>quosque</strong></span> <span class='ocrx_word' id='word_1_98' title='bbox 663 1355 929 1425; x_wconf 84' lang='lat' dir='ltr'><strong>dignatur</strong></span> <span class='ocrx_word' id='word_1_99' title='bbox 956 1361 1241 1428; x_wconf 87' lang='lat' dir='ltr'><strong>appetere,</strong></span> <span class='ocrx_word' id='word_1_100' title='bbox 1265 1374 1423 1429; x_wconf 90' lang='lat' dir='ltr'><strong>quos,</strong></span> <span class='ocrx_word' id='word_1_101' title='bbox 1455 1358 1551 1413; x_wconf 94' lang='lat' dir='ltr'><strong>ubi</strong></span> <span class='ocrx_word' id='word_1_102' title='bbox 1572 1360 1758 1415; x_wconf 91' lang='lat' dir='ltr'><strong>volue-</strong></span> 
     </span>
    </p>
   </div>
   <div class='ocr_carea' id='block_1_15' title="bbox 149 1443 1755 1521">
    <p class='ocr_par' dir='ltr' id='par_1_15' title="bbox 149 1443 1755 1521">
     <span class='ocr_line' id='line_1_15' title="bbox 149 1443 1755 1521; baseline 0.004 -24"><span class='ocrx_word' id='word_1_103' title='bbox 149 1443 249 1507; x_wconf 91' lang='lat' dir='ltr'><strong>rit,</strong></span> <span class='ocrx_word' id='word_1_104' title='bbox 273 1444 385 1497; x_wconf 90' lang='lat' dir='ltr'><strong>cito</strong></span> <span class='ocrx_word' id='word_1_105' title='bbox 406 1443 711 1511; x_wconf 86' lang='lat' dir='ltr'><strong>subvertit;</strong></span> <span class='ocrx_word' id='word_1_106' title='bbox 736 1446 833 1499; x_wconf 90' lang='lat' dir='ltr'><strong>sed</strong></span> <span class='ocrx_word' id='word_1_107' title='bbox 862 1445 1033 1500; x_wconf 84' lang='lat' dir='ltr'><strong>fortes</strong></span> <span class='ocrx_word' id='word_1_108' title='bbox 1059 1447 1238 1517; x_wconf 90' lang='lat' dir='ltr'><strong>magis</strong></span> <span class='ocrx_word' id='word_1_109' title='bbox 1275 1464 1339 1501; x_wconf 89' lang='lat' dir='ltr'><strong>ac</strong></span> <span class='ocrx_word' id='word_1_110' title='bbox 1358 1464 1592 1519; x_wconf 89' lang='lat' dir='ltr'><strong>magnos</strong></span> <span class='ocrx_word' id='word_1_111' title='bbox 1619 1466 1755 1521; x_wconf 89' lang='lat' dir='ltr'><strong>sup-</strong></span> 
     </span>
    </p>
   </div>
   <div class='ocr_carea' id='block_1_16' title="bbox 150 1532 1487 1606">
    <p class='ocr_par' dir='ltr' id='par_1_16' title="bbox 150 1532 1487 1606">
     <span class='ocr_line' id='line_1_16' title="bbox 150 1532 1487 1606; baseline 0.004 -20"><span class='ocrx_word' id='word_1_112' title='bbox 150 1532 415 1603; x_wconf 89' lang='lat' dir='ltr'><strong>plantare</strong></span> <span class='ocrx_word' id='word_1_113' title='bbox 438 1549 539 1605; x_wconf 90' lang='lat' dir='ltr'><strong>per</strong></span> <span class='ocrx_word' id='word_1_114' title='bbox 565 1533 787 1588; x_wconf 88' lang='lat' dir='ltr'><strong>diversa</strong></span> <span class='ocrx_word' id='word_1_115' title='bbox 814 1535 1122 1606; x_wconf 63' lang='lat' dir='ltr'><strong>praecipitia</strong></span> <span class='ocrx_word' id='word_1_116' title='bbox 1142 1537 1487 1605; x_wconf 85' lang='lat' dir='ltr'><strong>aggreditur.</strong></span> 
     </span>
    </p>
   </div>
   <div class='ocr_carea' id='block_1_17' title="bbox 227 1621 1745 1695">
    <p class='ocr_par' dir='ltr' id='par_1_17' title="bbox 227 1621 1745 1695">
     <span class='ocr_line' id='line_1_17' title="bbox 227 1621 1745 1695; baseline 0.002 -16"><span class='ocrx_word' id='word_1_117' title='bbox 227 1621 279 1679; x_wconf 86' lang='lat'><strong>3.</strong></span> <span class='ocrx_word' id='word_1_118' title='bbox 303 1621 489 1676; x_wconf 87' lang='lat' dir='ltr'><strong>Abbas</strong></span> <span class='ocrx_word' id='word_1_119' title='bbox 518 1622 806 1678; x_wconf 87' lang='lat' dir='ltr'><strong>Pimenius</strong></span> <span class='ocrx_word' id='word_1_120' title='bbox 834 1624 1127 1695; x_wconf 89' lang='lat' dir='ltr'><strong>requisivit</strong></span> <span class='ocrx_word' id='word_1_121' title='bbox 1141 1625 1402 1680; x_wconf 86' lang='lat' dir='ltr'><strong>abbatem</strong></span> <span class='ocrx_word' id='word_1_122' title='bbox 1427 1626 1745 1682; x_wconf 84' lang='lat' dir='ltr'><strong>Abraham:</strong></span> 
     </span>
    </p>
   </div>
   <div class='ocr_carea' id='block_1_18' title="bbox 151 1710 1748 1786">
    <p class='ocr_par' dir='ltr' id='par_1_18' title="bbox 151 1710 1748 1786">
     <span class='ocr_line' id='line_1_18' title="bbox 151 1710 1748 1786; baseline 0.004 -22"><span class='ocrx_word' id='word_1_123' title='bbox 151 1710 645 1774; x_wconf 83' lang='lat' dir='ltr'><strong>Quemadmodum</strong></span> <span class='ocrx_word' id='word_1_124' title='bbox 682 1728 783 1767; x_wconf 92' lang='lat' dir='ltr'><strong>nos</strong></span> <span class='ocrx_word' id='word_1_125' title='bbox 830 1713 1111 1768; x_wconf 68' lang='lat' dir='ltr'><strong>daemones</strong></span> <span class='ocrx_word' id='word_1_126' title='bbox 1157 1714 1491 1786; x_wconf 88' lang='lat' dir='ltr'><strong>impugnant</strong></span> <span class='ocrx_word' id='word_1_127' title='bbox 1523 1718 1748 1785; x_wconf 84' lang='lat' dir='ltr'><strong>(Pelag.,</strong></span> 
     </span>
    </p>
   </div>
   <div class='ocr_carea' id='block_1_19' title="bbox 1840 556 3441 628">
    <p class='ocr_par' dir='ltr' id='par_1_19' title="bbox 1840 556 3441 628">
     <span class='ocr_line' id='line_1_19' title="bbox 1840 556 3441 628; baseline -0.001 -16"><span class='ocrx_word' id='word_1_128' title='bbox 1840 562 1897 612; x_wconf 89' lang='lat' dir='ltr'><strong>et</strong></span> <span class='ocrx_word' id='word_1_129' title='bbox 1915 558 2046 612; x_wconf 87' lang='lat' dir='ltr'><strong>inde</strong></span> <span class='ocrx_word' id='word_1_130' title='bbox 2072 556 2310 628; x_wconf 88' lang='lat' dir='ltr'><strong>negligit</strong></span> <span class='ocrx_word' id='word_1_131' title='bbox 2333 575 2345 611; x_wconf 91' lang='lat'><strong>:</strong></span> <span class='ocrx_word' id='word_1_132' title='bbox 2380 556 2470 611; x_wconf 91' lang='lat' dir='ltr'><strong>hic</strong></span> <span class='ocrx_word' id='word_1_133' title='bbox 2498 557 2639 611; x_wconf 89' lang='lat' dir='ltr'><strong>nihil</strong></span> <span class='ocrx_word' id='word_1_134' title='bbox 2661 556 2795 627; x_wconf 82' lang='lat' dir='ltr'><strong>agit,</strong></span> <span class='ocrx_word' id='word_1_135' title='bbox 2822 572 2924 610; x_wconf 90' lang='lat' dir='ltr'><strong>nec</strong></span> <span class='ocrx_word' id='word_1_136' title='bbox 2943 556 3229 627; x_wconf 79' lang='lat' dir='ltr'><strong>patientiae</strong></span> <span class='ocrx_word' id='word_1_137' title='bbox 3254 572 3441 628; x_wconf 89' lang='lat' dir='ltr'><strong>perse-</strong></span> 
     </span>
    </p>
   </div>
   <div class='ocr_carea' id='block_1_20' title="bbox 1837 645 2499 718">
    <p class='ocr_par' dir='ltr' id='par_1_20' title="bbox 1837 645 2499 718">
     <span class='ocr_line' id='line_1_20' title="bbox 1837 645 2499 718; baseline -0.005 -16"><span class='ocrx_word' id='word_1_138' title='bbox 1837 646 2149 702; x_wconf 88' lang='lat' dir='ltr'><strong>verantiam</strong></span> <span class='ocrx_word' id='word_1_139' title='bbox 2175 645 2499 718; x_wconf 88' lang='lat' dir='ltr'><strong>possidebit.</strong></span> 
     </span>
    </p>
   </div>
   <div class='ocr_carea' id='block_1_21' title="bbox 1908 733 3431 807">
    <p class='ocr_par' dir='ltr' id='par_1_21' title="bbox 1908 733 3431 807">
     <span class='ocr_line' id='line_1_21' title="bbox 1908 733 3431 807; baseline -0.001 -17"><span class='ocrx_word' id='word_1_140' title='bbox 1908 734 1963 790; x_wconf 90' lang='grc'>2.</span> <span class='ocrx_word' id='word_1_141' title='bbox 1993 735 2144 791; x_wconf 84' lang='lat' dir='ltr'><strong>Dixit</strong></span> <span class='ocrx_word' id='word_1_142' title='bbox 2171 752 2369 790; x_wconf 85' lang='lat' dir='ltr'><strong>senex:</strong></span> <span class='ocrx_word' id='word_1_143' title='bbox 2395 734 2541 800; x_wconf 88' lang='lat' dir='ltr'><strong>Quid</strong></span> <span class='ocrx_word' id='word_1_144' title='bbox 2574 739 2661 788; x_wconf 92' lang='lat' dir='ltr'><strong>est</strong></span> <span class='ocrx_word' id='word_1_145' title='bbox 2679 750 2817 806; x_wconf 90' lang='lat' dir='ltr'><strong>opus</strong></span> <span class='ocrx_word' id='word_1_146' title='bbox 2845 734 3090 807; x_wconf 89' lang='lat' dir='ltr'><strong>incipere</strong></span> <span class='ocrx_word' id='word_1_147' title='bbox 3111 733 3431 800; x_wconf 83' lang='lat' dir='ltr'><strong>artiﬁcium,</strong></span> 
     </span>
    </p>
   </div>
   <div class='ocr_carea' id='block_1_22' title="bbox 1839 823 3435 896">
    <p class='ocr_par' dir='ltr' id='par_1_22' title="bbox 1839 823 3435 896">
     <span class='ocr_line' id='line_1_22' title="bbox 1839 823 3435 896; baseline -0.002 -16"><span class='ocrx_word' id='word_1_148' title='bbox 1839 826 1887 880; x_wconf 89' lang='lat' dir='ltr'><strong>si</strong></span> <span class='ocrx_word' id='word_1_149' title='bbox 1916 842 2027 879; x_wconf 87' lang='lat' dir='ltr'><strong>non</strong></span> <span class='ocrx_word' id='word_1_150' title='bbox 2069 825 2250 880; x_wconf 91' lang='lat' dir='ltr'><strong>discat</strong></span> <span class='ocrx_word' id='word_1_151' title='bbox 2276 826 2545 896; x_wconf 85' lang='lat' dir='ltr'><strong>perﬁcere</strong></span> <span class='ocrx_word' id='word_1_152' title='bbox 2574 823 2758 878; x_wconf 85' lang='lat' dir='ltr'><strong>illud?</strong></span> <span class='ocrx_word' id='word_1_153' title='bbox 2806 823 2959 878; x_wconf 91' lang='lat' dir='ltr'><strong>Nihil</strong></span> <span class='ocrx_word' id='word_1_154' title='bbox 2989 828 3075 878; x_wconf 92' lang='lat' dir='ltr'><strong>est</strong></span> <span class='ocrx_word' id='word_1_155' title='bbox 3121 840 3254 895; x_wconf 89' lang='lat' dir='ltr'><strong>ergo</strong></span> <span class='ocrx_word' id='word_1_156' title='bbox 3285 824 3435 894; x_wconf 90' lang='lat' dir='ltr'><strong>quod</strong></span> 
     </span>
    </p>
   </div>
   <div class='ocr_carea' id='block_1_23' title="bbox 1835 910 3432 987">
    <p class='ocr_par' dir='ltr' id='par_1_23' title="bbox 1835 910 3432 987">
     <span class='ocr_line' id='line_1_23' title="bbox 1835 910 3432 987; baseline -0.003 -18"><span class='ocrx_word' id='word_1_157' title='bbox 1835 914 2123 987; x_wconf 90' lang='lat' dir='ltr'><strong>incipitur,</strong></span> <span class='ocrx_word' id='word_1_158' title='bbox 2156 919 2213 969; x_wconf 89' lang='lat' dir='ltr'><strong>et</strong></span> <span class='ocrx_word' id='word_1_159' title='bbox 2242 930 2353 969; x_wconf 90' lang='lat' dir='ltr'><strong>non</strong></span> <span class='ocrx_word' id='word_1_160' title='bbox 2386 913 2675 985; x_wconf 81' lang='lat' dir='ltr'><strong>perficitur</strong></span> <span class='ocrx_word' id='word_1_161' title='bbox 2698 912 2963 981; x_wconf 78' lang='lat' dir='ltr'><strong>(Append.</strong></span> <span class='ocrx_word' id='word_1_162' title='bbox 2988 913 3181 979; x_wconf 60' lang='lat' dir='ltr'><strong>Mart,</strong></span> <span class='ocrx_word' id='word_1_163' title='bbox 3206 928 3266 967; x_wconf 86' lang='grc' dir='ltr'>η.</span> <span class='ocrx_word' id='word_1_164' title='bbox 3287 910 3432 982; x_wconf 84' lang='grc'><strong>102).</strong></span> 
     </span>
    </p>
   </div>
   <div class='ocr_carea' id='block_1_24' title="bbox 2368 1002 2898 1057">
    <p class='ocr_par' dir='ltr' id='par_1_24' title="bbox 2368 1002 2898 1057">
     <span class='ocr_line' id='line_1_24' title="bbox 2368 1002 2898 1057; baseline -0.004 0"><span class='ocrx_word' id='word_1_165' title='bbox 2368 1004 2601 1057; x_wconf 86' lang='lat' dir='ltr'><strong>CAPUT</strong></span> <span class='ocrx_word' id='word_1_166' title='bbox 2641 1002 2898 1057; x_wconf 80' lang='lat' dir='ltr'><strong>XXVIII.</strong></span> 
     </span>
    </p>
   </div>
   <div class='ocr_carea' id='block_1_25' title="bbox 2306 1094 2959 1148">
    <p class='ocr_par' dir='ltr' id='par_1_25' title="bbox 2306 1094 2959 1148">
     <span class='ocr_line' id='line_1_25' title="bbox 2306 1094 2959 1148; baseline -0.008 0"><span class='ocrx_word' id='word_1_167' title='bbox 2306 1095 2378 1148; x_wconf 85' lang='lat' dir='ltr'><strong>De</strong></span> <span class='ocrx_word' id='word_1_168' title='bbox 2408 1094 2591 1146; x_wconf 86' lang='lat' dir='ltr'><strong>labore</strong></span> <span class='ocrx_word' id='word_1_169' title='bbox 2618 1108 2676 1145; x_wconf 84' lang='lat' dir='ltr'><strong>sa</strong></span> <span class='ocrx_word' id='word_1_170' title='bbox 2686 1096 2959 1145; x_wconf 80' lang='lat' dir='ltr'><strong>notorum.</strong></span> 
     </span>
    </p>
   </div>
   <div class='ocr_carea' id='block_1_26' title="bbox 1910 1178 3430 1250">
    <p class='ocr_par' dir='ltr' id='par_1_26' title="bbox 1910 1178 3430 1250">
     <span class='ocr_line' id='line_1_26' title="bbox 1910 1178 3430 1250; baseline -0.003 -13"><span class='ocrx_word' id='word_1_171' title='bbox 1910 1180 1959 1238; x_wconf 87' lang='grc'><strong>1.</strong></span> <span class='ocrx_word' id='word_1_172' title='bbox 1985 1182 2226 1246; x_wconf 87' lang='lat' dir='ltr'><strong>Quidam</strong></span> <span class='ocrx_word' id='word_1_173' title='bbox 2246 1198 2415 1235; x_wconf 83' lang='lat' dir='ltr'><strong>senex</strong></span> <span class='ocrx_word' id='word_1_174' title='bbox 2434 1181 2576 1234; x_wconf 86' lang='lat' dir='ltr'><strong>dixit</strong></span> <span class='ocrx_word' id='word_1_175' title='bbox 2601 1199 2611 1233; x_wconf 91' lang='lat'><strong>:</strong></span> <span class='ocrx_word' id='word_1_176' title='bbox 2638 1181 2828 1250; x_wconf 90' lang='lat' dir='ltr'><strong>Usque</strong></span> <span class='ocrx_word' id='word_1_177' title='bbox 2849 1185 2985 1234; x_wconf 92' lang='lat' dir='ltr'><strong>tunc</strong></span> <span class='ocrx_word' id='word_1_178' title='bbox 3003 1178 3221 1234; x_wconf 88' lang='lat' dir='ltr'><strong>laboret</strong></span> <span class='ocrx_word' id='word_1_179' title='bbox 3242 1180 3430 1245; x_wconf 89' lang='lat' dir='ltr'><strong>homo,</strong></span> 
     </span>
    </p>
   </div>
   <div class='ocr_carea' id='block_1_27' title="bbox 1834 1266 3431 1343">
    <p class='ocr_par' dir='ltr' id='par_1_27' title="bbox 1834 1266 3431 1343">
     <span class='ocr_line' id='line_1_27' title="bbox 1834 1266 3431 1343; baseline -0.002 -16"><span class='ocrx_word' id='word_1_180' title='bbox 1834 1288 2128 1343; x_wconf 90' lang='lat' dir='ltr'><strong>usquequo</strong></span> <span class='ocrx_word' id='word_1_181' title='bbox 2160 1271 2445 1343; x_wconf 81' lang='lat' dir='ltr'><strong>possideat</strong></span> <span class='ocrx_word' id='word_1_182' title='bbox 2467 1270 2750 1324; x_wconf 89' lang='lat' dir='ltr'><strong>Christum</strong></span> <span class='ocrx_word' id='word_1_183' title='bbox 2768 1272 2950 1336; x_wconf 61' lang='lat' dir='ltr'><strong>(Ra/ﬂ,</strong></span> <span class='ocrx_word' id='word_1_184' title='bbox 2976 1271 3071 1322; x_wconf 86' lang='lat' dir='ltr'><strong>lib.</strong></span> <span class='ocrx_word' id='word_1_185' title='bbox 3093 1282 3178 1334; x_wconf 81' lang='grc' dir='ltr'><strong>ιη,</strong></span> <span class='ocrx_word' id='word_1_186' title='bbox 3210 1284 3269 1323; x_wconf 83' lang='lat' dir='ltr'><strong>n.</strong></span> <span class='ocrx_word' id='word_1_187' title='bbox 3292 1266 3431 1335; x_wconf 75' lang='lat'><strong>180).</strong></span> 
     </span>
    </p>
   </div>
   <div class='ocr_carea' id='block_1_28' title="bbox 1836 1356 3433 1428">
    <p class='ocr_par' dir='ltr' id='par_1_28' title="bbox 1836 1356 3433 1428">
     <span class='ocr_line' id='line_1_28' title="bbox 1836 1356 3433 1428; baseline -0.003 -13"><span class='ocrx_word' id='word_1_188' title='bbox 1836 1362 1944 1426; x_wconf 88' lang='lat' dir='ltr'><strong>Qui</strong></span> <span class='ocrx_word' id='word_1_189' title='bbox 1964 1366 2154 1415; x_wconf 90' lang='lat' dir='ltr'><strong>autem</strong></span> <span class='ocrx_word' id='word_1_190' title='bbox 2173 1360 2345 1414; x_wconf 89' lang='lat' dir='ltr'><strong>semel</strong></span> <span class='ocrx_word' id='word_1_191' title='bbox 2375 1358 2535 1412; x_wconf 90' lang='lat' dir='ltr'><strong>illum</strong></span> <span class='ocrx_word' id='word_1_192' title='bbox 2552 1358 2788 1428; x_wconf 89' lang='lat' dir='ltr'><strong>adeptus</strong></span> <span class='ocrx_word' id='word_1_193' title='bbox 2818 1356 3002 1423; x_wconf 87' lang='lat' dir='ltr'><strong>fuerit,</strong></span> <span class='ocrx_word' id='word_1_194' title='bbox 3014 1358 3134 1427; x_wconf 88' lang='lat' dir='ltr'><strong>jam</strong></span> <span class='ocrx_word' id='word_1_195' title='bbox 3154 1373 3265 1411; x_wconf 89' lang='lat' dir='ltr'><strong>non</strong></span> <span class='ocrx_word' id='word_1_196' title='bbox 3284 1357 3433 1427; x_wconf 91' lang='lat' dir='ltr'><strong>peri-</strong></span> 
     </span>
    </p>
   </div>
   <div class='ocr_carea' id='block_1_29' title="bbox 1836 1445 3435 1512">
    <p class='ocr_par' dir='ltr' id='par_1_29' title="bbox 1836 1445 3435 1512">
     <span class='ocr_line' id='line_1_29' title="bbox 1836 1445 3435 1512; baseline -0.004 -7"><span class='ocrx_word' id='word_1_197' title='bbox 1836 1450 2083 1506; x_wconf 90' lang='lat' dir='ltr'><strong>clitatur.</strong></span> <span class='ocrx_word' id='word_1_198' title='bbox 2117 1448 2476 1503; x_wconf 90' lang='lat' dir='ltr'><strong>Permittitur</strong></span> <span class='ocrx_word' id='word_1_199' title='bbox 2502 1452 2694 1501; x_wconf 91' lang='lat' dir='ltr'><strong>tamen</strong></span> <span class='ocrx_word' id='word_1_200' title='bbox 2740 1445 3015 1512; x_wconf 89' lang='lat' dir='ltr'><strong>laborare,</strong></span> <span class='ocrx_word' id='word_1_201' title='bbox 3050 1462 3435 1500; x_wconf 89' lang='lat' dir='ltr'><strong>rememorans</strong></span> 
     </span>
    </p>
   </div>
   <div class='ocr_carea' id='block_1_30' title="bbox 1830 1534 3434 1607">
    <p class='ocr_par' dir='ltr' id='par_1_30' title="bbox 1830 1534 3434 1607">
     <span class='ocr_line' id='line_1_30' title="bbox 1830 1534 3434 1607; baseline -0.004 -12"><span class='ocrx_word' id='word_1_202' title='bbox 1830 1539 2249 1596; x_wconf 88' lang='lat' dir='ltr'><strong>tribulationem</strong></span> <span class='ocrx_word' id='word_1_203' title='bbox 2261 1536 2743 1607; x_wconf 88' lang='lat' dir='ltr'><strong>laboris,undique</strong></span> <span class='ocrx_word' id='word_1_204' title='bbox 2754 1536 3118 1607; x_wconf 89' lang='lat' dir='ltr'><strong>semetipsum</strong></span> <span class='ocrx_word' id='word_1_205' title='bbox 3132 1534 3434 1601; x_wconf 89' lang='lat' dir='ltr'><strong>custodiat,</strong></span> 
     </span>
    </p>
   </div>
   <div class='ocr_carea' id='block_1_31' title="bbox 1832 1623 3432 1685">
    <p class='ocr_par' dir='ltr' id='par_1_31' title="bbox 1832 1623 3432 1685">
     <span class='ocr_line' id='line_1_31' title="bbox 1832 1623 3432 1685; baseline -0.004 -1"><span class='ocrx_word' id='word_1_206' title='bbox 1832 1630 2038 1685; x_wconf 91' lang='lat' dir='ltr'><strong>timens</strong></span> <span class='ocrx_word' id='word_1_207' title='bbox 2057 1645 2129 1683; x_wconf 89' lang='lat' dir='ltr'><strong>ne</strong></span> <span class='ocrx_word' id='word_1_208' title='bbox 2148 1633 2336 1683; x_wconf 89' lang='lat' dir='ltr'><strong>tantos</strong></span> <span class='ocrx_word' id='word_1_209' title='bbox 2350 1625 2571 1681; x_wconf 87' lang='lat' dir='ltr'><strong>labores</strong></span> <span class='ocrx_word' id='word_1_210' title='bbox 2590 1626 2835 1679; x_wconf 87' lang='lat' dir='ltr'><strong>amittat.</strong></span> <span class='ocrx_word' id='word_1_211' title='bbox 2860 1626 3004 1680; x_wconf 91' lang='lat' dir='ltr'><strong>Nam</strong></span> <span class='ocrx_word' id='word_1_212' title='bbox 3027 1630 3085 1679; x_wconf 90' lang='lat' dir='ltr'><strong>et</strong></span> <span class='ocrx_word' id='word_1_213' title='bbox 3098 1624 3243 1679; x_wconf 82' lang='lat' dir='ltr'><strong>ﬁlios</strong></span> <span class='ocrx_word' id='word_1_214' title='bbox 3255 1623 3432 1679; x_wconf 88' lang='lat' dir='ltr'><strong>Israel</strong></span> 
     </span>
    </p>
   </div>
   <div class='ocr_carea' id='block_1_32' title="bbox 1834 1713 3434 1789">
    <p class='ocr_par' dir='ltr' id='par_1_32' title="bbox 1834 1713 3434 1789">
     <span class='ocr_line' id='line_1_32' title="bbox 1834 1713 3434 1789; baseline -0.004 -15"><span class='ocrx_word' id='word_1_215' title='bbox 1834 1719 1960 1774; x_wconf 91' lang='lat' dir='ltr'><strong>ideo</strong></span> <span class='ocrx_word' id='word_1_216' title='bbox 1988 1719 2139 1773; x_wconf 90' lang='lat' dir='ltr'><strong>Deus</strong></span> <span class='ocrx_word' id='word_1_217' title='bbox 2165 1733 2265 1789; x_wconf 91' lang='lat' dir='ltr'><strong>per</strong></span> <span class='ocrx_word' id='word_1_218' title='bbox 2292 1716 2575 1769; x_wconf 90' lang='lat' dir='ltr'><strong>desertum</strong></span> <span class='ocrx_word' id='word_1_219' title='bbox 2598 1713 2974 1786; x_wconf 88' lang='lat' dir='ltr'><strong>quadraginta</strong></span> <span class='ocrx_word' id='word_1_220' title='bbox 2999 1713 3162 1768; x_wconf 88' lang='lat' dir='ltr'><strong>annis</strong></span> <span class='ocrx_word' id='word_1_221' title='bbox 3191 1713 3434 1768; x_wconf 88' lang='lat' dir='ltr'><strong>circum-</strong></span> 
     </span>
    </p>
   </div>
   <div class='ocr_carea' id='block_1_33' title="bbox 152 1798 3435 1883">
    <p class='ocr_par' dir='ltr' id='par_1_33' title="bbox 152 1798 3435 1883">
     <span class='ocr_line' id='line_1_33' title="bbox 152 1798 3435 1883; baseline 0 -27"><span class='ocrx_word' id='word_1_222' title='bbox 152 1802 327 1856; x_wconf 82' lang='lat' dir='ltr'><strong>libell.</strong></span> <span class='ocrx_word' id='word_1_223' title='bbox 359 1816 416 1869; x_wconf 75' lang='grc' dir='ltr'><strong>κ,</strong></span> <span class='ocrx_word' id='word_1_224' title='bbox 454 1817 611 1856; x_wconf 83' lang='lat' dir='ltr'><strong>num.</strong></span> <span class='ocrx_word' id='word_1_225' title='bbox 646 1798 780 1870; x_wconf 71' lang='lat'><strong>62)?</strong></span> <span class='ocrx_word' id='word_1_226' title='bbox 808 1802 905 1857; x_wconf 80' lang='lat' dir='ltr'><strong>Ait</strong></span> <span class='ocrx_word' id='word_1_227' title='bbox 930 1819 1128 1857; x_wconf 83' lang='lat' dir='ltr'><strong>senex:</strong></span> <span class='ocrx_word' id='word_1_228' title='bbox 1154 1804 1446 1859; x_wconf 84' lang='lat' dir='ltr'><strong>Daemones</strong></span> <span class='ocrx_word' id='word_1_229' title='bbox 1464 1805 1751 1861; x_wconf 89' lang='lat' dir='ltr'><strong>nobiscum</strong></span> <span class='ocrx_word' id='word_1_230' title='bbox 1768 1822 1815 1883; x_wconf 81' lang='grc' dir='ltr'>Β</span> <span class='ocrx_word' id='word_1_231' title='bbox 1834 1808 2011 1866; x_wconf 83' lang='lat' dir='ltr'><strong>duxit,</strong></span> <span class='ocrx_word' id='word_1_232' title='bbox 2045 1813 2111 1862; x_wconf 90' lang='lat' dir='ltr'><strong>ut</strong></span> <span class='ocrx_word' id='word_1_233' title='bbox 2138 1809 2578 1861; x_wconf 88' lang='lat' dir='ltr'><strong>rememorantes</strong></span> <span class='ocrx_word' id='word_1_234' title='bbox 2607 1803 2708 1859; x_wconf 65' lang='lat' dir='ltr'><strong>viae</strong></span> <span class='ocrx_word' id='word_1_235' title='bbox 2735 1803 3178 1870; x_wconf 86' lang='lat' dir='ltr'><strong>tribulationem,</strong></span> <span class='ocrx_word' id='word_1_236' title='bbox 3219 1802 3435 1857; x_wconf 88' lang='lat' dir='ltr'><strong>nollent</strong></span> 
     </span>
    </p>
   </div>
   <div class='ocr_carea' id='block_1_34' title="bbox 151 1892 1751 1963">
    <p class='ocr_par' dir='ltr' id='par_1_34' title="bbox 151 1892 1751 1963">
     <span class='ocr_line' id='line_1_34' title="bbox 151 1892 1751 1963; baseline 0.004 -19"><span class='ocrx_word' id='word_1_237' title='bbox 151 1905 270 1945; x_wconf 88' lang='lat' dir='ltr'><strong>non</strong></span> <span class='ocrx_word' id='word_1_238' title='bbox 300 1896 571 1962; x_wconf 88' lang='lat' dir='ltr'><strong>pugnant,</strong></span> <span class='ocrx_word' id='word_1_239' title='bbox 605 1892 740 1963; x_wconf 90' lang='lat' dir='ltr'><strong>quia</strong></span> <span class='ocrx_word' id='word_1_240' title='bbox 768 1893 1083 1947; x_wconf 82' lang='lat' dir='ltr'><strong>voluntates</strong></span> <span class='ocrx_word' id='word_1_241' title='bbox 1113 1910 1308 1949; x_wconf 92' lang='lat' dir='ltr'><strong>eorum</strong></span> <span class='ocrx_word' id='word_1_242' title='bbox 1351 1894 1620 1963; x_wconf 80' lang='lat' dir='ltr'><strong>facimus;</strong></span> <span class='ocrx_word' id='word_1_243' title='bbox 1652 1896 1751 1950; x_wconf 89' lang='lat' dir='ltr'><strong>sed</strong></span> 
     </span>
    </p>
   </div>
   <div class='ocr_carea' id='block_1_35' title="bbox 151 1979 1749 2051">
    <p class='ocr_par' dir='ltr' id='par_1_35' title="bbox 151 1979 1749 2051">
     <span class='ocr_line' id='line_1_35' title="bbox 151 1979 1749 2051; baseline 0.004 -18"><span class='ocrx_word' id='word_1_244' title='bbox 151 1985 364 2035; x_wconf 60' lang='lat' dir='ltr'><strong>nostra</strong></span> <span class='ocrx_word' id='word_1_245' title='bbox 384 1979 544 2035; x_wconf 87' lang='lat' dir='ltr'><strong>nobis</strong></span> <span class='ocrx_word' id='word_1_246' title='bbox 572 1982 886 2037; x_wconf 88' lang='lat' dir='ltr'><strong>voluntates</strong></span> <span class='ocrx_word' id='word_1_247' title='bbox 907 1982 1187 2037; x_wconf 66' lang='lat' dir='ltr'><strong>daemones</strong></span> <span class='ocrx_word' id='word_1_248' title='bbox 1220 1983 1359 2051; x_wconf 70' lang='lat' dir='ltr'><strong>tacti</strong></span> <span class='ocrx_word' id='word_1_249' title='bbox 1388 1989 1538 2051; x_wconf 88' lang='lat' dir='ltr'><strong>sunt,</strong></span> <span class='ocrx_word' id='word_1_250' title='bbox 1562 1990 1618 2039; x_wconf 92' lang='lat' dir='ltr'><strong>et</strong></span> <span class='ocrx_word' id='word_1_251' title='bbox 1647 1984 1749 2039; x_wconf 88' lang='lat' dir='ltr'><strong>tri-</strong></span> 
     </span>
    </p>
   </div>
   <div class='ocr_carea' id='block_1_36' title="bbox 150 2067 1749 2144">
    <p class='ocr_par' dir='ltr' id='par_1_36' title="bbox 150 2067 1749 2144">
     <span class='ocr_line' id='line_1_36' title="bbox 150 2067 1749 2144; baseline 0.003 -21"><span class='ocrx_word' id='word_1_252' title='bbox 150 2067 355 2123; x_wconf 90' lang='lat' dir='ltr'><strong>bulant</strong></span> <span class='ocrx_word' id='word_1_253' title='bbox 382 2085 506 2124; x_wconf 90' lang='lat' dir='ltr'><strong>nos.</strong></span> <span class='ocrx_word' id='word_1_254' title='bbox 544 2070 703 2125; x_wconf 86' lang='lat' dir='ltr'><strong>Unde</strong></span> <span class='ocrx_word' id='word_1_255' title='bbox 732 2071 1057 2142; x_wconf 84' lang='lat' dir='ltr'><strong>Apostolus:</strong></span> <span class='ocrx_word' id='word_1_256' title='bbox 1097 2073 1240 2127; x_wconf 89' lang='lat' dir='ltr'><strong>Caro</strong></span> <span class='ocrx_word' id='word_1_257' title='bbox 1269 2074 1612 2144; x_wconf 89' lang='lat' dir='ltr'><strong>concupiscit</strong></span> <span class='ocrx_word' id='word_1_258' title='bbox 1648 2074 1749 2128; x_wconf 86' lang='lat' dir='ltr'><strong>ad-</strong></span> 
     </span>
    </p>
   </div>
   <div class='ocr_carea' id='block_1_37' title="bbox 150 2158 1752 2232">
    <p class='ocr_par' dir='ltr' id='par_1_37' title="bbox 150 2158 1752 2232">
     <span class='ocr_line' id='line_1_37' title="bbox 150 2158 1752 2232; baseline 0.005 -22"><span class='ocrx_word' id='word_1_259' title='bbox 150 2174 350 2213; x_wconf 89' lang='lat' dir='ltr'><strong>versus</strong></span> <span class='ocrx_word' id='word_1_260' title='bbox 376 2158 655 2230; x_wconf 88' lang='lat' dir='ltr'><strong>spiritum,</strong></span> <span class='ocrx_word' id='word_1_261' title='bbox 673 2159 904 2232; x_wconf 87' lang='lat' dir='ltr'><strong>spiritus</strong></span> <span class='ocrx_word' id='word_1_262' title='bbox 932 2168 1119 2215; x_wconf 91' lang='lat' dir='ltr'><strong>autem</strong></span> <span class='ocrx_word' id='word_1_263' title='bbox 1142 2162 1406 2217; x_wconf 87' lang='lat' dir='ltr'><strong>adversus</strong></span> <span class='ocrx_word' id='word_1_264' title='bbox 1418 2179 1664 2229; x_wconf 89' lang='lat' dir='ltr'><strong>carnem,</strong></span> <span class='ocrx_word' id='word_1_265' title='bbox 1688 2169 1752 2218; x_wconf 90' lang='lat' dir='ltr'><strong>ut</strong></span> 
     </span>
    </p>
   </div>
   <div class='ocr_carea' id='block_1_38' title="bbox 150 2249 1751 2323">
    <p class='ocr_par' dir='ltr' id='par_1_38' title="bbox 150 2249 1751 2323">
     <span class='ocr_line' id='line_1_38' title="bbox 150 2249 1751 2323; baseline 0.004 -22"><span class='ocrx_word' id='word_1_266' title='bbox 150 2262 270 2301; x_wconf 90' lang='lat' dir='ltr'><strong>non</strong></span> <span class='ocrx_word' id='word_1_267' title='bbox 301 2264 647 2321; x_wconf 75' lang='lat' dir='ltr'><strong>quaecunque</strong></span> <span class='ocrx_word' id='word_1_268' title='bbox 671 2249 855 2316; x_wconf 90' lang='lat' dir='ltr'><strong>vultis,</strong></span> <span class='ocrx_word' id='word_1_269' title='bbox 888 2250 984 2304; x_wconf 90' lang='lat' dir='ltr'><strong>illa</strong></span> <span class='ocrx_word' id='word_1_270' title='bbox 1012 2250 1231 2305; x_wconf 79' lang='lat' dir='ltr'><strong>faciatis</strong></span> <span class='ocrx_word' id='word_1_271' title='bbox 1274 2252 1468 2319; x_wconf 87' lang='lat' dir='ltr'><strong>(Galat.</strong></span> <span class='ocrx_word' id='word_1_272' title='bbox 1498 2252 1576 2323; x_wconf 91' lang='lat' dir='ltr'><strong>v).</strong></span> <span class='ocrx_word' id='word_1_273' title='bbox 1601 2254 1751 2308; x_wconf 91' lang='lat' dir='ltr'><strong>Num</strong></span> 
     </span>
    </p>
   </div>
   <div class='ocr_carea' id='block_1_39' title="bbox 147 2335 1750 2411">
    <p class='ocr_par' dir='ltr' id='par_1_39' title="bbox 147 2335 1750 2411">
     <span class='ocr_line' id='line_1_39' title="bbox 147 2335 1750 2411; baseline 0.004 -21"><span class='ocrx_word' id='word_1_274' title='bbox 147 2335 236 2391; x_wconf 78' lang='lat' dir='ltr'><strong>vis</strong></span> <span class='ocrx_word' id='word_1_275' title='bbox 264 2336 409 2391; x_wconf 88' lang='lat' dir='ltr'><strong>scire</strong></span> <span class='ocrx_word' id='word_1_276' title='bbox 437 2354 564 2392; x_wconf 90' lang='lat' dir='ltr'><strong>cum</strong></span> <span class='ocrx_word' id='word_1_277' title='bbox 596 2338 799 2409; x_wconf 89' lang='lat' dir='ltr'><strong>quibus</strong></span> <span class='ocrx_word' id='word_1_278' title='bbox 833 2338 1115 2394; x_wconf 71' lang='lat' dir='ltr'><strong>daemones</strong></span> <span class='ocrx_word' id='word_1_279' title='bbox 1152 2342 1578 2411; x_wconf 86' lang='lat' dir='ltr'><strong>pugnaverunt?</strong></span> <span class='ocrx_word' id='word_1_280' title='bbox 1622 2359 1750 2397; x_wconf 91' lang='lat' dir='ltr'><strong>cum</strong></span> 
     </span>
    </p>
   </div>
   <div class='ocr_carea' id='block_1_40' title="bbox 1832 1898 2377 1953">
    <p class='ocr_par' dir='ltr' id='par_1_40' title="bbox 1832 1898 2377 1953">
     <span class='ocr_line' id='line_1_40' title="bbox 1832 1898 2377 1953; baseline -0.009 0"><span class='ocrx_word' id='word_1_281' title='bbox 1832 1898 2017 1953; x_wconf 87' lang='lat' dir='ltr'><strong>redire</strong></span> <span class='ocrx_word' id='word_1_282' title='bbox 2047 1901 2377 1951; x_wconf 86' lang='lat' dir='ltr'><strong>retrorsum.</strong></span> 
     </span>
    </p>
   </div>
   <div class='ocr_carea' id='block_1_41' title="bbox 1902 1980 3431 2055">
    <p class='ocr_par' dir='ltr' id='par_1_41' title="bbox 1902 1980 3431 2055">
     <span class='ocr_line' id='line_1_41' title="bbox 1902 1980 3431 2055; baseline -0.003 -14"><span class='ocrx_word' id='word_1_283' title='bbox 1902 1986 2200 2051; x_wconf 82' lang='lat' dir='ltr'><strong>2.Quidam</strong></span> <span class='ocrx_word' id='word_1_284' title='bbox 2216 1985 2389 2039; x_wconf 85' lang='lat' dir='ltr'><strong>frater</strong></span> <span class='ocrx_word' id='word_1_285' title='bbox 2414 1982 2706 2055; x_wconf 89' lang='lat' dir='ltr'><strong>requisivit</strong></span> <span class='ocrx_word' id='word_1_286' title='bbox 2722 1997 2912 2036; x_wconf 89' lang='lat' dir='ltr'><strong>senem</strong></span> <span class='ocrx_word' id='word_1_287' title='bbox 2927 1980 3431 2047; x_wconf 87' lang='lat' dir='ltr'><strong>:Quemadmodum</strong></span> 
     </span>
    </p>
   </div>
   <div class='ocr_carea' id='block_1_42' title="bbox 1830 2070 3433 2144">
    <p class='ocr_par' dir='ltr' id='par_1_42' title="bbox 1830 2070 3433 2144">
     <span class='ocr_line' id='line_1_42' title="bbox 1830 2070 3433 2144; baseline -0.004 -15"><span class='ocrx_word' id='word_1_288' title='bbox 1830 2074 2092 2130; x_wconf 89' lang='lat' dir='ltr'><strong>laborant</strong></span> <span class='ocrx_word' id='word_1_289' title='bbox 2117 2073 2465 2144; x_wconf 88' lang='lat' dir='ltr'><strong>postulantes</strong></span> <span class='ocrx_word' id='word_1_290' title='bbox 2485 2072 2554 2125; x_wconf 92' lang='lat' dir='ltr'><strong>de</strong></span> <span class='ocrx_word' id='word_1_291' title='bbox 2572 2070 2904 2125; x_wconf 88' lang='lat' dir='ltr'><strong>remissione</strong></span> <span class='ocrx_word' id='word_1_292' title='bbox 2916 2074 3269 2141; x_wconf 89' lang='lat' dir='ltr'><strong>peccatorum</strong></span> <span class='ocrx_word' id='word_1_293' title='bbox 3283 2070 3308 2122; x_wconf 70' lang='grc' dir='ltr'><strong>’ἔ</strong></span> <span class='ocrx_word' id='word_1_294' title='bbox 3328 2070 3433 2124; x_wconf 89' lang='lat' dir='ltr'><strong>Re-</strong></span> 
     </span>
    </p>
   </div>
   <div class='ocr_carea' id='block_1_43' title="bbox 1833 2158 3432 2236">
    <p class='ocr_par' dir='ltr' id='par_1_43' title="bbox 1833 2158 3432 2236">
     <span class='ocr_line' id='line_1_43' title="bbox 1833 2158 3432 2236; baseline -0.004 -17"><span class='ocrx_word' id='word_1_295' title='bbox 1833 2164 2059 2236; x_wconf 90' lang='lat' dir='ltr'><strong>spondit</strong></span> <span class='ocrx_word' id='word_1_296' title='bbox 2093 2179 2260 2217; x_wconf 88' lang='lat' dir='ltr'><strong>senex</strong></span> <span class='ocrx_word' id='word_1_297' title='bbox 2287 2179 2298 2214; x_wconf 92' lang='lat'><strong>:</strong></span> <span class='ocrx_word' id='word_1_298' title='bbox 2333 2162 2651 2232; x_wconf 86' lang='lat' dir='ltr'><strong>Antequam</strong></span> <span class='ocrx_word' id='word_1_299' title='bbox 2680 2159 2975 2231; x_wconf 86' lang='lat' dir='ltr'><strong>perveniat</strong></span> <span class='ocrx_word' id='word_1_300' title='bbox 3004 2159 3065 2213; x_wconf 85' lang='lat' dir='ltr'><strong>in</strong></span> <span class='ocrx_word' id='word_1_301' title='bbox 3110 2175 3205 2213; x_wconf 91' lang='lat' dir='ltr'><strong>eos</strong></span> <span class='ocrx_word' id='word_1_302' title='bbox 3244 2158 3432 2230; x_wconf 88' lang='lat' dir='ltr'><strong>gratia</strong></span> 
     </span>
    </p>
   </div>
   <div class='ocr_carea' id='block_1_44' title="bbox 1834 2246 3431 2326">
    <p class='ocr_par' dir='ltr' id='par_1_44' title="bbox 1834 2246 3431 2326">
     <span class='ocr_line' id='line_1_44' title="bbox 1834 2246 3431 2326; baseline -0.005 -17"><span class='ocrx_word' id='word_1_303' title='bbox 1834 2269 1957 2326; x_wconf 86' lang='lat' dir='ltr'><strong>quae</strong></span> <span class='ocrx_word' id='word_1_304' title='bbox 1977 2257 2172 2317; x_wconf 61' lang='lat'><strong>6&#39;29</strong></span> <span class='ocrx_word' id='word_1_305' title='bbox 2199 2255 2463 2323; x_wconf 88' lang='lat' dir='ltr'><strong>operetur</strong></span> <span class='ocrx_word' id='word_1_306' title='bbox 2492 2266 2591 2321; x_wconf 91' lang='lat' dir='ltr'><strong>pro</strong></span> <span class='ocrx_word' id='word_1_307' title='bbox 2612 2248 2803 2303; x_wconf 88' lang='lat' dir='ltr'><strong>labore</strong></span> <span class='ocrx_word' id='word_1_308' title='bbox 2822 2248 3092 2321; x_wconf 87' lang='lat' dir='ltr'><strong>ipsorum,</strong></span> <span class='ocrx_word' id='word_1_309' title='bbox 3112 2248 3219 2319; x_wconf 91' lang='lat' dir='ltr'><strong>ipsi</strong></span> <span class='ocrx_word' id='word_1_310' title='bbox 3238 2246 3431 2319; x_wconf 89' lang='lat' dir='ltr'><strong>pallidi</strong></span> 
     </span>
    </p>
   </div>
   <div class='ocr_carea' id='block_1_45' title="bbox 1833 2336 3434 2411">
    <p class='ocr_par' dir='ltr' id='par_1_45' title="bbox 1833 2336 3434 2411">
     <span class='ocr_line' id='line_1_45' title="bbox 1833 2336 3434 2411; baseline -0.004 -14"><span class='ocrx_word' id='word_1_311' title='bbox 1833 2349 1891 2398; x_wconf 92' lang='lat' dir='ltr'><strong>et</strong></span> <span class='ocrx_word' id='word_1_312' title='bbox 1908 2343 1966 2397; x_wconf 91' lang='lat' dir='ltr'><strong>in</strong></span> <span class='ocrx_word' id='word_1_313' title='bbox 1983 2341 2173 2396; x_wconf 89' lang='lat' dir='ltr'><strong>labore</strong></span> <span class='ocrx_word' id='word_1_314' title='bbox 2196 2345 2328 2395; x_wconf 90' lang='lat' dir='ltr'><strong>sunt</strong></span> <span class='ocrx_word' id='word_1_315' title='bbox 2351 2361 2365 2402; x_wconf 90' lang='lat'><strong>;</strong></span> <span class='ocrx_word' id='word_1_316' title='bbox 2388 2356 2558 2411; x_wconf 88' lang='lat' dir='ltr'><strong>super</strong></span> <span class='ocrx_word' id='word_1_317' title='bbox 2578 2355 2718 2410; x_wconf 91' lang='lat' dir='ltr'><strong>quos</strong></span> <span class='ocrx_word' id='word_1_318' title='bbox 2736 2354 2863 2392; x_wconf 90' lang='lat' dir='ltr'><strong>vero</strong></span> <span class='ocrx_word' id='word_1_319' title='bbox 2885 2355 2950 2391; x_wconf 89' lang='lat' dir='ltr'><strong>ex</strong></span> <span class='ocrx_word' id='word_1_320' title='bbox 2966 2337 3139 2410; x_wconf 89' lang='lat' dir='ltr'><strong>priori</strong></span> <span class='ocrx_word' id='word_1_321' title='bbox 3160 2336 3434 2408; x_wconf 89' lang='lat' dir='ltr'><strong>patientia</strong></span> 
     </span>
    </p>
   </div>
   <div class='ocr_carea' id='block_1_46' title="bbox 148 2424 3433 2503">
    <p class='ocr_par' dir='ltr' id='par_1_46' title="bbox 148 2424 3433 2503">
     <span class='ocr_line' id='line_1_46' title="bbox 148 2424 3433 2503; baseline 0 -24"><span class='ocrx_word' id='word_1_322' title='bbox 148 2424 360 2480; x_wconf 87' lang='lat' dir='ltr'><strong>abbate</strong></span> <span class='ocrx_word' id='word_1_323' title='bbox 389 2427 598 2499; x_wconf 79' lang='lat' dir='ltr'><strong>Moyse,</strong></span> <span class='ocrx_word' id='word_1_324' title='bbox 632 2433 692 2482; x_wconf 91' lang='lat' dir='ltr'><strong>et</strong></span> <span class='ocrx_word' id='word_1_325' title='bbox 722 2428 999 2482; x_wconf 90' lang='lat' dir='ltr'><strong>similibus</strong></span> <span class='ocrx_word' id='word_1_326' title='bbox 1017 2430 1170 2499; x_wconf 87' lang='lat' dir='ltr'><strong>ejus;</strong></span> <span class='ocrx_word' id='word_1_327' title='bbox 1206 2446 1306 2484; x_wconf 89' lang='lat' dir='ltr'><strong>nos</strong></span> <span class='ocrx_word' id='word_1_328' title='bbox 1335 2435 1522 2485; x_wconf 89' lang='lat' dir='ltr'><strong>autem</strong></span> <span class='ocrx_word' id='word_1_329' title='bbox 1560 2432 1753 2487; x_wconf 89' lang='lat' dir='ltr'><strong>volun-</strong></span> <span class='ocrx_word' id='word_1_330' title='bbox 1827 2433 1947 2503; x_wconf 87' lang='lat' dir='ltr'><strong>jam</strong></span> <span class='ocrx_word' id='word_1_331' title='bbox 1972 2430 2155 2501; x_wconf 89' lang='lat' dir='ltr'><strong>gratia</strong></span> <span class='ocrx_word' id='word_1_332' title='bbox 2178 2429 2389 2484; x_wconf 90' lang='lat' dir='ltr'><strong>Christi</strong></span> <span class='ocrx_word' id='word_1_333' title='bbox 2412 2428 2682 2500; x_wconf 88' lang='lat' dir='ltr'><strong>pervenit,</strong></span> <span class='ocrx_word' id='word_1_334' title='bbox 2702 2427 2795 2481; x_wconf 92' lang='lat' dir='ltr'><strong>isti</strong></span> <span class='ocrx_word' id='word_1_335' title='bbox 2826 2427 3051 2494; x_wconf 83' lang='lat' dir='ltr'><strong>ﬂorent,</strong></span> <span class='ocrx_word' id='word_1_336' title='bbox 3070 2431 3127 2480; x_wconf 92' lang='lat' dir='ltr'><strong>et</strong></span> <span class='ocrx_word' id='word_1_337' title='bbox 3147 2426 3433 2481; x_wconf 84' lang='lat' dir='ltr'><strong>exsultant</strong></span> 
     </span>
    </p>
   </div>
   <div class='ocr_carea' id='block_1_47' title="bbox 145 2515 1109 2589">
    <p class='ocr_par' dir='ltr' id='par_1_47' title="bbox 145 2515 1109 2589">
     <span class='ocr_line' id='line_1_47' title="bbox 145 2515 1109 2589; baseline 0.003 -20"><span class='ocrx_word' id='word_1_338' title='bbox 145 2520 302 2570; x_wconf 88' lang='lat' dir='ltr'><strong>tates</strong></span> <span class='ocrx_word' id='word_1_339' title='bbox 330 2515 515 2570; x_wconf 89' lang='lat' dir='ltr'><strong>cordis</strong></span> <span class='ocrx_word' id='word_1_340' title='bbox 543 2517 722 2571; x_wconf 78' lang='lat' dir='ltr'><strong>nostri</strong></span> <span class='ocrx_word' id='word_1_341' title='bbox 752 2516 1109 2589; x_wconf 90' lang='lat' dir='ltr'><strong>impugnant.</strong></span> 
     </span>
    </p>
   </div>
   <div class='ocr_carea' id='block_1_48' title="bbox 224 2603 1748 2681">
    <p class='ocr_par' dir='ltr' id='par_1_48' title="bbox 224 2603 1748 2681">
     <span class='ocr_line' id='line_1_48' title="bbox 224 2603 1748 2681; baseline 0.004 -22"><span class='ocrx_word' id='word_1_342' title='bbox 224 2603 279 2659; x_wconf 80' lang='grc'>4.</span> <span class='ocrx_word' id='word_1_343' title='bbox 314 2604 553 2669; x_wconf 89' lang='lat' dir='ltr'><strong>Quidam</strong></span> <span class='ocrx_word' id='word_1_344' title='bbox 571 2606 746 2661; x_wconf 89' lang='lat' dir='ltr'><strong>frater</strong></span> <span class='ocrx_word' id='word_1_345' title='bbox 770 2608 1064 2676; x_wconf 88' lang='lat' dir='ltr'><strong>requisivit</strong></span> <span class='ocrx_word' id='word_1_346' title='bbox 1086 2607 1343 2663; x_wconf 87' lang='lat' dir='ltr'><strong>abbatem</strong></span> <span class='ocrx_word' id='word_1_347' title='bbox 1355 2609 1748 2681; x_wconf 83' lang='lat' dir='ltr'><strong>Achillem[Al.</strong></span> 
     </span>
    </p>
   </div>
   <div class='ocr_carea' id='block_1_49' title="bbox 144 2691 1755 2771">
    <p class='ocr_par' dir='ltr' id='par_1_49' title="bbox 144 2691 1755 2771">
     <span class='ocr_line' id='line_1_49' title="bbox 144 2691 1755 2771; baseline 0.004 -23"><span class='ocrx_word' id='word_1_348' title='bbox 144 2691 526 2767; x_wconf 85' lang='lat' dir='ltr'><strong>Achilleum]:</strong></span> <span class='ocrx_word' id='word_1_349' title='bbox 552 2695 1032 2760; x_wconf 89' lang='lat' dir='ltr'><strong>Quemadmodum</strong></span> <span class='ocrx_word' id='word_1_350' title='bbox 1064 2698 1359 2752; x_wconf 89' lang='lat' dir='ltr'><strong>adversum</strong></span> <span class='ocrx_word' id='word_1_351' title='bbox 1388 2715 1489 2753; x_wconf 91' lang='lat' dir='ltr'><strong>nos</strong></span> <span class='ocrx_word' id='word_1_352' title='bbox 1518 2705 1755 2771; x_wconf 90' lang='lat' dir='ltr'><strong>possunt</strong></span> 
     </span>
    </p>
   </div>
   <div class='ocr_carea' id='block_1_50' title="bbox 147 2782 1749 2855">
    <p class='ocr_par' dir='ltr' id='par_1_50' title="bbox 147 2782 1749 2855">
     <span class='ocr_line' id='line_1_50' title="bbox 147 2782 1749 2855; baseline 0.004 -19"><span class='ocrx_word' id='word_1_353' title='bbox 147 2782 470 2837; x_wconf 70' lang='lat' dir='ltr'><strong>daemones?</strong></span> <span class='ocrx_word' id='word_1_354' title='bbox 496 2784 981 2855; x_wconf 86' lang='lat' dir='ltr'><strong>Responditsenex</strong></span> <span class='ocrx_word' id='word_1_355' title='bbox 1007 2804 1017 2839; x_wconf 93' lang='lat'><strong>:</strong></span> <span class='ocrx_word' id='word_1_356' title='bbox 1043 2787 1152 2841; x_wconf 91' lang='lat' dir='ltr'><strong>Per</strong></span> <span class='ocrx_word' id='word_1_357' title='bbox 1166 2788 1479 2843; x_wconf 86' lang='lat' dir='ltr'><strong>voluntates</strong></span> <span class='ocrx_word' id='word_1_358' title='bbox 1509 2796 1749 2845; x_wconf 90' lang='lat' dir='ltr'><strong>nostras.</strong></span> 
     </span>
    </p>
   </div>
   <div class='ocr_carea' id='block_1_51' title="bbox 149 2872 1752 2946">
    <p class='ocr_par' dir='ltr' id='par_1_51' title="bbox 149 2872 1752 2946">
     <span class='ocr_line' id='line_1_51' title="bbox 149 2872 1752 2946; baseline 0.004 -19"><span class='ocrx_word' id='word_1_359' title='bbox 149 2872 223 2927; x_wconf 88' lang='lat' dir='ltr'><strong>Et</strong></span> <span class='ocrx_word' id='word_1_360' title='bbox 253 2872 479 2942; x_wconf 85' lang='lat' dir='ltr'><strong>adjecit,</strong></span> <span class='ocrx_word' id='word_1_361' title='bbox 511 2873 730 2928; x_wconf 89' lang='lat' dir='ltr'><strong>dicens:</strong></span> <span class='ocrx_word' id='word_1_362' title='bbox 791 2875 971 2946; x_wconf 87' lang='lat' dir='ltr'><strong>Ligna</strong></span> <span class='ocrx_word' id='word_1_363' title='bbox 999 2876 1196 2930; x_wconf 89' lang='lat' dir='ltr'><strong>Libani</strong></span> <span class='ocrx_word' id='word_1_364' title='bbox 1222 2878 1515 2932; x_wconf 82' lang='lat' dir='ltr'><strong>dixerunt:</strong></span> <span class='ocrx_word' id='word_1_365' title='bbox 1574 2879 1752 2943; x_wconf 87' lang='lat' dir='ltr'><strong>Quam</strong></span> 
     </span>
    </p>
   </div>
   <div class='ocr_carea' id='block_1_52' title="bbox 146 2960 1756 3036">
    <p class='ocr_par' dir='ltr' id='par_1_52' title="bbox 146 2960 1756 3036">
     <span class='ocr_line' id='line_1_52' title="bbox 146 2960 1756 3036; baseline 0.006 -23"><span class='ocrx_word' id='word_1_366' title='bbox 146 2960 398 3031; x_wconf 89' lang='lat' dir='ltr'><strong>grandia</strong></span> <span class='ocrx_word' id='word_1_367' title='bbox 426 2978 621 3016; x_wconf 89' lang='lat' dir='ltr'><strong>sumus</strong></span> <span class='ocrx_word' id='word_1_368' title='bbox 638 2968 694 3017; x_wconf 90' lang='lat' dir='ltr'><strong>et</strong></span> <span class='ocrx_word' id='word_1_369' title='bbox 722 2963 854 3031; x_wconf 85' lang='lat' dir='ltr'><strong>alta,</strong></span> <span class='ocrx_word' id='word_1_370' title='bbox 882 2970 940 3018; x_wconf 90' lang='lat' dir='ltr'><strong>et</strong></span> <span class='ocrx_word' id='word_1_371' title='bbox 971 2966 1299 3036; x_wconf 89' lang='lat' dir='ltr'><strong>parvissimo</strong></span> <span class='ocrx_word' id='word_1_372' title='bbox 1316 2966 1655 3023; x_wconf 85' lang='lat' dir='ltr'><strong>ferramento</strong></span> <span class='ocrx_word' id='word_1_373' title='bbox 1675 2968 1756 3023; x_wconf 90' lang='lat' dir='ltr'><strong>in-</strong></span> 
     </span>
    </p>
   </div>
   <div class='ocr_carea' id='block_1_53' title="bbox 149 3049 1755 3122">
    <p class='ocr_par' dir='ltr' id='par_1_53' title="bbox 149 3049 1755 3122">
     <span class='ocr_line' id='line_1_53' title="bbox 149 3049 1755 3122; baseline 0.006 -19"><span class='ocrx_word' id='word_1_374' title='bbox 149 3049 416 3105; x_wconf 90' lang='lat' dir='ltr'><strong>cidimur.</strong></span> <span class='ocrx_word' id='word_1_375' title='bbox 450 3051 605 3105; x_wconf 87' lang='lat' dir='ltr'><strong>Nihil</strong></span> <span class='ocrx_word' id='word_1_376' title='bbox 630 3068 763 3122; x_wconf 83' lang='lat' dir='ltr'><strong>ergo</strong></span> <span class='ocrx_word' id='word_1_377' title='bbox 794 3053 844 3107; x_wconf 92' lang='lat' dir='ltr'><strong>ei</strong></span> <span class='ocrx_word' id='word_1_378' title='bbox 870 3054 1067 3109; x_wconf 88' lang='lat' dir='ltr'><strong>demus</strong></span> <span class='ocrx_word' id='word_1_379' title='bbox 1098 3072 1163 3109; x_wconf 89' lang='lat' dir='ltr'><strong>ex</strong></span> <span class='ocrx_word' id='word_1_380' title='bbox 1206 3055 1385 3121; x_wconf 91' lang='lat' dir='ltr'><strong>nobis,</strong></span> <span class='ocrx_word' id='word_1_381' title='bbox 1418 3062 1475 3110; x_wconf 93' lang='lat' dir='ltr'><strong>et</strong></span> <span class='ocrx_word' id='word_1_382' title='bbox 1514 3073 1615 3112; x_wconf 89' lang='lat' dir='ltr'><strong>nos</strong></span> <span class='ocrx_word' id='word_1_383' title='bbox 1642 3074 1755 3112; x_wconf 92' lang='lat' dir='ltr'><strong>non</strong></span> 
     </span>
    </p>
   </div>
   <div class='ocr_carea' id='block_1_54' title="bbox 1836 2515 3424 2583">
    <p class='ocr_par' dir='ltr' id='par_1_54' title="bbox 1836 2515 3424 2583">
     <span class='ocr_line' id='line_1_54' title="bbox 1836 2515 3424 2583; baseline -0.004 -8"><span class='ocrx_word' id='word_1_384' title='bbox 1836 2520 2037 2576; x_wconf 66' lang='lat' dir='ltr'><strong>anima:</strong></span> <span class='ocrx_word' id='word_1_385' title='bbox 2069 2535 2283 2583; x_wconf 92' lang='lat' dir='ltr'><strong>eorum,</strong></span> <span class='ocrx_word' id='word_1_386' title='bbox 2341 2527 2398 2572; x_wconf 93' lang='lat' dir='ltr'><strong>et</strong></span> <span class='ocrx_word' id='word_1_387' title='bbox 2427 2517 2594 2572; x_wconf 87' lang='lat' dir='ltr'><strong>facies</strong></span> <span class='ocrx_word' id='word_1_388' title='bbox 2626 2533 2822 2571; x_wconf 92' lang='lat' dir='ltr'><strong>eorum</strong></span> <span class='ocrx_word' id='word_1_389' title='bbox 2850 2517 3003 2570; x_wconf 90' lang='lat' dir='ltr'><strong>clara</strong></span> <span class='ocrx_word' id='word_1_390' title='bbox 3032 2521 3120 2571; x_wconf 91' lang='lat' dir='ltr'><strong>est</strong></span> <span class='ocrx_word' id='word_1_391' title='bbox 3146 2515 3291 2569; x_wconf 93' lang='lat' dir='ltr'><strong>sicut</strong></span> <span class='ocrx_word' id='word_1_392' title='bbox 3319 2515 3424 2580; x_wconf 91' lang='lat' dir='ltr'><strong>sol,</strong></span> 
     </span>
    </p>
   </div>
   <div class='ocr_carea' id='block_1_55' title="bbox 1834 2604 3429 2676">
    <p class='ocr_par' dir='ltr' id='par_1_55' title="bbox 1834 2604 3429 2676">
     <span class='ocr_line' id='line_1_55' title="bbox 1834 2604 3429 2676; baseline -0.005 -11"><span class='ocrx_word' id='word_1_393' title='bbox 1834 2626 1962 2665; x_wconf 90' lang='lat' dir='ltr'><strong>cum</strong></span> <span class='ocrx_word' id='word_1_394' title='bbox 1991 2608 2170 2663; x_wconf 90' lang='lat' dir='ltr'><strong>nubes</strong></span> <span class='ocrx_word' id='word_1_395' title='bbox 2229 2624 2342 2662; x_wconf 89' lang='lat' dir='ltr'><strong>non</strong></span> <span class='ocrx_word' id='word_1_396' title='bbox 2369 2606 2559 2672; x_wconf 88' lang='lat' dir='ltr'><strong>habet,</strong></span> <span class='ocrx_word' id='word_1_397' title='bbox 2608 2611 2665 2661; x_wconf 93' lang='lat' dir='ltr'><strong>et</strong></span> <span class='ocrx_word' id='word_1_398' title='bbox 2692 2606 2874 2673; x_wconf 89' lang='lat' dir='ltr'><strong>lucet;</strong></span> <span class='ocrx_word' id='word_1_399' title='bbox 2930 2604 3155 2676; x_wconf 90' lang='lat' dir='ltr'><strong>quando</strong></span> <span class='ocrx_word' id='word_1_400' title='bbox 3182 2620 3313 2659; x_wconf 90' lang='lat' dir='ltr'><strong>vero</strong></span> <span class='ocrx_word' id='word_1_401' title='bbox 3344 2604 3429 2658; x_wconf 89' lang='lat' dir='ltr'><strong>sol</strong></span> 
     </span>
    </p>
   </div>
   <div class='ocr_carea' id='block_1_56' title="bbox 1833 2693 3433 2770">
    <p class='ocr_par' dir='ltr' id='par_1_56' title="bbox 1833 2693 3433 2770">
     <span class='ocr_line' id='line_1_56' title="bbox 1833 2693 3433 2770; baseline -0.005 -15"><span class='ocrx_word' id='word_1_402' title='bbox 1833 2700 1983 2755; x_wconf 89' lang='lat' dir='ltr'><strong>nube</strong></span> <span class='ocrx_word' id='word_1_403' title='bbox 2004 2698 2344 2770; x_wconf 89' lang='lat' dir='ltr'><strong>cooperitur,</strong></span> <span class='ocrx_word' id='word_1_404' title='bbox 2367 2695 2643 2768; x_wconf 82' lang='lat' dir='ltr'><strong>pallescit;</strong></span> <span class='ocrx_word' id='word_1_405' title='bbox 2663 2696 2741 2750; x_wconf 88' lang='lat' dir='ltr'><strong>sic</strong></span> <span class='ocrx_word' id='word_1_406' title='bbox 2761 2700 2817 2749; x_wconf 90' lang='lat' dir='ltr'><strong>et</strong></span> <span class='ocrx_word' id='word_1_407' title='bbox 2831 2695 3040 2761; x_wconf 88' lang='lat' dir='ltr'><strong>anima,</strong></span> <span class='ocrx_word' id='word_1_408' title='bbox 3057 2693 3282 2765; x_wconf 86' lang='lat' dir='ltr'><strong>quando</strong></span> <span class='ocrx_word' id='word_1_409' title='bbox 3299 2709 3433 2765; x_wconf 89' lang='lat' dir='ltr'><strong>pas-</strong></span> 
     </span>
    </p>
   </div>
   <div class='ocr_carea' id='block_1_57' title="bbox 1836 2785 3436 2854">
    <p class='ocr_par' dir='ltr' id='par_1_57' title="bbox 1836 2785 3436 2854">
     <span class='ocr_line' id='line_1_57' title="bbox 1836 2785 3436 2854; baseline -0.005 -10"><span class='ocrx_word' id='word_1_410' title='bbox 1836 2790 2022 2844; x_wconf 91' lang='lat' dir='ltr'><strong>siones</strong></span> <span class='ocrx_word' id='word_1_411' title='bbox 2044 2805 2168 2842; x_wconf 89' lang='lat' dir='ltr'><strong>eam</strong></span> <span class='ocrx_word' id='word_1_412' title='bbox 2205 2792 2262 2841; x_wconf 92' lang='lat' dir='ltr'><strong>et</strong></span> <span class='ocrx_word' id='word_1_413' title='bbox 2275 2786 2615 2841; x_wconf 87' lang='lat' dir='ltr'><strong>tentationes</strong></span> <span class='ocrx_word' id='word_1_414' title='bbox 2632 2785 2952 2839; x_wconf 86' lang='lat' dir='ltr'><strong>obscurant.</strong></span> <span class='ocrx_word' id='word_1_415' title='bbox 2969 2785 3103 2849; x_wconf 66' lang='lat' dir='ltr'><strong>Quae</strong></span> <span class='ocrx_word' id='word_1_416' title='bbox 3123 2788 3311 2837; x_wconf 86' lang='lat' dir='ltr'><strong>autem</strong></span> <span class='ocrx_word' id='word_1_417' title='bbox 3333 2799 3436 2854; x_wconf 91' lang='lat' dir='ltr'><strong>per</strong></span> 
     </span>
    </p>
   </div>
   <div class='ocr_carea' id='block_1_58' title="bbox 1834 2872 3434 2951">
    <p class='ocr_par' dir='ltr' id='par_1_58' title="bbox 1834 2872 3434 2951">
     <span class='ocr_line' id='line_1_58' title="bbox 1834 2872 3434 2951; baseline -0.005 -18"><span class='ocrx_word' id='word_1_418' title='bbox 1834 2879 2077 2951; x_wconf 85' lang='lat' dir='ltr'><strong>gratiam</strong></span> <span class='ocrx_word' id='word_1_419' title='bbox 2102 2877 2205 2932; x_wconf 90' lang='lat' dir='ltr'><strong>Dei</strong></span> <span class='ocrx_word' id='word_1_420' title='bbox 2226 2876 2499 2931; x_wconf 88' lang='lat' dir='ltr'><strong>mundata</strong></span> <span class='ocrx_word' id='word_1_421' title='bbox 2520 2880 2624 2941; x_wconf 91' lang='lat' dir='ltr'><strong>est,</strong></span> <span class='ocrx_word' id='word_1_422' title='bbox 2661 2875 2739 2929; x_wconf 91' lang='lat' dir='ltr'><strong>ita</strong></span> <span class='ocrx_word' id='word_1_423' title='bbox 2763 2875 2941 2945; x_wconf 87' lang='lat' dir='ltr'><strong>fulget</strong></span> <span class='ocrx_word' id='word_1_424' title='bbox 2982 2873 3126 2928; x_wconf 88' lang='lat' dir='ltr'><strong>sicut</strong></span> <span class='ocrx_word' id='word_1_425' title='bbox 3159 2872 3434 2944; x_wconf 86' lang='lat' dir='ltr'><strong>scriptum</strong></span> 
     </span>
    </p>
   </div>
   <div class='ocr_carea' id='block_1_59' title="bbox 1838 2963 3430 3039">
    <p class='ocr_par' dir='ltr' id='par_1_59' title="bbox 1838 2963 3430 3039">
     <span class='ocr_line' id='line_1_59' title="bbox 1838 2963 3430 3039; baseline -0.006 -16"><span class='ocrx_word' id='word_1_426' title='bbox 1838 2974 1948 3023; x_wconf 92' lang='lat' dir='ltr'><strong>est:</strong></span> <span class='ocrx_word' id='word_1_427' title='bbox 1979 2969 2185 3039; x_wconf 89' lang='lat' dir='ltr'><strong>Magna</strong></span> <span class='ocrx_word' id='word_1_428' title='bbox 2203 2971 2288 3021; x_wconf 89' lang='lat' dir='ltr'><strong>est</strong></span> <span class='ocrx_word' id='word_1_429' title='bbox 2306 2966 2488 3036; x_wconf 90' lang='lat' dir='ltr'><strong>gloria</strong></span> <span class='ocrx_word' id='word_1_430' title='bbox 2509 2966 2632 3035; x_wconf 84' lang='lat' dir='ltr'><strong>ejus</strong></span> <span class='ocrx_word' id='word_1_431' title='bbox 2649 2964 2707 3018; x_wconf 91' lang='lat' dir='ltr'><strong>in</strong></span> <span class='ocrx_word' id='word_1_432' title='bbox 2734 2964 2968 3018; x_wconf 88' lang='lat' dir='ltr'><strong>salutari</strong></span> <span class='ocrx_word' id='word_1_433' title='bbox 2996 2963 3289 3029; x_wconf 80' lang='lat' dir='ltr'><strong>tuo(Psal.</strong></span> <span class='ocrx_word' id='word_1_434' title='bbox 3320 2964 3430 3024; x_wconf 87' lang='lat' dir='ltr'><strong>xx).</strong></span> 
     </span>
    </p>
   </div>
   <div class='ocr_carea' id='block_1_60' title="bbox 1906 3050 3429 3120">
    <p class='ocr_par' dir='ltr' id='par_1_60' title="bbox 1906 3050 3429 3120">
     <span class='ocr_line' id='line_1_60' title="bbox 1906 3050 3429 3120; baseline -0.006 -8"><span class='ocrx_word' id='word_1_435' title='bbox 1906 3057 1960 3112; x_wconf 90' lang='lat'><strong>3.</strong></span> <span class='ocrx_word' id='word_1_436' title='bbox 1994 3059 2133 3111; x_wconf 89' lang='lat' dir='ltr'><strong>Item</strong></span> <span class='ocrx_word' id='word_1_437' title='bbox 2161 3055 2340 3110; x_wconf 79' lang='lat' dir='ltr'><strong>dixit:</strong></span> <span class='ocrx_word' id='word_1_438' title='bbox 2375 3054 2601 3120; x_wconf 87' lang='lat' dir='ltr'><strong>Qamvis</strong></span> <span class='ocrx_word' id='word_1_439' title='bbox 2654 3052 2913 3107; x_wconf 90' lang='lat' dir='ltr'><strong>laborent</strong></span> <span class='ocrx_word' id='word_1_440' title='bbox 2959 3052 3050 3106; x_wconf 90' lang='lat' dir='ltr'><strong>hic</strong></span> <span class='ocrx_word' id='word_1_441' title='bbox 3096 3050 3276 3105; x_wconf 90' lang='lat' dir='ltr'><strong>sancti</strong></span> <span class='ocrx_word' id='word_1_442' title='bbox 3307 3050 3429 3116; x_wconf 90' lang='lat' dir='ltr'><strong>viri,</strong></span> 
     </span>
    </p>
   </div>
   <div class='ocr_carea' id='block_1_61' title="bbox 148 3138 3427 3216">
    <p class='ocr_par' dir='ltr' id='par_1_61' title="bbox 148 3138 3427 3216">
     <span class='ocr_line' id='line_1_61' title="bbox 148 3138 3427 3216; baseline 0 -23"><span class='ocrx_word' id='word_1_443' title='bbox 148 3139 368 3211; x_wconf 91' lang='lat' dir='ltr'><strong>poterit</strong></span> <span class='ocrx_word' id='word_1_444' title='bbox 381 3139 947 3198; x_wconf 87' lang='lat' dir='ltr'><strong>incidere.Venerunt</strong></span> <span class='ocrx_word' id='word_1_445' title='bbox 966 3160 1099 3215; x_wconf 87' lang='lat' dir='ltr'><strong>ergo</strong></span> <span class='ocrx_word' id='word_1_446' title='bbox 1129 3145 1403 3213; x_wconf 89' lang='lat' dir='ltr'><strong>homines,</strong></span> <span class='ocrx_word' id='word_1_447' title='bbox 1438 3151 1494 3200; x_wconf 89' lang='lat' dir='ltr'><strong>et</strong></span> <span class='ocrx_word' id='word_1_448' title='bbox 1512 3144 1817 3204; x_wconf 90' lang='lat' dir='ltr'><strong>feceruntC</strong></span> <span class='ocrx_word' id='word_1_449' title='bbox 1838 3154 2029 3202; x_wconf 89' lang='lat' dir='ltr'><strong>tamen</strong></span> <span class='ocrx_word' id='word_1_450' title='bbox 2061 3151 2118 3200; x_wconf 91' lang='lat' dir='ltr'><strong>et</strong></span> <span class='ocrx_word' id='word_1_451' title='bbox 2146 3145 2396 3216; x_wconf 74' lang='lat' dir='ltr'><strong>aliqurm</strong></span> <span class='ocrx_word' id='word_1_452' title='bbox 2425 3143 2676 3213; x_wconf 91' lang='lat' dir='ltr'><strong>requiem</strong></span> <span class='ocrx_word' id='word_1_453' title='bbox 2719 3141 3025 3213; x_wconf 88' lang='lat' dir='ltr'><strong>possident,</strong></span> <span class='ocrx_word' id='word_1_454' title='bbox 3058 3139 3325 3211; x_wconf 90' lang='lat' dir='ltr'><strong>quoniam</strong></span> <span class='ocrx_word' id='word_1_455' title='bbox 3354 3138 3427 3193; x_wconf 90' lang='lat' dir='ltr'><strong>li-</strong></span> 
     </span>
    </p>
   </div>
   <div class='ocr_carea' id='block_1_62' title="bbox 149 3228 1755 3304">
    <p class='ocr_par' dir='ltr' id='par_1_62' title="bbox 149 3228 1755 3304">
     <span class='ocr_line' id='line_1_62' title="bbox 149 3228 1755 3304; baseline 0.004 -21"><span class='ocrx_word' id='word_1_456' title='bbox 149 3228 215 3283; x_wconf 87' lang='lat' dir='ltr'><strong>in</strong></span> <span class='ocrx_word' id='word_1_457' title='bbox 245 3229 431 3283; x_wconf 91' lang='lat' dir='ltr'><strong>securi</strong></span> <span class='ocrx_word' id='word_1_458' title='bbox 471 3230 830 3286; x_wconf 87' lang='lat' dir='ltr'><strong>manubrium</strong></span> <span class='ocrx_word' id='word_1_459' title='bbox 860 3249 925 3286; x_wconf 92' lang='lat' dir='ltr'><strong>ex</strong></span> <span class='ocrx_word' id='word_1_460' title='bbox 954 3233 1091 3304; x_wconf 88' lang='lat' dir='ltr'><strong>ipsis</strong></span> <span class='ocrx_word' id='word_1_461' title='bbox 1122 3234 1306 3304; x_wconf 84' lang='lat' dir='ltr'><strong>lignis,</strong></span> <span class='ocrx_word' id='word_1_462' title='bbox 1344 3240 1401 3288; x_wconf 90' lang='lat' dir='ltr'><strong>et</strong></span> <span class='ocrx_word' id='word_1_463' title='bbox 1442 3235 1523 3289; x_wconf 92' lang='lat' dir='ltr'><strong>ita</strong></span> <span class='ocrx_word' id='word_1_464' title='bbox 1550 3236 1755 3290; x_wconf 90' lang='lat' dir='ltr'><strong>incide-</strong></span> 
     </span>
    </p>
   </div>
   <div class='ocr_carea' id='block_1_63' title="bbox 148 3318 1746 3390">
    <p class='ocr_par' dir='ltr' id='par_1_63' title="bbox 148 3318 1746 3390">
     <span class='ocr_line' id='line_1_63' title="bbox 148 3318 1746 3390; baseline 0.004 -18"><span class='ocrx_word' id='word_1_465' title='bbox 148 3321 313 3372; x_wconf 89' lang='lat' dir='ltr'><strong>runt.</strong></span> <span class='ocrx_word' id='word_1_466' title='bbox 345 3318 527 3387; x_wconf 88' lang='lat' dir='ltr'><strong>Ligna</strong></span> <span class='ocrx_word' id='word_1_467' title='bbox 565 3334 699 3390; x_wconf 87' lang='lat' dir='ltr'><strong>ergo</strong></span> <span class='ocrx_word' id='word_1_468' title='bbox 729 3327 862 3375; x_wconf 91' lang='lat' dir='ltr'><strong>sunt</strong></span> <span class='ocrx_word' id='word_1_469' title='bbox 890 3322 1130 3390; x_wconf 74' lang='lat' dir='ltr'><strong>animae;</strong></span> <span class='ocrx_word' id='word_1_470' title='bbox 1173 3323 1403 3390; x_wconf 83' lang='lat' dir='ltr'><strong>securis,</strong></span> <span class='ocrx_word' id='word_1_471' title='bbox 1444 3324 1700 3380; x_wconf 87' lang='lat' dir='ltr'><strong>diabolus</strong></span> <span class='ocrx_word' id='word_1_472' title='bbox 1735 3344 1746 3379; x_wconf 94' lang='lat'><strong>:</strong></span> 
     </span>
    </p>
   </div>
   <div class='ocr_carea' id='block_1_64' title="bbox 152 3405 1750 3485">
    <p class='ocr_par' dir='ltr' id='par_1_64' title="bbox 152 3405 1750 3485">
     <span class='ocr_line' id='line_1_64' title="bbox 152 3405 1750 3485; baseline 0.004 -24"><span class='ocrx_word' id='word_1_473' title='bbox 152 3405 542 3474; x_wconf 88' lang='lat' dir='ltr'><strong>manubrium,</strong></span> <span class='ocrx_word' id='word_1_474' title='bbox 592 3409 850 3464; x_wconf 81' lang='lat' dir='ltr'><strong>voluntas</strong></span> <span class='ocrx_word' id='word_1_475' title='bbox 889 3417 1083 3465; x_wconf 89' lang='lat' dir='ltr'><strong>nostra</strong></span> <span class='ocrx_word' id='word_1_476' title='bbox 1129 3418 1230 3466; x_wconf 91' lang='lat' dir='ltr'><strong>est.</strong></span> <span class='ocrx_word' id='word_1_477' title='bbox 1266 3414 1373 3467; x_wconf 92' lang='lat' dir='ltr'><strong>Per</strong></span> <span class='ocrx_word' id='word_1_478' title='bbox 1401 3414 1579 3468; x_wconf 89' lang='lat' dir='ltr'><strong>malas</strong></span> <span class='ocrx_word' id='word_1_479' title='bbox 1617 3430 1750 3485; x_wconf 88' lang='lat' dir='ltr'><strong>ergo</strong></span> 
     </span>
    </p>
   </div>
   <div class='ocr_carea' id='block_1_65' title="bbox 148 3496 1069 3555">
    <p class='ocr_par' dir='ltr' id='par_1_65' title="bbox 148 3496 1069 3555">
     <span class='ocr_line' id='line_1_65' title="bbox 148 3496 1069 3555; baseline 0.004 -5"><span class='ocrx_word' id='word_1_480' title='bbox 148 3496 474 3551; x_wconf 87' lang='lat' dir='ltr'><strong>voluntates</strong></span> <span class='ocrx_word' id='word_1_481' title='bbox 501 3502 722 3552; x_wconf 88' lang='lat' dir='ltr'><strong>nostras</strong></span> <span class='ocrx_word' id='word_1_482' title='bbox 751 3499 1069 3555; x_wconf 89' lang='lat' dir='ltr'><strong>incidimur.</strong></span> 
     </span>
    </p>
   </div>
   <div class='ocr_carea' id='block_1_66' title="bbox 722 3587 1179 3645">
    <p class='ocr_par' dir='ltr' id='par_1_66' title="bbox 722 3587 1179 3645">
     <span class='ocr_line' id='line_1_66' title="bbox 722 3587 1179 3645; baseline -0.002 0"><span class='ocrx_word' id='word_1_483' title='bbox 722 3587 955 3645; x_wconf 86' lang='lat' dir='ltr'><strong>CAPUT</strong></span> <span class='ocrx_word' id='word_1_484' title='bbox 984 3590 1179 3645; x_wconf 85' lang='lat' dir='ltr'><strong>XXVI.</strong></span> 
     </span>
    </p>
   </div>
   <div class='ocr_carea' id='block_1_67' title="bbox 263 3674 1637 3749">
    <p class='ocr_par' dir='ltr' id='par_1_67' title="bbox 263 3674 1637 3749">
     <span class='ocr_line' id='line_1_67' title="bbox 263 3674 1637 3749; baseline 0.007 -21"><span class='ocrx_word' id='word_1_485' title='bbox 263 3674 517 3741; x_wconf 74' lang='lat' dir='ltr'><strong>Qualiter</strong></span> <span class='ocrx_word' id='word_1_486' title='bbox 546 3676 703 3730; x_wconf 86' lang='lat' dir='ltr'><strong>homo</strong></span> <span class='ocrx_word' id='word_1_487' title='bbox 732 3679 795 3731; x_wconf 86' lang='lat' dir='ltr'><strong>in</strong></span> <span class='ocrx_word' id='word_1_488' title='bbox 823 3694 877 3731; x_wconf 81' lang='lat' dir='ltr'><strong>se</strong></span> <span class='ocrx_word' id='word_1_489' title='bbox 914 3682 1251 3748; x_wconf 81' lang='lat' dir='ltr'><strong>mortiﬁcare</strong></span> <span class='ocrx_word' id='word_1_490' title='bbox 1279 3681 1416 3734; x_wconf 82' lang='lat' dir='ltr'><strong>vitia</strong></span> <span class='ocrx_word' id='word_1_491' title='bbox 1444 3686 1637 3749; x_wconf 74' lang='lat' dir='ltr'><strong>potest.</strong></span> 
     </span>
    </p>
   </div>
   <div class='ocr_carea' id='block_1_68' title="bbox 220 3762 1754 3840">
    <p class='ocr_par' dir='ltr' id='par_1_68' title="bbox 220 3762 1754 3840">
     <span class='ocr_line' id='line_1_68' title="bbox 220 3762 1754 3840; baseline 0.005 -24"><span class='ocrx_word' id='word_1_492' title='bbox 220 3762 280 3817; x_wconf 78' lang='grc'>1.</span> <span class='ocrx_word' id='word_1_493' title='bbox 310 3763 551 3828; x_wconf 89' lang='lat' dir='ltr'><strong>Quidam</strong></span> <span class='ocrx_word' id='word_1_494' title='bbox 579 3764 755 3819; x_wconf 85' lang='lat' dir='ltr'><strong>frater</strong></span> <span class='ocrx_word' id='word_1_495' title='bbox 780 3766 1071 3837; x_wconf 89' lang='lat' dir='ltr'><strong>requisivit</strong></span> <span class='ocrx_word' id='word_1_496' title='bbox 1096 3767 1356 3822; x_wconf 85' lang='lat' dir='ltr'><strong>abbatem</strong></span> <span class='ocrx_word' id='word_1_497' title='bbox 1387 3770 1638 3840; x_wconf 85' lang='lat' dir='ltr'><strong>Moysen,</strong></span> <span class='ocrx_word' id='word_1_498' title='bbox 1666 3768 1754 3823; x_wconf 91' lang='lat' dir='ltr'><strong>di-</strong></span> 
     </span>
    </p>
   </div>
   <div class='ocr_carea' id='block_1_69' title="bbox 146 3852 1754 3926">
    <p class='ocr_par' dir='ltr' id='par_1_69' title="bbox 146 3852 1754 3926">
     <span class='ocr_line' id='line_1_69' title="bbox 146 3852 1754 3926; baseline 0.002 -19"><span class='ocrx_word' id='word_1_499' title='bbox 146 3866 287 3907; x_wconf 90' lang='lat' dir='ltr'><strong>cens</strong></span> <span class='ocrx_word' id='word_1_500' title='bbox 311 3869 322 3904; x_wconf 92' lang='lat'><strong>:</strong></span> <span class='ocrx_word' id='word_1_501' title='bbox 343 3852 633 3917; x_wconf 90' lang='lat' dir='ltr'><strong>Quomodo</strong></span> <span class='ocrx_word' id='word_1_502' title='bbox 655 3860 841 3926; x_wconf 91' lang='lat' dir='ltr'><strong>potest</strong></span> <span class='ocrx_word' id='word_1_503' title='bbox 856 3873 916 3910; x_wconf 91' lang='lat' dir='ltr'><strong>se</strong></span> <span class='ocrx_word' id='word_1_504' title='bbox 937 3857 1105 3911; x_wconf 91' lang='lat' dir='ltr'><strong>homo</strong></span> <span class='ocrx_word' id='word_1_505' title='bbox 1135 3858 1474 3912; x_wconf 85' lang='lat' dir='ltr'><strong>mortificare</strong></span> <span class='ocrx_word' id='word_1_506' title='bbox 1495 3858 1518 3910; x_wconf 85' lang='lat'>?</span> <span class='ocrx_word' id='word_1_507' title='bbox 1537 3857 1689 3912; x_wconf 89' lang='lat' dir='ltr'><strong>Dixit</strong></span> <span class='ocrx_word' id='word_1_508' title='bbox 1704 3858 1754 3912; x_wconf 92' lang='lat' dir='ltr'><strong>ei</strong></span> 
     </span>
    </p>
   </div>
   <div class='ocr_carea' id='block_1_70' title="bbox 147 3942 1758 4018">
    <p class='ocr_par' dir='ltr' id='par_1_70' title="bbox 147 3942 1758 4018">
     <span class='ocr_line' id='line_1_70' title="bbox 147 3942 1758 4018; baseline 0.003 -22"><span class='ocrx_word' id='word_1_509' title='bbox 147 3956 347 3996; x_wconf 84' lang='lat' dir='ltr'><strong>senex:</strong></span> <span class='ocrx_word' id='word_1_510' title='bbox 364 3942 484 3997; x_wconf 90' lang='lat' dir='ltr'><strong>Nisi</strong></span> <span class='ocrx_word' id='word_1_511' title='bbox 504 3944 630 4014; x_wconf 90' lang='lat' dir='ltr'><strong>quis</strong></span> <span class='ocrx_word' id='word_1_512' title='bbox 651 3943 957 4000; x_wconf 88' lang='lat' dir='ltr'><strong>arbitratus</strong></span> <span class='ocrx_word' id='word_1_513' title='bbox 980 3946 1148 4001; x_wconf 90' lang='lat' dir='ltr'><strong>fuerit</strong></span> <span class='ocrx_word' id='word_1_514' title='bbox 1158 3963 1217 4001; x_wconf 93' lang='lat' dir='ltr'><strong>se</strong></span> <span class='ocrx_word' id='word_1_515' title='bbox 1235 3946 1440 4001; x_wconf 90' lang='lat' dir='ltr'><strong>habere</strong></span> <span class='ocrx_word' id='word_1_516' title='bbox 1455 3948 1572 4018; x_wconf 90' lang='lat' dir='ltr'><strong>jam</strong></span> <span class='ocrx_word' id='word_1_517' title='bbox 1587 3947 1758 4001; x_wconf 88' lang='lat' dir='ltr'><strong>trien-</strong></span> 
     </span>
    </p>
   </div>
   <div class='ocr_carea' id='block_1_71' title="bbox 147 4030 1755 4108">
    <p class='ocr_par' dir='ltr' id='par_1_71' title="bbox 147 4030 1755 4108">
     <span class='ocr_line' id='line_1_71' title="bbox 147 4030 1755 4108; baseline 0.004 -23"><span class='ocrx_word' id='word_1_518' title='bbox 147 4030 316 4086; x_wconf 86' lang='lat' dir='ltr'><strong>nium</strong></span> <span class='ocrx_word' id='word_1_519' title='bbox 341 4031 399 4085; x_wconf 89' lang='lat' dir='ltr'><strong>in</strong></span> <span class='ocrx_word' id='word_1_520' title='bbox 425 4033 701 4104; x_wconf 90' lang='lat' dir='ltr'><strong>sepulcro,</strong></span> <span class='ocrx_word' id='word_1_521' title='bbox 734 4034 805 4088; x_wconf 89' lang='lat' dir='ltr'><strong>ad</strong></span> <span class='ocrx_word' id='word_1_522' title='bbox 822 4035 971 4090; x_wconf 88' lang='lat' dir='ltr'><strong>hunc</strong></span> <span class='ocrx_word' id='word_1_523' title='bbox 995 4052 1311 4090; x_wconf 89' lang='lat' dir='ltr'><strong>sermonem</strong></span> <span class='ocrx_word' id='word_1_524' title='bbox 1342 4036 1755 4108; x_wconf 88' lang='lat' dir='ltr'><strong>pervenirenon</strong></span> 
     </span>
    </p>
   </div>
   <div class='ocr_carea' id='block_1_72' title="bbox 148 4123 1112 4193">
    <p class='ocr_par' dir='ltr' id='par_1_72' title="bbox 148 4123 1112 4193">
     <span class='ocr_line' id='line_1_72' title="bbox 148 4123 1112 4193; baseline 0.004 -19"><span class='ocrx_word' id='word_1_525' title='bbox 148 4125 346 4193; x_wconf 86' lang='lat' dir='ltr'><strong>potest</strong></span> <span class='ocrx_word' id='word_1_526' title='bbox 367 4123 589 4190; x_wconf 80' lang='lat' dir='ltr'><strong>(Pelag.,</strong></span> <span class='ocrx_word' id='word_1_527' title='bbox 623 4125 793 4190; x_wconf 81' lang='lat' dir='ltr'><strong>libell,</strong></span> <span class='ocrx_word' id='word_1_528' title='bbox 824 4140 878 4191; x_wconf 90' lang='lat' dir='ltr'><strong>x,</strong></span> <span class='ocrx_word' id='word_1_529' title='bbox 912 4140 970 4179; x_wconf 82' lang='grc' dir='ltr'>η.</span> <span class='ocrx_word' id='word_1_530' title='bbox 1004 4124 1112 4188; x_wconf 87' lang='grc'><strong>63).</strong></span> 
     </span>
    </p>
   </div>
   <div class='ocr_carea' id='block_1_73' title="bbox 226 4208 1755 4287">
    <p class='ocr_par' dir='ltr' id='par_1_73' title="bbox 226 4208 1755 4287">
     <span class='ocr_line' id='line_1_73' title="bbox 226 4208 1755 4287; baseline 0.005 -24"><span class='ocrx_word' id='word_1_531' title='bbox 226 4208 287 4264; x_wconf 90' lang='grc'>2.</span> <span class='ocrx_word' id='word_1_532' title='bbox 334 4208 521 4265; x_wconf 89' lang='lat' dir='ltr'><strong>Abbas</strong></span> <span class='ocrx_word' id='word_1_533' title='bbox 550 4211 838 4267; x_wconf 90' lang='lat' dir='ltr'><strong>Pimenius</strong></span> <span class='ocrx_word' id='word_1_534' title='bbox 880 4213 1045 4268; x_wconf 85' lang='lat' dir='ltr'><strong>dixit:</strong></span> <span class='ocrx_word' id='word_1_535' title='bbox 1079 4214 1179 4269; x_wconf 92' lang='lat' dir='ltr'><strong>Ille</strong></span> <span class='ocrx_word' id='word_1_536' title='bbox 1223 4215 1531 4269; x_wconf 88' lang='lat' dir='ltr'><strong>monachus</strong></span> <span class='ocrx_word' id='word_1_537' title='bbox 1568 4220 1755 4287; x_wconf 90' lang='lat' dir='ltr'><strong>potest</strong></span> 
     </span>
    </p>
   </div>
   <div class='ocr_carea' id='block_1_74' title="bbox 148 4302 1752 4375">
    <p class='ocr_par' dir='ltr' id='par_1_74' title="bbox 148 4302 1752 4375">
     <span class='ocr_line' id='line_1_74' title="bbox 148 4302 1752 4375; baseline 0.003 -20"><span class='ocrx_word' id='word_1_538' title='bbox 148 4304 432 4371; x_wconf 86' lang='lat' dir='ltr'><strong>tanquam</strong></span> <span class='ocrx_word' id='word_1_539' title='bbox 462 4306 717 4356; x_wconf 90' lang='lat' dir='ltr'><strong>mortuus</strong></span> <span class='ocrx_word' id='word_1_540' title='bbox 733 4302 863 4357; x_wconf 86' lang='lat' dir='ltr'><strong>huic</strong></span> <span class='ocrx_word' id='word_1_541' title='bbox 873 4303 1074 4358; x_wconf 74' lang='lat' dir='ltr'><strong>saeculo</strong></span> <span class='ocrx_word' id='word_1_542' title='bbox 1105 4303 1349 4375; x_wconf 90' lang='lat' dir='ltr'><strong>esse,qui</strong></span> <span class='ocrx_word' id='word_1_543' title='bbox 1364 4304 1504 4359; x_wconf 89' lang='lat' dir='ltr'><strong>duas</strong></span> <span class='ocrx_word' id='word_1_544' title='bbox 1517 4322 1606 4360; x_wconf 91' lang='lat' dir='ltr'><strong>res</strong></span> <span class='ocrx_word' id='word_1_545' title='bbox 1619 4306 1752 4360; x_wconf 91' lang='lat' dir='ltr'><strong>hor-</strong></span> 
     </span>
    </p>
   </div>
   <div class='ocr_carea' id='block_1_75' title="bbox 147 4388 1751 4465">
    <p class='ocr_par' dir='ltr' id='par_1_75' title="bbox 147 4388 1751 4465">
     <span class='ocr_line' id='line_1_75' title="bbox 147 4388 1751 4465; baseline 0.003 -21"><span class='ocrx_word' id='word_1_546' title='bbox 147 4388 358 4456; x_wconf 88' lang='lat' dir='ltr'><strong>ruerit,</strong></span> <span class='ocrx_word' id='word_1_547' title='bbox 386 4388 441 4443; x_wconf 92' lang='lat' dir='ltr'><strong>id</strong></span> <span class='ocrx_word' id='word_1_548' title='bbox 464 4391 759 4456; x_wconf 88' lang='lat' dir='ltr'><strong>est,carnis</strong></span> <span class='ocrx_word' id='word_1_549' title='bbox 783 4408 898 4446; x_wconf 83' lang='lat' dir='ltr'><strong>suae</strong></span> <span class='ocrx_word' id='word_1_550' title='bbox 919 4393 1171 4464; x_wconf 91' lang='lat' dir='ltr'><strong>requiem</strong></span> <span class='ocrx_word' id='word_1_551' title='bbox 1191 4398 1248 4447; x_wconf 88' lang='lat' dir='ltr'><strong>et</strong></span> <span class='ocrx_word' id='word_1_552' title='bbox 1275 4409 1472 4447; x_wconf 89' lang='lat' dir='ltr'><strong>vanam</strong></span> <span class='ocrx_word' id='word_1_553' title='bbox 1493 4395 1751 4465; x_wconf 88' lang='lat' dir='ltr'><strong>gloriam.</strong></span> 
     </span>
    </p>
   </div>
   <div class='ocr_carea' id='block_1_76' title="bbox 1835 3229 3092 3304">
    <p class='ocr_par' dir='ltr' id='par_1_76' title="bbox 1835 3229 3092 3304">
     <span class='ocr_line' id='line_1_76' title="bbox 1835 3229 3092 3304; baseline -0.006 -14"><span class='ocrx_word' id='word_1_554' title='bbox 1835 3235 1955 3290; x_wconf 91' lang='lat' dir='ltr'><strong>beri</strong></span> <span class='ocrx_word' id='word_1_555' title='bbox 1994 3239 2129 3289; x_wconf 88' lang='lat' dir='ltr'><strong>sunt</strong></span> <span class='ocrx_word' id='word_1_556' title='bbox 2154 3251 2188 3288; x_wconf 90' lang='lat' dir='ltr'><strong>a</strong></span> <span class='ocrx_word' id='word_1_557' title='bbox 2215 3231 2650 3304; x_wconf 82' lang='lat' dir='ltr'><strong>cogitationibus</strong></span> <span class='ocrx_word' id='word_1_558' title='bbox 2676 3231 2846 3301; x_wconf 91' lang='lat' dir='ltr'><strong>hujus</strong></span> <span class='ocrx_word' id='word_1_559' title='bbox 2876 3229 3092 3284; x_wconf 88' lang='lat' dir='ltr'><strong>mundi.</strong></span> 
     </span>
    </p>
   </div>
   <div class='ocr_carea' id='block_1_77' title="bbox 1904 3316 3434 3391">
    <p class='ocr_par' dir='ltr' id='par_1_77' title="bbox 1904 3316 3434 3391">
     <span class='ocr_line' id='line_1_77' title="bbox 1904 3316 3434 3391; baseline -0.005 -13"><span class='ocrx_word' id='word_1_560' title='bbox 1904 3323 1957 3379; x_wconf 80' lang='grc'><strong>4.</strong></span> <span class='ocrx_word' id='word_1_561' title='bbox 1975 3323 2215 3387; x_wconf 88' lang='lat' dir='ltr'><strong>Quidam</strong></span> <span class='ocrx_word' id='word_1_562' title='bbox 2236 3322 2414 3376; x_wconf 88' lang='lat' dir='ltr'><strong>frater</strong></span> <span class='ocrx_word' id='word_1_563' title='bbox 2430 3319 2722 3391; x_wconf 90' lang='lat' dir='ltr'><strong>requisivit</strong></span> <span class='ocrx_word' id='word_1_564' title='bbox 2739 3335 2774 3373; x_wconf 89' lang='lat' dir='ltr'><strong>a</strong></span> <span class='ocrx_word' id='word_1_565' title='bbox 2793 3335 2944 3385; x_wconf 91' lang='lat' dir='ltr'><strong>sene,</strong></span> <span class='ocrx_word' id='word_1_566' title='bbox 2968 3316 3158 3372; x_wconf 89' lang='lat' dir='ltr'><strong>dicens</strong></span> <span class='ocrx_word' id='word_1_567' title='bbox 3183 3336 3195 3371; x_wconf 92' lang='lat'><strong>:</strong></span> <span class='ocrx_word' id='word_1_568' title='bbox 3222 3316 3434 3381; x_wconf 83' lang='lat' dir='ltr'><strong>Quem-</strong></span> 
     </span>
    </p>
   </div>
   <div class='ocr_carea' id='block_1_78' title="bbox 1834 3405 3427 3471">
    <p class='ocr_par' dir='ltr' id='par_1_78' title="bbox 1834 3405 3427 3471">
     <span class='ocr_line' id='line_1_78' title="bbox 1834 3405 3427 3471; baseline -0.005 -3"><span class='ocrx_word' id='word_1_569' title='bbox 1834 3413 2137 3468; x_wconf 89' lang='lat' dir='ltr'><strong>admodum</strong></span> <span class='ocrx_word' id='word_1_570' title='bbox 2168 3427 2318 3465; x_wconf 90' lang='lat' dir='ltr'><strong>nunc</strong></span> <span class='ocrx_word' id='word_1_571' title='bbox 2330 3410 2650 3464; x_wconf 89' lang='lat' dir='ltr'><strong>laborantes</strong></span> <span class='ocrx_word' id='word_1_572' title='bbox 2676 3408 2734 3462; x_wconf 89' lang='lat' dir='ltr'><strong>in</strong></span> <span class='ocrx_word' id='word_1_573' title='bbox 2755 3406 3273 3462; x_wconf 86' lang='lat' dir='ltr'><strong>conversationibus</strong></span> <span class='ocrx_word' id='word_1_574' title='bbox 3302 3405 3427 3471; x_wconf 92' lang='lat' dir='ltr'><strong>viri,</strong></span> 
     </span>
    </p>
   </div>
   <div class='ocr_carea' id='block_1_79' title="bbox 1831 3497 3431 3573">
    <p class='ocr_par' dir='ltr' id='par_1_79' title="bbox 1831 3497 3431 3573">
     <span class='ocr_line' id='line_1_79' title="bbox 1831 3497 3431 3573; baseline -0.004 -16"><span class='ocrx_word' id='word_1_575' title='bbox 1831 3519 1946 3557; x_wconf 89' lang='lat' dir='ltr'><strong>non</strong></span> <span class='ocrx_word' id='word_1_576' title='bbox 1967 3501 2245 3573; x_wconf 90' lang='lat' dir='ltr'><strong>accipiunt</strong></span> <span class='ocrx_word' id='word_1_577' title='bbox 2273 3500 2516 3571; x_wconf 89' lang='lat' dir='ltr'><strong>gratiam</strong></span> <span class='ocrx_word' id='word_1_578' title='bbox 2537 3498 2684 3553; x_wconf 91' lang='lat' dir='ltr'><strong>sicut</strong></span> <span class='ocrx_word' id='word_1_579' title='bbox 2701 3497 2917 3568; x_wconf 90' lang='lat' dir='ltr'><strong>antiqui</strong></span> <span class='ocrx_word' id='word_1_580' title='bbox 2932 3498 3121 3568; x_wconf 66' lang='lat' dir='ltr'><strong>(Rulli,</strong></span> <span class='ocrx_word' id='word_1_581' title='bbox 3155 3498 3250 3550; x_wconf 86' lang='lat' dir='ltr'><strong>lib.</strong></span> <span class='ocrx_word' id='word_1_582' title='bbox 3284 3510 3431 3563; x_wconf 77' lang='lat' dir='ltr'><strong>ni,n.</strong></span> 
     </span>
    </p>
   </div>
   <div class='ocr_carea' id='block_1_80' title="bbox 1833 3585 3429 3658">
    <p class='ocr_par' dir='ltr' id='par_1_80' title="bbox 1833 3585 3429 3658">
     <span class='ocr_line' id='line_1_80' title="bbox 1833 3585 3429 3658; baseline -0.006 -12"><span class='ocrx_word' id='word_1_583' title='bbox 1833 3591 1927 3646; x_wconf 77' lang='grc'><strong>181</strong></span> <span class='ocrx_word' id='word_1_584' title='bbox 1957 3610 1970 3658; x_wconf 91' lang='lat'><strong>;</strong></span> <span class='ocrx_word' id='word_1_585' title='bbox 2002 3594 2208 3658; x_wconf 80' lang='lat' dir='ltr'><strong>Pelag.,</strong></span> <span class='ocrx_word' id='word_1_586' title='bbox 2238 3591 2407 3643; x_wconf 80' lang='lat' dir='ltr'><strong>libell.</strong></span> <span class='ocrx_word' id='word_1_587' title='bbox 2430 3603 2557 3655; x_wconf 84' lang='lat' dir='ltr'><strong>xvn,</strong></span> <span class='ocrx_word' id='word_1_588' title='bbox 2585 3604 2744 3641; x_wconf 88' lang='lat' dir='ltr'><strong>num.</strong></span> <span class='ocrx_word' id='word_1_589' title='bbox 2769 3587 2858 3656; x_wconf 80' lang='grc'><strong>19)</strong></span> <span class='ocrx_word' id='word_1_590' title='bbox 2876 3587 2900 3639; x_wconf 86' lang='lat'><strong>?</strong></span> <span class='ocrx_word' id='word_1_591' title='bbox 2920 3586 3017 3641; x_wconf 87' lang='lat' dir='ltr'><strong>Ait</strong></span> <span class='ocrx_word' id='word_1_592' title='bbox 3047 3585 3199 3641; x_wconf 90' lang='lat' dir='ltr'><strong>enim</strong></span> <span class='ocrx_word' id='word_1_593' title='bbox 3225 3600 3393 3640; x_wconf 86' lang='lat' dir='ltr'><strong>senex</strong></span> <span class='ocrx_word' id='word_1_594' title='bbox 3417 3602 3429 3637; x_wconf 88' lang='lat'><strong>:</strong></span> 
     </span>
    </p>
   </div>
   <div class='ocr_carea' id='block_1_81' title="bbox 1835 3675 3435 3747">
    <p class='ocr_par' dir='ltr' id='par_1_81' title="bbox 1835 3675 3435 3747">
     <span class='ocr_line' id='line_1_81' title="bbox 1835 3675 3435 3747; baseline -0.005 -12"><span class='ocrx_word' id='word_1_595' title='bbox 1835 3682 1990 3736; x_wconf 90' lang='lat' dir='ltr'><strong>Tunc</strong></span> <span class='ocrx_word' id='word_1_596' title='bbox 2010 3683 2135 3734; x_wconf 88' lang='lat' dir='ltr'><strong>erat</strong></span> <span class='ocrx_word' id='word_1_597' title='bbox 2163 3678 2426 3744; x_wconf 80' lang='lat' dir='ltr'><strong>Charitas,</strong></span> <span class='ocrx_word' id='word_1_598' title='bbox 2446 3683 2503 3732; x_wconf 91' lang='lat' dir='ltr'><strong>et</strong></span> <span class='ocrx_word' id='word_1_599' title='bbox 2520 3676 2907 3747; x_wconf 91' lang='lat' dir='ltr'><strong>unusquisque</strong></span> <span class='ocrx_word' id='word_1_600' title='bbox 2936 3675 3254 3747; x_wconf 87' lang='lat' dir='ltr'><strong>proximum</strong></span> <span class='ocrx_word' id='word_1_601' title='bbox 3268 3689 3435 3728; x_wconf 92' lang='lat' dir='ltr'><strong>suum</strong></span> 
     </span>
    </p>
   </div>
   <div class='ocr_carea' id='block_1_82' title="bbox 1837 3763 3437 3837">
    <p class='ocr_par' dir='ltr' id='par_1_82' title="bbox 1837 3763 3437 3837">
     <span class='ocr_line' id='line_1_82' title="bbox 1837 3763 3437 3837; baseline -0.006 -13"><span class='ocrx_word' id='word_1_602' title='bbox 1837 3785 2063 3824; x_wconf 89' lang='lat' dir='ltr'><strong>sursum</strong></span> <span class='ocrx_word' id='word_1_603' title='bbox 2089 3767 2382 3834; x_wconf 89' lang='lat' dir='ltr'><strong>trahebat;</strong></span> <span class='ocrx_word' id='word_1_604' title='bbox 2417 3783 2567 3821; x_wconf 92' lang='lat' dir='ltr'><strong>nunc</strong></span> <span class='ocrx_word' id='word_1_605' title='bbox 2580 3782 2707 3821; x_wconf 91' lang='lat' dir='ltr'><strong>vero</strong></span> <span class='ocrx_word' id='word_1_606' title='bbox 2734 3770 3034 3837; x_wconf 89' lang='lat' dir='ltr'><strong>postquam</strong></span> <span class='ocrx_word' id='word_1_607' title='bbox 3062 3763 3311 3818; x_wconf 84' lang='lat' dir='ltr'><strong>charitas</strong></span> <span class='ocrx_word' id='word_1_608' title='bbox 3337 3778 3437 3815; x_wconf 92' lang='lat' dir='ltr'><strong>re-</strong></span> 
     </span>
    </p>
   </div>
   <div class='ocr_carea' id='block_1_83' title="bbox 1837 3851 3434 3928">
    <p class='ocr_par' dir='ltr' id='par_1_83' title="bbox 1837 3851 3434 3928">
     <span class='ocr_line' id='line_1_83' title="bbox 1837 3851 3434 3928; baseline -0.004 -17"><span class='ocrx_word' id='word_1_609' title='bbox 1837 3858 2051 3928; x_wconf 72' lang='lat' dir='ltr'><strong>friguit,</strong></span> <span class='ocrx_word' id='word_1_610' title='bbox 2111 3856 2319 3927; x_wconf 90' lang='lat' dir='ltr'><strong>singuli</strong></span> <span class='ocrx_word' id='word_1_611' title='bbox 2372 3854 2653 3926; x_wconf 88' lang='lat' dir='ltr'><strong>proximos</strong></span> <span class='ocrx_word' id='word_1_612' title='bbox 2695 3871 2825 3909; x_wconf 91' lang='lat' dir='ltr'><strong>suos</strong></span> <span class='ocrx_word' id='word_1_613' title='bbox 2854 3854 2925 3909; x_wconf 89' lang='lat' dir='ltr'><strong>ad</strong></span> <span class='ocrx_word' id='word_1_614' title='bbox 2963 3852 3230 3907; x_wconf 86' lang='lat' dir='ltr'><strong>inferiora</strong></span> <span class='ocrx_word' id='word_1_615' title='bbox 3256 3851 3434 3906; x_wconf 91' lang='lat' dir='ltr'><strong>dedu-</strong></span> 
     </span>
    </p>
   </div>
   <div class='ocr_carea' id='block_1_84' title="bbox 1839 3943 3103 4014">
    <p class='ocr_par' dir='ltr' id='par_1_84' title="bbox 1839 3943 3103 4014">
     <span class='ocr_line' id='line_1_84' title="bbox 1839 3943 3103 4014; baseline -0.003 -14"><span class='ocrx_word' id='word_1_616' title='bbox 1839 3951 2007 4012; x_wconf 85' lang='lat' dir='ltr'><strong>cunt;</strong></span> <span class='ocrx_word' id='word_1_617' title='bbox 2043 3950 2100 4001; x_wconf 88' lang='lat' dir='ltr'><strong>et</strong></span> <span class='ocrx_word' id='word_1_618' title='bbox 2126 3945 2251 3999; x_wconf 90' lang='lat' dir='ltr'><strong>ideo</strong></span> <span class='ocrx_word' id='word_1_619' title='bbox 2278 3943 2521 4014; x_wconf 89' lang='lat' dir='ltr'><strong>gratiam</strong></span> <span class='ocrx_word' id='word_1_620' title='bbox 2539 3943 2639 3997; x_wconf 92' lang='lat' dir='ltr'><strong>Dei</strong></span> <span class='ocrx_word' id='word_1_621' title='bbox 2657 3959 2769 3997; x_wconf 92' lang='lat' dir='ltr'><strong>non</strong></span> <span class='ocrx_word' id='word_1_622' title='bbox 2791 3946 3103 3996; x_wconf 90' lang='lat' dir='ltr'><strong>merentur.</strong></span> 
     </span>
    </p>
   </div>
   <div class='ocr_carea' id='block_1_85' title="bbox 2405 4032 2863 4087">
    <p class='ocr_par' dir='ltr' id='par_1_85' title="bbox 2405 4032 2863 4087">
     <span class='ocr_line' id='line_1_85' title="bbox 2405 4032 2863 4087; baseline -0.004 0"><span class='ocrx_word' id='word_1_623' title='bbox 2405 4032 2639 4087; x_wconf 87' lang='lat' dir='ltr'><strong>CAPUT</strong></span> <span class='ocrx_word' id='word_1_624' title='bbox 2666 4032 2863 4086; x_wconf 84' lang='lat' dir='ltr'><strong>XXIX.</strong></span> 
     </span>
    </p>
   </div>
   <div class='ocr_carea' id='block_1_86' title="bbox 2229 4123 3032 4177">
    <p class='ocr_par' dir='ltr' id='par_1_86' title="bbox 2229 4123 3032 4177">
     <span class='ocr_line' id='line_1_86' title="bbox 2229 4123 3032 4177; baseline 0.001 -1"><span class='ocrx_word' id='word_1_625' title='bbox 2229 4124 2301 4176; x_wconf 85' lang='lat' dir='ltr'><strong>De</strong></span> <span class='ocrx_word' id='word_1_626' title='bbox 2346 4123 2717 4176; x_wconf 74' lang='lat' dir='ltr'><strong>exhortatione</strong></span> <span class='ocrx_word' id='word_1_627' title='bbox 2742 4123 3032 4177; x_wconf 75' lang='lat' dir='ltr'><strong>doctrinm.</strong></span> 
     </span>
    </p>
   </div>
   <div class='ocr_carea' id='block_1_87' title="bbox 1918 4207 3434 4282">
    <p class='ocr_par' dir='ltr' id='par_1_87' title="bbox 1918 4207 3434 4282">
     <span class='ocr_line' id='line_1_87' title="bbox 1918 4207 3434 4282; baseline -0.003 -14"><span class='ocrx_word' id='word_1_628' title='bbox 1918 4212 1961 4270; x_wconf 92' lang='lat' dir='ltr'><strong>l.</strong></span> <span class='ocrx_word' id='word_1_629' title='bbox 1998 4211 2374 4282; x_wconf 86' lang='lat' dir='ltr'><strong>Interroganti</strong></span> <span class='ocrx_word' id='word_1_630' title='bbox 2404 4210 2626 4265; x_wconf 90' lang='lat' dir='ltr'><strong>cuidam</strong></span> <span class='ocrx_word' id='word_1_631' title='bbox 2658 4209 2920 4265; x_wconf 89' lang='lat' dir='ltr'><strong>abbatem</strong></span> <span class='ocrx_word' id='word_1_632' title='bbox 2948 4208 3334 4264; x_wconf 89' lang='lat' dir='ltr'><strong>Pimenionem</strong></span> <span class='ocrx_word' id='word_1_633' title='bbox 3363 4207 3434 4262; x_wconf 88' lang='lat' dir='ltr'><strong>de</strong></span> 
     </span>
    </p>
   </div>
   <div class='ocr_carea' id='block_1_88' title="bbox 1836 4301 3437 4373">
    <p class='ocr_par' dir='ltr' id='par_1_88' title="bbox 1836 4301 3437 4373">
     <span class='ocr_line' id='line_1_88' title="bbox 1836 4301 3437 4373; baseline -0.003 -16"><span class='ocrx_word' id='word_1_634' title='bbox 1836 4302 2050 4357; x_wconf 84' lang='lat' dir='ltr'><strong>duritia</strong></span> <span class='ocrx_word' id='word_1_635' title='bbox 2064 4302 2265 4366; x_wconf 85' lang='lat' dir='ltr'><strong>cordis,</strong></span> <span class='ocrx_word' id='word_1_636' title='bbox 2291 4301 2581 4373; x_wconf 89' lang='lat' dir='ltr'><strong>respondit</strong></span> <span class='ocrx_word' id='word_1_637' title='bbox 2592 4317 2778 4368; x_wconf 87' lang='lat' dir='ltr'><strong>senex,</strong></span> <span class='ocrx_word' id='word_1_638' title='bbox 2793 4301 2982 4355; x_wconf 91' lang='lat' dir='ltr'><strong>dicens</strong></span> <span class='ocrx_word' id='word_1_639' title='bbox 3002 4318 3013 4354; x_wconf 87' lang='lat'><strong>:</strong></span> <span class='ocrx_word' id='word_1_640' title='bbox 3038 4301 3256 4354; x_wconf 89' lang='lat' dir='ltr'><strong>Natura</strong></span> <span class='ocrx_word' id='word_1_641' title='bbox 3278 4313 3437 4368; x_wconf 64' lang='lat' dir='ltr'><strong>aquae</strong></span> 
     </span>
    </p>
   </div>
   <div class='ocr_carea' id='block_1_89' title="bbox 1837 4388 3440 4461">
    <p class='ocr_par' dir='ltr' id='par_1_89' title="bbox 1837 4388 3440 4461">
     <span class='ocr_line' id='line_1_89' title="bbox 1837 4388 3440 4461; baseline -0.004 -15"><span class='ocrx_word' id='word_1_642' title='bbox 1837 4392 2022 4446; x_wconf 89' lang='lat' dir='ltr'><strong>mollis</strong></span> <span class='ocrx_word' id='word_1_643' title='bbox 2041 4396 2145 4457; x_wconf 90' lang='lat' dir='ltr'><strong>est,</strong></span> <span class='ocrx_word' id='word_1_644' title='bbox 2164 4396 2221 4445; x_wconf 89' lang='lat' dir='ltr'><strong>et</strong></span> <span class='ocrx_word' id='word_1_645' title='bbox 2236 4390 2440 4461; x_wconf 88' lang='lat' dir='ltr'><strong>lapidis</strong></span> <span class='ocrx_word' id='word_1_646' title='bbox 2458 4390 2600 4444; x_wconf 89' lang='lat' dir='ltr'><strong>dura</strong></span> <span class='ocrx_word' id='word_1_647' title='bbox 2623 4408 2635 4457; x_wconf 91' lang='lat'><strong>;</strong></span> <span class='ocrx_word' id='word_1_648' title='bbox 2669 4390 2718 4443; x_wconf 92' lang='lat' dir='ltr'><strong>si</strong></span> <span class='ocrx_word' id='word_1_649' title='bbox 2738 4394 2929 4444; x_wconf 87' lang='lat' dir='ltr'><strong>autem</strong></span> <span class='ocrx_word' id='word_1_650' title='bbox 2947 4388 3272 4460; x_wconf 87' lang='lat' dir='ltr'><strong>frequenter</strong></span> <span class='ocrx_word' id='word_1_651' title='bbox 3290 4401 3440 4457; x_wconf 89' lang='lat' dir='ltr'><strong>aqua</strong></span> 
     </span>
    </p>
   </div>
   <div class='ocr_carea' id='block_1_90' title="bbox 223 4468 3437 4551">
    <p class='ocr_par' dir='ltr' id='par_1_90' title="bbox 223 4468 3437 4551">
     <span class='ocr_line' id='line_1_90' title="bbox 223 4468 3437 4551; baseline -0.002 -16"><span class='ocrx_word' id='word_1_652' title='bbox 223 4476 281 4535; x_wconf 91' lang='lat'><strong>3.</strong></span> <span class='ocrx_word' id='word_1_653' title='bbox 314 4478 494 4533; x_wconf 85' lang='lat' dir='ltr'><strong>Senex</strong></span> <span class='ocrx_word' id='word_1_654' title='bbox 524 4479 752 4550; x_wconf 90' lang='lat' dir='ltr'><strong>quidam</strong></span> <span class='ocrx_word' id='word_1_655' title='bbox 772 4480 945 4535; x_wconf 87' lang='lat' dir='ltr'><strong>dixit:</strong></span> <span class='ocrx_word' id='word_1_656' title='bbox 968 4482 1125 4536; x_wconf 90' lang='lat' dir='ltr'><strong>Tunc</strong></span> <span class='ocrx_word' id='word_1_657' title='bbox 1154 4482 1262 4536; x_wconf 90' lang='lat' dir='ltr'><strong>erit</strong></span> <span class='ocrx_word' id='word_1_658' title='bbox 1280 4484 1586 4537; x_wconf 89' lang='lat' dir='ltr'><strong>monachus</strong></span> <span class='ocrx_word' id='word_1_659' title='bbox 1614 4469 1818 4538; x_wconf 83' lang='lat' dir='ltr'><strong>liberD</strong></span> <span class='ocrx_word' id='word_1_660' title='bbox 1837 4481 2013 4536; x_wconf 88' lang='lat' dir='ltr'><strong>stillat</strong></span> <span class='ocrx_word' id='word_1_661' title='bbox 2030 4496 2201 4551; x_wconf 92' lang='lat' dir='ltr'><strong>super</strong></span> <span class='ocrx_word' id='word_1_662' title='bbox 2224 4479 2488 4550; x_wconf 88' lang='lat' dir='ltr'><strong>lapidem,</strong></span> <span class='ocrx_word' id='word_1_663' title='bbox 2521 4468 3048 4549; x_wconf 47' lang='lat' dir='ltr'><strong>stillando&#39;perforat</strong></span> <span class='ocrx_word' id='word_1_664' title='bbox 3070 4475 3349 4531; x_wconf 85' lang='lat' dir='ltr'><strong>illum.Sic</strong></span> <span class='ocrx_word' id='word_1_665' title='bbox 3378 4479 3437 4529; x_wconf 87' lang='lat' dir='ltr'><strong>et</strong></span> 
     </span>
    </p>
   </div>
   <div class='ocr_carea' id='block_1_91' title="bbox 145 4566 1756 4642">
    <p class='ocr_par' dir='ltr' id='par_1_91' title="bbox 145 4566 1756 4642">
     <span class='ocr_line' id='line_1_91' title="bbox 145 4566 1756 4642; baseline 0.003 -20"><span class='ocrx_word' id='word_1_666' title='bbox 145 4566 223 4622; x_wconf 91' lang='lat' dir='ltr'><strong>ab</strong></span> <span class='ocrx_word' id='word_1_667' title='bbox 252 4566 534 4636; x_wconf 83' lang='lat' dir='ltr'><strong>omnibus,</strong></span> <span class='ocrx_word' id='word_1_668' title='bbox 549 4584 677 4623; x_wconf 91' lang='lat' dir='ltr'><strong>cum</strong></span> <span class='ocrx_word' id='word_1_669' title='bbox 705 4569 765 4623; x_wconf 87' lang='lat' dir='ltr'><strong>in</strong></span> <span class='ocrx_word' id='word_1_670' title='bbox 793 4586 959 4642; x_wconf 82' lang='lat' dir='ltr'><strong>Opere</strong></span> <span class='ocrx_word' id='word_1_671' title='bbox 989 4576 1211 4625; x_wconf 89' lang='lat' dir='ltr'><strong>tantum</strong></span> <span class='ocrx_word' id='word_1_672' title='bbox 1237 4571 1489 4626; x_wconf 89' lang='lat' dir='ltr'><strong>intentus</strong></span> <span class='ocrx_word' id='word_1_673' title='bbox 1515 4573 1756 4627; x_wconf 90' lang='lat' dir='ltr'><strong>estbono</strong></span> 
     </span>
    </p>
   </div>
   <div class='ocr_carea' id='block_1_92' title="bbox 148 4655 1758 4732">
    <p class='ocr_par' dir='ltr' id='par_1_92' title="bbox 148 4655 1758 4732">
     <span class='ocr_line' id='line_1_92' title="bbox 148 4655 1758 4732; baseline 0.002 -21"><span class='ocrx_word' id='word_1_674' title='bbox 148 4655 354 4727; x_wconf 66' lang='lat' dir='ltr'><strong>(Hum,</strong></span> <span class='ocrx_word' id='word_1_675' title='bbox 396 4658 495 4711; x_wconf 83' lang='lat' dir='ltr'><strong>lib.</strong></span> <span class='ocrx_word' id='word_1_676' title='bbox 536 4671 617 4722; x_wconf 78' lang='grc' dir='ltr'><strong><em>ιιι,</em></strong></span> <span class='ocrx_word' id='word_1_677' title='bbox 668 4674 726 4712; x_wconf 84' lang='lat' dir='ltr'><strong>n.</strong></span> <span class='ocrx_word' id='word_1_678' title='bbox 780 4658 921 4726; x_wconf 82' lang='lat'><strong>179).</strong></span> <span class='ocrx_word' id='word_1_679' title='bbox 954 4660 1189 4724; x_wconf 82' lang='lat' dir='ltr'><strong>Quando</strong></span> <span class='ocrx_word' id='word_1_680' title='bbox 1219 4660 1370 4714; x_wconf 90' lang='lat' dir='ltr'><strong>enim</strong></span> <span class='ocrx_word' id='word_1_681' title='bbox 1411 4660 1557 4715; x_wconf 90' lang='lat' dir='ltr'><strong>bona</strong></span> <span class='ocrx_word' id='word_1_682' title='bbox 1587 4677 1758 4732; x_wconf 89' lang='lat' dir='ltr'><strong>opera</strong></span> 
     </span>
    </p>
   </div>
   <div class='ocr_carea' id='block_1_93' title="bbox 145 4746 1757 4813">
    <p class='ocr_par' dir='ltr' id='par_1_93' title="bbox 145 4746 1757 4813">
     <span class='ocr_line' id='line_1_93' title="bbox 145 4746 1757 4813; baseline 0.002 -13"><span class='ocrx_word' id='word_1_683' title='bbox 145 4749 396 4813; x_wconf 87' lang='lat' dir='ltr'><strong>exercet,</strong></span> <span class='ocrx_word' id='word_1_684' title='bbox 432 4746 659 4801; x_wconf 83' lang='lat' dir='ltr'><strong>veniens</strong></span> <span class='ocrx_word' id='word_1_685' title='bbox 685 4747 941 4802; x_wconf 91' lang='lat' dir='ltr'><strong>diabolus</strong></span> <span class='ocrx_word' id='word_1_686' title='bbox 962 4750 1143 4803; x_wconf 90' lang='lat' dir='ltr'><strong>locum</strong></span> <span class='ocrx_word' id='word_1_687' title='bbox 1175 4765 1287 4804; x_wconf 90' lang='lat' dir='ltr'><strong>non</strong></span> <span class='ocrx_word' id='word_1_688' title='bbox 1315 4749 1553 4813; x_wconf 88' lang='lat' dir='ltr'><strong>invenit,</strong></span> <span class='ocrx_word' id='word_1_689' title='bbox 1575 4754 1632 4805; x_wconf 93' lang='lat' dir='ltr'><strong>et</strong></span> <span class='ocrx_word' id='word_1_690' title='bbox 1649 4750 1757 4804; x_wconf 83' lang='lat' dir='ltr'><strong>dis-</strong></span> 
     </span>
    </p>
   </div>
   <div class='ocr_carea' id='block_1_94' title="bbox 144 4834 1755 4910">
    <p class='ocr_par' dir='ltr' id='par_1_94' title="bbox 144 4834 1755 4910">
     <span class='ocr_line' id='line_1_94' title="bbox 144 4834 1755 4910; baseline 0.003 -20"><span class='ocrx_word' id='word_1_691' title='bbox 144 4834 341 4890; x_wconf 87' lang='lat' dir='ltr'><strong>cedit:</strong></span> <span class='ocrx_word' id='word_1_692' title='bbox 383 4834 430 4889; x_wconf 91' lang='lat' dir='ltr'><strong>si</strong></span> <span class='ocrx_word' id='word_1_693' title='bbox 456 4841 646 4891; x_wconf 89' lang='lat' dir='ltr'><strong>autem</strong></span> <span class='ocrx_word' id='word_1_694' title='bbox 688 4838 897 4892; x_wconf 89' lang='lat' dir='ltr'><strong>malum</strong></span> <span class='ocrx_word' id='word_1_695' title='bbox 920 4855 1061 4910; x_wconf 90' lang='lat' dir='ltr'><strong>opus</strong></span> <span class='ocrx_word' id='word_1_696' title='bbox 1090 4844 1328 4903; x_wconf 90' lang='lat' dir='ltr'><strong>exercet,</strong></span> <span class='ocrx_word' id='word_1_697' title='bbox 1370 4839 1598 4893; x_wconf 90' lang='lat' dir='ltr'><strong>veniens</strong></span> <span class='ocrx_word' id='word_1_698' title='bbox 1643 4838 1755 4895; x_wconf 87' lang='lat' dir='ltr'><strong>fre-</strong></span> 
     </span>
    </p>
   </div>
   <div class='ocr_carea' id='block_1_95' title="bbox 151 4923 1751 4997">
    <p class='ocr_par' dir='ltr' id='par_1_95' title="bbox 151 4923 1751 4997">
     <span class='ocr_line' id='line_1_95' title="bbox 151 4923 1751 4997; baseline 0.003 -21"><span class='ocrx_word' id='word_1_699' title='bbox 151 4929 418 4995; x_wconf 87' lang='lat' dir='ltr'><strong>quenter,</strong></span> <span class='ocrx_word' id='word_1_700' title='bbox 437 4923 962 4997; x_wconf 90' lang='lat' dir='ltr'><strong>etimpugnateum,</strong></span> <span class='ocrx_word' id='word_1_701' title='bbox 998 4927 1130 4981; x_wconf 92' lang='lat' dir='ltr'><strong>etin</strong></span> <span class='ocrx_word' id='word_1_702' title='bbox 1159 4928 1440 4982; x_wconf 90' lang='lat' dir='ltr'><strong>deteriora</strong></span> <span class='ocrx_word' id='word_1_703' title='bbox 1461 4926 1751 4983; x_wconf 91' lang='lat' dir='ltr'><strong>subvertit.</strong></span> 
     </span>
    </p>
   </div>
   <div class='ocr_carea' id='block_1_96' title="bbox 225 5012 1755 5088">
    <p class='ocr_par' dir='ltr' id='par_1_96' title="bbox 225 5012 1755 5088">
     <span class='ocr_line' id='line_1_96' title="bbox 225 5012 1755 5088; baseline 0.003 -22"><span class='ocrx_word' id='word_1_704' title='bbox 225 5012 283 5068; x_wconf 78' lang='grc'>4.</span> <span class='ocrx_word' id='word_1_705' title='bbox 316 5012 524 5068; x_wconf 86' lang='lat' dir='ltr'><strong>Beatus</strong></span> <span class='ocrx_word' id='word_1_706' title='bbox 547 5015 825 5070; x_wconf 87' lang='lat' dir='ltr'><strong>Antonius</strong></span> <span class='ocrx_word' id='word_1_707' title='bbox 856 5015 1121 5071; x_wconf 89' lang='lat' dir='ltr'><strong>monebat</strong></span> <span class='ocrx_word' id='word_1_708' title='bbox 1133 5017 1466 5088; x_wconf 89' lang='lat' dir='ltr'><strong>discipulum</strong></span> <span class='ocrx_word' id='word_1_709' title='bbox 1478 5017 1755 5083; x_wconf 89' lang='lat' dir='ltr'><strong>suum,di-</strong></span> 
     </span>
    </p>
   </div>
   <div class='ocr_carea' id='block_1_97' title="bbox 151 5102 1756 5177">
    <p class='ocr_par' dir='ltr' id='par_1_97' title="bbox 151 5102 1756 5177">
     <span class='ocr_line' id='line_1_97' title="bbox 151 5102 1756 5177; baseline 0.004 -22"><span class='ocrx_word' id='word_1_710' title='bbox 151 5116 330 5155; x_wconf 89' lang='lat' dir='ltr'><strong>cens:</strong></span> <span class='ocrx_word' id='word_1_711' title='bbox 371 5102 552 5157; x_wconf 88' lang='lat' dir='ltr'><strong>IIorre</strong></span> <span class='ocrx_word' id='word_1_712' title='bbox 598 5110 848 5160; x_wconf 90' lang='lat' dir='ltr'><strong>ventrem</strong></span> <span class='ocrx_word' id='word_1_713' title='bbox 896 5109 1079 5171; x_wconf 91' lang='lat' dir='ltr'><strong>tuum,</strong></span> <span class='ocrx_word' id='word_1_714' title='bbox 1112 5112 1170 5160; x_wconf 93' lang='lat' dir='ltr'><strong>et</strong></span> <span class='ocrx_word' id='word_1_715' title='bbox 1196 5106 1558 5161; x_wconf 89' lang='lat' dir='ltr'><strong>necessitates</strong></span> <span class='ocrx_word' id='word_1_716' title='bbox 1586 5106 1756 5177; x_wconf 87' lang='lat' dir='ltr'><strong>hujus</strong></span> 
     </span>
    </p>
   </div>
   <div class='ocr_carea' id='block_1_98' title="bbox 153 5189 1756 5265">
    <p class='ocr_par' dir='ltr' id='par_1_98' title="bbox 153 5189 1756 5265">
     <span class='ocr_line' id='line_1_98' title="bbox 153 5189 1756 5265; baseline 0.003 -20"><span class='ocrx_word' id='word_1_717' title='bbox 153 5189 368 5258; x_wconf 67' lang='lat' dir='ltr'><strong>saeculi,</strong></span> <span class='ocrx_word' id='word_1_718' title='bbox 400 5195 457 5245; x_wconf 90' lang='lat' dir='ltr'><strong>et</strong></span> <span class='ocrx_word' id='word_1_719' title='bbox 477 5194 984 5265; x_wconf 89' lang='lat' dir='ltr'><strong>concupiscentiam</strong></span> <span class='ocrx_word' id='word_1_720' title='bbox 1007 5196 1232 5263; x_wconf 88' lang='lat' dir='ltr'><strong>malam,</strong></span> <span class='ocrx_word' id='word_1_721' title='bbox 1265 5200 1321 5249; x_wconf 92' lang='lat' dir='ltr'><strong>et</strong></span> <span class='ocrx_word' id='word_1_722' title='bbox 1339 5196 1608 5250; x_wconf 90' lang='lat' dir='ltr'><strong>honorem</strong></span> <span class='ocrx_word' id='word_1_723' title='bbox 1628 5200 1756 5250; x_wconf 85' lang='lat' dir='ltr'><strong>tan-</strong></span> 
     </span>
    </p>
   </div>
   <div class='ocr_carea' id='block_1_99' title="bbox 152 5278 1753 5358">
    <p class='ocr_par' dir='ltr' id='par_1_99' title="bbox 152 5278 1753 5358">
     <span class='ocr_line' id='line_1_99' title="bbox 152 5278 1753 5358; baseline 0.004 -24"><span class='ocrx_word' id='word_1_724' title='bbox 152 5295 332 5352; x_wconf 88' lang='lat' dir='ltr'><strong>quam</strong></span> <span class='ocrx_word' id='word_1_725' title='bbox 353 5278 554 5337; x_wconf 85' lang='lat' dir='ltr'><strong>absens</strong></span> <span class='ocrx_word' id='word_1_726' title='bbox 582 5283 652 5337; x_wconf 91' lang='lat' dir='ltr'><strong>de</strong></span> <span class='ocrx_word' id='word_1_727' title='bbox 680 5283 784 5338; x_wconf 91' lang='lat' dir='ltr'><strong>hoc</strong></span> <span class='ocrx_word' id='word_1_728' title='bbox 810 5284 1013 5339; x_wconf 70' lang='lat' dir='ltr'><strong>saeculo</strong></span> <span class='ocrx_word' id='word_1_729' title='bbox 1038 5304 1050 5350; x_wconf 92' lang='lat'>;</span> <span class='ocrx_word' id='word_1_730' title='bbox 1074 5289 1132 5339; x_wconf 89' lang='lat' dir='ltr'><strong>et</strong></span> <span class='ocrx_word' id='word_1_731' title='bbox 1155 5285 1407 5357; x_wconf 87' lang='lat' dir='ltr'><strong>requiem</strong></span> <span class='ocrx_word' id='word_1_732' title='bbox 1428 5285 1753 5358; x_wconf 90' lang='lat' dir='ltr'><strong>possidebis.</strong></span> 
     </span>
    </p>
   </div>
   <div class='ocr_carea' id='block_1_100' title="bbox 722 5409 1207 5466">
    <p class='ocr_par' dir='ltr' id='par_1_100' title="bbox 722 5409 1207 5466">
     <span class='ocr_line' id='line_1_100' title="bbox 722 5409 1207 5466; baseline 0 -2"><span class='ocrx_word' id='word_1_733' title='bbox 722 5410 957 5466; x_wconf 85' lang='lat' dir='ltr'><strong>CAPUT</strong></span> <span class='ocrx_word' id='word_1_734' title='bbox 982 5409 1207 5466; x_wconf 87' lang='lat' dir='ltr'><strong>XXVII.</strong></span> 
     </span>
    </p>
   </div>
   <div class='ocr_carea' id='block_1_101' title="bbox 696 5535 1221 5604">
    <p class='ocr_par' dir='ltr' id='par_1_101' title="bbox 696 5535 1221 5604">
     <span class='ocr_line' id='line_1_101' title="bbox 696 5535 1221 5604; baseline -0.004 -15"><span class='ocrx_word' id='word_1_735' title='bbox 696 5535 770 5589; x_wconf 85' lang='lat' dir='ltr'><strong>De</strong></span> <span class='ocrx_word' id='word_1_736' title='bbox 794 5537 1221 5604; x_wconf 80' lang='lat' dir='ltr'><strong>perseverantia.</strong></span> 
     </span>
    </p>
   </div>
   <div class='ocr_carea' id='block_1_102' title="bbox 228 5641 1759 5717">
    <p class='ocr_par' dir='ltr' id='par_1_102' title="bbox 228 5641 1759 5717">
     <span class='ocr_line' id='line_1_102' title="bbox 228 5641 1759 5717; baseline 0.001 -18"><span class='ocrx_word' id='word_1_737' title='bbox 228 5642 286 5699; x_wconf 80' lang='grc'><strong>1.</strong></span> <span class='ocrx_word' id='word_1_738' title='bbox 308 5641 499 5701; x_wconf 89' lang='lat' dir='ltr'><strong>Abbas</strong></span> <span class='ocrx_word' id='word_1_739' title='bbox 525 5645 804 5703; x_wconf 87' lang='lat' dir='ltr'><strong>Antonius</strong></span> <span class='ocrx_word' id='word_1_740' title='bbox 825 5646 968 5703; x_wconf 86' lang='lat' dir='ltr'><strong>dixit</strong></span> <span class='ocrx_word' id='word_1_741' title='bbox 991 5664 1002 5702; x_wconf 91' lang='lat'><strong>:</strong></span> <span class='ocrx_word' id='word_1_742' title='bbox 1030 5646 1334 5704; x_wconf 88' lang='lat' dir='ltr'><strong>Monachus</strong></span> <span class='ocrx_word' id='word_1_743' title='bbox 1353 5645 1401 5701; x_wconf 86' lang='lat' dir='ltr'><strong>si</strong></span> <span class='ocrx_word' id='word_1_744' title='bbox 1421 5645 1614 5717; x_wconf 88' lang='lat' dir='ltr'><strong>paucis</strong></span> <span class='ocrx_word' id='word_1_745' title='bbox 1644 5644 1759 5701; x_wconf 82' lang='lat' dir='ltr'><strong>die-</strong></span> 
     </span>
    </p>
   </div>
   <div class='ocr_carea' id='block_1_103' title="bbox 1836 4567 3436 4631">
    <p class='ocr_par' dir='ltr' id='par_1_103' title="bbox 1836 4567 3436 4631">
     <span class='ocr_line' id='line_1_103' title="bbox 1836 4567 3436 4631; baseline -0.004 -8"><span class='ocrx_word' id='word_1_746' title='bbox 1836 4569 2071 4623; x_wconf 87' lang='lat' dir='ltr'><strong>verbum</strong></span> <span class='ocrx_word' id='word_1_747' title='bbox 2092 4567 2194 4622; x_wconf 94' lang='lat' dir='ltr'><strong>Dei</strong></span> <span class='ocrx_word' id='word_1_748' title='bbox 2213 4567 2375 4621; x_wconf 90' lang='lat' dir='ltr'><strong>dulce</strong></span> <span class='ocrx_word' id='word_1_749' title='bbox 2400 4571 2457 4621; x_wconf 90' lang='lat' dir='ltr'><strong>et</strong></span> <span class='ocrx_word' id='word_1_750' title='bbox 2483 4567 2655 4620; x_wconf 90' lang='lat' dir='ltr'><strong>molle</strong></span> <span class='ocrx_word' id='word_1_751' title='bbox 2693 4572 2796 4631; x_wconf 89' lang='lat' dir='ltr'><strong>est,</strong></span> <span class='ocrx_word' id='word_1_752' title='bbox 2831 4569 3091 4620; x_wconf 90' lang='lat' dir='ltr'><strong>nostrum</strong></span> <span class='ocrx_word' id='word_1_753' title='bbox 3116 4568 3307 4619; x_wconf 88' lang='lat' dir='ltr'><strong>autem</strong></span> <span class='ocrx_word' id='word_1_754' title='bbox 3337 4579 3436 4618; x_wconf 90' lang='lat' dir='ltr'><strong>cor</strong></span> 
     </span>
    </p>
   </div>
   <div class='ocr_carea' id='block_1_104' title="bbox 1836 4652 3429 4726">
    <p class='ocr_par' dir='ltr' id='par_1_104' title="bbox 1836 4652 3429 4726">
     <span class='ocr_line' id='line_1_104' title="bbox 1836 4652 3429 4726; baseline -0.004 -13"><span class='ocrx_word' id='word_1_755' title='bbox 1836 4659 2062 4713; x_wconf 90' lang='lat' dir='ltr'><strong>durum.</strong></span> <span class='ocrx_word' id='word_1_756' title='bbox 2086 4658 2267 4711; x_wconf 90' lang='lat' dir='ltr'><strong>Homo</strong></span> <span class='ocrx_word' id='word_1_757' title='bbox 2282 4671 2418 4725; x_wconf 83' lang='lat' dir='ltr'><strong>ergo</strong></span> <span class='ocrx_word' id='word_1_758' title='bbox 2434 4655 2668 4710; x_wconf 90' lang='lat' dir='ltr'><strong>audiens</strong></span> <span class='ocrx_word' id='word_1_759' title='bbox 2685 4655 3009 4726; x_wconf 88' lang='lat' dir='ltr'><strong>frequenter</strong></span> <span class='ocrx_word' id='word_1_760' title='bbox 3031 4657 3132 4711; x_wconf 88' lang='lat' dir='ltr'><strong>aut</strong></span> <span class='ocrx_word' id='word_1_761' title='bbox 3149 4652 3429 4707; x_wconf 83' lang='lat' dir='ltr'><strong>meditans</strong></span> 
     </span>
    </p>
   </div>
   <div class='ocr_carea' id='block_1_105' title="bbox 1836 4741 3425 4814">
    <p class='ocr_par' dir='ltr' id='par_1_105' title="bbox 1836 4741 3425 4814">
     <span class='ocr_line' id='line_1_105' title="bbox 1836 4741 3425 4814; baseline -0.003 -14"><span class='ocrx_word' id='word_1_762' title='bbox 1836 4746 2069 4802; x_wconf 87' lang='lat' dir='ltr'><strong>verbum</strong></span> <span class='ocrx_word' id='word_1_763' title='bbox 2092 4745 2212 4813; x_wconf 89' lang='lat' dir='ltr'><strong>Dei,</strong></span> <span class='ocrx_word' id='word_1_764' title='bbox 2248 4744 2346 4799; x_wconf 91' lang='lat' dir='ltr'><strong>dat</strong></span> <span class='ocrx_word' id='word_1_765' title='bbox 2391 4745 2578 4799; x_wconf 88' lang='lat' dir='ltr'><strong>locum</strong></span> <span class='ocrx_word' id='word_1_766' title='bbox 2602 4743 2795 4799; x_wconf 89' lang='lat' dir='ltr'><strong>timori</strong></span> <span class='ocrx_word' id='word_1_767' title='bbox 2820 4743 2921 4799; x_wconf 90' lang='lat' dir='ltr'><strong>Dei</strong></span> <span class='ocrx_word' id='word_1_768' title='bbox 2944 4742 3164 4814; x_wconf 86' lang='lat' dir='ltr'><strong>ingredi</strong></span> <span class='ocrx_word' id='word_1_769' title='bbox 3186 4741 3245 4797; x_wconf 89' lang='lat' dir='ltr'><strong>in</strong></span> <span class='ocrx_word' id='word_1_770' title='bbox 3273 4757 3425 4799; x_wconf 88' lang='lat' dir='ltr'><strong>eum.</strong></span> 
     </span>
    </p>
   </div>
   <div class='ocr_carea' id='block_1_106' title="bbox 2410 4869 2845 4925">
    <p class='ocr_par' dir='ltr' id='par_1_106' title="bbox 2410 4869 2845 4925">
     <span class='ocr_line' id='line_1_106' title="bbox 2410 4869 2845 4925; baseline 0 -1"><span class='ocrx_word' id='word_1_771' title='bbox 2410 4869 2645 4925; x_wconf 89' lang='lat' dir='ltr'><strong>CAPUT</strong></span> <span class='ocrx_word' id='word_1_772' title='bbox 2675 4869 2845 4925; x_wconf 86' lang='lat' dir='ltr'><strong>XXX.</strong></span> 
     </span>
    </p>
   </div>
   <div class='ocr_carea' id='block_1_107' title="bbox 2264 4997 3008 5052">
    <p class='ocr_par' dir='ltr' id='par_1_107' title="bbox 2264 4997 3008 5052">
     <span class='ocr_line' id='line_1_107' title="bbox 2264 4997 3008 5052; baseline 0 -1"><span class='ocrx_word' id='word_1_773' title='bbox 2264 4998 2336 5051; x_wconf 89' lang='lat' dir='ltr'><strong>De</strong></span> <span class='ocrx_word' id='word_1_774' title='bbox 2394 4998 2713 5052; x_wconf 81' lang='lat' dir='ltr'><strong>curiositate</strong></span> <span class='ocrx_word' id='word_1_775' title='bbox 2758 4997 3008 5051; x_wconf 82' lang='lat' dir='ltr'><strong>vitanda.</strong></span> 
     </span>
    </p>
   </div>
   <div class='ocr_carea' id='block_1_108' title="bbox 1911 5102 3434 5176">
    <p class='ocr_par' dir='ltr' id='par_1_108' title="bbox 1911 5102 3434 5176">
     <span class='ocr_line' id='line_1_108' title="bbox 1911 5102 3434 5176; baseline -0.004 -14"><span class='ocrx_word' id='word_1_776' title='bbox 1911 5107 1963 5162; x_wconf 84' lang='grc'>1.</span> <span class='ocrx_word' id='word_1_777' title='bbox 1992 5107 2172 5162; x_wconf 88' lang='lat' dir='ltr'><strong>Senex</strong></span> <span class='ocrx_word' id='word_1_778' title='bbox 2202 5104 2430 5176; x_wconf 90' lang='lat' dir='ltr'><strong>quidam</strong></span> <span class='ocrx_word' id='word_1_779' title='bbox 2467 5103 2637 5159; x_wconf 87' lang='lat' dir='ltr'><strong>dixit:</strong></span> <span class='ocrx_word' id='word_1_780' title='bbox 2695 5105 2823 5160; x_wconf 92' lang='lat' dir='ltr'><strong>Non</strong></span> <span class='ocrx_word' id='word_1_781' title='bbox 2850 5109 3072 5175; x_wconf 85' lang='lat' dir='ltr'><strong>oportet</strong></span> <span class='ocrx_word' id='word_1_782' title='bbox 3098 5102 3434 5159; x_wconf 88' lang='lat' dir='ltr'><strong>monachum</strong></span> 
     </span>
    </p>
   </div>
   <div class='ocr_carea' id='block_1_109' title="bbox 1838 5192 3429 5270">
    <p class='ocr_par' dir='ltr' id='par_1_109' title="bbox 1838 5192 3429 5270">
     <span class='ocr_line' id='line_1_109' title="bbox 1838 5192 3429 5270; baseline -0.005 -17"><span class='ocrx_word' id='word_1_783' title='bbox 1838 5197 2128 5270; x_wconf 90' lang='lat' dir='ltr'><strong>requirere</strong></span> <span class='ocrx_word' id='word_1_784' title='bbox 2157 5194 2399 5267; x_wconf 90' lang='lat' dir='ltr'><strong>qualiter</strong></span> <span class='ocrx_word' id='word_1_785' title='bbox 2421 5194 2495 5249; x_wconf 91' lang='lat' dir='ltr'><strong>sit</strong></span> <span class='ocrx_word' id='word_1_786' title='bbox 2518 5194 2633 5259; x_wconf 87' lang='lat' dir='ltr'><strong>ille,</strong></span> <span class='ocrx_word' id='word_1_787' title='bbox 2666 5200 2768 5250; x_wconf 89' lang='lat' dir='ltr'><strong>aut</strong></span> <span class='ocrx_word' id='word_1_788' title='bbox 2796 5192 3270 5266; x_wconf 88' lang='lat' dir='ltr'><strong>quemadmodum</strong></span> <span class='ocrx_word' id='word_1_789' title='bbox 3297 5192 3393 5247; x_wconf 90' lang='lat' dir='ltr'><strong>ille</strong></span> <span class='ocrx_word' id='word_1_790' title='bbox 3417 5209 3429 5245; x_wconf 90' lang='lat'><strong>:</strong></span> 
     </span>
    </p>
   </div>
   <div class='ocr_carea' id='block_1_110' title="bbox 1840 5280 3433 5360">
    <p class='ocr_par' dir='ltr' id='par_1_110' title="bbox 1840 5280 3433 5360">
     <span class='ocr_line' id='line_1_110' title="bbox 1840 5280 3433 5360; baseline -0.004 -19"><span class='ocrx_word' id='word_1_791' title='bbox 1840 5287 1974 5360; x_wconf 91' lang='lat' dir='ltr'><strong>quia</strong></span> <span class='ocrx_word' id='word_1_792' title='bbox 1992 5303 2094 5358; x_wconf 89' lang='lat' dir='ltr'><strong>per</strong></span> <span class='ocrx_word' id='word_1_793' title='bbox 2121 5285 2623 5355; x_wconf 84' lang='lat' dir='ltr'><strong>interrogationem</strong></span> <span class='ocrx_word' id='word_1_794' title='bbox 2642 5283 2966 5355; x_wconf 85' lang='lat' dir='ltr'><strong>hujusmodi</strong></span> <span class='ocrx_word' id='word_1_795' title='bbox 2994 5281 3343 5337; x_wconf 90' lang='lat' dir='ltr'><strong>abstrahitur</strong></span> <span class='ocrx_word' id='word_1_796' title='bbox 3362 5280 3433 5336; x_wconf 88' lang='lat' dir='ltr'><strong>ab</strong></span> 
     </span>
    </p>
   </div>
   <div class='ocr_carea' id='block_1_111' title="bbox 1841 5370 3428 5443">
    <p class='ocr_par' dir='ltr' id='par_1_111' title="bbox 1841 5370 3428 5443">
     <span class='ocr_line' id='line_1_111' title="bbox 1841 5370 3428 5443; baseline -0.004 -12"><span class='ocrx_word' id='word_1_797' title='bbox 1841 5376 2113 5443; x_wconf 86' lang='lat' dir='ltr'><strong>oratione,</strong></span> <span class='ocrx_word' id='word_1_798' title='bbox 2148 5380 2206 5430; x_wconf 94' lang='lat' dir='ltr'><strong>et</strong></span> <span class='ocrx_word' id='word_1_799' title='bbox 2231 5374 2430 5430; x_wconf 78' lang='lat' dir='ltr'><strong>defluit</strong></span> <span class='ocrx_word' id='word_1_800' title='bbox 2454 5374 2514 5429; x_wconf 90' lang='lat' dir='ltr'><strong>in</strong></span> <span class='ocrx_word' id='word_1_801' title='bbox 2552 5373 2926 5428; x_wconf 89' lang='lat' dir='ltr'><strong>detractiones</strong></span> <span class='ocrx_word' id='word_1_802' title='bbox 2956 5376 3015 5427; x_wconf 89' lang='lat' dir='ltr'><strong>et</strong></span> <span class='ocrx_word' id='word_1_803' title='bbox 3044 5370 3428 5426; x_wconf 87' lang='lat' dir='ltr'><strong>verbositates.</strong></span> 
     </span>
    </p>
   </div>
   <div class='ocr_carea' id='block_1_112' title="bbox 1840 5464 2934 5534">
    <p class='ocr_par' dir='ltr' id='par_1_112' title="bbox 1840 5464 2934 5534">
     <span class='ocr_line' id='line_1_112' title="bbox 1840 5464 2934 5534; baseline -0.005 -14"><span class='ocrx_word' id='word_1_804' title='bbox 1840 5465 2001 5520; x_wconf 90' lang='lat' dir='ltr'><strong>Unde</strong></span> <span class='ocrx_word' id='word_1_805' title='bbox 2025 5465 2168 5519; x_wconf 89' lang='lat' dir='ltr'><strong>nihil</strong></span> <span class='ocrx_word' id='word_1_806' title='bbox 2195 5470 2281 5519; x_wconf 90' lang='lat' dir='ltr'><strong>est</strong></span> <span class='ocrx_word' id='word_1_807' title='bbox 2310 5464 2512 5519; x_wconf 90' lang='lat' dir='ltr'><strong>melius</strong></span> <span class='ocrx_word' id='word_1_808' title='bbox 2533 5479 2703 5534; x_wconf 90' lang='lat' dir='ltr'><strong>quam</strong></span> <span class='ocrx_word' id='word_1_809' title='bbox 2729 5467 2934 5516; x_wconf 89' lang='lat' dir='ltr'><strong>tacere.</strong></span> 
     </span>
    </p>
   </div>
   <div class='ocr_carea' id='block_1_113' title="bbox 1909 5549 3434 5626">
    <p class='ocr_par' dir='ltr' id='par_1_113' title="bbox 1909 5549 3434 5626">
     <span class='ocr_line' id='line_1_113' title="bbox 1909 5549 3434 5626; baseline -0.003 -16"><span class='ocrx_word' id='word_1_810' title='bbox 1909 5554 1968 5611; x_wconf 72' lang='lat'><strong>‘2.</strong></span> <span class='ocrx_word' id='word_1_811' title='bbox 2016 5554 2215 5609; x_wconf 87' lang='lat' dir='ltr'><strong>Frater</strong></span> <span class='ocrx_word' id='word_1_812' title='bbox 2264 5553 2495 5626; x_wconf 86' lang='lat' dir='ltr'><strong>quidam</strong></span> <span class='ocrx_word' id='word_1_813' title='bbox 2531 5551 2822 5624; x_wconf 91' lang='lat' dir='ltr'><strong>requisivit</strong></span> <span class='ocrx_word' id='word_1_814' title='bbox 2847 5567 2882 5605; x_wconf 93' lang='lat' dir='ltr'><strong>a</strong></span> <span class='ocrx_word' id='word_1_815' title='bbox 2909 5567 3062 5617; x_wconf 87' lang='lat' dir='ltr'><strong>sene,</strong></span> <span class='ocrx_word' id='word_1_816' title='bbox 3096 5550 3288 5605; x_wconf 87' lang='lat' dir='ltr'><strong>dicens</strong></span> <span class='ocrx_word' id='word_1_817' title='bbox 3324 5568 3337 5605; x_wconf 90' lang='lat'><strong>:</strong></span> <span class='ocrx_word' id='word_1_818' title='bbox 3374 5549 3434 5606; x_wconf 90' lang='lat' dir='ltr'><strong>Si</strong></span> 
     </span>
    </p>
   </div>
   <div class='ocr_carea' id='block_1_114' title="bbox 1839 5637 3436 5715">
    <p class='ocr_par' dir='ltr' id='par_1_114' title="bbox 1839 5637 3436 5715">
     <span class='ocr_line' id='line_1_114' title="bbox 1839 5637 3436 5715; baseline -0.003 -13"><span class='ocrx_word' id='word_1_819' title='bbox 1839 5644 2054 5702; x_wconf 91' lang='lat' dir='ltr'><strong>venerit</strong></span> <span class='ocrx_word' id='word_1_820' title='bbox 2071 5643 2247 5699; x_wconf 84' lang='lat' dir='ltr'><strong>frater</strong></span> <span class='ocrx_word' id='word_1_821' title='bbox 2264 5642 2486 5715; x_wconf 88' lang='lat' dir='ltr'><strong>aliquis,</strong></span> <span class='ocrx_word' id='word_1_822' title='bbox 2506 5657 2794 5698; x_wconf 86' lang='lat' dir='ltr'><strong>sermones</strong></span> <span class='ocrx_word' id='word_1_823' title='bbox 2814 5640 2955 5698; x_wconf 88' lang='lat' dir='ltr'><strong>mihi</strong></span> <span class='ocrx_word' id='word_1_824' title='bbox 2968 5640 3175 5697; x_wconf 86' lang='lat' dir='ltr'><strong>deforis</strong></span> <span class='ocrx_word' id='word_1_825' title='bbox 3191 5637 3436 5698; x_wconf 83' lang='lat' dir='ltr'><strong>inferens</strong></span> 
     </span>
    </p>
   </div>
  </div>
