3910 6374
523 316 654 376 1051
1617 314 1712 371 DE
1750 314 1940 372 VITIS
1979 315 2279 374 PATRUM
2313 317 2529 375 LIBER
2565 317 2687 373 VII.
3653 314 3783 375 1052

519 444 750 509 alienos,
770 442 934 515 jubes
966 445 1031 498 ut
1048 441 1232 497 dicam
1258 440 1342 495 illi
1362 444 1641 512 quatenus
1667 442 1809 497 mihi
1836 442 1965 499 illos
2001 459 2116 499 non
2134 447 2181 506 Α
2203 444 2524 500 ministrare
2554 445 2675 500 loco
2704 460 2852 500 meo.
2885 443 2957 499 Et
2991 442 3172 499 oravit
3197 442 3307 499 sic:
3333 442 3591 510 Domine,
3624 442 3673 499 si
3698 460 3788 499 vo—

520 533 720 588 ati‘erat
742 533 766 586 7
792 532 889 587 Ait
910 548 1084 587 senex
1108 549 1120 584 :
1140 530 1294 585 Nihil
1315 530 1488 597 dicas,
1514 531 1647 602 quia
1677 547 1781 587 nec
1798 549 1904 587 nos
1929 534 2116 604 potui—
2198 535 2386 589 luntas
2433 540 2535 589 tua
2564 539 2667 599 est,
2701 538 2767 588 ut
2805 533 2865 588 in
2904 532 3254 587 ordinatione
3292 548 3422 588 mea
3474 534 3782 604 persistam,

519 638 646 677 mus
671 620 1313 676 observare.Cavendum
1337 626 1422 674 est
1441 637 1592 692 ergo,
1618 638 1690 675 ne
1710 621 1853 676 forte
1873 622 2119 677 dicentes
2200 623 2436 679 ostende
2485 623 2646 678 mihi.
2707 623 2777 678 Et
2817 627 3015 688 380
3063 626 3290 677 ostensa
3319 627 3402 677 est
3435 621 3518 677 illi
3546 622 3791 677 columna

517 711 790 782 proximo,
815 711 934 766 Hoc
957 726 1029 765 ne
1058 709 1248 776 facias,
1280 726 1383 765 nos
1410 710 1561 764 idem
1589 710 1675 765 vel
1701 712 1897 782 pejora
1925 717 2122 782 postea
2200 714 2385 784 ignea,
2412 729 2447 768 a
2464 718 2617 767 terra
2637 729 2816 784 usque
2831 712 2903 767 ad
2928 712 3131 767 omium
3154 711 3494 783 pertingens,
3524 716 3583 766 et
3600 728 3702 767 vox
3726 712 3789 767 ad

514 800 806 856 faciamus.
845 800 949 855 Cui
978 799 1155 854 frater
1180 818 1192 853 :
1221 798 1368 864 Quid
1397 816 1530 870 ergo
1558 804 1782 871 Oportet
1799 798 1980 855 facere
2002 801 2030 854 ‘2
2053 802 2122 856 Et
2203 819 2333 857 eum
2373 822 2385 857 :
2418 802 2728 869 Theodore,
2762 802 2810 858 si
2851 806 3011 873 potes
3041 800 3165 856 ﬁeri
3195 801 3341 856 sicut
3364 801 3628 857 columna
3668 801 3785 868 ista,

516 906 717 944 senex:
743 889 802 945 Si
823 889 1185 957 voluerimus,
1220 887 1423 960 inquit,
1448 894 1654 958 tacere,
1680 890 1999 961 exemplum
2028 907 2120 946 so-
2202 892 2342 948 vade
2374 897 2434 947 et
2461 891 2738 946 ministra.
2772 890 2993 946 Sufficit
3019 890 3168 963 quod
3198 890 3379 945 levitis
3404 895 3462 945 et
3488 891 3786 946 sacerdoti-

512 979 633 1035 lum
653 978 859 1035 sufﬁcit
874 978 1149 1051 proximo.
2203 981 2310 1038 bus
2335 999 2437 1054 per
2460 983 2689 1054 Moysen
2707 980 2922 1035 dictum
2948 986 3053 1048 est,
3077 985 3142 1035 ut
3157 980 3368 1035 mundo
3395 980 3563 1035 corde
3591 985 3650 1035 et
3679 997 3788 1035 oor-

1087 1067 1321 1124 CAPUT
1351 1069 1546 1123 XXXI.
2208 1088 2363 1143 pore,
2397 1070 2638 1127 innoxiis
2665 1070 2926 1125 manibus
2955 1074 3012 1124 et
3038 1070 3370 1124 vestimento
3407 1069 3785 1137 mundissimo,

958 1159 1033 1213 De
1060 1160 1404 1212 contentione
1424 1160 1674 1212 vitanda.
2206 1178 2309 1233 pro
2339 1161 2470 1216 ﬁliis
2483 1161 2655 1215 Israel
2669 1160 2939 1215 offerrent
2956 1158 3247 1214 sacrificia.
3270 1158 3430 1223 Quod
3451 1159 3547 1213 ille
3564 1159 3789 1214 audiens

593 1249 645 1305 1.
677 1248 920 1313 Quidam
970 1262 1138 1301 senex
1180 1245 1320 1301 dixit
1354 1247 1545 1313 (Ra/ﬂ,
1594 1250 1697 1302 lib.
1737 1262 1821 1315 ιιι,
1857 1264 1915 1303 n.
1954 1247 2073 1319 185)
2107 1268 2119 1304 :
2204 1252 2357 1306 ultra
2384 1250 2705 1305 nullatenus
2742 1248 3039 1320 acquievit.
3067 1248 3177 1304 Sed
3211 1264 3337 1303 cum
3367 1248 3685 1303 venissetin
3707 1265 3787 1303 eo-

515 1339 575 1393 Si
604 1338 731 1410 quis
759 1343 946 1393 tecum
983 1340 1083 1391 aut
1106 1335 1176 1390 de
1206 1334 1529 1407 Scripturis,
1563 1342 1664 1392 aut
1687 1338 1756 1392 de
1788 1354 2120 1410 quacunque
2201 1340 2448 1407 clesiam,
2473 1338 2919 1411 deprecabantur
2946 1354 3095 1405 eum,
3114 1342 3180 1393 ut
3206 1337 3254 1392 si
3279 1353 3393 1393 non
3421 1338 3780 1404 ministraret,

511 1444 681 1483 causa
716 1428 939 1482 locutus
979 1425 1169 1492 fuerit,
1201 1442 1274 1479 ne
1299 1425 1606 1481 contendas
1634 1443 1759 1481 cum
1783 1444 1848 1482 eo
1878 1446 1890 1480 :
1939 1428 2037 1482 sed
2070 1428 2117 1483 si
2199 1431 2286 1485 vel
2315 1430 2546 1485 calicem
2572 1433 2809 1483 teneret.
2846 1428 2954 1493 Qui
2996 1444 3108 1482 non
3137 1426 3429 1500 acquievit,
3479 1427 3672 1483 dicens
3693 1446 3706 1480 :
3731 1427 3784 1482 Si

512 1517 741 1589 quidem
771 1516 915 1571 bene
970 1515 1128 1582 dicit,
1160 1515 1413 1570 consenti
1458 1515 1510 1569 ei
1536 1529 1550 1570 :
1584 1516 1633 1570 si
1661 1533 1790 1571 vero
1818 1518 2002 1587 .male,
2028 1517 2118 1573 dic

510 1606 630 1661 illi:
664 1607 749 1661 Tu
774 1606 883 1660 scis
915 1605 1194 1677 quomodo
1217 1604 1482 1675 loquaris.
1514 1604 1961 1677 AitApostolus:
1989 1607 2118 1663 Noli

511 1696 849 1752 contendere
897 1693 1079 1749 verbis
1114 1694 1194 1769 (Il
1252 1696 1394 1748 Tim.
1425 1697 1507 1763 ιι).
1548 1695 1678 1749 Haec
1710 1695 2029 1763 observans,
2061 1701 2120 1752 et

510 1784 895 1841 humilitatem
930 1782 1260 1855 possidebis,
1294 1788 1349 1837 et
1378 1783 1569 1837 odium
1612 1784 1837 1839 vitabis.
1884 1786 2028 1840 Nam
2070 1786 2117 1841 si
2134 1768 2179 1829 B
2196 1787 2396 1843 Patres
2419 1787 2679 1844 volebant
2700 1787 2885 1843 facere
2896 1787 2956 1842 in
2978 1768 3190 1859 Scythi,
3214 1785 3361 1857 fugit
3375 1785 3434 1841 in
3453 1785 3779 1857 13mm;

507 1874 776 1946 persistas
826 1873 1186 1939 contendens,
1236 1877 1293 1928 et
1339 1873 1420 1927 vis
1467 1873 1765 1929 defendere
1794 1891 2114 1931 sermonem
2198 1883 2255 1932 et
2292 1878 2578 1949 ingressus
2634 1877 2694 1932 in
2724 1894 2942 1948 agrum,
2983 1875 3155 1931 latuit
3184 1874 3331 1930 inter
3359 1873 3561 1930 herbas
3602 1876 3781 1942 (Ra/I2,

507 1969 690 2029 tuum,
722 1963 976 2019 nascitur
1022 1962 1154 2017 inde
1183 1962 1532 2018 scandalum.
1585 1963 1935 2035 Frequenter
1974 1982 2108 2036 ergo
2196 1970 2292 2023 lib.
2327 1982 2411 2033 III,
2443 1984 2606 2024 num.
2638 1965 2753 2037 22).
2804 1965 3056 2036 Contigit
3087 1969 3276 2020 autem
3329 1969 3395 2019 ut
3441 1964 3654 2031 Patres,
3694 1964 3783 2034 qui

506 2053 643 2109 dum
663 2053 861 2109 laudas
893 2052 1156 2119 alterum,
1173 2053 1239 2106 fit
1266 2051 1438 2107 etiam
1460 2068 1527 2105 ex
1548 2052 1955 2123 justiﬁcatione
1984 2070 2113 2110 con-
2193 2056 2574 2128 sequebantur
2599 2072 2751 2122 eum,
2773 2055 2832 2109 in
2853 2054 3049 2109 eodem
3068 2070 3204 2125 agro
3222 2052 3638 2124 requiescerent
3655 2052 3781 2123 quia

508 2143 709 2198 tentio.
734 2142 815 2197 De
844 2158 1177 2214 quacunque
1204 2146 1396 2197 autem
1424 2158 1505 2209 re,
1545 2141 1592 2196 si
1610 2142 1861 2213 graviter
1885 2149 2113 2200 conten-
2187 2146 2309 2217 jam
2334 2162 2444 2200 nox
2471 2149 2613 2212 erat,
2634 2150 2692 2200 et
2720 2144 3058 2199 dimiserunt
3086 2143 3327 2209 asinum,
3345 2148 3408 2198 ut
3436 2146 3782 2214 pasceretur.

505 2230 675 2298 deris,
699 2248 813 2287 non
837 2248 1069 2304 parvam
1092 2231 1434 2287 noxietatem
1454 2232 1683 2299 senties,
1700 2233 1920 2288 etnullo
1944 2235 2111 2289 modo
2193 2235 2294 2290 Ille
2324 2240 2513 2291 autem
2540 2233 2798 2306 pervenit
2825 2233 3105 2305 pascendo
3134 2233 3205 2287 ad
3234 2232 3417 2287 locum
3446 2230 3542 2286 ubi
3567 2230 3780 2286 latebat

504 2322 757 2393 requiem
779 2320 1108 2393 possidebis.
1124 2320 1295 2391 Magis
1311 2320 1475 2375 stude
1495 2321 1775 2376 custodire
1795 2322 2104 2390 silentium,
2192 2323 2365 2379 abbas
2391 2325 2566 2379 Isaac.
2601 2324 2670 2378 Et
2700 2339 2865 2378 mane
2889 2322 3055 2389 facto,
3088 2325 3400 2393 quaerentes
3428 2320 3675 2387 asinum,
3696 2320 3778 2375 in-

509 2415 568 2466 et
592 2411 663 2467 de
683 2411 840 2466 nullo
867 2428 988 2466 esse
1016 2409 1311 2465 sollicitus.
1337 2410 1580 2464 Attende
1603 2410 2101 2482 meditationituae,
2192 2417 2467 2468 venerunt
2513 2418 2571 2468 et
2617 2428 2847 2479 senem;
2880 2416 2938 2467 et
2982 2410 3171 2467 mirati
3216 2414 3367 2465 sunt.
3401 2411 3545 2465 Cum
3586 2415 3777 2464 autem

507 2516 634 2556 cum
661 2500 869 2555 timore
899 2499 1000 2555 Dei
1031 2516 1337 2571 exsurgens
1369 2504 1489 2554 tam
1517 2516 1684 2555 mane
1710 2518 1885 2572 quam
1918 2519 2107 2574 vespe-
2188 2503 2396 2558 vellent
2422 2519 2552 2557 eum
2581 2502 2777 2573 ligare,
2811 2501 2946 2557 dicit
2974 2501 3089 2556 eis:
3132 2502 3259 2556 Jam
3298 2515 3409 2555 non
3436 2498 3613 2570 fugio,
3651 2499 3777 2571 quia

504 2607 591 2659 re,
617 2594 675 2646 et
695 2590 971 2663 impetum
996 2589 1355 2645 inimicorum
1385 2605 1499 2644 non
1536 2589 1783 2644 timebis.
2188 2592 2300 2647 Scio
2328 2609 2397 2647 ex
2418 2592 2673 2664 jussione
2719 2591 2821 2648 Dei
2848 2608 2997 2659 esse;
3027 2596 3084 2646 et
3103 2606 3434 2662 quocunque
3460 2589 3678 2659 fugem,
3711 2588 3777 2643 ad

1057 2679 1291 2735 CAPUT
1316 2679 1543 2736 XXXII.
2184 2682 2290 2737 hoc
2318 2687 2690 2755 perventurus
2710 2698 2856 2737 sum.

1107 2770 1183 2823 De
1235 2770 1478 2822 silentio.
2256 2770 2308 2829 3.
2331 2770 2518 2826 Abbas
2534 2771 2735 2826 Motois
2751 2769 2906 2827 venit
2921 2768 3222 2841 aliquando
3250 2768 3321 2823 de
3348 2768 3468 2823 loco
3498 2767 3593 2839 qui
3622 2784 3777 2823 voca-

572 2856 621 2915 1.
655 2857 862 2913 Beatus
889 2857 1169 2913 Antonius
1197 2856 1472 2928 discipulo
1500 2874 1603 2912 suo
1635 2858 1851 2915 solebat
1867 2860 2052 2917 dicere
2079 2882 2091 2918 :
2182 2863 2279 2915 tur
2308 2860 2530 2931 Ragita,
2562 2860 2622 2915 in
2650 2858 2903 2931 partibus
2930 2857 3217 2913 Gebilonis
3237 2858 3434 2926 (Ra/72,
3468 2859 3563 2912 lib.
3593 2860 3684 2923 in,
3718 2873 3773 2911 η.

500 2947 560 3003 Si
586 2946 930 3002 affectaveris
978 2946 1287 3013 silentium,
1317 2962 1389 3000 ne
1418 2946 1711 3003 arbitreris
1749 2953 1806 3004 te
1835 2966 2100 3008 exercere
2189 2948 2321 3018 188;
2355 2952 2563 3017 Pelag,,
2606 2952 2774 3004 libell.
2815 2966 2900 3017 xv,
2936 2965 3095 3003 num.
3126 2946 3235 3016 26).
3268 2947 3404 3002 Erat
3428 2952 3619 3002 autem
3650 2963 3775 3002 cum

497 3035 785 3104 virtutem,
819 3036 917 3092 sed
946 3036 1244 3107 indignum
1273 3041 1329 3090 te
1359 3037 1615 3107 proloqui
1644 3039 1931 3095 conﬁtere.
2118 3090 2159 3111 η
2185 3055 2250 3093 eo
2279 3039 2451 3094 etiam
2469 3039 2777 3111 discipulus
2798 3040 2941 3110 ejus.
2964 3038 3173 3093 Videns
3186 3042 3375 3092 autem
3389 3037 3548 3093 illum
3564 3038 3776 3109 episco-

564 3090 798 3184 iis...
832 3090 1060 3198 quidam
1070 3090 1260 3181 frater
1287 3090 1475 3180 abbati
1494 3090 1638 3181 sa...
1652 3090 1931 3183 5.5.4.:
1958 3130 2097 3186 Volo
2117 3090 2160 3151 ο
2182 3090 2303 3200 ﬁt;
2318 3090 2451 3183 ἰξέἷ
2462 3090 2637 3195 ίῖἰέιᾷξςῖ
2657 3090 3071 3193 "tanta;
3083 3090 3371 3182 ’ίὲένῖἱιέιὲῖ
3384 3090 3774 3199 signa}...

494 3215 740 3271 animam
760 3232 946 3271 meam
967 3215 1204 3282 salvere,
1228 3215 1521 3287 respondit
1543 3234 1553 3270 :
1582 3217 1707 3280 Qua
1724 3218 1943 3274 ratione
1972 3236 2097 3291 pos-
2177 3216 2327 3272 fecit.
2354 3218 2423 3273 Et
2441 3217 2572 3272 dum
2605 3217 2819 3289 pariter
2836 3216 3213 3282 comederent,
3225 3215 3363 3270 dicit
3379 3215 3431 3270 ei
3446 3215 3768 3287 episcopus:

492 3321 687 3361 sumus
716 3305 967 3361 animam
993 3308 1245 3360 nostram
1267 3305 1501 3370 salvare,
1527 3321 1658 3360 cum
1685 3305 1881 3378 lingua
1902 3314 2097 3364 nostra
2177 3302 2413 3377 Indulge
2442 3305 2599 3372 mihi,
2634 3305 2810 3372 abba;
2844 3305 2957 3360 scio
2989 3305 3138 3360 enim
3167 3304 3300 3376 quia
3327 3304 3476 3359 hunc
3500 3304 3771 3359 honorem

492 3400 688 3468 aperto
734 3395 877 3450 ostio
918 3412 1067 3468 sazpe
1095 3393 1352 3467 prosiliat
1395 3394 1626 3468 (Pclag.,
1686 3397 1857 3451 libell.
1913 3412 1987 3465 xx,
2032 3415 2091 3453 η.
2177 3394 2531 3461 nolebas,sed
2560 3412 2663 3466 ego
2693 3399 2805 3450 ate
2825 3394 3077 3450 benedici
3096 3393 3444 3461 desiderans,
3466 3393 3572 3448 hoc
3588 3392 3772 3448 facere

494 3483 607 3549 27).
2175 3484 2529 3556 praesumpsi.
2564 3484 2666 3539 Cui
2694 3500 2863 3539 senex
2911 3501 3012 3556 pro
3041 3482 3359 3539 humilitate
3388 3482 3496 3537 ait:
3549 3482 3620 3537 Et
3649 3499 3772 3538 mea

2199 1520 2339 1574 mihi
2368 1520 2437 1575 de
2464 1519 2572 1574 hac
2609 1536 2671 1573 re
2711 1518 2955 1590 amplius
2992 1516 3223 1573 verbum
3258 1515 3519 1583 feceritis,
3569 1515 3786 1572 discedo

2200 1608 2331 1664 hinc
2349 1628 2362 1676 ;
2382 1614 2441 1664 et
2462 1609 2543 1663 sic
2561 1625 2689 1664 eum
2719 1608 3078 1663 dimiserunt.

2270 1698 2325 1754 2.
2356 1698 2545 1753 Abbas
2572 1699 2730 1754 Isaac
2768 1697 3023 1764 audiens,
3059 1695 3192 1769 quia
3226 1694 3615 1768 presbyterum
3664 1711 3785 1752 eum

562 3572 616 3632 3.
665 3573 904 3639 Quidam
952 3574 1130 3629 frater
1181 3573 1554 3644 interrogavit
1598 3589 1811 3641 senem,
1861 3574 2088 3631 dicens:

491 3663 794 3736 Usquequo
816 3663 1153 3719 servandum
1179 3668 1267 3719 est
1286 3663 1594 3730 silentium,
1612 3663 1817 3718 Pater?
1846 3664 2093 3736 Respon-

489 3753 573 3809 dit
602 3770 802 3809 senex:
835 3754 1139 3826 Usquequo
1171 3752 1556 3824 interrogeris.
1582 3753 1647 3807 In
1666 3753 1819 3808 omni
1849 3754 1998 3809 enim
2013 3755 2093 3810 lo-

488 3859 552 3897 co
581 3843 629 3898 si
656 3844 976 3899 taciturnus
1027 3842 1224 3907 fueris,
1255 3842 1510 3914 requiem
1541 3841 1851 3914 possidebis
1896 3844 2085 3916 (Ra/7.,

489 3934 585 3987 lib.
618 3946 701 4000 In,
732 3949 790 3987 η.
822 3932 971 4003 186).

558 4019 612 4076 4.
657 4021 812 4077 Dixit
839 4037 1045 4076 senex:
1090 4020 1479 4093 Peregrinatio
1517 4025 1605 4076 est
1631 4025 1816 4077 tacere
1863 4020 2086 4094 (Pclag.,

485 4112 750 4175 libell.1v,
778 4127 938 4165 num.
960 4111 1047 4175 44,
1067 4113 1291 4165 nomine
1320 4110 1541 4179 Sisois).

556 4199 611 4253 5.
638 4198 791 4253 Dixit
812 4199 1044 4270 quidam
1063 4216 1264 4255 senex:
1292 4199 1677 4271 Peregrinatio
1708 4217 1831 4272 qum
1861 4206 2091 4273 propter

484 4289 667 4345 Deum
686 4290 769 4356 ﬁt,
803 4287 953 4344 bona
978 4294 1081 4356 est,
1126 4288 1174 4344 si
1221 4288 1485 4344 habuerit
1508 4293 1565 4343 et
1593 4288 1881 4345 silentium
1905 4308 1916 4344 :
1952 4307 2085 4346 nam

486 4377 693 4434 ﬁducia
718 4394 832 4433 non
861 4382 948 4453 est
968 4377 1354 4450 peregrinatio
1377 4378 1640 4447 (Append.
1666 4379 1857 4445 Mart,
1892 4395 1948 4433 n.
1977 4378 2083 4447 7‘2).

2175 3573 2439 3643 cogitatio
2463 3591 2662 3646 parum
2682 3572 2921 3640 volebat,
2937 3573 3034 3629 sed
3060 3574 3118 3628 in
3145 3574 3249 3629 hoc
3278 3572 3486 3638 laboro,
3525 3572 3665 3644 quia
3693 3571 3770 3626 di-

2172 3662 2285 3717 vidi
2300 3663 2478 3719 habeo
2498 3681 2533 3718 a
2548 3663 2721 3718 fratre
2733 3663 2830 3735 qui
2840 3680 3061 3718 mecum
3072 3668 3179 3729 est,
3191 3668 3249 3718 et
3263 3663 3413 3718 solus
3428 3678 3540 3717 non
3553 3661 3768 3717 sufﬁcio

2175 3752 2456 3808 orationes
2487 3770 2642 3808 meas
2668 3753 2923 3824 implere.
2958 3752 3222 3824 Dixitque
3264 3753 3316 3807 ei
3337 3753 3631 3824 episcopus
3660 3768 3673 3804 :
3706 3750 3763 3806 Si

2173 3842 2282 3897 scis
2310 3859 2437 3897 eum
2459 3843 2713 3913 dignum,
2741 3840 3012 3898 ordinabo
3034 3848 3090 3897 et
3110 3859 3211 3913 ego
3251 3842 3429 3896 illum.
3460 3840 3771 3912 Respondit

2173 3931 2345 3987 abbas
2376 3933 2607 3988 Motois:
2640 3932 2699 3988 Si
2728 3932 2955 4003 quidem
2981 3932 3185 4003 dignus
3212 3931 3304 3998 sit,
3337 3930 3519 3986 nescio
3547 3948 3561 3997 ;
3586 3944 3766 3985 unum

2172 4026 2363 4078 tamen
2387 4022 2519 4089 scio,
2551 4022 2685 4093 quia
2712 4022 2915 4077 melior
2942 4027 3029 4076 est
3052 4038 3162 4076 me.
3179 4019 3471 4077 Ordinavit
3498 4024 3690 4074 autem
3711 4024 3767 4073 et

2172 4111 2352 4168 illum.
2383 4112 2631 4183 Uterque
2658 4117 2849 4166 tamen
2876 4111 2956 4167 ita
3007 4114 3439 4183 permanserunt
3484 4125 3669 4180 usque
3693 4107 3764 4162 ad

2171 4202 2341 4257 ﬁnem
2364 4219 2552 4269 suum,
2580 4206 2645 4257 ut
2671 4201 2742 4255 ad
2767 4202 2964 4269 altare,
3010 4206 3280 4272 quantum
3321 4199 3392 4254 ad
3421 4197 3761 4254 oblationem

2168 4291 2519 4359 sacrandam,
2553 4307 2844 4363 nunquam
2879 4290 3229 4346 accederent.
3264 4289 3420 4345 Unde
3437 4287 3663 4345 dicebat
3682 4305 3763 4343 se-

2170 4397 2300 4435 nex:
2331 4381 2564 4436 Conﬁdo
2583 4382 2643 4436 in
2656 4381 2836 4436 Deum
2858 4397 3047 4435 meum
3066 4379 3201 4451 quia
3218 4396 3330 4435 non
3350 4377 3525 4433 habeo
3546 4376 3761 4448 grande

556 4471 610 4525 6.
634 4467 821 4524 Abbas
842 4468 1114 4523 Arsenius
1139 4466 1356 4523 solebat
1384 4467 1569 4522 dicere
1589 4486 1599 4521 :
1625 4468 1963 4539 Peregrinus
1974 4484 2091 4523 mo-
2102 4494 2151 4555 D
2162 4470 2439 4541 judicium
2451 4476 2679 4542 propter
2690 4470 3101 4526 ordinationem
3113 4469 3274 4535 hanc,
3282 4468 3413 4540 quia
3422 4466 3760 4522 oblationem

483 4559 697 4615 nachus
724 4559 784 4615 in
812 4558 997 4613 aliena
1026 4562 1180 4613 terra
1207 4558 1417 4613 nullius
1437 4574 1618 4613 causae
1636 4558 1913 4613 mediator
1933 4575 2087 4614 acce-
2169 4561 2370 4616 offerre
2404 4576 2516 4615 non
2546 4560 2877 4631 praesumpsi
2903 4579 2916 4627 ;
2948 4576 3082 4615 nam
3113 4558 3391 4615 ordinatio
3418 4558 3646 4612 illorum
3677 4560 3761 4611 est

481 4649 596 4716 dat,
628 4654 688 4705 et
711 4649 958 4723 quietem
970 4648 1180 4721 poterit
1209 4647 1464 4720 adipisci.

551 4739 605 4795 7.
636 4738 823 4794 Abbas
850 4740 1033 4810 Ampo
1044 4737 1267 4794 dicebat
1290 4755 1302 4791 :
1324 4737 1481 4793 Sicut
1497 4737 1619 4810 apis
1634 4754 1968 4811 quocunque
1992 4757 2085 4795 va-

480 4828 701 4895 dit,mel
721 4832 1015 4900 operatur;
1038 4827 1119 4883 ita
1138 4832 1195 4882 et
1206 4827 1514 4882 monachus
1530 4844 1863 4900 quocunque
1879 4829 2079 4902 pergit,

480 4918 530 4973 si
554 4923 786 4991 propter
811 4934 952 4990 opus
966 4918 1068 4973 Dei
1088 4917 1417 4989 perrexerit,
1438 4916 1792 4974 dulcedinem
1808 4918 2086 4975 bonorum

482 5011 713 5064 actuum
734 5011 922 5081 potest
938 5007 1138 5063 afferre
1165 5008 1351 5074 (Ra/71,
1387 5008 1484 5064 lib.
1508 5021 1594 5075 ιιι,
1628 5024 1687 5062 n.
1727 5005 1867 5078 189).

1023 5097 1259 5154 CAPUT
1296 5098 1550 5154 XXXIII.

770 5189 846 5243 De
886 5189 1149 5258 fugiendo
1166 5190 1469 5243 clericatus
1511 5188 1796 5243 honorem.

559 5278 609 5335 1.
632 5277 820 5335 Abbas
834 5278 1180 5345 Theodorus,
1204 5294 1334 5333 cum
1359 5282 1508 5333 esset
1526 5277 1585 5332 in
1603 5277 1796 5350 Scythi
1816 5277 2087 5334 diaconus

492 5369 803 5437 ordinatus,
833 5369 1160 5425 nullatenus
1186 5382 1519 5439 permanere
1543 5365 1952 5438 acquiescebat,
1986 5368 2085 5424 sed

488 5458 684 5513 multis
711 5458 849 5514 locis
894 5458 1162 5530 fugiebat.
1215 5458 1285 5512 Et
1310 5458 1518 5512 iterum
1546 5473 1710 5512 senes
1738 5457 2084 5515 reducebant

490 5562 640 5617 eum,
671 5548 921 5604 dicentes
940 5567 952 5602 :
970 5550 1055 5604 Ne
1078 5548 1437 5619 derelinquas
1464 5547 1651 5603 locum
1664 5551 1847 5604 tuum.
1871 5548 2085 5614 Quibus

491 5635 588 5692 ille
605 5636 713 5695 ait:
731 5638 1053 5697 Permittite
1081 5655 1175 5695 me
1201 5636 1491 5712 deprecati
1510 5637 1708 5710 Deum,
1741 5637 1789 5695 si
1815 5654 1906 5696 me
1922 5639 2086 5712 jubet

2168 4651 2265 4722 qui
2285 4650 2407 4705 sine
2436 4651 2600 4721 culpa
2627 4655 2777 4718 sunt,
2792 4650 2933 4721 justi
2958 4654 3017 4705 et
3040 4647 3411 4705 immaculati:
3442 4663 3546 4719 ego
3570 4651 3759 4703 autem

2167 4755 2259 4796 me
2287 4738 2429 4794 bene
2458 4754 2748 4809 cognosco.

2697 4829 2929 4886 CAPUT
2983 4828 3226 4885 XXXIV.

2274 4920 2348 4973 De
2376 4934 2583 4986 eremo;
2615 4924 2665 4973 et
2693 4935 2865 4988 quare
2890 4920 3159 4987 fugerunt
3180 4921 3242 4973 in
3271 4918 3647 4973 solitudinem.

2246 5006 2292 5065 ι.
2325 5007 2512 5064 Abbas
2533 5008 2807 5064 Arsenius
2824 5008 2896 5064 ab
2917 5008 3119 5065 abbate
3142 5008 3329 5064 Marco
3356 5006 3657 5078 requisitus
3672 5008 3759 5059 est

2168 5097 2471 5170 aliquando
2490 5115 2592 5155 cur
2619 5098 2840 5170 fugeret
2858 5096 3115 5154 homines
3129 5100 3350 5167 (Pslag.,
3382 5100 3564 5161 l.xvu,
3590 5111 3648 5148 η.
3677 5095 3753 5163 5).

2170 5187 2354 5243 Atille
2371 5188 2661 5260 respondit
2677 5207 2691 5245 :
2719 5188 2837 5243 Scit
2860 5189 3011 5244 Deus
3035 5188 3167 5259 quia
3178 5187 3354 5258 diligo
3372 5184 3641 5250 homines,
3658 5183 3757 5238 sed

2170 5294 2298 5333 cum
2321 5279 2437 5333 Deo
2466 5277 2678 5350 pariter
2707 5283 2766 5334 et
2784 5276 3106 5334 hominibus
3133 5292 3254 5332 esse
3271 5292 3385 5332 non
3402 5274 3758 5348 possum.Su-

2170 5384 2356 5440 pernze
2377 5368 2527 5422 enim
2546 5367 2939 5424 multitudines
2968 5384 3033 5423 ac
3059 5369 3292 5422 virtutes
3317 5366 3486 5421 unius
3515 5368 3647 5420 sunt
3669 5379 3757 5417 vo-

2167 5456 2402 5512 luntatis
2426 5476 2438 5511 :
2464 5457 2720 5512 homines
2744 5473 2870 5512 vero
2897 5460 2953 5511 et
2974 5457 3180 5511 multas
3198 5453 3406 5509 habent
3426 5453 3753 5517 voluntates,

2169 5553 2225 5601 et
2252 5547 2470 5615 varias;
2497 5552 2552 5602 et
2564 5546 2633 5602 ob
2658 5547 2761 5602 hoc
2785 5547 2963 5602 Deum
2985 5547 3321 5618 relinquere,
3344 5549 3546 5600 etcum
3579 5542 3755 5596 homi-

2170 5636 2336 5695 nibus
2365 5654 2489 5696 esse
2517 5654 2633 5696 non
2649 5653 2899 5712 possum,
