3910 6368
213 336 350 418 1053

1515 350 1756 406 VERBA
1794 347 2185 405 SENIORUM.

3351 329 3490 391 1054

275 480 330 541 2.
360 479 602 547 Quidam
620 478 824 534 fratres
849 477 986 533 dum
1013 476 1194 531 linum
1222 490 1290 530 ex
1308 471 1597 529 Thebaida
1615 474 1874 544 perge-A
1961 471 2016 528 2.
2047 472 2200 527 Dixit
2225 486 2393 525 senex
2423 487 2434 523 :
2470 464 2756 538 Injuriari,
2775 467 2876 520 aut
2901 457 3149 527 mentiri,
3174 460 3274 514 aut
3296 456 3495 529 perju-

203 575 331 627 rent
358 586 705 642 comparare,
733 568 993 623 dixerunt
1028 584 1040 619 :
1072 567 1180 621 Per
1205 564 1553 619 occasionem
1582 562 1811 617 beatum

203 659 503 715 Arsenium
533 658 823 713 videamus
841 658 1029 725 (Ru/f.,
1059 656 1154 709 lib.
1188 668 1264 719 IlI,
1290 668 1446 708 num.
1482 649 1623 721 192).
1652 651 1812 716 Quod

210 764 339 804 cum
366 746 565 802 Daniel
583 744 891 817 discipulus
906 745 1029 815 ejus
1050 744 1101 798 ei
1120 741 1454 808 nuntiasset,
1469 740 1735 812 praecepit
1749 744 1813 795 ut

209 854 312 910 pro
339 853 451 908 qua
471 852 640 890 causa
666 835 781 889 illic
800 833 1160 888 advenissent
1183 832 1251 885 de
1273 830 1611 885 Alexandria
1633 830 1706 884 ab
1732 829 1812 884 eis

208 927 538 998 inquireret.
573 926 713 979 Cum
725 940 858 994 ergo
887 921 1202 978 nuntiasset
1221 920 1369 992 quod
1392 925 1621 991 propter
1632 919 1813 974 linum

208 1019 508 1088 pergerent
532 1013 993 1085 comparandum,
1011 1010 1303 1082 respondit
1327 1010 1596 1065 Arsenius
1625 1026 1640 1065 :
1667 1010 1812 1078 Ergo

208 1104 409 1160 faciem
438 1118 624 1158 meam
657 1118 771 1157 non
804 1100 1086 1166 videbunt,
1120 1098 1254 1170 quia
1281 1115 1394 1153 non
1445 1102 1676 1170 propter
1700 1114 1809 1163 me,

209 1196 308 1252 sed
338 1199 567 1268 prOpter
593 1209 761 1249 suum
789 1208 931 1263 opus
956 1190 1320 1245 advenerunt.
1346 1189 1499 1242 Vade
1527 1189 1737 1259 itaque,
1758 1191 1817 1242 et

208 1286 483 1359 susceptis
511 1286 593 1341 eis
622 1285 709 1341 fac
730 1282 1078 1354 obsequium,
1104 1298 1169 1336 ac
1196 1280 1415 1335 dimitte
1444 1297 1557 1347 eos,
1583 1280 1804 1335 dicens:

207 1375 355 1441 Quia
382 1391 550 1430 senex
576 1390 689 1429 non
709 1376 895 1445 potest
920 1371 1075 1426 vobis
1099 1386 1410 1425 occurrere.

1892 578 2040 627 rare,
2058 560 2303 615 alienum
2329 575 2365 613 a
2386 556 2607 613 Christo
2623 555 2842 612 est.Per
2860 552 2963 605 has
2992 553 3236 621 quatuor
3252 562 3344 601 res
3371 544 3495 601 ani-

1892 668 1987 707 ma
2014 650 2348 715 maculatur,
2371 647 2429 701 id
2455 651 2559 713 est,
2590 644 2637 698 si
2666 642 2971 698 amicitiam
2993 638 3117 709 quis
3147 652 3276 692 cum
3300 638 3497 708 poten-

1891 741 2042 797 tibus
2070 738 2349 804 habuerit,
2383 731 2846 807 concupiscentiis
2866 726 3182 784 carnalibus
3210 724 3444 780 studens
3477 741 3491 790 ;

1891 832 1978 887 vel
2007 831 2055 885 si
2085 830 2154 884 de
2173 827 2425 900 proximo
2447 842 2549 880 suo
2592 818 2988 878 detractaverit
3007 836 3021 885 ;
3042 821 3141 871 aut
3157 815 3205 870 si
3228 830 3329 886 per
3355 811 3492 867 civi-

1893 926 2069 977 tatem
2098 919 2411 983 ambulans,
2443 914 2633 970 oculos
2662 928 2791 967 suos
2821 925 2933 964 non
2963 904 3291 962 custodierit
3321 922 3334 971 ;
3362 906 3422 957 et
3439 900 3487 957 si

1895 1025 2288 1083 quamcunque
2315 1004 2577 1061 notitiam
2602 1018 2731 1057 cum
2763 998 2999 1054 muliere
3024 993 3305 1051 habuerit.

1967 1099 2018 1153 3.
2038 1078 2246 1153 Beatus
2264 1094 2535 1151 Arsenius
2560 1089 2838 1146 referebat
2848 1086 2997 1159 quod
3026 1100 3153 1139 cum
3173 1083 3233 1137 in
3263 1078 3493 1153 propria

1896 1189 2037 1244 cella
2055 1187 2345 1252 resideret,
2364 1200 2551 1239 vocem
2566 1180 2672 1236 sibi
2701 1179 2925 1234 audiret
2946 1175 3225 1230 dicentem
3242 1175 3307 1226 ut
3328 1185 3492 1240 egre-

1892 1280 2123 1334 deretur
2146 1278 2294 1332 foras
2320 1279 2549 1346 prOpter
2575 1286 2745 1342 opera
2764 1280 3035 1321 manuum
3062 1257 3494 1346 contemplanda

1893 1370 2086 1437 (Ruf/2,
2123 1368 2217 1422 lib.
2247 1383 2303 1431 ιι,
2324 1345 2484 1419 imm.
2500 1360 2568 1418 38
2592 1379 2605 1427 ;
2627 1362 2834 1426 Pelag.,
2868 1354 3211 1416 libell.xvm,
3244 1365 3384 1404 num
3410 1345 3488 1414 2).

278 1464 332 1519 3.
356 1463 543 1520 Abbas
560 1438 828 1519 Besarion
851 1462 984 1516 dum
998 1459 1385 1515 deambularet
1399 1474 1526 1513 cum
1539 1456 1810 1529 discipulo
1892 1459 1963 1515 Et
1989 1472 2264 1528 egressus,
2286 1453 2427 1508 vidit
2452 1450 2740 1507 hominem
2761 1443 3062 1518 quemdam
3087 1455 3294 1512 aquam
3307 1438 3377 1492 de
3394 1452 3493 1508 pu-

209 1570 312 1609 suo
335 1570 437 1626 per
464 1569 739 1617 eremum,
769 1554 1041 1605 venerunt
1056 1550 1125 1604 ad
1150 1549 1454 1621 quamdam
1487 1547 1810 1619 speluncam
1892 1552 1984 1603 teo
2004 1546 2380 1610 haurientem,
2404 1547 2572 1613 atque
2589 1539 2647 1593 in
2665 1554 2764 1592 vas
2791 1533 3136 1607 perforatum
3148 1529 3489 1592 mittentem,

210 1616 395 1714 (Ra/ﬁ,
429 1644 524 1698 lib.
559 1656 645 1707 ιιι,
690 1616 750 1695 ην.
778 1639 919 1706 194;
951 1616 1186 1701 Joann.:
1209 1641 1304 1694 lib.
1340 1652 1422 1705 ιιι,
1448 1616 1605 1691 ηιῖιη.
1635 1636 1708 1701 1).
1742 1636 1811 1690 Et
1890 1624 2919 1708 etaquaegrediens,refundebaturin
2935 1616 3491 1714 puteum.Etiterum

208 1705 449 1803 ingressi
478 1730 576 1798 ibi,
609 1705 945 1786 invenerunt
970 1728 1206 1783 fratrem
1235 1727 1544 1793 sedentem,
1572 1730 1629 1780 et
1656 1724 1808 1780 funi-
1826 1799 1859 1803 _
1890 1705 2090 1799 parum
2144 1705 2493 1796 progressus,
2525 1717 2666 1773 vidit
2719 1713 3036 1784 [Ethiopem
3058 1726 3125 1764 ex
3170 1705 3341 1777 lignis
3368 1722 3403 1761 a
3431 1720 3493 1759 se

208 1822 402 1877 Culum
440 1825 787 1893 operantem,
811 1818 905 1891 qui
928 1834 1109 1889 neque
1138 1817 1387 1889 respexit
1401 1816 1459 1870 in
1484 1832 1597 1882 eos,
1626 1799 1872 1885 nequeB
1892 1815 2126 1872 concisis
2154 1813 2433 1869 sarcinam
2460 1808 2776 1864 facientem.
2812 1803 2993 1868 Quam
3031 1815 3158 1856 cum
3194 1798 3486 1859 tentasset,

207 1887 615 1975 salutavit—eos,
638 1887 996 1978 neque—aliud
1018 1887 1250 1960 locutus»
1267 1909 1355 1959 est
1382 1904 1480 1958 eis.
1499 1903 1651 1958 Dixit
1676 1919 1810 1973 ergo
1893 1912 1949 1963 et
1972 1902 2386 1977 importabilem
2397 1899 2682 1962 sensisset,
2704 1893 2817 1949 alia
2844 1892 3051 1947 iterum
3064 1887 3220 1959 ligna
3244 1900 3413 1956 super
3423 1899 3493 1938 ea

206 1998 383 2054 abbas
404 1997 670 2054 13088in“
695 1996 766 2051 ad
795 1996 1133 2067 diSCiPulum
1155 2011 1321 2049 suum
1354 2012 1365 2047 ε
1392 1994 1603 2048 Eamus
1656 1992 1807 2058 hinc,
1894 1994 2193 2066 congessit.
2213 1991 2596 2060 Similiterque
2614 1990 2861 2049 tentans,
2886 1996 3016 2036 cum
3030 1994 3134 2033 nec
3151 1990 3375 2031 movere
3394 1988 3490 2043 po-

206 2088 343 2160 quia
369 2104 484 2143 non
512 2087 633 2141 vult
657 2086 749 2140 hic
777 2062 955 2140 senex
975 2084 1130 2154 loqui
1160 2082 1469 2138 nobiscum.
1493 2083 1561 2137 Et
1579 2080 1811 2153 profecti
1891 2062 2110 2150 tuisget,
2144 2089 2336 2139 tamen
2364 2079 2475 2135 alia
2500 2077 2707 2133 addere
2732 2074 2888 2144 ligna
2906 2085 3019 2125 non
3040 2063 3364 2123 destitit.Et
3387 2062 3492 2117 ite-

206 2150 341 2232 sunt
352 2176 425 2231 ad
437 2177 711 2231 Joannem
729 2150 1156 2229 abbatemCum
1169 2178 1359 2227 autem
1371 2150 1805 2243 reverterentur,
1890 2192 2018 2231 rum
2037 2188 2366 2247 progressus
2389 2166 2678 2231 Arsenius,
2711 2162 2851 2218 vidit
2869 2164 2999 2215 ante
3013 2160 3234 2229 portam
3252 2150 3492 2208 civitatis

206 2271 483 2322 Venerunt
502 2266 574 2322 ad
598 2265 855 2320 Pumdem
877 2265 1222 2336 SPBiuucum,
1254 2268 1313 2317 et
1338 2260 1478 2316 dixit
1504 2260 1675 2315 abbas
1708 2261 1810 2315 Be-
1894 2267 2034 2321 duos
2051 2266 2287 2335 juvenes
2316 2260 2575 2315 sedentes
2589 2252 2819 2325 inequis
2844 2269 2856 2304 :
2882 2247 3492 2321 quilignumtransver—

206 2356 426 2412 sarion:
453 2354 846 2426 Ingrediamur
861 2328 1064 2409 iterum
1083 2353 1156 2407 ad
1172 2328 1320 2406 hunc
1334 2352 1584 2417 fratrem,
1604 2350 1651 2404 si
1667 2350 1811 2405 forte
1891 2372 2016 2411 sum
2047 2328 2358 2426 portantes,
2386 2346 2606 2419 ingredi
2630 2360 2745 2400 non
2784 2342 3044 2413 poterant
3060 2334 3363 2390 civitatem.
3395 2328 3491 2385 Li-

207 2446 296 2502 vel
317 2446 483 2501 modo
504 2417 843 2517 persuadeat
858 2443 939 2497 illi
960 2444 1200 2508 Deus,ut
1219 2442 1483 2512 loquatur
1498 2439 1808 2494 nobiscum.
1889 2417 2065 2516 gnua;
2095 2442 2267 2506 enim,
2284 2439 2431 2511 quod
2453 2417 2522 2491 ab
2542 2435 2624 2492 eis
2639 2430 2988 2506 portabatur,
3016 2441 3129 2480 non
3158 2439 3254 2478 eos
3268 2417 3497 2492 permit-

207 2536 280 2591 Εἴ
304 2552 434 2590 cum
453 2534 691 2606 ίηὲνθεεί
708 2533 964 2599 fﬂissenta
984 2532 1320 2586 invenerunt
1341 2547 1470 2585 eum
1499 2535 1807 2584 mortuum.
1892 2511 2049 2590 iebat
2075 2533 2307 2597 intrare,
2333 2534 2397 2584 et
2410 2525 2568 2597 sequi
2595 2523 2681 2578 vel
2710 2518 3009 2576 humiliare
3024 2512 3189 2569 alteri
3217 2511 3362 2566 alter
3380 2522 3495 2563 non

207 2623 286 2680 Et
307 2623 446 2679 diXit
491 2600 763 2694 diSCiPlﬂO
806 2638 908 2676 8110
933 2640 943 2674 ε
971 2619 1133 2686 Veni,
1166 2620 1360 2684 frater.
1412 2633 1812 2689 componamus
1894 2623 2134 2690 volebat,
2162 2626 2219 2675 et
2246 2620 2328 2674 ita
2342 2617 2477 2672 foris
2500 2613 2783 2670 civitatem
2813 2614 3051 2678 uterque
3078 2600 3493 2658 remanserunt.

207 2714 393 2780 illum,
425 2712 557 2784 quia
576 2685 806 2784 propter
842 2726 971 2765 eum
1004 2685 1154 2764 Deus
1179 2709 1288 2763 huc
1330 2685 1642 2763 transmisit
1687 2723 1808 2761 nos.
1896 2714 1996 2769 Ille
2024 2685 2286 2780 vero,qui
2314 2708 2419 2761 hoc
2434 2708 2627 2759 sancto
2654 2697 2890 2755 Arsenio
2914 2695 2974 2749 in
3001 2691 3205 2765 spiritu
3233 2685 3497 2743 ostende-

209 2804 355 2859 Cum
383 2778 907 2873 autem-sepelirent
924 2816 1076 2866 eum,
1106 2799 1441 2853 invenerunt
1457 2797 1590 2868 quia
1611 2796 1815 2850 mulier
1895 2802 2009 2869 bat,
2025 2800 2166 2857 dixit,
2181 2778 2266 2853 ei:
2299 2796 2421 2861 Hic,
2445 2809 2611 2865 quem
2634 2790 2790 2863 prius
2813 2783 2997 2840 vidisti
3014 2795 3222 2853 aquam
3237 2778 3310 2833 d6
3328 2780 3497 2848 Ριηθο

210 2896 363 2949 esset
393 2910 404 2946 ε
430 2896 488 2946 et
516 2890 779 2945 admirati
816 2895 966 2955 sunt:
1019 2895 1077 2943 et
1103 2888 1364 2943 dixerunt
1390 2906 1401 2941 ε
1436 2863 1581 2951 Ω-ιιίει
1610 2901 1817 2955 magna
1896 2863 2145 2957 haurire,
2182 2893 2240 2943 et
2266 2887 2336 2941 de
2359 2863 2486 2939 vase
2502 2880 2783 2954 perforato
2807 2890 3034 2931 rursum
3055 2872 3113 2926 in
3127 2874 3361 2942 puteum
3374 2863 3499 2920 fun-

212 2980 600 3036 misei‘iCOI‘diu
626 2979 850 3034 Domini
877 2983 982 3042 est.
1006 2978 1139 3049 quia
1169 2983 1227 3033 et
1242 2977 1506 3031 mulieres
1517 2975 1817 3030 colluctan-
1897 2983 2048 3047 dere,
2082 2976 2391 3034 similitudo
2423 2978 2510 3028 est
2526 2969 2770 3027 hominis
2785 2962 3039 3021 facientis
3059 2961 3495 3029 eleemosynam,

208 3077 327 3136 tur,
361 3075 418 3126 et
446 3070 675 3125 vincunt
705 3068 1000 3123 daemonia.
1022 3043 1492 3138 Dtglorificantes
1518 3066 1697 3121 Deum
1717 3063 1814 3136 qui
1847 3140 1872 3144 Α
1899 3071 1995 3144 qui
2013 3043 2224 3124 bonum
2253 3082 2395 3137 opus
2412 3063 2672 3118 imitatur
2698 3058 2918 3113 efficere
2949 3071 2960 3106 :
2995 3051 3094 3107 sed
3118 3048 3250 3120 quia
3291 3046 3351 3100 in
3369 3043 3499 3099 aliis

210 3134 321 3216 esti
349 3163 632 3232 protector
676 3158 950 3214 omnium.
978 3157 1049 3212 ad
1078 3134 1305 3228 propria
1335 3155 1643 3223 redierunt,
1683 3134 1876 3208 nar-C
1899 3134 2162 3231 operibus
2190 3134 2336 3227 saepe
2364 3148 2666 3207 committit
2706 3144 3083 3216 iniquitatem,
3115 3140 3344 3210 propter
3378 3134 3498 3187 huic

209 3253 407 3306 rantes
435 3266 558 3321 quae
577 3248 853 3303 viderant.

773 3337 1007 3393 CAPUT
1034 3336 1259 3392 XXXV.

572 3428 698 3496 Qua:
723 3428 795 3481 sit
827 3427 1171 3480 observantia
1200 3426 1456 3478 eremitas.

287 3517 342 3574 1.
394 3514 583 3572 Abbas
612 3515 833 3588 Moyses
862 3515 933 3569 ad
980 3513 1260 3569 solitarios
1304 3512 1521 3568 solebat
1568 3513 1819 3585 proferre

209 3620 554 3671 sermonem,
578 3604 769 3659 dicens
797 3621 809 3658 :
831 3604 1085 3668 Quatuor
1112 3607 1246 3657 sunt
1270 3601 1601 3673 principalia
1625 3600 1819 3656 obser-

206 3694 417 3749 vantiae
442 3693 739 3765 regularis,
770 3693 829 3748 id
866 3698 968 3758 est,
992 3691 1235 3756 tacendi,
1261 3691 1519 3746 servandi
1551 3691 1817 3746 mandata

208 3783 335 3851 Dei,
359 3783 693 3838 humiliandi
714 3783 1098 3854 semetipsum,
1115 3786 1171 3837 et
1190 3781 1453 3850 angustia
1470 3780 1818 3852 paupertatis

214 3875 408 3941 (Rulli,
443 3875 538 3928 lib.
591 3886 671 3939 ιιι,
719 3889 783 3927 η.
820 3869 959 3943 196).
999 3873 1134 3926 Tres
1191 3875 1379 3925 autem
1425 3870 1527 3925 has
1583 3870 1818 3926 virtutes

213 3962 389 4018 homo
403 3962 628 4017 difficile
646 3961 914 4034 possidet,
944 3966 1011 4016 ut
1035 3976 1257 4032 semper
1283 3960 1491 4031 lugeat,
1518 3965 1574 4014 et
1599 3975 1823 4030 semper

213 4069 453 4108 suorum
468 4068 685 4108 memor
716 4051 792 4107 sit
818 4056 1195 4123 peccatorum,
1229 4054 1287 4105 et
1313 4049 1467 4104 omni
1492 4049 1634 4104 hora
1649 4053 1821 4121 ponat

212 4141 326 4197 sibi
363 4158 479 4213 prae
507 4141 681 4197 oculis
706 4146 964 4196 mortem.

286 4229 344 4287 2.
379 4230 586 4285 Beatus
602 4229 882 4284 Antonius
913 4228 1128 4284 solebat
1149 4228 1335 4282 dicere
1358 4245 1368 4280 :
1387 4229 1583 4282 Patres
1602 4226 1822 4298 antiqui

211 4319 430 4391 egressi
453 4325 587 4374 sunt
612 4319 671 4374 in
703 4320 1009 4385 desertum,
1039 4318 1215 4390 etipsi
1241 4322 1423 4383 68]
1463 4317 1587 4372 sani
1617 4316 1816 4384 effecti,

207 4409 350 4464 facti
377 4413 513 4464 sunt
538 4409 739 4464 medici
774 4427 785 4462 :
820 4414 878 4463 et
907 4408 1134 4474 reversi,
1168 4408 1309 4462 alios
1340 4412 1683 4462 sanaverunt
1708 4425 1721 4471 ;
1748 4422 1819 4461 ex

1899 3222 2054 3303 mala
2079 3246 2218 3301 illud
2246 3222 2446 3316 parum
2476 3238 2610 3294 boni
2639 3254 2699 3292 se
2719 3232 3112 3304 coinquinans,
3165 3224 3370 3303 perdit.
3394 3222 3496 3278 Ille

1900 3343 2110 3403 autem,
2141 3350 2309 3406 quem
2328 3329 2515 3386 vidisti
2536 3328 2693 3398 ligna
2715 3322 3028 3384 concidere,
3043 3323 3100 3373 et
3115 3331 3345 3389 gravem
3372 3328 3496 3367 sar-

1901 3427 2085 3481 cinam
2109 3422 2411 3488 addidisse,
2443 3419 2736 3487 facereque
2763 3411 3099 3485 graviorem,
3133 3407 3304 3460 homo
3333 3401 3496 3458 estin

1899 3515 2143 3588 peccatis
2162 3511 2421 3586 plurimis
2450 3506 2807 3570 constitutus,
2833 3500 2931 3572 qui
2960 3502 3088 3571 post
3107 3491 3498 3588 paenitentiam

1900 3583 2056 3662 aliud
2081 3583 2252 3676 super
2287 3599 2528 3673 peccatis
2556 3596 2674 3652 suis
2700 3609 2844 3649 onus
2886 3589 3235 3661 augmentat.
3268 3583 3341 3640 Hi
3370 3596 3499 3636 vero

1901 3713 2059 3768 quos,
2080 3700 2398 3748 transverso
2417 3690 2573 3759 ligno
2600 3685 2895 3747 renitente,
2911 3678 3195 3734 civitatem
3210 3690 3323 3729 non
3337 3685 3502 3744 posse

1900 3762 2120 3857 ingredi
2131 3778 2484 3853 conspexisti,
2503 3780 2637 3832 sunt
2654 3772 2749 3846 qui
2754 3774 2957 3844 jugum
2970 3764 3288 3824 miserabile
3306 3762 3502 3817 viden-

1900 3844 1995 3929 tur
2008 3875 2153 3929 ferre
2165 3844 2508 3942 superbiam,
2535 3871 2593 3920 et
2610 3844 2773 3919 alteri
2787 3878 2846 3916 se
2864 3857 3165 3915 humiliare
3173 3844 3521 3917 noluerunt,

1902 3972 1967 4021 ut
1993 3980 2094 4035 per
2122 3962 2227 4015 hoc
2255 3955 2558 4022 emendati,
2588 3953 2738 4008 viam
2768 3948 2976 4006 Christi
3000 3944 3274 4002 humilem
3296 3956 3500 4012 seque-

1901 4031 2100 4110 rentur
2132 4070 2144 4119 ;
2176 4055 2345 4121 atque
2363 4047 2489 4102 ideo
2518 4048 2676 4100 extra
2704 4055 2941 4111 regnum
2972 4035 3076 4093 Dei
3104 4040 3221 4090 tam
3240 4031 3300 4087 hi
3329 4044 3500 4102 quam

1902 4143 1985 4198 illi
2016 4141 2428 4198 remanserunt.

1970 4232 2027 4287 4.
2058 4227 2433 4299 Interrogavit
2457 4225 2633 4280 frater
2660 4221 2924 4277 abbatem
2963 4215 3228 4280 Sisoium,
3260 4211 3452 4267 dicens
3486 4227 3498 4299 ι

1902 4322 2148 4379 Dimissa
2179 4326 2267 4375 est
2278 4298 2418 4372 mihi
2443 4314 2741 4370 haereditas
2761 4327 2796 4366 a
2821 4306 3148 4382 parentibus
3176 4302 3349 4369 meis;
3371 4298 3507 4372 quid

1902 4412 2103 4467 faciam
2132 4411 2201 4465 de
2223 4408 2357 4463 illa?
2377 4404 2685 4477 Respondit
2701 4416 2869 4456 senex
2891 4417 2902 4452 :
2927 4397 2987 4453 Si
3003 4396 3216 4460 dixero,
3237 4393 3323 4449 Da
3346 4390 3505 4445 illam

208 4498 378 4555 DObiS
416 4504 605 4553 amem
637 4499 685 4553 Si
715 4515 882 4570 quem
903 4498 1091 4568 egredi
1120 4496 1418 4567 contigerit
1435 4497 1493 4551 in
1511 4497 1816 4563 desertum,
1843 4468 1884 4526 Ο
1902 4502 1960 4557 in
1978 4499 2268 4556 ecclesiam
2283 4468 2517 4560 clericis,
2541 4492 2624 4547 illi
2645 4490 2947 4562 epulantur
2959 4504 3024 4540 ex
3038 4486 3179 4556 ipsa.
3208 4482 3269 4538 Si
3284 4481 3499 4545 dixero,

208 4592 521 4659 antequam
550 4588 660 4660 iPSi
685 4604 968 4652 sanemur.
996 4603 1188 4641 curam
1214 4586 1338 4641 aliis
1366 4585 1698 4640 adhibemus
1722 4604 1734 4652 ;
1765 4590 1822 4639 et
1900 4592 1986 4646 Da
2010 4590 2165 4645 illam
2185 4582 2615 4654 consanguineis
2640 4579 2774 4645 tuis,
2804 4577 3019 4633 nullam
3032 4572 3264 4629 habebis
3290 4584 3502 4625 merce-

210 4677 521 4734 revertitur
546 4678 617 4732 ad
648 4694 750 4734 nos
774 4677 1077 4732 infirmitas
1123 4680 1336 4742 nostra,
1371 4680 1427 4729 et
1449 4676 1605 4729 fiuntv
1620 4674 1823 4729 ultima
1901 4679 2049 4734 dem.
2068 4678 2126 4733 Si
2140 4692 2272 4747 ergo
2287 4674 2370 4728 vis
2386 4672 2621 4744 implere
2641 4667 2971 4723 mandatum
2986 4664 3256 4727 divinum,
3276 4659 3508 4715 dabant:

208 4772 414 4823 nostra
432 4768 627 4838 pejora
652 4767 951 4839 prioribus,
971 4770 1201 4838 propter
1218 4765 1365 4837 quod
1386 4765 1593 4818 dicitur
1619 4763 1781 4820 nobis
1802 4782 1815 4819 :

211 4858 262 4916 Ο
283 4856 521 4924 medice,
550 4857 705 4928 prius
725 4856 827 4912 tibi
843 4873 1034 4912 curam
1062 4855 1323 4928 impende
1347 4856 1524 4927 (Lucae
1542 4852 1639 4924 Vl).

774 4947 1008 5002 CAPUT
1036 4946 1284 5001 XXXVI.

436 5041 543 5107 Qui
569 5040 683 5092 sint
719 5039 927 5091 similes
954 5038 1124 5090 unius
1156 5037 1350 5090 meriti
1383 5036 1607 5103 fratres.

295 5127 317 5186 1
334 5128 595 5192 .Quidam
605 5127 779 5183 frater
786 5125 1155 5197 interrogavit
1164 5125 1553 5180 Pimenionem
1565 5122 1825 5178 abbatem

210 5218 412 5273 dicens
446 5235 457 5271 :
479 5217 588 5281 Qui
617 5221 750 5272 sunt
776 5216 944 5270 unius
961 5215 1149 5270 meriti
1162 5215 1363 5270 fratres
1385 5215 1615 5285 (Pclag.,
1651 5212 1823 5267 libell.

210 5325 272 5374 Χ,
333 5324 496 5363 num.
556 5305 644 5376 5?.)
674 5307 698 5359 ?
723 5305 1040 5378 Respondit
1086 5321 1301 5360 senex:
1358 5304 1416 5360 Si
1461 5302 1674 5359 fuerint
1712 5306 1826 5355 tres

210 5398 410 5463 simul,
438 5413 585 5452 unus
613 5396 842 5467 quidem
887 5395 947 5450 in
979 5396 1132 5450 omni
1160 5394 1327 5450 verbo
1353 5394 1439 5448 vel
1466 5409 1634 5465 opere
1666 5391 1827 5463 quie-

1903 4765 2244 4840 pauperibus
2266 4768 2322 4818 et
2349 4761 2558 4833 egenis,
2589 4764 2647 4815 et
2660 4757 2939 4831 perfectus
2953 4754 3065 4810 eris
3091 4752 3312 4823 (Pelag.,
3331 4748 3504 4840 libell.

1903 4838 1961 4926 ἧς,
1996 4838 2053 4914 1i.
2086 4855 2171 4923 56,
2207 4855 2431 4909 nomine
2456 4853 2695 4906 Pastoris
2728 4867 2744 4913 ;
2773 4847 3017 4917 Append.
3049 4845 3241 4909 Mart.,
3280 4857 3339 4895 η.
3367 4838 3443 4907 7).

2445 4940 2680 4996 CAPUT
2705 4938 2983 4993 XXXVII.

1913 5039 2243 5108 Temporalis
2284 5037 2562 5105 profectus
2640 5028 3108 5101 (ie-relinquendus
3165 5029 3240 5079 est
3282 5026 3508 5092 propter

2404 5138 2653 5179 amorem
2681 5122 2993 5176 charitatis.

1986 5216 2033 5273 l.
2067 5216 2253 5273 Abbas
2276 5214 2491 5270 Sisoius
2513 5212 2685 5268 dixit:
2712 5211 2855 5266 Cum
2876 5208 3104 5263 fuissem
3130 5200 3431 5274 aliquando
3449 5199 3511 5255 in

1908 5312 2176 5371 mercato,
2208 5310 2268 5360 et
2292 5303 2591 5376 sportellas
2607 5316 2762 5356 meas
2790 5296 2950 5353 fratri
2975 5293 3295 5356 venderem,
3315 5288 3512 5376 videns

1910 5392 2043 5463 quia
2080 5374 2373 5447 iracundia
2399 5385 2823 5459 approximabat
2866 5381 3025 5447 mihi,
3046 5377 3235 5434 dimisi
3284 5374 3511 5430 vascula

213 5503 403 5552 scens,
436 5486 580 5541 alter
606 5491 796 5541 autem
816 5485 1111 5540 inﬁrmans
1127 5490 1183 5538 et
1204 5484 1418 5554 gratias
1433 5480 1832 5553 agens,tertius
1915 5500 2043 5538 mea
2070 5481 2294 5552 fugiens
2324 5479 2581 5548 (Append.
2614 5478 2802 5539 Mart,
2841 5489 2898 5526 η.
2927 5471 3037 5539 il).

212 5593 354 5632 vero
364 5592 493 5631 cum
508 5575 720 5631 munda
738 5574 1078 5648 conscientia
1106 5574 1216 5629 illis
1236 5573 1565 5646 obsequium
1588 5571 1824 5627 faciens:

214 5667 278 5724 hi
320 5671 437 5724 tres
464 5666 634 5723 unius
659 5665 850 5722 meriti
888 5669 1041 5721 sunt.

1983 5571 2036 5626 2.
2066 5569 2218 5625 Dixit
2230 5566 2401 5623 abbas
2414 5567 2657 5622 Joannes
2681 5587 2692 5619 :
2707 5560 3081 5617 Ascenderam
3095 5554 3399 5629 aliquando
3411 5570 3513 5627 per

1910 5661 2057 5718 viam
2080 5657 2258 5714 eremi
2282 5658 2341 5713 in
2360 5653 2572 5728 Scythi,
2601 5658 2800 5710 texens
2819 5650 3092 5725 plectam;
3111 5652 3172 5706 et
3195 5645 3384 5706 audivi
3408 5661 3502 5709 ca-
