3910 6392
422 357 567 422 1055

1491 365 1494 370 ’
1566 362 1661 418 DE
1696 360 1886 418 VITIS
1924 358 2224 417 PATRUM
2261 361 2476 419 LIBER
2512 363 2636 418 VII.

3569 365 3710 426 1056

419 489 721 546 melarium
753 490 1072 562 loquentem
1129 504 1418 546 sermones
1471 503 1662 555 vanos,
1687 493 1746 544 et
1772 504 1844 544 ne
1875 487 2224 547 forteAtum
2263 492 2486 561 tempus
2527 487 2694 544 debet
2711 488 2880 544 homo
2911 504 2944 543 a
2972 503 3032 543 se
3060 487 3386 546 abscindere
3415 491 3709 562 passiones

421 579 712 646 irascerer,
748 579 934 635 dimisi
963 580 1204 652 plectam
1234 596 1439 648 meam,
1489 586 1547 635 et
1571 579 1690 650 fugi
1751 577 2024 651 (Append.

423 669 614 734 Mart,
648 686 707 723 η.
734 669 826 737 12)
841 712 854 726 .

499 753 550 814 3.
575 757 949 829 Interrogavit
963 757 1140 812 frater
1159 757 1420 814 abbatem
1441 758 1778 822 Pimenium,
1801 757 2021 811 dicens:

425 845 570 910 Quid
592 852 679 902 est
707 847 855 918 quod
889 847 1162 902 Dominus
1199 847 1367 903 dixit:
1396 849 1666 919 Majorem
1693 847 2026 902 charitatem

426 951 594 992 nemo
618 935 806 1003 habet,
837 953 1007 1008 quam
1025 943 1092 992 ut
1108 936 1352 992 animam
1382 953 1540 992 suam
1568 942 1744 1009 ponat
1771 936 1896 1008 quis
1925 953 2026 1008 pro

427 1025 626 1080 amicis
641 1025 758 1080 suis
778 1027 952 1095 (Joan.
964 1069 976 1092 ,
1001 1025 1100 1097 xv)
1126 1026 1440 1098 ’Iquomodo
1459 1027 1564 1082 hoc
1593 1025 1760 1081 facit?
1776 1025 2028 1098 Respon-

426 1113 513 1169 dit
535 1130 742 1170 senex:
776 1115 836 1170 Si
865 1114 990 1186 quis
1021 1115 1181 1170 audit
1201 1115 1433 1170 verbum
1463 1116 1675 1170 malum
1704 1132 1739 1169 a
1770 1115 2024 1187 proximo

428 1218 550 1270 suo,
573 1208 632 1258 et
650 1204 786 1258 dum
805 1205 981 1276 possit
999 1203 1206 1259 similia
1216 1205 1574 1276 respondere,
1599 1211 1813 1276 pugnat
1832 1210 2023 1259 tamen

425 1287 489 1346 in
503 1292 672 1347 corde
687 1308 788 1347 suo
813 1298 1040 1364 portare
1062 1291 1332 1358 laborem,
1369 1297 1428 1347 et
1453 1293 1566 1347 vim
1596 1293 1701 1347 sibi
1735 1293 1887 1358 facit,
1957 1308 2028 1347 ne

425 1381 767 1453 respondeat
779 1383 1009 1449 malum,
1025 1387 1094 1437 ut
1115 1382 1406 1437 contristet
1423 1382 1582 1437 illum
1603 1401 1616 1450 ;
1632 1383 1737 1436 iste
1757 1382 1885 1436 talis
1903 1382 2028 1436 ani-

430 1485 585 1525 mam
607 1486 768 1525 suam
781 1471 1054 1543 ponitpro
1069 1471 1248 1526 amico
1263 1488 1364 1526 suo
1381 1473 1563 1539 (Ra/7.,
1591 1473 1686 1526 lib.
1718 1485 1802 1537 IIl,
1818 1489 1876 1526 η.
1899 1469 2027 1528 201.

428 1560 635 1628 Petag.,
671 1561 840 1614 libett.
873 1573 1184 1624 xvn,num.
1222 1559 1316 1626 10;
1341 1561 1583 1629 Append.
1611 1563 1802 1626 Mart,
1838 1559 2026 1630 72.14).

501 1646 556 1705 4.
583 1647 770 1702 Abbas
813 1647 1089 1702 Macarius
1115 1647 1252 1702 dixit
1275 1667 1287 1701 :
1322 1648 1380 1703 Si
1408 1647 1824 1702 reminiscimur
1850 1648 2030 1702 malo-

2112 579 2370 647 (Append.
2398 581 2583 644 Mart,
2619 595 2679 632 η.
2709 577 2794 648 ‘23)
2813 579 2837 632 Ἰ
2856 579 3163 650 Respondit
3188 597 3200 632 :
3233 579 3514 651 Scriptum
3534 587 3626 637 est
3652 583 3708 637 in

2110 667 2410 738 Evangelia
2435 686 2446 720 :
2467 667 2612 734 Quia
2639 673 2957 740 peccatores
2978 668 3126 722 Deus
3139 683 3252 723 non
3274 669 3460 737 audit;
3485 671 3588 726 sed
3616 671 3709 743 qui

2109 757 2293 811 cultor
2321 757 2422 812 Dei
2453 763 2558 825 est,
2604 763 2660 812 et
2701 758 3044 812 voluntatem
3078 758 3200 828 ejus
3228 757 3360 814 facit
3391 758 3568 827 (Joan.
3611 763 3704 829 Ix).

2109 845 2242 900 Ideo
2271 863 2400 901 cum
2437 847 2654 901 venerit
2695 845 3064 918 impugnatio,
3097 846 3319 902 abscide
3369 847 3547 916 illam,
3576 849 3710 920 quia

2107 935 2323 1006 fragilis
2359 941 2444 990 est
2462 936 2652 991 anima
2685 941 2852 1004 ;ante
2899 940 3151 991 armetur
3196 952 3422 1008 quama
3463 939 3708 1010 peccatis

2107 1024 2456 1096 inquinetur.

2177 1113 2231 1168 2.
2260 1113 2534 1170 Abbatem
2565 1114 2883 1169 Pimenium
2925 1114 3292 1186 interrogavit
3317 1115 3492 1170 frater
3521 1135 3534 1170 :
3561 1117 3710 1182 Quid

2105 1202 2326 1270 faciam,
2363 1204 2498 1275 quia
2515 1203 2854 1259 conturbant
2893 1221 2984 1258 me
3031 1204 3394 1276 cogitationes
3418 1206 3709 1262 sedentem

2109 1293 2169 1348 in
2198 1293 2340 1347 cella
2365 1293 2390 1347 ?
2417 1293 2728 1365 Respondit
2759 1311 2774 1349 :
2807 1293 3102 1348 Neminem
3153 1294 3444 1366 despicias,
3488 1296 3706 1350 nullum

2111 1383 2404 1454 dijudices,
2436 1383 2506 1437 de
2521 1383 2676 1437 nullo
2691 1383 2837 1437 male
2867 1383 3116 1454 loquaris
3140 1402 3153 1450 ;
3184 1388 3242 1439 et
3257 1384 3407 1439 Deus
3435 1383 3594 1440 dabit
3613 1385 3712 1440 tibi

2111 1473 2386 1544 requiem,
2420 1479 2478 1527 et
2501 1478 2713 1527 statuet
2741 1472 3048 1528 sessionem
3071 1477 3226 1528 tuam
3255 1473 3379 1528 sine
3407 1473 3712 1530 conturba-

2113 1563 2266 1618 tione
2299 1563 2482 1630 (Ra/71,
2503 1564 2598 1616 lib.
2630 1576 2712 1627 nr,
2755 1578 2813 1616 η.
2844 1558 2979 1628 100;
3011 1564 3214 1630 Pelag.,
3241 1565 3411 1618 tibelt.
3443 1577 3520 1629 Ix,
3547 1580 3606 1618 η.
3637 1564 3709 1620 8:

2113 1653 2359 1722 Append.
2383 1653 2574 1718 Mart,
2609 1667 2666 1706 η.
2699 1649 2801 1719 39).
2854 1650 3176 1706 Custodiam
3206 1651 3356 1706 enim
3401 1653 3709 1720 seniorum,

428 1751 558 1792 rum
579 1753 702 1809 quae
722 1735 792 1791 ab
819 1736 1140 1793 hominibus
1153 1737 1420 1809 patimur,
1437 1737 1722 1809 perdimus
1747 1737 2034 1792 memoriae
2117 1745 2174 1796 et
2203 1741 2450 1812 quietem
2487 1740 2736 1812 ipsorum
2765 1739 3078 1794 considera.
3111 1739 3373 1796 Meditare
3401 1740 3459 1794 in
3508 1741 3714 1796 divinis

428 1825 714 1880 virtutem.
747 1827 889 1882 Item
910 1827 1050 1882 dixit
1080 1845 1092 1880 :
1129 1827 1187 1882 Si
1209 1827 1728 1882 autem.recolimus
1750 1827 2092 1889 malorumB
2115 1830 2334 1896 ofﬁciis,
2361 1835 2420 1884 et
2447 1829 2590 1884 scias
2619 1829 2787 1884 horas
2817 1828 3112 1884 canonicas
3124 1829 3214 1883 die
3240 1846 3306 1884 ac
3319 1834 3500 1885 nocte.
3522 1830 3714 1886 Timor

431 1930 554 1986 quae
566 1915 729 1970 nobis
745 1917 1140 1983 ajdaemonibus
1151 1917 1600 1984 mittuntur,sine
1611 1916 2034 1988 perturbatione
2117 1919 2342 1974 Domini
2375 1936 2488 1974 non
2517 1919 2769 1973 discedat
2797 1935 2832 1972 a
2851 1919 3017 1974 corde
3041 1923 3138 1973 tuo
3162 1936 3174 1972 :
3201 1924 3258 1973 et
3285 1935 3397 1974 non
3427 1919 3709 1990 glorieris,

429 2003 658 2072 erimus,
699 2005 939 2061 scientes
959 2007 1109 2078 quod
1140 2006 1211 2060 ab
1241 2006 1404 2060 initio
1435 2005 1584 2060 bona
1611 2007 1760 2060 Deus
1789 2005 2017 2072 creavit,
2117 2025 2299 2080 neque
2329 2014 2385 2063 te
2415 2008 2658 2064 aestimes
2701 2025 2829 2062 cum
2873 2007 3075 2078 justis,
3109 2011 3166 2062 et
3195 2023 3260 2062 ex
3315 2007 3467 2062 omni
3507 2008 3712 2063 virtute

428 2091 685 2148 diabolus
713 2111 842 2150 vero
873 2095 1026 2150 mala
1053 2095 1540 2168 superseminavit.
1577 2096 1658 2150 En
1690 2101 1824 2150 sunt
1846 2096 2036 2168 perdi-
2115 2102 2216 2153 tua
2237 2098 2476 2164 custodi,
2502 2102 2568 2152 ut
2590 2113 2703 2152 non
2733 2097 2903 2151 facias
2922 2096 3207 2169 propriam
3228 2097 3594 2152 voluntatem.

430 2181 614 2238 tiones
630 2181 1176 2254 innumermlPelag.,
1195 2187 1364 2240 tibett.
1388 2203 1447 2253 x,
1471 2202 1631 2240 num.
1665 2182 1752 2250 34;
1785 2184 2030 2254 Append.
2187 2187 2242 2242 3.
2275 2188 2430 2242 Idem
2459 2187 2600 2242 dixit
2627 2205 2638 2240 :
2677 2187 2834 2242 Sicut
2859 2186 2926 2241 ad
2959 2201 3280 2241 succensum
3311 2185 3479 2241 ollam
3509 2203 3711 2243 muscae

429 2276 695 2343 Mart.,n.
727 2277 838 2342 15).
865 2277 934 2332 Et
947 2277 1183 2344 addidit,
1216 2278 1406 2334 dicens
1428 2279 1733 2350 :Culpaest
1751 2280 2030 2340 monachi,
2115 2293 2228 2332 non
2257 2276 2715 2348 appropinquant
2744 2293 2758 2344 ;
2787 2275 2835 2330 si
2861 2292 2991 2330 vero
3020 2275 3207 2348 tepida
3237 2274 3422 2342 fuerit,
3457 2275 3712 2331 insidunt

428 2364 477 2422 si
495 2365 707 2421 laesusa
724 2365 1230 2439 fratribus,primus
1245 2367 1304 2422 in
1325 2368 1599 2423 charitate
1617 2374 1856 2440 purgato
1867 2369 2034 2424 corde
2115 2365 2174 2421 in
2201 2383 2346 2432 eam,
2374 2371 2432 2420 et
2459 2366 2673 2420 faciunt
2685 2381 2932 2432 vermes;
2960 2365 3040 2420 ita
3053 2371 3106 2420 et
3121 2365 3456 2420 monachum
3485 2381 3711 2420 succen-

431 2469 546 2509 non
577 2454 1038 2524 occurrit(Joan.,
1055 2458 1225 2512 libett.
1249 2471 1289 2524 ι,
1319 2473 1377 2510 η.
1400 2458 1430 2512 7
1455 2476 1468 2525 ;
1490 2457 1732 2527 Append.
1757 2460 1948 2523 Mart,
1970 2475 2027 2514 η,
2114 2472 2239 2511 sum
2251 2456 2383 2526 igne
2402 2455 2575 2510 divini
2597 2455 2859 2526 Spiritus,
2887 2455 3167 2510 daemones
3181 2453 3434 2526 fugiunt;
3456 2453 3708 2526 tepidum

426 2541 540 2614 16).
561 2543 709 2598 Nam
723 2543 1034 2599 Sunamitis
1053 2561 1166 2600 non
1186 2545 1487 2601 meruisset
1503 2547 1752 2618 recipere
1772 2547 2030 2602 Elisaaum
2113 2561 2243 2600 vero
2270 2544 2517 2599 illudunt
2537 2549 2594 2599 et
2615 2545 2992 2616 insequuntur
3022 2545 3203 2615 (Ra/71,
3238 2545 3333 2599 tib.
3365 2557 3517 2611 m,n.
3549 2543 3706 2612 204);

430 2632 766 2704 prophetam
790 2632 848 2686 in
861 2633 1091 2689 domum
1113 2651 1295 2702 suam,
1311 2635 1422 2690 nisi
1451 2635 1584 2707 quia
1601 2652 1726 2690 cum
1739 2636 1896 2690 nullo
1919 2637 2029 2691 alio

431 2721 630 2778 habuit
638 2739 885 2779 causam.
901 2724 1211 2780 Sunamitis
1227 2725 1378 2779 enim
1389 2725 1447 2779 in
1460 2741 1700 2796 persona
1710 2730 1796 2780 est
1805 2725 2026 2792 animae,

431 2811 664 2867 Elisaeus
682 2829 814 2868 vero
828 2813 887 2868 in
901 2830 1140 2886 persona
1153 2815 1396 2886 Spiritus
1415 2814 1594 2870 sancti
1611 2820 1804 2882 382
1823 2817 2030 2886 figura-

430 2905 525 2956 tus
548 2919 562 2968 ;
590 2901 724 2972 quia
745 2901 856 2956 nisi
875 2918 1016 2974 pura
1035 2903 1111 2958 sit
1123 2903 1330 2969 anima,
1353 2920 1465 2958 non
1487 2904 2030 2976 merctursuscipere

432 2989 704 3061 Spiritum
733 2991 858 3046 Dei.
882 2993 968 3046 Ita
997 2991 1082 3046 ira
1099 2992 1412 3047 inveterata
1432 2997 1668 3048 excaecat
1694 2994 1881 3048 oculos
1910 3009 2029 3048 cor-

428 3077 534 3146 dis,
567 3084 624 3134 et
649 3080 898 3136 animam
926 3083 1170 3137 excludit
1196 3081 1266 3136 ab
1290 3083 1561 3138 oratione.

955 3171 1190 3227 CAPUT
1209 3173 1508 3228 XXXVIII.

430 3258 576 3326 Quid
589 3261 912 3314 lamentatio
939 3263 1020 3314 vet
1030 3266 1352 3330 paupertas,
1374 3277 1493 3330 qua:
1511 3263 1575 3329 ﬁt
1593 3262 2022 3330 propterDeum,

1083 3355 1355 3419 operetur.

501 3433 552 3492 1.
584 3437 854 3492 Sanctum
900 3438 1209 3493 Antonium
1242 3439 1537 3510 requisivit
1564 3437 1760 3505 frater,
1785 3438 1976 3494 dicens
2007 3458 2020 3493 :

427 3524 574 3589 Quid
601 3525 802 3581 faciam
829 3543 932 3598 pro
953 3527 1194 3599 peccatis
1223 3527 1404 3582 meis?
1423 3527 1732 3598 Respondit
1752 3527 1888 3592 :Qui
1910 3529 2030 3583 vult

424 3613 654 3670 liberari
677 3632 713 3670 a
730 3617 990 3688 peccatis,
1007 3617 1145 3672 ﬂetu
1159 3621 1217 3672 et
1229 3617 1455 3688 planctu
1473 3616 1805 3672 liberabitur
1823 3617 1894 3673 ab
1911 3618 1992 3673 eis
2015 3637 2028 3685 ;

427 3707 485 3758 et
503 3704 599 3776 qui
627 3706 746 3760 vult
771 3705 1034 3762 aediﬁcari
1064 3707 1123 3761 in
1153 3706 1479 3776 virtutibus,
1502 3723 1604 3778 per
1627 3707 1823 3762 fletum
1852 3707 2031 3780 lacry-

425 3809 650 3850 marum
663 3795 990 3850 aediﬁcatur.
1006 3797 1135 3867 Ipsa
1153 3795 1403 3852 laudatio
1417 3797 1758 3868 psalmorum
1773 3797 2028 3868 planctus

431 3888 537 3938 est.
571 3884 855 3940 Memento
893 3886 1208 3957 exemplum
1221 3885 1467 3940 Ezechiae
1494 3885 1644 3956 regis
1671 3886 1850 3952 Judze,
1884 3887 2030 3942 sicut

426 3971 698 4044 scriptum
737 3979 824 4029 est
850 3991 952 4046 per
973 3975 1183 4030 Isaiam
1223 3975 1558 4047 prephetam
1586 3976 1741 4042 (Isai.
1774 3978 2024 4047 xxxvm),

427 4060 525 4132 qui
563 4061 748 4116 ﬂendo
776 4079 890 4117 non
920 4064 1102 4118 solum
1131 4063 1436 4119 sanitatem
1464 4064 1695 4136 recepit,
1727 4065 1826 4119 sed
1857 4065 2029 4120 etiam

425 4165 530 4222 per
545 4151 863 4222 quindecim
883 4168 1062 4208 annos
1079 4158 1447 4224 augmentum
1474 4155 1597 4209 vitae
1617 4155 1946 4226 promeruit,
1973 4160 2031 4210 et

428 4239 920 4310 supervenientem
971 4241 1147 4296 hostis
1173 4242 1495 4310 exercitum,
1520 4242 1777 4298 videlicet
1802 4249 2028 4300 centum

429 4332 490 4384 et
515 4328 800 4398 octoginta
821 4330 1070 4402 quinque
1086 4330 1346 4398 millium,
1373 4348 1475 4404 per
1501 4332 1879 4406 lacrymarum
1906 4335 2028 4404 ejus

425 4416 782 4489 rigationem,
838 4419 1017 4476 virtus
1061 4421 1284 4476 Domini
1329 4421 1390 4476 in
1431 4426 1672 4477 mortem
1703 4423 2024 4494 prostravit.

431 4507 671 4563 Sanctus
699 4509 902 4566 Petrus
913 4510 1199 4582 apostolus
1223 4510 1410 4566 flendo
1423 4511 1634 4584 recepit
1649 4511 1795 4582 quod
1812 4511 1870 4567 in
1882 4511 2039 4568 Chri-
2054 4505 2105 4568 D

431 4600 584 4652 stum
602 4591 860 4670 negando
872 4601 1250 4655 commiserat.
1269 4601 1466 4669 Maria,
1485 4601 1754 4672 quiacum
1767 4601 2032 4674 lacrymis

429 4685 634 4758 rigavit
656 4687 828 4760 pedes
842 4687 1088 4755 Domini,
1107 4689 1316 4744 meruit
1326 4687 1521 4743 audire
1539 4705 1599 4744 se
1612 4689 1882 4761 optimam
1907 4707 2033 4762 par-

429 4777 544 4830 tem
563 4776 812 4847 elegisse.
835 4779 962 4851 Ipse
989 4777 1160 4833 timor
1187 4778 1412 4834 Domini
1439 4783 1666 4834 sanctus
1693 4796 2032 4852 permanens

430 4862 492 4920 in
515 4865 782 4921 saeculum
809 4867 1016 4922 saeculi.
1057 4889 1062 4896 ’

500 4952 556 5008 2.
584 4955 790 5010 Beatus
817 4955 1094 5012 Macarius
1112 4956 1254 5012 dixit
1279 4976 1291 5012 :
1326 4957 1392 5014 In
1417 4957 1670 5025 veritate,
1688 4959 1738 5013 si
1769 4959 1916 5014 facta
1945 4962 2030 5014 est

434 5045 710 5100 monacho
739 5044 1022 5117 despectio
1048 5046 1210 5118 quasi
1233 5046 1378 5113 laus,
1393 5052 1695 5119 paupertas
1723 5046 1870 5104 sicut
1883 5047 2027 5102 divi-

430 5133 543 5201 tie,
575 5133 767 5206 inopia
808 5133 954 5190 sicut
971 5135 1167 5208 epulae,
1187 5151 1478 5208 nunquam
1505 5137 1748 5192 moritur
1763 5139 2024 5207 (Append.

429 5225 622 5292 Mart,
663 5240 724 5280 η.
779 5222 891 5295 23).
939 5224 1288 5298 Impossibile
1314 5231 1403 5281 est
1425 5229 1570 5282 bene
1598 5227 1940 5292 credentem,
1973 5231 2031 5282 et

432 5313 524 5386 pie
551 5314 829 5370 colentem
847 5314 1048 5382 Deum,
1060 5315 1262 5371 cadere
1278 5315 1337 5371 in
1347 5315 1666 5388 passionem
1681 5315 2032 5370 immundam

431 5406 491 5459 et
513 5403 573 5458 in
591 5419 843 5460 errorem
870 5405 1208 5461 daemonum.

969 5495 1204 5552 CAPUT
1242 5495 1490 5550 XXXIX.

537 5584 605 5637 In
624 5583 728 5639 hac
753 5585 870 5638 vita
899 5585 1057 5640 homo
1081 5587 1332 5655 requiem
1351 5587 1604 5640 invenire
1623 5599 1738 5639 non
1743 5588 1934 5654 potest.

515 5670 564 5725 1.
596 5669 873 5729 Abbatem
883 5672 1128 5730 Sisoium
1141 5673 1436 5747 requisivit
1445 5671 1620 5730 frater
1650 5691 1662 5728 :
1689 5673 1824 5730 Post
1852 5690 2032 5747 quan-

2111 2635 2354 2705 Append.
2386 2635 2578 2700 Mart,
2607 2651 2664 2689 η.
2701 2632 2812 2704 42).

2725 2722 2960 2778 CAPUT
2985 2723 3101 2778 XL.

2609 2813 2756 2866 Unde
2792 2815 2932 2866 vitia
2960 2814 3248 2866 oriuntur.

2185 2905 2236 2957 1.
2269 2902 2535 2957 Sanctum
2552 2901 2859 2956 Antonium
2877 2894 3385 2973 requisivitfrater:
3418 2900 3708 2966 Quomodo

2109 2991 2258 3046 Deus
2287 2989 2632 3064 repromittit
2645 2989 2794 3046 bona
2811 2991 3013 3046 animae
3039 3007 3139 3063 per
3158 2990 3550 3046 assiduitatem
3571 2988 3710 3045 Scri—

2107 3085 2487 3152 pturarum,et
2509 3096 2622 3134 non
2648 3080 2768 3134 vult
2783 3079 2974 3134 anima
2999 3079 3058 3134 in
3085 3079 3243 3134 bonis
3257 3079 3708 3152 permanere,sed

2042 3149 2086 3210 C
2107 3149 2352 3225 declinat
2368 3169 2439 3224 ad
2467 3169 2812 3236 transitoria,
2860 3169 3089 3236 caduca,
3119 3175 3176 3224 et
3197 3149 3488 3224 immunda
3517 3168 3544 3222 7
3581 3169 3711 3223 Res-

2107 3259 2328 3332 pondit:
2353 3259 2439 3314 Ad
2463 3259 2568 3313 hoc
2589 3258 2850 3330 jungitur
2878 3259 3027 3330 quod
3054 3257 3353 3313 Psalmista
3369 3258 3451 3312 ait
3468 3256 3708 3329 :Iniqui-

2106 3353 2284 3404 tatem
2303 3347 2350 3402 si
2381 3348 2641 3420 conspexi
2663 3348 2720 3402 in
2749 3347 2914 3402 corde
2945 3363 3088 3415 meo,
3119 3364 3233 3402 non
3261 3346 3523 3403 exaudiet
3562 3347 3707 3403 Deus

2112 3440 2274 3508 (Psal.
2309 3441 2448 3508 1.xv).
2502 3439 2733 3508 Ignoras
2763 3437 2911 3509 quod
2941 3453 3065 3492 cum
3095 3442 3286 3492 venter
3312 3437 3510 3508 plenus
3541 3435 3706 3491 fuerit

2110 3544 2256 3591 esca,
2279 3527 2473 3582 statim
2498 3526 2773 3582 ebulliunt
2791 3542 2996 3597 magna
3032 3525 3182 3592 vitia,
3197 3543 3322 3598 quas
3341 3525 3706 3581 Salvatorno-

2110 3621 2227 3672 ster
2251 3633 2353 3688 per
2373 3615 2732 3686 Evangelium
2758 3615 3014 3688 praedixit
3037 3635 3046 3668 :
3070 3616 3195 3670 Non
3211 3613 3703 3686 coinquinat,quod

2110 3705 2171 3760 in
2199 3722 2261 3760 os
2289 3705 2485 3772 intrat,
2509 3704 2756 3759 animam
2787 3703 3034 3758 hominis
3054 3722 3066 3770 ;
3083 3702 3179 3758 sed
3200 3703 3269 3757 de
3293 3702 3459 3757 corde
3481 3705 3700 3762 exeunt,

2111 3811 2233 3866 quae
2263 3795 2322 3848 in
2354 3795 2646 3849 interitum
2667 3793 3004 3864 demergunt
3033 3791 3322 3846 hominem
3344 3791 3560 3860 (Matth.
3593 3792 3696 3850 xv).

2110 3884 2249 3938 Vide
2261 3882 2394 3955 quid
2421 3882 2624 3938 dixerit
2638 3882 2882 3954 primum
2901 3900 2912 3935 :
2938 3881 3318 3953 Cogitationes
3333 3881 3514 3946 malae,
3529 3879 3704 3935 homi-

2109 3973 2271 4037 cidia,
2289 3972 2583 4038 adulteria,
2597 3971 3012 4037 fornicationes,
3027 3970 3195 4038 furta,
3210 3970 3350 4025 falsa
3364 3969 3697 4035 testimonia,

2111 4068 2169 4118 et
2197 4061 2572 4134 blasphemiae.
2614 4060 2760 4126 Quia
2787 4059 2884 4132 qui
2934 4059 3174 4114 necdum
3221 4059 3472 4131 gustavit
3510 4059 3698 4114 dulce-

2109 4152 2298 4207 dinem
2328 4151 2659 4217 ccelestium,
2685 4154 2751 4204 ut
2780 4166 2846 4204 ex
2870 4153 2990 4204 toto
3012 4148 3178 4204 corde
3223 4147 3480 4220 exquirat
3502 4148 3698 4212 Deum,

2109 4242 2237 4296 ideo
2291 4241 2362 4296 ad
2411 4239 2705 4294 immunda
2759 4239 3076 4294 revertitur.
3117 4237 3254 4302 Quis
3317 4237 3524 4310 poterit
3559 4241 3702 4292 recte

2109 4331 2295 4386 dicere
2319 4330 2343 4384 Τ
2369 4329 2446 4386 Ut
2467 4331 2790 4400 jumentum
2840 4329 3018 4383 factus
3055 4343 3181 4384 sum
3209 4327 3359 4400 apud
3387 4332 3460 4394 te,
3491 4331 3550 4382 et
3606 4341 3702 4398 ego

2109 4437 2333 4494 semper
2357 4424 2542 4474 tecum
2569 4419 2740 4491 (Psal.
2773 4419 3002 4485 LXXXII).

2725 4507 2959 4562 CAPUT
2985 4505 3126 4562 XLI.

2398 4599 2650 4668 Qualiter
2688 4599 2919 4652 virtutes
2941 4597 3182 4651 obtinere
3203 4600 3427 4665 oportet.

2183 4687 2212 4744 1
2226 4728 2238 4742 .
2263 4687 2575 4753 Quemdam
2593 4702 2784 4742 senem
2806 4684 3100 4756 requisivit
3111 4683 3306 4750 frater,
3325 4683 3544 4739 dicens:
3564 4683 3703 4738 Doce

2113 4795 2222 4844 me,
2247 4778 2417 4832 Pater
2449 4778 2708 4847 (Append.
2730 4777 2920 4842 Mart,
2948 4790 3006 4829 η.
3030 4771 3230 4842 46).Ε1;
3269 4773 3410 4828 dixit
3423 4773 3474 4828 ei
3497 4791 3509 4827 :
3532 4772 3696 4837 Vade,

2112 4883 2244 4922 ama
2263 4866 2367 4922 tibi
2391 4865 2513 4938 ipse
2535 4865 2645 4920 vim
2677 4865 2879 4919 facere.
2906 4862 3152 4934 Evagina
3176 4861 3428 4934 gladium
3445 4865 3626 4928 tuum,
3650 4865 3702 4914 et

2114 4957 2200 5012 exi
2229 4957 2287 5011 in
2315 4955 2542 5010 bellum.
2572 4954 2729 5009 Dixit
2757 4953 2808 5008 ei
2833 4952 3010 5008 frater
3039 4969 3050 5002 :
3082 4952 3209 5007 Non
3236 4967 3326 5006 me
3377 4951 3701 5024 permittunt

2108 5046 2493 5118 cogitationes.
2507 5043 3024 5116 Responditsenex:
3061 5041 3342 5112 Scriptum
3366 5044 3452 5094 est
3474 5057 3486 5093 :
3511 5040 3700 5095 Invoca

2109 5152 2200 5191 me
2223 5135 2282 5190 in
2310 5134 2400 5190 die
2428 5132 2809 5189 tribulationis
2849 5136 2960 5186 tua:
2979 5149 2991 5184 :
3008 5129 3239 5202 eripiam
3255 5134 3332 5196 te,
3357 5133 3415 5184 et
3433 5127 3698 5201 gloriﬁcao

2111 5225 2198 5281 bis
2226 5241 2336 5280 me.
2371 5225 2574 5280 Invoca
2589 5239 2724 5294 ergo
2744 5223 2944 5287 Deum,
2970 5225 3028 5274 et
3047 5219 3318 5292 eripiette
3335 5219 3504 5290 [Ps-at.
3529 5216 3693 5286 uxr].

2185 5313 2238 5370 2.
2267 5315 2648 5368 Perrexerunt
2681 5311 2792 5366 duo
2819 5309 3023 5364 fratres
3051 5308 3122 5362 ad
3150 5324 3326 5364 unum
3355 5322 3542 5361 senem
3586 5320 3698 5360 san-

2117 5407 2271 5458 ctum
2298 5403 2354 5457 in
2373 5402 2568 5474 Scythi
2581 5401 2872 5456 sedentem
2889 5399 3232 5470 singularem
3259 5415 3271 5466 ;
3305 5395 3552 5467 dixitque
3567 5409 3698 5450 unus

2119 5509 2186 5548 ex
2215 5493 2326 5548 illis
2358 5512 2370 5548 :
2404 5491 2582 5557 Abba,
2602 5507 2767 5561 omne
2784 5489 2961 5544 Vetus
2977 5493 3035 5542 et
3051 5488 3268 5544 Novum
3293 5486 3695 5540 Testamentum

2122 5581 2452 5639 memoriter
2480 5581 2648 5636 didici
2680 5581 2907 5652 [Pelag.,
2944 5579 3113 5634 libelt.
3143 5592 3196 5644 κ,
3231 5591 3290 5630 n.
3318 5571 3434 5648 9i].
3480 5571 3620 5628 Dicit
3645 5569 3690 5624 ei

2114 5689 2282 5730 senex
2313 5691 2324 5728 :
2351 5669 2604 5744 Implesti
2624 5685 2815 5728 aerem
2841 5665 3043 5724 verbis.
3076 5666 3146 5724 Et
3162 5665 3307 5722 alter
3323 5663 3492 5721 dixit:
3519 5662 3629 5735 Ego
3649 5663 3698 5714 et
3768 5716 3772 5721 ,
