3910 6368
187 345 316 401 1057

1482 347 1721 403 VERBA
1761 343 2155 401 SENIORUM.

3314 353 3457 413 1058

184 469 352 524 Vetus
367 472 424 524 et
452 469 672 524 Novum
699 468 1125 524 Testamentum
1146 474 1325 525 totum
1357 471 1573 544 scripsi,
1608 477 1665 526 et
1684 487 1777 543 pe-
1793 471 1847 531 A
1860 470 2198 542 lapidabam,
2215 471 2466 527 locutum
2499 475 2585 527 est
2613 477 2714 528 aut
2736 472 2944 531 iratum
2963 475 2991 529 ?
3010 480 3111 532 aut
3126 479 3353 549 quando
3368 479 3458 535 in-

182 576 277 613 nes
309 575 401 614 me
436 558 632 616 habeo.
666 559 734 613 Et
772 559 903 613 huic
939 560 1228 630 respondit
1259 579 1270 614 :
1319 561 1388 615 Et
1420 565 1482 616 tu
1530 561 1777 632 implesti

181 648 450 704 fenestras
480 653 607 703 tuas
634 648 863 703 chartis.
904 650 992 703 An
1019 649 1295 719 ignoratis
1325 650 1422 721 qui
1465 651 1605 706 dixit
1634 668 1646 703 :
1675 650 1779 705 Re-

181 753 355 807 gnum
377 738 478 792 Dei
504 755 616 793 non
648 743 732 791 est
759 738 817 791 in
838 755 1113 805 sermone,
1147 740 1244 793 sed
1273 739 1331 793 in
1352 740 1557 795 virtute
1577 743 1624 808 (l
1652 740 1770 793 Cor.

180 829 250 894 Iv)
274 827 299 880 ?
328 827 398 881 Et
424 834 631 882 iterum
655 851 667 885 :
688 828 814 882 Non
834 828 1120 882 auditores
1141 830 1285 898 legis
1306 830 1448 899 justi
1477 836 1609 885 sunt
1628 832 1778 903 apud

182 914 380 981 Deum,
411 916 509 971 sed
543 916 781 971 factores
823 915 965 987 legis
1005 918 1471 987 justiticabuntur
1498 922 1664 987 (Rom.
1691 924 1771 990 ιι).

178 1004 546 1076 Inquirebant
568 1022 701 1075 ergo
722 1005 791 1059 ab
821 1022 886 1059 eo
906 1006 1050 1060 viam
1081 1007 1298 1061 salutis.
1314 1007 1412 1062 Illo
1424 1013 1611 1063 autem
1636 1009 1777 1065 dixit

180 1092 257 1148 eis
291 1112 303 1147 :
334 1089 564 1149 Initium
612 1094 900 1165 sapientia:
928 1094 1101 1150 timor
1126 1096 1353 1150 Domini
1384 1099 1546 1164 (Psal.
1580 1101 1686 1167 cx),
1720 1104 1776 1154 et

179 1182 607 1238 humilitascum
629 1184 921 1254 patientia.
948 1184 1220 1240 Omnibus
1239 1185 1326 1239 his
1347 1185 1577 1241 insertis
1608 1193 1773 1244 uten-

180 1270 348 1337 tibus,
380 1289 561 1344 pauca
591 1271 882 1327 sufficiunt

760 1362 995 1418 CAPUT
1024 1364 1194 1419 XLII.

431 1447 703 1520 Quomodo
725 1454 790 1506 in
820 1456 1073 1507 canobz'is
1104 1456 1398 1509 vivendum
1428 1457 1520 1511 sit.

246 1544 443 1607 688
468 1539 514 1597 l.
537 1542 678 1597 Cum
706 1541 932 1612 quidam
965 1542 1287 1598 adolescens
1316 1544 1490 1599 frater
1515 1544 1778 1602 abbatem

1861 560 2207 631 dulgentiam
2232 560 2510 632 petebam,
2539 564 2793 635 nunquid
2824 566 3089 621 exaltavit
3117 584 3177 622 se
3205 572 3307 623 aut
3331 569 3455 640 glo-

1858 649 2068 703 riatum
2097 648 2229 703 est?
2259 650 2361 705 Cui
2409 650 2581 705 abbas
2628 652 2912 709 Pimenius
2957 655 3253 727 respondit
3282 676 3294 712 :
3330 658 3457 713 Non

1859 738 2075 810 utique.
2107 740 2262 794 Tunc
2289 740 2428 795 dixit
2455 758 2623 795 senex
2657 759 2669 796 :
2702 742 2928 798 Fratres
2953 762 3078 800 ecce
3107 750 3325 818 septem
3355 764 3454 803 su-

1859 844 2003 895 mus,
2026 828 2072 882 si
2088 829 2254 883 vultis
2275 845 2410 899 ergo
2423 830 2640 901 pariter
2658 847 2904 898 manere,
2929 839 2990 888 ut
3010 835 3231 890 lucrum
3253 836 3456 892 animm

1857 915 2145 983 faciamus,
2181 919 2255 973 sit
2282 918 2492 973 idolum
2523 919 2683 974 nobis
2710 921 2875 995 [istud
2918 922 2979 977 in
3008 926 3348 995 exemplum,
3380 942 3454 981 ne

1858 1005 2081 1076 quando
2108 1006 2413 1077 injuriatur
2440 1008 2660 1079 aliquis,
2693 1008 3001 1078 irascatur;
3028 1029 3098 1067 ne
3128 1015 3353 1085 quando
3382 1014 3454 1070 ab

1858 1110 1923 1148 eo
1948 1096 2110 1149 venia
2141 1096 2369 1167 petitur,
2383 1096 2674 1167 glorietur,
2692 1105 2793 1153 aut
2819 1100 3119 1156 extollatur
3143 1121 3155 1170 ;
3188 1103 3235 1157 si
3261 1109 3454 1159 autem

1857 1184 1939 1238 ita
1968 1200 2082 1239 non
2115 1185 2300 1251 vultis,
2337 1187 2719 1257 unusquisque
2745 1189 2912 1243 vadat
2952 1207 3062 1261 quo
3092 1192 3228 1246 vult.
3264 1193 3340 1248 At
3368 1193 3452 1249 illi

1859 1273 2219 1345 projicientes
2247 1292 2306 1328 se
2336 1274 2392 1329 in
2416 1280 2646 1343 terram,
2667 1279 3088 1348 spoponderunt
3104 1298 3163 1335 se
3181 1280 3260 1337 ita
3281 1282 3453 1340 factu-

1859 1379 1953 1417 ros
1986 1368 2081 1417 :et
2108 1364 2186 1419 sic
2214 1370 2647 1434 permanserunt
2689 1382 2791 1436 per
2836 1368 3044 1423 multos
3091 1385 3287 1436 annos,
3325 1388 3454 1428 cum

1859 1468 2066 1523 magna
2091 1453 2412 1508 humilitate
2431 1459 2488 1508 et
2515 1453 2874 1523 abstinentia,
2908 1473 3085 1512 unum
3109 1475 3174 1513 ex
3202 1459 3340 1531 ipsis
3366 1460 3454 1517 fa-

1859 1543 2071 1597 cientes
2090 1543 2555 1614 dispensatorem.
2582 1545 2649 1598 Et
2666 1550 2790 1599 erat
2811 1545 2892 1600 eis
2908 1547 3256 1617 perfectio,et
3275 1566 3455 1609 unum

175 1630 530 1700 Agathonem
552 1631 883 1702 requireret,
902 1632 1092 1687 dicens
1111 1651 1122 1686 :
1140 1634 1277 1687 Volo
1298 1651 1629 1705 permanere
1648 1653 1776 1691 cum
1858 1632 2231 1698 desiderium;
2281 1638 2338 1687 et
2381 1633 2655 1704 quidquid
2688 1634 2933 1704 positum
2963 1642 3114 1691 esset
3144 1637 3202 1692 in
3233 1656 3450 1709 mensa,

178 1718 477 1786 fratribus;
511 1720 601 1773 dic
646 1720 785 1776 mihi
832 1722 1110 1791 quomodo
1148 1722 1394 1777 habitem
1426 1741 1552 1779 cum
1598 1725 1829 1796 ipsis?_
1858 1720 2272 1789 reficiebantur,
2304 1722 2459 1776 nullo
2488 1722 2709 1776 dicente
2732 1723 3090 1780 :Aﬂ'ernobis
3118 1725 3295 1783 illud:
3329 1733 3447 1795 aut,

164 1808 485 1879 'Respondit
506 1808 557 1864 ei
586 1826 754 1864 senex
783 1828 794 1863 :
832 1789 1077 1865 Observa
1105 1829 1217 1883 pra:
1266 1813 1525 1868 omnibus
1548 1789 1671 1883 hoc,
1706 1789 1834 1870 utB
1854 1810 2010 1864 Istud
2040 1811 2167 1865 nolo
2198 1811 2509 1866 comedere.
2539 1811 2795 1875 Quatuor
2812 1813 3092 1883 siquidem
3119 1814 3289 1871 horas
3313 1789 3448 1872 dor;

171 1898 354 1967 qualis
383 1898 567 1969 primo
596 1899 688 1953 die
720 1899 1033 1970 ingrederis
1063 1901 1212 1972 apud
1243 1901 1412 1972 ipsos,
1463 1903 1593 1958 talis
1641 1905 1770 1959 reli-

168 2002 337 2056 quum
360 2003 601 2058 peragas
626 1994 869 2059 tempus,
891 1994 947 2043 et
969 2007 1098 2045 cum
1120 1990 1308 2061 quiete
1326 1991 1659 2062 adimplebis
1675 2009 1769 2064 pe-

164 2076 606 2145 regrinationem
636 2083 790 2132 tuam
824 2080 1011 2146 (Hii/l2,
1045 2081 1140 2134 lib.
1172 2094 1259 2146 ΠΙ,
1286 2097 1341 2134 η.
1374 2081 1516 2149 198;
1552 2084 1757 2149 Pclag.,

167 2166 315 2219 libell
330 2182 408 2231 .x,
436 2182 594 2220 num.
618 2165 691 2233 8).
713 2167 944 2222 Custodi
968 2169 1140 2235 enim,
1169 2186 1238 2223 ne
1260 2170 1484 2241 quando
1502 2170 1764 2225 fiduciam

175 2252 443 2324 loquendi
495 2272 770 2322 assumas,
802 2255 1021 2311 dicente
1049 2258 1317 2328 Apostolo
1353 2278 1364 2312 :
1400 2257 1583 2313 Nemo
1614 2260 1765 2314 mili-

163 2347 292 2397 tans
323 2344 568 2416 Christo,
606 2345 858 2417 implicat
901 2364 959 2401 se
1013 2347 1254 2417 negotiis
1303 2348 1661 2404 sarcularibus
1691 2351 1772 2418 (ll

172 2434 287 2486 Tim
302 2472 315 2486 .
345 2435 430 2501 ll).

231 2520 287 2578 2.
322 2523 466 2577 Item
496 2523 637 2578 dixit
657 2524 920 2595 Agathon
944 2544 955 2580 :
993 2526 1052 2580 Si
1082 2526 1303 2581 habitas
1331 2544 1459 2583 cum
1486 2529 1758 2600 proximo,

165 2616 284 2667 esto
315 2612 461 2667 sicut
489 2613 751 2667 columna
784 2614 1023 2685 lapidea,
1054 2634 1176 2687 quae
1206 2617 1251 2671 si
1292 2616 1615 2687 injuriatur,
1651 2635 1765 2674 non

162 2701 470 2770 irascitur;
506 2703 553 2757 si
580 2704 946 2774 glorificatur,
991 2723 1105 2761 non
1159 2707 1448 2762 extollitur
1497 2708 1765 2778 (Append.

165 2791 428 2858 Marum,
453 2808 614 2847 num.
642 2792 753 2862 10).

233 2878 291 2934 2.
318 2879 505 2936 Abbas
542 2882 829 2939 Pimenius
860 2884 1118 2940 abbatem
1148 2886 1518 2941 Nesteronem
1563 2887 1765 2942 seden-

1851 1899 2102 1954 miebant
2122 1900 2181 1954 in
2210 1905 2390 1967 nocte,
2424 1905 2482 1954 et
2510 1906 2752 1971 quatuor
2779 1901 3112 1973 psallebant,
3132 1910 3189 1959 et
3208 1911 3453 1977 quatuor

1850 1988 2248 2059 operabantur.
2292 1990 2356 2044 In
2397 1989 2487 2043 die
2525 2006 2655 2044 vero
2699 2007 2801 2061 per
2844 1990 3141 2047 intervalla
3180 1994 3449 2051 horarum

1850 2078 2048 2133 officiis
2077 2079 2278 2133 divinis
2307 2078 2659 2146 insistebant,
2694 2085 2989 2151 operantes
3016 2086 3074 2136 et
3099 2082 3368 2153 legentes,
3392 2089 3452 2139 et

1848 2166 2147 2223 fundentes
2176 2168 2309 2222 folia
2328 2169 2667 2239 palmarum,
2689 2186 2868 2241 usque
2897 2170 2966 2224 ad
2988 2170 3186 2226 horam
3215 2189 3446 2228 nonam.

1850 2256 1986 2311 Post
2012 2258 2115 2312 hoc
2145 2274 2274 2311 vero
2305 2257 2511 2312 victum
2535 2257 2641 2313 sibi
2669 2258 3078 2331 praeparabant,
3122 2260 3447 2333 colligentes

1851 2346 2123 2418 quasdam
2148 2346 2350 2402 herbas
2376 2352 2560 2402 terrae.

2419 2471 2653 2527 CAPUT
2674 2472 2872 2528 XLIII.

1990 2597 2117 2665 Qua:
2144 2600 2213 2651 sit
2243 2599 2586 2652 observantia
2616 2600 2939 2666 spirz'tualis
2969 2600 3297 2670 disciplina.

1923 2704 1978 2759 ‘l.
2005 2703 2243 2768 Quidam
2264 2704 2713 2773 frater(Append.
2738 2705 3126 2772 Hart.,n.106)
3153 2708 3446 2781 requisivit

1852 2798 2111 2847 sanctum
2132 2794 2498 2865 Serapionem
2527 2792 2809 2859 abbatem,
2842 2795 3143 2851 habentem
3168 2797 3271 2853 sub
3300 2799 3445 2870 regi-

1851 2883 2003 2937 mine
2032 2900 2132 2938 suo
2162 2883 2353 2937 decem
2393 2882 2573 2938 millia
2606 2884 3029 2952 monachorum,
3061 2885 3253 2941 dicens
3285 2900 3297 2935 :
3334 2888 3448 2943 Alii

163 2972 279 3039 tem
312 2968 371 3024 in
400 2970 653 3026 coenobio
673 2974 981 3045 requisivit,
999 2975 1190 3028 dicens
1215 2993 1226 3027 :
1253 2976 1411 3029 Unde
1441 2976 1678 3047 adeptus
1706 2994 1764 3032 es
1847 2972 2048 3027 fratres
2069 2972 2138 3026 de
2162 2972 2414 3027 coenobio
2443 2972 2735 3042 elegerunt
2762 2989 2871 3040 me,
2904 2979 2970 3028 ut
2992 2991 3095 3044 ego
3116 2975 3227 3029 illis
3249 2976 3446 3047 preci-

160 3058 310 3113 hanc
334 3059 614 3127 virtutem,
648 3062 841 3131 frater,
884 3070 949 3119 ut
987 3064 1430 3136 quotiescunque
1476 3066 1764 3121 tribulatio
1849 3062 2000 3133 piam
2024 3080 2036 3129 ;
2063 3062 2294 3116 ostende
2326 3060 2464 3115 mihi
2494 3062 2773 3132 quomodo
2782 3061 2994 3132 jubes'.’
3024 3063 3330 3135 Respondit
3350 3065 3445 3120 Se-

161 3148 403 3219 contigit
427 3148 487 3204 in
501 3150 770 3217 coenobio,
795 3153 1263 3224 nequeloquaris,
1281 3170 1463 3225 neque
1490 3145 1829 3210 mediatorC
1850 3151 2047 3223 rapion
2078 3171 2090 3205 :
2125 3151 2343 3205 Durum
2370 3155 2455 3205 est
2481 3166 2666 3204 meum
2687 3150 2922 3205 fortasse
2944 3152 3261 3223 imperium.
3295 3153 3443 3210 Nam

160 3237 402 3291 accedas
433 3240 653 3308 (Pelag.,
697 3242 868 3296 libell.
886 3256 976 3309 xv,
1012 3258 1170 3296 num.
1187 3240 1319 3311 30)?
1350 3243 1418 3297 Et
1440 3259 1566 3298 cum
1592 3244 1766 3299 nollet
1848 3240 2120 3294 Dominus
2140 3240 2369 3294 noster!
2375 3256 2502 3293 esus
2520 3240 2776 3294 Christus
2792 3241 3447 3312 perEvangeliumsuum

161 3324 372 3391 dicere.
419 3333 616 3398 postea
669 3330 989 3402 compulsus
1033 3349 1069 3385 a
1117 3348 1269 3397 sene,
1314 3332 1493 3386 dixit:
1530 3333 1763 3403 Indulge
1848 3329 2099 3396 instruit,
2121 3328 2414 3383 dicens:Si
2430 3328 3061 3399 diligitisme,mandata
3083 3347 3211 3385 mea
3228 3336 3446 3387 servate

161 3414 328 3481 mihi,
352 3414 513 3483 abba,
532 3418 736 3489 quiain
759 3419 1037 3491 principio
1063 3421 1285 3492 quando
1306 3420 1591 3491 ingressus
1614 3440 1760 3490 sum,
1852 3418 2028 3489 (Joan.
2060 3416 2196 3489 XIV).
2221 3417 2295 3471 Et
2318 3434 2448 3472 cum
2469 3417 2728 3488 discipuli
2755 3417 2825 3471 de
2844 3417 3089 3488 primatu
3112 3419 3263 3475 inter
3283 3437 3342 3475 se
3362 3421 3446 3476 di-

160 3502 279 3558 dixi
313 3505 638 3575 cogitationi
676 3525 814 3564 mea:
846 3527 860 3562 :
894 3510 1119 3564 Ecce.tu
1160 3516 1218 3564 et
1254 3510 1344 3564 hic
1388 3511 1580 3566 asinus
1629 3513 1764 3566 estis

160 3609 347 3663 pares.
383 3595 538 3649 Sicut
563 3596 714 3651 enim
743 3598 833 3652 hic
860 3598 1051 3653 asinus
1079 3600 1324 3670 vapulat,
1358 3605 1414 3654 et
1443 3617 1557 3655 non
1589 3601 1765 3671 loqui-

159 3686 294 3750 tur;
329 3682 653 3753 injuriatur,
679 3692 736 3739 et
762 3686 902 3740 nihil
931 3688 1231 3758 respondet
1257 3707 1268 3755 ;
1294 3688 1373 3742 ita
1403 3706 1537 3759 ergo
1570 3695 1688 3744 esto
1710 3696 1767 3744 et

1848 3513 2188 3578 sceptarent,
2216 3507 2341 3578 quis
2369 3523 2564 3561 eorum
2590 3512 2738 3561 esset
2763 3507 2970 3576 senior,
3011 3507 3094 3563 ait
3129 3509 3199 3564 ad
3225 3526 3354 3565 eos:
3385 3509 3446 3565 Si

1849 3597 1973 3668 quis
2013 3597 2250 3651 voluerit
2271 3596 2419 3650 inter
2446 3613 2541 3650 vos
2571 3597 2755 3666 major
2784 3596 2927 3663 fieri,
2953 3597 3064 3651 erit
3081 3604 3265 3653 vester
3285 3599 3447 3654 mini-

1848 3692 1982 3753 ster,
2020 3692 2079 3741 et
2101 3686 2419 3757 quicunque
2447 3684 2686 3740 voluerit
2711 3685 2771 3739 in
2807 3684 2962 3740 vobis
2987 3687 3143 3758 prior
3171 3704 3312 3755 esse,
3337 3688 3447 3743 erit

162 3776 248 3841 tu,
284 3789 422 3827 nam
450 3773 528 3828 sic
555 3774 690 3829 dicit
718 3780 775 3829 et
802 3776 1050 3847 psalmus
1086 3795 1097 3830 :
1129 3778 1204 3831 Ut
1225 3778 1551 3847 jumentum
1581 3778 1765 3833 factus
1849 3775 2101 3830 omnium
2121 3792 2315 3830 servus
2346 3776 2535 3846 (Marc.
2565 3783 2641 3844 Χ).
2671 3775 2874 3829 Petrus
2902 3776 3211 3846 apostolus,
3233 3776 3293 3831 in
3322 3777 3445 3849 epi-

161 3878 289 3916 sum
322 3862 473 3934 apud
501 3868 577 3930 te,
605 3869 663 3918 et
690 3881 792 3935 ego
820 3882 1043 3936 semper
1068 3871 1254 3921 tecum
1288 3870 1447 3934 (Psal.
1474 3882 1661 3929 Lxxm.
1846 3866 1991 3920 stola
2021 3881 2141 3932 sua,
2177 3869 2370 3919 monet
2399 3868 2650 3935 pastores
2681 3881 2693 3917 :
2720 3863 2937 3918 Pascite
2968 3864 3063 3934 qui
3088 3864 3147 3919 in
3173 3864 3329 3920 vobis
3358 3869 3448 3921 est

232 3952 287 4006 4.
326 3952 466 4006 Cum
496 3952 799 4024 aliquando
826 3972 964 4025 gens
994 3956 1327 4010 Mazicorum
1357 3956 1416 4010 in
1446 3957 1637 4029 Scythi
1665 3973 1763 4011 su-
1843 3970 2072 4024 gregem
2091 3953 2212 4020 Dei,
2231 3953 2610 4025 providentes,
2635 3969 2747 4008 non
2768 3958 2974 4018 coacte,
3000 3953 3099 4007 sed
3127 3954 3444 4010 voluntarie

160 4040 554 4111 perveniens‘,
587 4043 794 4097 multos
825 4060 889 4098 ex
920 4045 1181 4099 Patribus
1221 4045 1534 4112 occidisset,
1586 4045 1761 4101 abbas
1845 4043 2156 4097 secundum
2185 4044 2393 4109 Deum;
2429 4059 2531 4096 nec
2558 4042 2742 4113 turpis
2764 4042 2906 4096 lucri
2931 4043 3135 4113 gratia,
3153 4043 3446 4099 sedforma

159 4128 456 4185 Pimenius
478 4147 592 4185 una
610 4148 737 4186 cum
758 4133 868 4187 alio
881 4134 1048 4188 Patre
1068 4134 1305 4200 seniore,
1333 4135 1560 4189 nomine
1574 4134 1759 4200 Anub,
1848 4138 2025 4187 estote
2043 4131 2229 4203 gregis
2250 4151 2262 4199 ;
2288 4137 2345 4186 et
2364 4148 2491 4186 cum
2511 4131 2838 4203 apparuerit
2856 4131 3115 4204 princeps
3131 4139 3442 4205 pastorum,

161 4224 219 4271 et
246 4235 381 4273 cum
411 4220 536 4274 aliis
567 4220 813 4293 quinque
828 4223 1088 4278 Patribus
1108 4224 1329 4294 fugiens
1348 4224 1497 4291 inde,
1522 4225 1676 4279 venit
1689 4225 1761 4279 ad
1846 4222 2168 4294 percipietis
2190 4220 2706 4276 immarcescibilem
2747 4221 2941 4292 gloriae
2970 4238 3232 4277 coronam
3256 4226 3308 4291 (Ι
3330 4226 3443 4280 Pet.

159 4306 353 4362 locum
378 4309 475 4378 qui
503 4310 710 4386 dicitur
736 4312 1070 4380 Terenuthi;
1094 4318 1151 4366 et
1178 4313 1516 4367 invenerunt
1528 4314 1603 4368 ibi
1618 4320 1764 4369 tem-
1850 4315 1924 4381 v).
1956 4312 2044 4366 Ita
2071 4310 2239 4365 facito
2254 4310 2409 4383 prius
2431 4311 2575 4381 quod
2593 4311 2867 4382 praecipis,
2886 4315 3075 4365 utnon
3097 4317 3317 4368 tantum
3332 4312 3447 4367 illis

158 4397 322 4467 plum
348 4398 646 4469 antiquum
666 4399 970 4467 desertum,
994 4408 1052 4455 et
1072 4409 1403 4457 manserunt
1423 4403 1481 4457 in
1515 4420 1581 4457 eo
1604 4404 1659 4457 hi
1680 4420 1765 4458 se-
1849 4405 2143 4472 praecepta,
2164 4400 2263 4454 sed
2292 4400 2595 4454 formulam
2626 4400 2894 4471 praabeas,
2919 4405 2985 4454 ut
3014 4405 3113 4455 tua
3149 4401 3449 4457 imitentur

158 4491 315 4556 ptem
339 4487 567 4558 pariter,
582 4488 1172 4560 doneccognoscerent
1188 4491 1685 4564 ubiunusquisque
1704 4490 2123 4564 inDexempla.
2174 4490 2257 4542 Ne
2296 4489 2373 4542 sis
2414 4488 2815 4551 mercenarius,
2864 4489 2963 4541 sed
3004 4493 3198 4558 pastor
3234 4490 3442 4559 ovium,

159 4574 407 4647 Egypto
432 4593 731 4632 mansurus
762 4584 927 4633 esset.
959 4580 1336 4635 Decreverunt
1380 4587 1569 4635 autem
1616 4581 1765 4635 inter
1851 4579 1984 4651 quia
2012 4578 2267 4632 Salvator
2297 4582 2489 4632 noster
2510 4576 2738 4631 beatum
2762 4576 2921 4640 dixit,
2951 4593 3119 4647 quem
3152 4579 3445 4634 constituit

162 4680 247 4727 se,
263 4665 517 4720 dicentes
542 4684 552 4719 :
578 4666 902 4737 Septimana
916 4669 1020 4722 hac
1038 4669 1427 4739 unusquisque
1448 4669 1765 4740 requiescat

158 4754 316 4826 apud
345 4771 427 4821 se,
460 4760 518 4809 et
535 4755 678 4809 alter
701 4756 772 4810 ad
788 4757 1029 4811 alterum
1054 4774 1167 4811 non
1194 4758 1475 4828 loquatur.
1502 4759 1644 4812 Cum
1670 4774 1766 4813 au-

160 4848 280 4897 tem
312 4843 369 4898 id
391 4843 655 4911 facerent,
680 4851 804 4901 erat
822 4846 882 4900 in
898 4847 1108 4918 templo
1131 4847 1227 4901 illo
1256 4853 1441 4901 statua
1472 4848 1764 4917 cujusdam

158 4931 322 4987 idoli.
350 4932 538 4988 Abbas
567 4951 699 5005 ergo
728 4935 892 4990 Anub
919 4952 1242 5007 exsurgens,
1276 4953 1440 4991 mane
1478 4936 1767 5008 lapidabat

157 5038 291 5077 eam
320 5022 381 5077 in
410 5022 580 5092 facie;
613 5030 669 5078 et
698 5041 925 5096 vespere
954 5026 1199 5093 veniens,
1234 5024 1455 5080 dicebat
1482 5027 1553 5081 ad
1583 5043 1710 5082 eam
1740 5046 1752 5082 :

154 5109 417 5183 Peccavi,
436 5112 664 5185 indulge
686 5114 842 5168 mihi.
868 5115 937 5169 Et
964 5116 1043 5170 sic
1063 5116 1194 5170 fecit
1221 5132 1322 5188 per
1352 5121 1529 5170 totam
1560 5115 1766 5172 hebdo-

156 5201 291 5255 mad
311 5218 413 5255 im.
442 5202 543 5256 Die
570 5208 762 5258 autem
792 5203 1042 5271 Sabbati,
1069 5222 1197 5259 cum
1226 5204 1509 5260 venissent
1530 5205 1759 5277 pariter,

154 5289 304 5345 dixit
331 5290 384 5344 ei
415 5290 586 5346 abbas
605 5292 892 5348 Pimenius
916 5313 928 5348 :
957 5294 1098 5360 Quid
1120 5294 1343 5350 voluisti
1365 5296 1469 5350 hac
1494 5300 1616 5350 tota
1630 5294 1765 5351 heb-

155 5379 414 5434 domada
451 5380 653 5447 facere,
685 5389 751 5438 ut
778 5384 945 5439 homo
988 5385 1167 5439 fidelis
1212 5384 1426 5439 diceres
1464 5384 1633 5452 idolo,
1668 5386 1763 5440 In-

154 5469 336 5541 dulge
364 5471 524 5526 mihi.
557 5473 712 5527 Dixit
737 5474 789 5528 ei
819 5490 989 5528 senex
1014 5474 1177 5530 Anub
1209 5492 1221 5527 :
1260 5475 1378 5528 Hoc
1402 5491 1505 5545 ego
1534 5481 1767 5547 propter

156 5575 259 5614 vos
288 5558 432 5629 feci;
464 5560 634 5616 dicite
662 5563 820 5630 mihi,
853 5564 1108 5635 nunquid
1139 5563 1365 5634 quando
1404 5564 1510 5619 hoc
1550 5564 1765 5620 idolum

1851 4683 2021 4738 super
2048 4665 2321 4720 familiam
2350 4682 2531 4733 suam,
2548 4670 2613 4720 ut
2631 4666 2727 4720 det
2755 4664 2866 4719 illis
2894 4664 3081 4720 cibum
3110 4666 3169 4721 in
3190 4672 3445 4741 tempore

1853 4756 2067 4824 (Matth.
2100 4755 2272 4823 xxxv).

1918 4844 1971 4901 2.
2000 4842 2372 4914 Interrogavit
2391 4841 2563 4897 abbas
2592 4841 2811 4914 Moyses
2833 4843 3095 4900 abbatem
3127 4844 3438 4913 Silvanum,

1847 4934 2063 4989 dicens:
2091 4934 2283 4988 Potest
2301 4932 2468 4987 homo
2489 4948 2589 5003 per
2611 4931 2864 5002 singulos
2883 4933 3002 4990 dies
3022 4936 3444 5008 apprehendere

1847 5020 2284 5077 conversationis
2323 5020 2595 5075 initium?
2631 5019 2982 5092 Respondit:
3016 5023 3253 5095 Oportet
3292 5024 3444 5080 enim

1847 5110 2268 5184 apprehendere
2299 5126 2762 5181 unumquemque
2810 5110 3024 5182 aliquid
3073 5128 3140 5166 ex
3184 5111 3444 5169 omnibus

1848 5202 2108 5271 (Append.
2138 5201 2326 5267 Mart.,
2362 5216 2419 5253 η.
2451 5196 2595 5266 108).
2626 5199 2874 5270 Surgens
2899 5215 3084 5266 mane,
3114 5206 3305 5255 sumat
3329 5200 3443 5256 ini-

1846 5291 1989 5345 tium
2002 5288 2291 5361 sapientiae
2316 5306 2328 5342 :
2351 5288 2409 5342 in
2424 5288 2579 5343 omni
2593 5288 2821 5355 virtute,
2841 5293 2899 5343 et
2924 5289 2984 5343 in
3005 5289 3160 5343 omni
3176 5289 3442 5347 mandato

1846 5380 1968 5445 Dei,
2000 5380 2059 5433 in
2086 5384 2279 5445 634
2295 5395 2502 5449 magna
2518 5377 2814 5449 patientia,
2832 5382 2891 5432 et
2912 5377 3361 5448 longanimitate,
3386 5385 3446 5435 et

1845 5470 2121 5525 charitate
2149 5467 2270 5534 Dei,
2291 5484 2419 5522 cum
2441 5466 2758 5522 humilitate
2786 5465 2989 5521 animae
3010 5469 3069 5521 et
3093 5468 3362 5538 corporis,
3381 5468 3444 5525 in

1847 5560 2027 5615 multa
2047 5557 2455 5613 sustentatione
2475 5560 2532 5611 et
2547 5554 2988 5613 commoratione
3018 5555 3191 5623 cellae,
3221 5556 3283 5617 in
3320 5574 3443 5617 ora-

234 5685 254 5720 ¹
288 5686 457 5757 Ila/7.,
492 5688 588 5742 lib.
622 5699 700 5755 In,
734 5702 793 5742 η.
831 5685 953 5756 199,
986 5704 1128 5760 pene
1153 5688 1224 5743 ad
1249 5686 1521 5756 verbum;
1556 5687 1729 5759 Pelag
1758 5729 1772 5753 ,
1803 5687 1978 5744 libell.
2018 5701 2109 5741 xv.
2140 5699 2300 5740 num.
2338 5680 2419 5741 11.
