3910 6374
478 356 624 415 1059

484 573 666 629 cordis
694 575 752 625 et
788 569 1095 636 oculorum,
1138 571 1196 621 et
1235 564 1489 621 custodia
1526 564 1730 635 linguae
1765 579 1830 618 ac
1870 578 2079 618 sermo-

483 679 638 726 num,
654 661 714 715 in
733 656 1221 714 abrenuntiatione
1240 671 1429 710 rerum
1450 653 1846 717 materialium,
1864 651 2080 705 deside-

481 752 695 806 riorum
716 748 917 815 carnis,
951 746 1348 801 cruciationem
1369 743 1639 798 habentes
1667 743 1727 797 in
1748 741 2072 805 certamine,

480 842 541 896 in
568 837 914 896 continentia
932 836 1173 909 spiritali
1198 839 1257 889 et
1279 850 1457 905 agone
1478 848 1698 904 pugnze,
1716 831 1776 885 in
1796 829 2078 902 pmniten-

479 931 563 985 tia
592 934 649 984 et
676 929 851 995 luctu,
882 928 940 981 in
970 924 1328 997 simplicitate
1356 923 1558 977 animae
1590 927 1647 975 et
1669 920 2074 985 taciturnitate,

479 1019 539 1074 in
573 1018 806 1090 jejuniis
835 1021 893 1071 et
920 1015 1124 1087 vigiliis
1154 1012 1463 1077 nocturnis,
1497 1012 1556 1065 in
1593 1010 1919 1082 operatione
1962 1025 2079 1063 ma—

481 1125 679 1176 nuum,
711 1105 1021 1162 secundum
1050 1104 1199 1176 quod
1227 1102 1365 1157 dicit
1387 1101 1675 1172 apostolus
1698 1099 1927 1165 Paulus,
1944 1114 2079 1169 ope-

480 1203 672 1253 rantes
701 1195 961 1251 manibus
979 1193 1199 1260 vestris,
1224 1192 1281 1246 in
1307 1191 1456 1245 fame
1486 1195 1544 1245 et
1563 1190 1676 1256 siti,
1699 1189 1758 1243 in
1785 1188 1995 1259 frigore
2024 1191 2082 1241 et

482 1286 823 1353 nuditate,in
837 1284 1121 1339 laboribus
1140 1287 1197 1337 et
1210 1280 1485 1352 augustiis
1504 1287 1561 1334 et
1577 1276 2075 1350 persecutionibus,

480 1378 541 1433 in
566 1376 738 1432 foveis
768 1380 824 1429 et
865 1373 1146 1445 speluncis
1186 1377 1245 1426 et
1279 1369 1532 1424 cavernis
1562 1370 1641 1434 (ΙΙ
1662 1369 1782 1423 Cor.
1814 1366 1914 1437 χι).
1949 1367 2080 1421 Esto

480 1468 662 1523 factor
688 1464 861 1531 verbi,
880 1468 939 1518 et
955 1479 1069 1517 non
1098 1461 1323 1516 auditor
1340 1464 1563 1515 tantum
1597 1458 1731 1525 (Jac.
1755 1459 1817 1527 ι),
1843 1472 2081 1528 operans

480 1557 761 1612 talentum
790 1554 849 1608 in
875 1549 1359 1624 duplum,habens
1384 1554 1595 1603 vestem
1624 1546 1955 1619 nuptialem,
1989 1546 2083 1599 ﬁr-

485 1650 675 1701 matus
702 1658 873 1715 supra
902 1643 1126 1696 ﬁrmam
1162 1644 1404 1712 petram.

555 1736 923 1805 Eleemosyna
951 1736 1009 1786 et
1037 1730 1176 1786 ﬁdes
1205 1746 1319 1784 non
1347 1734 1405 1783 te
1434 1726 1832 1797 derelinquant
1860 1725 1901 1780 ¹.
1923 1724 2084 1796 Cogi-

1589 346 1684 404 DE
1719 344 1911 403 VITIS
1945 340 2244 400 PATRUM
2280 340 2495 402 LIBER
2530 343 2653 401 VII.

483 486 637 539 tione
667 484 726 536 et
749 478 1160 552 deprecatione,
1205 490 1334 531 cum
1380 474 1617 547 gemitu,
1662 490 1789 529 cum
1827 472 2142 546 puritateA

3608 348 3734 408 i060

2725 470 2960 528 CAPUT
2990 472 3181 529 XLIV.

2229 563 2305 617 De
2330 563 2782 617 meditationibus
2795 563 2868 633 (5)
2888 564 3174 618 duodecim
3195 565 3669 622 anachoretarum.

2228 651 2595 719 Anachoretm
2623 652 2924 723 aliquando
2955 653 3255 724 sapientes,
3289 654 3467 709 sancti
3496 661 3553 709 et
3580 656 3728 727 spiri-

2158 740 2320 807 tales,
2349 741 2643 796 duodecim
2671 758 2924 807 numero,
2948 743 3269 814 congregati
3295 743 3355 798 in
3383 744 3639 815 idipsum,
3656 761 3733 799 ex-

2160 829 2446 901 petierunt
2465 848 2500 885 a
2526 831 2864 902 semetipsis,
2908 832 3095 887 dicere
3139 848 3597 905 unumquemque
3623 850 3732 905 quae

2161 920 2541 975 emendaverit
2582 920 2642 975 in
2678 921 2820 974 cella
2864 937 2986 989 sua,
3015 926 3073 976 et
3120 938 3289 992 quam
3328 923 3731 978 meditationem

2160 1008 2464 1064 meditatus
2493 1010 2567 1064 sit
2595 1010 2945 1081 spiritaliter.

2237 1097 2286 1156 1.
2310 1099 2380 1153 Et
2404 1099 2543 1153 dixit
2566 1099 2799 1171 primus,
2829 1099 2925 1171 qui
2951 1105 3008 1154 et
3025 1098 3215 1155 senior
3241 1115 3465 1156 eorum:
3491 1101 3622 1172 Ego,
3641 1100 3733 1156 fra-

2160 1193 2296 1255 tres,
2331 1205 2398 1243 ex
2427 1205 2538 1261 quo
2569 1188 2709 1260 coepi
2761 1189 3071 1261 quiescere,
3110 1194 3292 1245 totum
3337 1190 3583 1245 cruciﬁxi
3633 1207 3734 1246 me-

2161 1277 2348 1350 ipsum
2378 1278 2464 1332 his
2492 1295 2617 1350 quae
2648 1279 2991 1334 extrinsecus
3021 1285 3155 1334 sunt
3182 1279 3509 1347 actionibus,
3529 1280 3736 1335 reminio

2162 1384 2322 1423 scens
2343 1368 2490 1439 quod
2514 1368 2787 1440 scriptum
2829 1374 2915 1423 est
2944 1390 2959 1426 :
2991 1369 3389 1441 Dirumpamus
3415 1369 3633 1425 vincula
3658 1387 3738 1425 eo—

2164 1474 2313 1524 rum,
2346 1462 2403 1511 et
2423 1457 2787 1528 projiciamus
2817 1474 2852 1512 a
2880 1457 3040 1513 nobis
3064 1459 3265 1529 jugum
3294 1459 3543 1531 ipsorum
3585 1462 3731 1526 (Psat.

2163 1549 2246 1608 II).
2276 1546 2346 1601 Et
2380 1547 2533 1601 velut
2559 1564 2787 1603 murum
2814 1548 3024 1602 faciens
3050 1548 3202 1602 inter
3212 1549 3463 1603 animum
3483 1552 3543 1603 et
3564 1565 3737 1620 corpo-

2162 1637 2310 1691 rales
2339 1642 2516 1703 actus,
2544 1637 2657 1691 dixi
2681 1637 2741 1692 in
2764 1642 2952 1693 mente
2989 1654 3116 1693 mea
3150 1656 3162 1692 :
3194 1637 3670 1703 Quemadmodum
3695 1638 3739 1692 is

2165 1726 2262 1797 qui
2290 1726 2441 1781 intra
2470 1743 2696 1782 murum
2723 1732 2827 1795 est,
2858 1732 3100 1782 stantem
3128 1727 3264 1783 foris
3289 1744 3403 1783 non
3436 1727 3622 1799 videt;
3671 1727 3741 1782 sic

484 1831 612 1881 tans
641 1829 780 1887 esto,
813 1820 967 1876 omni
997 1820 1085 1874 die
1108 1824 1351 1874 mortem
1375 1817 1615 1872 vicinam
1642 1832 1767 1871 esse
1795 1834 1807 1869 :
1835 1821 1893 1870 et
1920 1814 2081 1886 quasi
2112 1831 2266 1895 Bnec
2294 1821 2358 1871 tu
2386 1816 2523 1871 velis
2560 1817 2862 1872 exteriores
2891 1822 3053 1872 actus
3083 1817 3352 1889 aspicere,
3390 1816 3489 1871 sed
3512 1817 3739 1888 teipsum

477 1917 597 1987 jam
611 1914 833 1968 clausus
857 1911 917 1966 in
947 1914 1334 1976 monumento,
1358 1907 1500 1962 nihil
1519 1907 1589 1961 de
1618 1907 1723 1961 hoc
1752 1905 1955 1960 saeculo
1984 1920 2083 1959 cu-

482 2021 592 2072 res,
626 2002 758 2075 quia
784 1999 1101 2056 sollicitudo
1131 1998 1318 2053 saeculi
1339 2003 1396 2052 et
1428 1996 1705 2068 cupiditas
1735 1994 2077 2061 divitiarum,

472 2094 601 2149 haec
612 2097 745 2148 sunt
772 2090 966 2163 spinae,
987 2105 1126 2161 quas
1144 2087 1418 2143 Dominus
1437 2102 1631 2141 cavere
1658 2084 1800 2139 dixit
1821 2084 1880 2138 in
1904 2084 2084 2138 Evan-

481 2184 649 2256 gelio,
675 2198 799 2254 quas
818 2180 1030 2234 bonum
1048 2193 1241 2233 semen
1262 2177 1539 2246 suﬁ'ocant
1552 2175 1696 2250 (Luc.
1720 2172 1863 2242 vnI).
1887 2172 2085 2228 Inedia

483 2288 761 2337 escarum,
788 2268 1079 2325 humilitas
1101 2274 1159 2323 et
1176 2268 1359 2322 luctus
1384 2282 1496 2320 non
1526 2265 1839 2320 recedanta
1853 2268 1929 2330 te,
1952 2262 2084 2334 quia

481 2362 756 2418 Dominus
787 2359 1023 2431 dissipat
1052 2372 1181 2411 ossa
1222 2356 1520 2411 hominum
1566 2354 1672 2409 sibi
1716 2353 2078 2425 placentium.

482 2452 675 2508 Timor
703 2449 857 2506 omni
888 2448 1030 2502 hora
1057 2450 1391 2519 permaneat
1416 2445 1478 2500 in
1513 2449 1590 2510 te,
1644 2442 1790 2498 sicut
1814 2442 2085 2513 scriptum

483 2547 604 2598 est:
635 2541 874 2611 Propter
892 2537 1156 2591 timorem
1180 2541 1363 2601 tuum,
1383 2534 1640 2599 Domine,
1670 2532 1729 2586 in
1757 2536 1920 2587 utero
1950 2546 2085 2585 con-

488 2629 758 2702 cepimus,
775 2632 833 2683 et
851 2626 1151 2693 doluimus,
1172 2630 1229 2679 et
1255 2623 1576 2696 peperimus
1592 2622 1851 2702 spiritum
1888 2620 2086 2675 salutis

483 2699 665 2792 (Isaia
692 2718 864 2784 xxv1).
899 2715 1030 2770 Haec
1058 2730 1209 2785 ergo,
1244 2719 1302 2768 et
1332 2712 1381 2767 si
1410 2728 1523 2783 qua
1545 2699 1657 2765 alia
1684 2711 1862 2765 virtus
1890 2714 1996 2775 est,
2027 2709 2084 2763 in

484 2808 574 2863 his
603 2805 887 2879 prospice;
920 2809 980 2859 et
1007 2820 1078 2858 ne
1121 2807 1180 2857 te
1210 2817 1503 2856 mensures
1544 2817 1672 2855 cum
1712 2799 1952 2870 magnis,
1985 2802 2086 2853 aut

480 2899 703 2970 justum
730 2899 788 2949 te
814 2893 1091 2960 aestimes;
1123 2891 1221 2947 sed
1247 2896 1305 2945 te
1319 2890 1483 2945 crede
1510 2889 1833 2944 inferiorem
1862 2905 1983 2943 esse
2003 2894 2087 2943 to-

485 2986 599 3041 tius
623 2989 914 3049 creaturaa,
932 2982 989 3036 id
1006 2986 1108 3048 est,
1145 2980 1397 3035 viliorem
1430 2979 1623 3050 quovis
1638 2979 1865 3033 homine
1894 2994 2085 3050 pecca-

2164 1905 2405 1972 intuere,
2434 1907 2717 1961 sustinens
2741 1907 2989 1978 quotidie
3009 1922 3168 1978 spem
3183 1906 3304 1961 Dei.
3325 1906 3416 1962 Sic
3442 1911 3633 1961 autem
3657 1906 3743 1960 ha-

2164 1994 2294 2050 beto
2319 1995 2593 2066 malignas
2621 1996 2988 2067 cogitationes
3017 2001 3117 2052 aut
3157 1996 3334 2051 malas
3361 1995 3742 2068 concupiscen-

2166 2084 2294 2151 tias,
2357 2084 2504 2139 sicut
2566 2086 2844 2157 serpentis
2897 2091 2955 2141 et
3005 2085 3363 2157 scorpionum
3414 2085 3649 2157 prolem.
3692 2082 3742 2138 Si

2167 2175 2390 2245 quando
2419 2179 2611 2229 autem
2642 2192 2736 2230 eas
2760 2175 2819 2229 in
2849 2175 3016 2230 corde
3053 2191 3180 2229 meo
3207 2174 3362 2229 nasci
3388 2190 3635 2242 sensero,
3665 2177 3742 2227 at-

2164 2263 2403 2318 tendens
2431 2264 2557 2318 illas
2573 2280 2703 2319 cum
2728 2265 3162 2319 comminatione
3187 2270 3245 2319 et
3261 2264 3347 2318 ira
3370 2263 3739 2329 arefacioeas;

2165 2368 2269 2407 nec
2296 2369 2547 2423 unquam
2576 2370 2750 2421 cesso,
2782 2353 3032 2409 irascens
3064 2352 3282 2426 corpori
3306 2358 3364 2407 et
3391 2352 3569 2408 menti
3595 2368 3740 2418 meae,

2165 2459 2237 2497 ne
2267 2442 2401 2513 quid
2426 2460 2661 2513 pravum
2691 2442 2876 2497 faciat.

2235 2530 2587 2588 2.Secundus
2605 2532 2712 2589 ait:
2740 2533 2854 2603 Ego
2875 2532 3078 2599 dixi,ex
3094 2549 3203 2604 quo
3217 2531 3536 2588 renuntiavi
3554 2537 3709 2587 terrae
3728 2549 3738 2584 :

2169 2622 2349 2676 Hodie
2376 2627 2608 2677 renatus
2638 2639 2717 2685 es,
2750 2622 2916 2676 hodie
2948 2622 3164 2694 ccepisti
3186 2623 3393 2678 servire
3422 2622 3558 2690 Deo,
3590 2620 3742 2676 hodie

2168 2710 2259 2765 hic
2275 2710 2590 2766 inhabitare
2610 2711 2827 2783 coepisti
2850 2726 2862 2761 :
2886 2712 2965 2766 sic
2984 2717 3105 2766 esto
3127 2712 3377 2784 quotidie
3404 2711 3742 2783 peregrinus,

2166 2805 2223 2855 et
2252 2801 2497 2857 crastino
2519 2801 2863 2857 liberandus.
2897 2803 3016 2858 Hoc
3051 2802 3193 2858 mihi
3229 2802 3476 2874 quotidie
3499 2801 3745 2858 consule-

2166 2890 2318 2949 bam.
3140 2910 3145 2911 ί

2237 2980 2290 3039 3.
2324 2981 2548 3037 Tertius
2581 2981 2721 3036 dixit
2747 3001 2759 3037 :
2790 2981 2907 3053 Ego
2944 2982 3187 3038 diluculo
3216 2982 3454 3038 ascendo
3482 2981 3556 3037 ad
3584 2981 3747 3037 Deum

485 3082 628 3131 tore.
663 3073 772 3139 Qui
801 3089 861 3128 se
891 3071 1176 3127 existimat
1211 3068 1425 3141 aliquid
1462 3086 1601 3137 esse,
1635 3085 1764 3123 cum
1801 3068 1944 3122 nihil
1986 3069 2076 3135 sit,
2098 3117 2146 3143 Γ,
2165 3087 2390 3139 meum;
2424 3076 2482 3126 et
2509 3071 2751 3126 adorans
2766 3071 3114 3143 illum,jacto
3135 3089 3226 3127 me
3246 3072 3304 3127 in
3323 3072 3523 3126 faciem
3553 3086 3745 3135 meam,

2098 3117 2147 3179 C

484 3165 605 3237 ipse
634 3181 693 3219 se
713 3162 933 3218 seducit
955 3161 1268 3230 (Galat.v1).
1293 3160 1420 3214 Non
1449 3158 1721 3228 dijudices
1739 3157 2080 3229 proximum,
2100 3157 2147 3179 υ
2165 3161 2480 3215 conﬁtendo
2510 3161 2703 3232 culpas
2728 3177 2917 3229 meas;
2972 3165 3028 3216 et
3070 3161 3152 3216 sic
3194 3159 3556 3229 descendens,
3590 3159 3747 3214 adoro

484 3268 668 3324 neque
682 3250 954 3323 despicias
969 3249 1154 3303 aliena
1173 3247 1746 3318 delinquentium,sed
1762 3252 1861 3303 tua
1879 3247 2084 3319 plange

484 3340 872 3415 peccata,etde
891 3338 1100 3393 nullius
1127 3336 1372 3392 hominis
1391 3341 1520 3391 actu
1548 3336 1820 3391 sollicitus
1838 3335 1931 3390 sis.
1949 3337 2081 3391 Esto

482 3435 813 3487 mansuetus
840 3428 1062 3501 spiritu,
1095 3432 1152 3482 et
1175 3443 1289 3481 non
1311 3425 1631 3481 iracundus.
1648 3425 1801 3481 Nihil
1830 3425 1889 3479 in
1914 3426 2081 3481 corde

484 3527 605 3587 tuo,
643 3535 828 3591 neque
857 3517 1067 3582 odium,
1102 3532 1285 3587 neque
1322 3520 1518 3570 contra
1549 3515 1841 3570 inimicum
1870 3515 2083 3586 aliquid

483 3611 605 3667 sine
629 3624 800 3665 causa
826 3606 1034 3661 habeas
1058 3624 1071 3673 ξ
1103 3621 1288 3676 neque
1311 3604 1584 3676 despicias
1604 3620 1734 3659 eum
1763 3605 1822 3659 in
1856 3604 2086 3660 tribula-

483 3700 637 3756 tione
675 3699 818 3770 ejus,
853 3712 1037 3768 neque
1067 3694 1271 3749 reddas
1298 3694 1513 3748 malum
1532 3710 1635 3766 pro
1652 3694 1819 3760 malo,
1839 3694 1939 3749 sed
1965 3700 2083 3749 esto

483 3790 747 3862 paciﬁcus
767 3803 896 3841 cum
916 3784 1205 3840 omnibus:
1229 3784 1337 3838 hoc
1375 3788 1462 3838 est
1495 3783 1775 3838 vinculum
1796 3783 2086 3856 perfectio-

483 3879 592 3934 nis.
623 3879 749 3933 Non
779 3882 837 3932 te
865 3876 1062 3930 credas
1088 3872 1301 3928 malum
1340 3872 1587 3940 facienti,
1627 3889 1811 3946 neque
1834 3890 2085 3945 congau-

483 3968 619 4024 deas
643 3966 695 4022 ei
723 3966 819 4038 qui
842 3964 975 4020 fecit
1001 3963 1254 4035 proximo
1281 3978 1385 4017 suo
1410 3962 1643 4018 malum.
1672 3963 1799 4018 Non
1820 3962 2086 4018 detrahas

486 4057 615 4113 aliis
644 4056 780 4128 quia
804 4055 956 4110 Deus
979 4052 1151 4124 judex
1193 4056 1250 4107 et
1282 4052 1444 4106 testis
1488 4057 1574 4106 est
1600 4051 1661 4106 in
1689 4052 1968 4107 omnibus.
2000 4053 2086 4107 Ne

489 4145 676 4201 oderis
699 4144 947 4215 aliquem
963 4147 1195 4212 propter
1210 4146 1499 4212 peccatum
1514 4142 1563 4211 ej
1571 4141 1796 4211 us,quia
1813 4142 2086 4213 scriptum

484 4241 573 4291 est
604 4254 615 4289 :
649 4232 835 4289 Nolite
858 4231 1134 4303 judicare,
1158 4234 1224 4284 ut
1242 4245 1354 4285 non
1371 4230 1702 4301 judicemini
1727 4232 1940 4301 (Matth.
1962 4230 2085 4304 vn).

2165 3250 2395 3321 angelos
2418 3250 2540 3315 Dei,
2563 3266 2772 3320 rogans
2799 3250 2924 3305 illos
2942 3250 3257 3322 supplicare
3288 3252 3401 3306 Deo
3430 3266 3534 3321 pro
3563 3266 3671 3313 me,
3699 3252 3748 3301 et

2164 3356 2389 3394 omnem
2404 3340 2821 3395 creaturam.Et
2837 3356 2971 3395 cum
2987 3341 3098 3395 ista
3108 3340 3502 3411 adimplevero,
3528 3338 3666 3393 vado
3684 3336 3745 3390 ad

2164 3428 2429 3501 abyssum
2455 3449 2468 3497 ;
2500 3434 2561 3484 et
2584 3429 2719 3500 quid
2739 3428 2918 3485 Judei
2943 3429 3171 3497 faciunt,
3226 3427 3594 3500 Jerosolymis
3621 3441 3747 3482 eun-

2165 3523 2268 3584 tes,
2303 3519 2659 3574 concidentes
2687 3536 2766 3585 se,
2796 3524 2854 3574 et
2888 3519 3263 3591 lacrymantes
3284 3534 3349 3573 ac
3375 3518 3635 3589 lugentes
3661 3530 3745 3569 ca-

2167 3624 2292 3662 sum
2321 3612 2549 3679 patrum
2578 3624 2831 3676 suorum,
2872 3609 2978 3663 hoc
3019 3625 3122 3679 ego
3158 3607 3432 3662 circuiens
3469 3611 3533 3661 et
3566 3620 3747 3678 exspe-

2167 3701 2346 3761 ctans,
2379 3697 2607 3769 propria
2658 3696 2915 3752 membra
2956 3696 3254 3753 tormentis
3292 3694 3487 3761 subdo,
3536 3700 3596 3750 et
3632 3707 3747 3749 cum

2167 3786 2520 3858 plorantibus
2548 3787 2727 3858 ploro.

2240 3877 2295 3930 4.
2331 3876 2577 3941 Quartus
2605 3876 2725 3932 ait:
2758 3877 2874 3948 Ego
2898 3876 2979 3933 sic
3014 3892 3159 3943 sum,
3189 3892 3254 3931 ac
3272 3875 3319 3930 si
3337 3874 3395 3930 in
3418 3877 3613 3930 monte
3652 3871 3752 3929 Oli-

2167 3980 2363 4020 varum
2388 3965 2587 4020 sedens
2617 3982 2745 4021 cum
2774 3966 3014 4022 Domino
3038 3971 3096 4021 et
3114 3965 3400 4037 discipulis
3411 3963 3747 4033 685ejus.

2168 4055 2239 4109 Et
2261 4054 2373 4108 dixi
2398 4054 2538 4109 mihi
2568 4073 2580 4109 :
2614 4056 2845 4110 Nullum
2876 4071 3146 4126 agnoscas
3174 4054 3476 4110 secundum
3510 4066 3749 4113 carnem.

2173 4144 2271 4199 sed
2297 4160 2426 4198 cum
2472 4144 2562 4199 his
2607 4150 2727 4199 esto
2774 4161 2998 4217 semper
3048 4144 3287 4200 caelestis
3325 4138 3750 4199 conversationis

2171 4234 2440 4302 imitator,
2468 4234 2614 4288 sicut
2636 4233 2785 4289 bona
2801 4235 2982 4289 Maria
3009 4233 3341 4305 Magdalena
3356 4232 3426 4287 ad
3442 4231 3617 4303 pedes
3628 4231 3749 4285 Jesu

484 4326 633 4381 Dum
662 4322 839 4378 alium
877 4320 1092 4391 arguis,
1124 4319 1249 4373 vide
1271 4334 1342 4373 ne
1371 4320 1567 4390 pejora
1594 4320 1931 4375 committas.
1962 4322 2089 4376 Non
2171 4324 2391 4390 sedens,
2423 4329 2481 4378 et
2506 4324 2673 4379 verba
2699 4325 2822 4395 ejus
2853 4324 3107 4379 audiens.
3132 4322 3465 4378 Efﬁciamini
3493 4319 3676 4376 sancti
3700 4321 3749 4371 et

490 4412 767 4485 despicias
794 4414 1138 4483 peccantem,
1172 4408 1271 4463 sed
1299 4424 1399 4463 ora
1427 4426 1527 4480 pro
1563 4409 1678 4476 illo,
1717 4415 1783 4464 ut
1816 4411 1964 4465 Deus
2007 4411 2135 4486 illi_
2171 4413 2401 4484 perfecti
2423 4413 2570 4467 sicut
2591 4418 2649 4468 et
2666 4413 2836 4468 Pater
2856 4419 3040 4468 vester
3067 4413 3162 4486 qui
3183 4413 3242 4467 in
3269 4411 3419 4467 caelis
3436 4416 3524 4465 est
3547 4408 3748 4478 (Matth.

484 4484 1030 4559 deticonversionem
1059 4498 1130 4553 ad
1152 4497 1573 4570 paenitentiam;
1606 4504 1665 4553 et
1684 4499 1732 4553 si
1761 4484 2245 4572 audierisdeDv).
2278 4503 2366 4570 Et,
2416 4502 2624 4558 Discite
2653 4519 2689 4557 a
2717 4519 2827 4571 me,
2875 4502 3008 4574 quia
3054 4484 3208 4557 mitis
3244 4518 3370 4557 sum
3426 4503 3483 4555 et
3534 4496 3752 4555 humilis

485 4594 674 4665 aliquo
694 4590 843 4663 quod
864 4594 997 4661 agat
1028 4588 1247 4658 iniqua,
1272 4587 1549 4660 responde
1565 4588 1755 4643 dicens
1779 4607 1791 4642 :
1816 4587 2090 4659 Nunquid
2170 4591 2337 4646 corde
2370 4592 2581 4661 (Matth.
2612 4595 2710 4661 xl).

488 4698 591 4754 ego
618 4682 822 4736 horum
845 4695 969 4733 sum
992 4677 1199 4749 judex?
1218 4678 1384 4731 homo
1403 4694 1527 4732 sum
1547 4683 2090 4750 peccator,mortuus

2246 4682 2297 4735 5.
2331 4681 2574 4745 Quintus
2594 4681 2712 4735 ait:
2737 4681 2852 4751 Ego
2881 4680 3110 4751 angelos
3139 4680 3365 4753 aspicio,
3399 4676 3750 4733 ascendentes

484 4788 610 4828 sum
629 4769 867 4843 peccatis
892 4767 1052 4823 meis.
1078 4768 1332 4822 Mortuus
1352 4768 1503 4822 enim
1528 4784 1755 4822 causam
1778 4784 1893 4822 non
1920 4767 2091 4824 habet
2173 4775 2231 4824 et
2252 4770 2655 4825 descendentes
2685 4769 2756 4824 ad
2795 4770 3142 4825 vocationem
3168 4770 3504 4835 animarum,
3539 4772 3599 4822 et
3624 4781 3751 4821 sem-

484 4876 683 4916 curare
701 4874 804 4930 pro
826 4857 1034 4928 aliquo.
1063 4856 1170 4919 Qui
1198 4856 1318 4911 haec
1345 4857 1537 4911 omnia
1557 4862 1823 4928 procurat
1852 4863 1910 4911 et
1938 4857 2087 4928 cogi-

482 4955 588 5017 tat,
621 4947 912 5020 operarius
942 4950 1029 5000 est
1056 4945 1238 5000 omnis
1284 4946 1538 5017 justitiaa,
1579 4947 1715 5001 dum
1753 4946 1823 5000 de
1863 4948 2086 5001 Christo

484 5039 841 5110 redemptore
862 5040 1055 5090 nostro
1072 5035 1347 5107 propheta
1375 5035 1689 5103 denuntiet,
1717 5036 1939 5107 dicens:
1972 5037 2086 5108 Ego

483 5135 676 5199 autem
704 5143 829 5182 sum
858 5125 1080 5193 vermis,
1105 5131 1162 5178 et
1187 5142 1300 5179 non
1320 5126 1490 5180 homo
1524 5128 1684 5195 (Psal.
1710 5126 1920 5197 xxx).Et
1941 5125 2086 5180 alius

481 5219 760 5295 propheta
787 5215 1050 5271 Habacuc
1077 5214 1214 5269 dicit
1240 5233 1253 5270 :
1276 5214 1444 5286 Lapis
1461 5214 1531 5270 de
1559 5216 1774 5287 pariete
1800 5215 2082 5282 clamavit,

482 5316 540 5366 et
567 5305 868 5365 scarabeus
894 5305 964 5359 de
985 5304 1137 5374 ligno
1162 5303 1415 5375 loquitur
1437 5305 1655 5375 (Habac.
1687 5306 1751 5372 II)
1778 5323 1791 5361 :
1824 5321 1927 5358 nos
1955 5321 2086 5359 vero

482 5399 618 5454 dum
644 5397 705 5451 in
733 5394 926 5450 multis
953 5393 1298 5459 extollimur,
1328 5392 1388 5447 in
1415 5393 1610 5448 multis
1627 5394 2083 5465 supplantamur.

484 5487 592 5552 Qui
618 5500 750 5540 vero
777 5484 896 5537 haec
938 5482 1199 5549 custodit,
1229 5482 1366 5537 vivit
1407 5482 1512 5538 sub
1555 5482 1743 5554 gratia
1784 5488 1843 5538 et
1876 5484 2081 5539 virtute

482 5573 710 5632 Domini
738 5572 915 5627 nostri
937 5573 967 5627 J
971 5587 1070 5626 esu
1093 5572 1325 5627 Christi.

2168 4875 2269 4931 per
2317 4860 2487 4913 ﬁnem
2523 4875 2712 4913 meum
2751 4859 3030 4931 opperior,
3081 4860 3271 4914 dicens
3303 4877 3314 4911 :
3353 4858 3624 4913 Paratum
3667 4868 3752 4910 cor

2168 4965 2359 5004 meum
2378 4950 2544 5014 Deus,
2579 4953 2841 5020 paratum
2869 4965 2965 5003 cor
2993 4965 3181 5003 meum
3212 4951 3379 5018 (Psal.
3402 4958 3547 5013 cvn).

2241 5038 2295 5093 6.
2326 5038 2477 5092 Dixit
2490 5044 2679 5093 sextus
2697 5054 2710 5094 :
2736 5039 2851 5108 Ego
2867 5054 2969 5110 per
2987 5038 3107 5093 dies
3138 5037 3386 5108 singulos
3400 5036 3572 5091 statui
3596 5032 3749 5088 verba

2170 5144 2297 5182 mea
2324 5127 2508 5182 audiri
2528 5144 2562 5181 a
2588 5127 2848 5195 Domino,
2883 5132 3086 5198 putans
3134 5126 3273 5181 mihi
3299 5126 3409 5181 dici
3442 5144 3455 5179 :
3487 5124 3750 5179 Laborate

2167 5222 2400 5289 propter
2427 5233 2536 5283 me,
2563 5222 2619 5271 et
2635 5233 2738 5287 ego
2769 5217 3055 5288 quiescere
3076 5216 3276 5271 faciam
3290 5232 3406 5270 vos.
3428 5214 3626 5269 Adhuc
3644 5226 3749 5265 mo-

2168 5306 2358 5361 dicum
2384 5306 2689 5371 decertate,
2713 5311 2771 5360 et
2793 5305 3053 5361 videbitis
3075 5306 3320 5361 salutare
3344 5320 3531 5359 meum
3564 5308 3621 5357 et
3646 5300 3750 5371 glo-

2168 5397 2313 5451 riam
2337 5412 2542 5450 meam.
2580 5395 2638 5450 Si
2667 5395 2903 5466 diligitis
2944 5411 3054 5463 me,
3097 5395 3144 5450 si
3190 5394 3290 5449 ﬁlii
3333 5392 3443 5448 mei
3481 5392 3637 5458 estis,
3685 5385 3747 5442 ad

2163 5486 2392 5540 Patrem
2432 5489 2696 5556 rogantes
2742 5484 3109 5540 revertimini.
3136 5485 3199 5539 Si
3240 5483 3440 5538 fratres
3464 5482 3577 5537 mei
3603 5477 3742 5542 estis,

2164 5573 2477 5629 erubescite
2496 5590 2599 5647 pro
2623 5574 3213 5645 me,quemadmodum
3230 5577 3459 5646 propter
3468 5587 3563 5626 vos
3582 5568 3745 5625 multa

558 5697 579 5739 ί
618 5695 789 5768 Ruit,
816 5693 917 5753 lib.
947 5707 1032 5766 ιιι,
1067 5711 1125 5756 n.
1156 5694 1299 5768 206;
1327 5696 1543 5771 Pelag,
1574 5696 1744 5754 libell.
1774 5713 1830 5770 x,
1863 5714 1921 5755 n.
1956 5698 2045 5771 63,
2077 5699 2304 5757 nomine
2336 5700 2585 5774 Moysis;
2616 5699 2873 5772 Append.
2906 5700 3093 5771 Mart,
3122 5714 3278 5756 num.
3312 5695 3433 5756 108.
