3910 6374
159 367 295 429 1061

1151 364 1387 422 VERBA
1424 359 1822 420 SENIORUM.
1855 344 2192 415 NOTATIO.

3302 354 3442 429 10°?

156 509 460 568 perpessus
489 492 711 549 sum.Si
742 507 870 547 oves
898 507 1036 547 meae
1061 490 1216 560 estis,
1247 491 1601 546 Dominicam
1635 505 1756 562 pas-

1915 502 2004 560 12.
2036 498 2412 557 Duodecimus
2458 497 2579 552 ait:
2631 496 2745 551 Vos
2786 495 3034 568 quidem,
3072 496 3290 566 Patres,
3334 516 3442 555 coe-

155 585 375 640 sionem
403 583 725 655 sequimini.

229 672 283 729 7.
320 674 605 745 Septimus
636 672 717 727 ait
738 691 750 725 ί
770 673 884 743 Ego
914 671 1021 726 ista
1037 671 1260 726 assidue
1281 670 1541 737 meditor,
1565 674 1622 724 et
1636 668 1757 724 sine

148 763 574 819 intermissione
601 762 888 833 colloquor
916 761 1074 827 mihi,
1096 761 1282 827 fidem,
1304 776 1462 832 spem
1491 764 1548 814 et
1573 758 1757 812 chari-

151 858 363 921 tatem;
397 858 462 907 ut
489 869 586 923 spe
617 851 843 923 quidem
867 850 1165 922 gaudeam,
1193 849 1492 903 dilectione
1519 864 1648 902 vero
1664 864 1763 901 ne-

158 942 375 997 minem
406 940 709 1012 aliquando
737 939 1085 1007 contristem,
1118 944 1175 994 et
1202 938 1311 993 ﬁde
1341 938 1714 992 corroborem.

231 1029 286 1087 8.
311 1031 552 1088 Octavus
575 1032 657 1085 ait
678 1050 693 1085 :
716 1030 834 1099 Ego
862 1030 1139 1083 volentem
1161 1028 1446 1082 diabolum
1474 1030 1752 1099 exspecto,

157 1125 507 1193 querentem
532 1136 698 1191 quem
729 1119 974 1173 devoret.
1008 1118 1079 1172 Et
1113 1117 1430 1188 ubicunque
1471 1116 1616 1181 ierit,
1659 1132 1757 1170 ex-

152 1216 348 1282 specto
379 1210 538 1264 illum
568 1208 930 1263 interioribus
957 1208 1132 1261 oculis
1173 1207 1332 1271 meis,
1366 1212 1422 1260 et
1450 1205 1755 1260 Dominum

154 1300 341 1354 Deum
370 1299 635 1353 adversus
664 1297 824 1352 illum
847 1297 1160 1369 interpello.
1178 1301 1242 1350 ut
1271 1296 1390 1350 sine
1419 1295 1617 1349 effectu
1639 1310 1757 1348 ma-

152 1393 311 1453 neat,
342 1392 401 1443 et
436 1387 496 1441 in
525 1387 680 1441 nullo
711 1386 1028 1458 przevaleat,
1061 1383 1305 1439 maxime
1342 1384 1402 1438 in
1426 1381 1755 1439 timentibus

153 1478 355 1533 Deum.

228 1564 284 1623 9.
312 1567 508 1621 Nonus
535 1565 651 1621 ait:
687 1565 802 1635 Ego
829 1563 1076 1636 quotidie
1103 1562 1391 1618 ecclesiam
1414 1562 1761 1618 intellectua-

151 1654 297 1711 lium
321 1654 596 1710 virtutum
625 1658 902 1726 exspecto,
933 1652 1235 1708 Dominum
1264 1652 1457 1723 gloriae
1486 1652 1546 1707 in
1570 1651 1756 1705 medio

153 1761 356 1799 earum
415 1744 572 1799 video
622 1759 790 1816 super
838 1759 1034 1798 omnes
1078 1742 1485 1814 splendentem.
1519 1740 1756 1805 Quando

1839 592 2041 646 lestem
2082 590 2353 645 habentes
2397 586 2893 653 conversationem,
2922 587 3208 643 caelestem
3252 593 3311 643 et
3346 605 3440 644 sa-

1838 680 2109 753 pientiam
2130 678 2444 751 possidetis.
2479 676 2633 732 Nihil
2662 675 2889 730 mirum.
2916 677 3173 731 Elevatos
3189 694 3283 733 vos
3313 695 3445 749 ope-

1840 770 1996 824 ribus
2028 769 2206 835 video,
2241 774 2297 822 et
2338 767 2630 839 superiora
2664 771 2960 819 sectantes.
3015 766 3162 829 Quid
3200 767 3388 822 dicam
3411 766 3440 821 ?

1839 859 2060 913 Virtute
2085 858 2236 913 enim
2264 856 2435 911 etiam
2463 854 2789 926 transpositi
2811 854 2945 908 estis
2967 858 3443 921 terram,vosmet-

1836 947 1988 1019 ipsos
2017 964 2083 1001 ex
2110 952 2229 1001 toto
2258 946 2569 1001 alienantes
2596 943 2667 998 ab
2716 959 2801 997 ea.
2857 942 3003 1007 Quid
3055 944 3282 998 dicam?
3326 944 3440 1000 Vos

1838 1041 2093 1091 terrenos
2139 1036 2368 1106 angelos
2405 1039 2461 1089 et
2503 1034 2755 1088 caelestes
2793 1032 3051 1088 homines
3081 1033 3291 1101 dicens,
3323 1049 3439 1089 non

1838 1126 2201 1198 peccaverim.
2228 1126 2345 1195 Ego
2370 1141 2500 1178 vero
2528 1140 2617 1177 me
2636 1123 2729 1177 his
2754 1121 3045 1192 indignum
3069 1122 3440 1193 judicans,vi-

1836 1215 1942 1269 deo
1975 1215 2124 1286 quod
2152 1219 2382 1286 peccata
2410 1229 2553 1277 mea,
2597 1211 2916 1281 ubicunque
2937 1210 3074 1278 iero,
3108 1211 3434 1283 praecedunt

1837 1321 1928 1359 me
1947 1320 2170 1375 semper
2181 1304 2252 1358 ad
2273 1303 2560 1357 dexteram
2583 1305 2640 1355 et
2653 1300 2723 1354 ad
2740 1299 3027 1354 sinistram
3057 1318 3068 1352 :
3091 1300 3149 1355 in
3160 1301 3441 1357 infernum

1840 1410 1970 1449 vero
2022 1391 2339 1464 adjudicavi
2378 1390 2679 1462 meipsum,
2723 1388 2952 1443 dicens:
3013 1389 3147 1443 Esto
3175 1406 3303 1444 cum
3348 1390 3439 1445 his

1842 1482 2044 1554 quibus
2063 1482 2266 1552 dignus
2286 1480 2494 1549 es,istis
2510 1484 2638 1551 post
2655 1478 2937 1533 modicum
2956 1478 3440 1534 annumeraberis.

1839 1572 2013 1626 Video
2043 1571 2219 1642 igitur
2241 1570 2318 1624 ibi
2346 1587 2510 1642 pares
2530 1567 2776 1639 gemitus
2796 1571 2853 1621 et
2883 1566 3242 1622 incessabiles
3269 1568 3446 1642 lacry-

1840 1678 1979 1728 mas,
2011 1677 2135 1732 quae
2163 1676 2198 1714 a
2225 1660 2379 1714 nullo
2402 1657 2598 1712 referri
2640 1661 2872 1728 queunt.
2915 1656 3139 1727 Aspicio
3169 1657 3442 1728 quosdam

1840 1750 2145 1806 stridentes
2164 1748 2445 1815 dentibus,
2478 1754 2533 1803 et
2558 1746 2824 1802 salientes
2843 1749 2963 1800 toto
2992 1761 3244 1817 corpore,
3259 1752 3317 1802 et
3331 1752 3451 1802 tre-.

150 1838 347 1889 autem
384 1832 679 1889 abscedam
724 1832 794 1886 ab
835 1849 920 1898 eo.
945 1832 1184 1887 ascendo
1214 1832 1274 1886 in
1303 1832 1524 1897 οοθιιιῐῐι,
1558 1846 1754 1902 exspe-
1776 1843 1823 1904 Β
1842 1839 2305 1910 mentesacapite
2321 1854 2499 1909 usque
2527 1837 2600 1891 ad
2627 1835 2816 1907 pedes.
2840 1832 3152 1905 Etjactans
3171 1851 3443 1908 mesuper

149 1928 316 1978 ctans
372 1922 733 1977 admirandas
787 1920 1233 1993 pulchritudines
1290 1921 1640 1991 angelorum,
1700 1924 1758 1974 et

152 2029 301 2085 quos
332 2012 601 2068 emittunt
625 2012 865 2083 hymnos
890 2010 1298 2065 incessabiliter
1316 2011 1452 2079 Deo,
1482 2014 1540 2064 et
1564 2009 1756 2064 dulces

154 2119 361 2158 eorum
401 2102 740 2162 cantilenas;
784 2100 1120 2171 diﬂ'erorque
1164 2100 1317 2154 sonis
1346 2116 1411 2155 ac
1439 2098 1664 2154 vocibus
1698 2103 1756 2153 et

154 2191 458 2257 suavitate,
504 2197 570 2246 ut
607 2190 779 2245 libeat
822 2191 1107 2246 reminisci
1149 2191 1297 2261 quod
1326 2190 1597 2260 scriptum
1628 2193 1752 2243 est:

155 2280 301 2336 Caeli
331 2284 600 2336 enarrant
625 2280 865 2351 gloriam
901 2281 1023 2347 Dei,
1055 2285 1112 2334 et
1138 2296 1309 2351 opera
1337 2295 1607 2333 manuum
1637 2279 1759 2348 ejus

152 2370 507 2426 annuntiant
536 2369 957 2425 ﬁrmamentum
988 2372 1152 2436 (Psal.
1173 2371 1323 2437 xvm)
1339 2368 1426 2422 .Et
1438 2367 1624 2422 omnia
1638 2383 1759 2438 quae

153 2476 333 2532 super
353 2465 563 2514 terram
583 2464 735 2525 sunt,
761 2459 908 2514 sicut
927 2459 1173 2513 cinerem
1190 2463 1246 2513 et
1264 2463 1513 2512 stercora
1539 2456 1757 2528 opinor.

235 2547 325 2605 10.
348 2548 612 2604 Decimus
624 2548 737 2604 ait:
772 2549 887 2620 Ego
911 2548 1174 2619 angelum
1194 2564 1384 2602 meum
1403 2547 1762 2601 assistentem

161 2638 313 2693 mihi
334 2639 497 2709 juxta
513 2655 604 2692 me
642 2643 941 2709 exspecto:
976 2643 1033 2691 et
1061 2637 1312 2692 custodio
1342 2636 1756 2707 memetipsum,

1836 1932 2068 1996 terram,
2119 1933 2176 1982 et
2214 1927 2558 1999 amplectens
2619 1925 2885 1990 cinerem,
2913 1924 3184 1995 deprecor
3235 1924 3439 1992 Deum,

1838 2034 2129 2089 nunquam
2149 2034 2381 2072 casuum
2402 2032 2491 2070 me
2519 2015 2743 2070 illorum
2766 2012 3149 2085 experimenta
3161 2013 3434 2085 accipere.

1841 2107 2021 2161 Video
2051 2112 2110 2161 et
2142 2122 2301 2161 mare
2328 2105 2474 2176 ignis
2504 2103 2791 2159 bullientis
2815 2101 3208 2169 immensibile,
3242 2108 3300 2157 et
3327 2103 3440 2157 cir-

1840 2196 2171 2251 cumﬂentes
2198 2200 2256 2250 et
2287 2195 2625 2265 mugientes,
2641 2199 2707 2247 ut
2735 2196 2936 2264 putent
2961 2190 3136 2263 aliqui
3163 2207 3341 2263 usque
3369 2192 3443 2247 ad

1841 2284 2008 2338 caelos
2035 2283 2311 2354 attingere
2339 2283 2542 2337 ﬂuctus
2558 2280 2785 2352 ignis,et
2796 2280 2856 2334 in
2869 2279 3163 2334 tremendo
3178 2279 3275 2334 illo
3295 2279 3441 2335 mari

1840 2370 2279 2427 innumerabiles
2315 2370 2571 2425 homines
2607 2369 2853 2439 dejectos
2881 2367 2951 2422 ab
2997 2366 3312 2438 agrestibus
3340 2384 3352 2420 :
3386 2371 3446 2422 et

1842 2477 1957 2516 una
1976 2478 2106 2516 voce
2127 2477 2322 2515 omnes
2349 2460 2474 2514 illos
2503 2459 2811 2513 clamantes
2851 2462 2910 2511 et
2936 2457 3219 2511 ululantes
3250 2455 3437 2524 simul,

1845 2551 2039 2622 quales
2057 2566 2222 2605 nemo
2243 2566 2413 2621 super
2431 2554 2642 2603 terram
2662 2547 2912 2603 ululatus
2927 2551 2985 2601 et
2998 2562 3161 2600 voces
3187 2562 3442 2617 unquam

1844 2639 2120 2706 audierat,
2176 2644 2233 2694 et
2274 2639 2420 2693 sicut
2447 2637 2667 2693 arentia
2700 2636 2882 2691 omnis
2910 2635 3140 2706 virgulti
3165 2650 3437 2702 cremare,

154 2727 317 2800 quod
345 2728 613 2799 scriptum
646 2733 733 2782 est
753 2726 1146 2782 reminiscens:
1180 2726 1548 2782 Providebam
1577 2725 1761 2781 Domi—
1845 2728 2233 2783 misericordia
2252 2734 2443 2783 autem
2461 2727 2565 2783 Dei
2595 2729 2882 2780 avertente
2901 2741 2960 2780 se
2984 2723 3054 2778 ab
3077 2723 3189 2778 illis
3212 2728 3444 2796 propter

150 2834 299 2873 num
329 2817 389 2872 in
421 2823 719 2889 conspectu
748 2833 873 2871 meo
902 2833 1142 2888 semper,
1174 2816 1441 2887 quoniam
1471 2833 1507 2870 a
1550 2814 1760 2869 dextris
1792 2844 1801 2850 -
1841 2818 2150 2889 injustitias
2179 2834 2395 2876 eorum.
2410 2818 2479 2872 Et
2501 2821 2638 2871 tunc
2650 2816 2900 2869 lamento
2916 2830 3097 2885 genus
3125 2813 3439 2882 hominum,

150 2912 249 2961 est
305 2905 464 2973 mihi,
509 2922 582 2960 ne
631 2921 987 2960 commovear
1016 2906 1177 2975 (Psal.
1208 2909 1317 2974 xv).
1351 2904 1544 2959 Timeo
1583 2903 1759 2975 igitur
1841 2908 1989 2980 quod
2008 2907 2379 2978 audeatloqui
2398 2907 2484 2961 vel
2504 2904 3059 2971 cuilibetattendere,
3072 2902 3248 2958 tantis
3268 2918 3442 2958 mun-

150 3012 316 3062 eum,
346 2999 413 3051 ut
429 2994 840 3050 custodientem
860 2995 977 3049 vias
1006 3010 1179 3061 meas,
1205 2998 1263 3048 et
1291 2993 1539 3065 quotidie
1566 3011 1757 3049 ascen—
1838 2998 1910 3051 do
1939 2997 2199 3069 repositis
2228 2996 2412 3051 malis.
2447 2996 2516 3050 Et
2545 2994 2606 3050 in
2633 2994 2722 3049 his
2750 2998 2916 3048 teneo
2946 2996 3196 3047 mentem
3229 3008 3435 3060 meam,

149 3086 390 3142 dentem
432 3085 503 3140 ad
545 3086 748 3153 Deum,
794 3088 852 3139 et
886 3084 1270 3140 insinuantem
1317 3089 1475 3139 actus
1516 3100 1672 3139 meos
1699 3088 1757 3138 et
1836 3085 2050 3141 luctum
2083 3087 2385 3154 meditans,
2422 3085 2571 3157 quod
2592 3084 2674 3139 ait
2699 3082 2991 3149 Dominus,
3014 3081 3311 3151 indignum
3342 3097 3434 3137 me

142 3174 343 3231 verba.
1768 3161 1812 3222 (ἶ
1833 3177 1971 3231 οωΙο
2001 3182 2060 3231 et
2082 3182 2236 3231 terra
2258 3176 2540 3247 judicans,
2567 3178 2949 3245 reputansque
2981 3170 3128 3242 quod
3158 3169 3434 3242 scriptum

223 3263 291 3322 ‘ll
312 3263 674 3323 .Undecimus
695 3263 777 3319 ait
808 3281 820 3317 :
853 3264 968 3334 Ego
998 3278 1294 3335 personam
1316 3262 1611 3334 imponens
1638 3261 1753 3316 vir-
1835 3270 1921 3321 est
1953 3285 1965 3320 :
2006 3266 2188 3321 Factae
2217 3270 2351 3320 sunt
2377 3264 2517 3319 mihi
2562 3264 2824 3335 lacrymae
2861 3276 3001 3317 meae
3036 3275 3211 3332 panes
3250 3260 3342 3315 die
3371 3276 3437 3316 ac

142 3353 394 3421 tutibus,
425 3354 596 3408 veluti
618 3353 666 3408 si
698 3351 1071 3419 abstinentiae,
1101 3351 1365 3419 castitati,
1391 3350 1749 3421 benignitati,
1834 3360 1997 3410 nocte
2027 3354 2194 3416 (Psal.
2224 3360 2355 3424 xm).

146 3442 466 3511 dilectioni,
509 3443 570 3500 in
612 3442 889 3514 meipsum
921 3442 1052 3496 steti
1076 3461 1093 3506 ;
1136 3446 1194 3496 et
1234 3441 1592 3495 circumdans
1617 3440 1754 3494 mihi
1906 3442 2038 3500 Haec
2064 3443 2403 3516 sapientium
2421 3447 2479 3497 et
2496 3439 2875 3514 spiritualium
2896 3454 3167 3511 responsa
3183 3438 3437 3494 Patrum.

145 3534 306 3599 illas,
358 3539 417 3587 et
468 3530 787 3604 ubicunque
826 3531 966 3594 iero,
995 3530 1119 3585 dico
1146 3530 1285 3584 mihi
1313 3530 1421 3602 ipsi
1456 3548 1467 3583 :
1496 3529 1594 3584 ubi
1624 3534 1757 3586 sunt
1836 3534 1906 3588 Et
1932 3533 2119 3588 veniat
2148 3539 2205 3588 et
2233 3534 2291 3588 in
2311 3549 2414 3587 nos
2443 3532 2616 3603 digna
2643 3528 2933 3596 memoria,
2963 3535 3030 3585 ut
3050 3528 3440 3607 narrationem

146 3638 432 3694 sequaces
457 3621 616 3677 tuae?
643 3622 726 3676 Ne
754 3619 1127 3693 pusillanimis
1155 3619 1253 3686 sis,
1275 3635 1347 3674 ne
1376 3619 1624 3687 deficias,
1655 3620 1758 3673 ha-
1840 3623 2277 3678 conversationis
2315 3637 2484 3694 Opere
2512 3620 2808 3676 ostendere
2848 3620 3147 3691 possimus,
3204 3623 3272 3673 ut
3309 3616 3441 3672 facti

144 3713 298 3768 bens
314 3712 550 3782 juxtate
578 3726 646 3765 ea
671 3725 911 3781 semper.
931 3708 1290 3780 Quaecunque
1319 3708 1515 3775 libent,
1533 3709 1759 3780 loquere
1840 3711 2318 3784 invituperabiles,
2363 3717 2420 3766 et
2468 3708 2718 3783 perfecti,
2768 3713 2827 3763 et
2888 3706 3434 3780 irreprehensibilcs,

146 3801 229 3856 de
258 3799 483 3864 virtute,
507 3804 573 3854 ut
591 3803 718 3871 post
735 3802 977 3853 mortem
999 3798 1371 3854 testificentur
1391 3798 1461 3854 de
1487 3804 1544 3853 te
1567 3815 1755 3854 coram
1841 3802 2162 3874 placeamus
2182 3800 2457 3857 Salvatori
2483 3803 2695 3855 nostro.
2731 3797 2836 3854 Cui
2855 3802 2943 3854 est
2973 3799 3152 3854 honor
3171 3802 3230 3852 et
3256 3795 3441 3867 gloria

144 3891 298 3957 Deo,
331 3889 464 3961 quia
488 3888 824 3944 invenerunt
849 3887 1103 3959 requiem
1123 3887 1183 3941 in
1212 3892 1288 3942 te.
1837 3890 1898 3946 in
1922 3892 2125 3947 saecula
2155 3891 2506 3946 saeculorum.
2533 3890 2733 3944 Amen.

1399 4002 1783 4062 ROSWEYDI
1821 4007 2159 4063 NOTATIO.

233 4106 434 4169 686
458 4101 645 4158 Pauca
670 4101 776 4156 hoc
802 4101 946 4156 libro
965 4100 1213 4157 notanda
1236 4106 1370 4156 sunt
1403 4119 1532 4157 cum
1561 4119 1628 4157 ex
1656 4119 1760 4158 an-
1842 4106 2104 4159 dominus
2120 4103 2453 4159 helluo.Non
2467 4101 2894 4174 potius.domini
2904 4099 3159 4168 helluo,si
3173 4100 3223 4155 is
3238 4113 3442 4174 sensus

151 4174 387 4257 tedictis
418 4175 513 4257 lui:
534 4173 819 4257 aﬂqlgeat.
870 4244 881 4255 .
1109 4243 1144 4257 υ
1506 4243 1568 4257 m
1594 4245 1607 4257 _
1668 4244 1683 4257 θ
1746 4251 1753 4257 _
1843 4176 2044 4257 placet;
2066 4176 2215 4257 quod
2233 4171 3442 4257 Hervetddomz’numspoliasti?Paschasius

234 4247 325 4318 (1)
352 4242 650 4318 habetcum]
678 4242 973 4318 Pelagius,
996 4242 1184 4298 libello
1197 4257 1313 4313 vm,
1333 4243 1764 4313 num.18,habet
1843 4242 2018 4301 etiam
2034 4242 2265 4302 'videtur
2292 4247 2494 4317 legisse
2520 4248 2800 4318 φαγοκύρις,
2828 4244 2926 4318 sed
2951 4244 3061 4298 alio
3085 4260 3279 4318 sensu;
3310 4258 3445 4318 nam

369 4316 510 4395 Vide
530 4315 954 4395 φιιόξηνεξεῐξοοιιἱ
983 4387 994 4395 _
1039 4391 1047 4395 _
1126 4386 1137 4395 _
1477 4387 1492 4395 _
1742 4388 1758 4395 _
1841 4319 2322 4395 vertit,prppri_am
2343 4315 2570 4395 domum
2586 4315 3167 4395 deuo‘rastiQuareilli
3184 4316 3445 4395 φαγοκύεες

346 4387 670 4471 βαιοθτύξλ]
700 4386 1179 4471 Eadem'historia
1197 4403 1366 4471 sensu
1392 4387 1590 4471 eodem
1613 4388 1763 4471 apud
1846 4386 2117 4471 est,quasi
2130 4386 2308 4460 Ξιυρίων
2319 4389 2472 4460 φάγος
2481 4386 3446 4471 propriarumferum‘dfzvorator.Et

154 4456 408 4519 Pallad.
436 4474 559 4529 cap.
589 4456 678 4523 ‘26,
710 4458 1182 4529 quemiHervetus
1210 4459 1467 4513 Latinam
1498 4456 1759 4514 reddidit.
1787 4506 1829 4529 η
1844 4456 2023 4515 facilis
2044 4477 2080 4515 a
2103 4456 2337 4515 suarum
2357 4456 2546 4513 rerum
2572 4457 2973 4529 dilapidatione
2996 4456 3067 4511 ad
3084 4456 3298 4511 furtum
3318 4472 3445 4526 gra-

153 4530 440 4611 Dissentit
469 4506 540 4611 ab
557 4546 622 4611 eo
642 4506 972 4611 Paschasius
1001 4529 1764 4611 in_quo_rumdam.vocabulo-
1785 4506 1830 4564 ί)
1846 4532 1951 4587 dus
1974 4538 2077 4595 est,
2111 4547 2285 4603 quare
2315 4535 2373 4611 et
2399 4530 2506 4584 rite
2531 4530 2649 4584 haec
2678 4506 3118 4611 donjunguntur,
3129 4542 3248 4608 sua
3288 4506 3443 4581 ιῗὲυο-

153 4619 296 4658 rum
351 4601 739 4667 translatione,
771 4600 868 4673 uti_
906 4606 965 4673 et
999 4597 1160 4673 vetus
1198 4597 1758 4673 Palladiifinterpres.
1845 4620 2013 4666 rasse,
2033 4597 2289 4657 etdlz‘ena
2306 4604 2566 4669 furatum
2587 4597 3148 4673 esse._Vetu_sPalladii_
3163 4597 3444 4673 interpres

155 4676 308 4730 Ecce
336 4674 521 4728 locum
549 4688 745 4739 unum,
776 4671 874 4725 sed
903 4671 1203 4742 insignem,
1234 4688 1390 4743 num.
1421 4670 1476 4743 ᾧ.
1539 4742 1543 4743 ν
1610 4668 1629 4673 ”
1844 4674 2049 4743 legisse
2070 4673 2289 4726 videtur
2306 4672 2535 4742 φυγοκύρι
2560 4689 2573 4743 ς
2595 4670 2762 4724 vertit
2781 4669 2950 4743 enim,
2976 4671 3209 4743 fugitive
3226 4668 3447 4743 domini

237 4745 318 4817 (3)
352 4738 761 4823 Sclwlqsticusj
810 4742 981 4823 Varia
1002 4738 1192 4823 _hujus
1229 4742 1378 4796 vocis
1405 4740 1760 4823 significatip.
1848 4738 1951 4799 tu'z'.
1986 4744 2146 4823 Quod
2183 4738 2332 4797 idem
2370 4738 2648 4823 Meursius
2687 4757 2761 4823 ex.
2789 4741 2974 4813 σχάτα,
3014 4741 3271 4811 γλούττον,
3314 4738 3446 4823 facit

155 4810 312 4896 13m
353 4830 461 4896 pro.
485 4810 760 4869 advocato
782 4814 869 4868 vel
896 4810 1277 4887 declamatore
1306 4810 1593 4884 accipitur.
1626 4814 1765 4869 Vide
1856 4816 2283 4896 φξαταγλούττων,
2341 4813 2590 4896 nondum
2628 4810 2879 4896 probare
2928 4810 3157 4893 possum
3199 4828 3212 4865 :
3254 4810 3445 4882 potius
3512 4816 3520 4824 '

156 4882 590 4944 Onomasticon.
1213 4882 1219 4887 ’
1423 4882 1441 4884 “
1855 4882 2091 4941 dixerim
2134 4902 2255 4940 esse
2283 4901 2351 4940 ea
2377 4885 2488 4939 duo
2529 4882 2701 4939 verba
2723 4882 3010 4955 probrosa,
3034 4882 3140 4938 etsi
3153 4898 3305 4938 nunc
3332 4898 3447 4937 non

245 4959 319 5026 (4)
344 4961 610 5025 Fugitive,
641 4960 742 5027 qui
767 4959 1056 5027 propriam
1088 4958 1315 5029 domum
1356 4957 1652 5029 deuorusti,
1677 4958 1774 5029 fu-
1854 4957 1937 5012 ita
1964 4957 2205 5029 cognita.

157 5025 437 5099 ratusque
465 5046 516 5082 es
524 5025 780 5108 utiquam
795 5025 1664 5108 substantiam.]_Vetus_Pall_adii
1680 5028 1770 5108 in-
1890 5105 1895 5108 _
1929 5030 2002 5098 (5)
2023 5025 2788 5108 Qc_uwditatz'onibus.]_Quia
2809 5027 2869 5082 in
2891 5032 3145 5108 tempore
3160 5041 3226 5108 ex
3236 5025 3442 5108 nuga-

156 5095 391 5173 terprés
424 5123 436 5155 :
465 5118 492 5173 (ς
524 5100 702 5155 Multa
728 5100 877 5153 mala
905 5095 1248 5173 commisisti,
1280 5098 1517 5173 fugitive
1536 5099 1769 5154 torsitan
1852 5095 2392 5173 stanaBibliotheca,
2416 5095 2833 5173 promptissime
2855 5095 3222 5153 submittente
3236 5095 3446 5150 Davide

159 5162 390 5229 domini
414 5172 518 5237 tui,
543 5172 753 5225 alienas
774 5171 1042 5242 pecunias
1069 5162 1392 5242 furatus
1418 5188 1444 5222 »
1469 5170 1764 5238 Hervetus,
1852 5172 2185 5237 Hceschelio,
2228 5171 2334 5225 hoc
2362 5162 2547 5242 ipsum
2577 5162 2747 5242 caput
2775 5171 2965 5226 Graece
2994 5182 3321 5240 expressum
3350 5181 3448 5221 ac-

159 5189 390 5229 aommi
414 5189 518 5237 tui,
543 5189 753 5225 auenas
774 5189 1042 5242 pecunias
1069 5189 1288 5225 Iuratus
1312 5189 1392 5223 es.
1418 5189 1444 5222 »
1469 5189 1764 5238 net-vetus,
1852 5189 2185 5237 nwscneuo,
2229 5189 2334 5225 noc
2362 5189 2379 5225 1
2422 5189 2547 5225 sum
2577 5189 2691 5242 capi

156 5244 450 5301 recentior
482 5242 718 5315 Palladii
747 5242 1024 5315 interpres
1057 5260 1069 5295 :
1110 5260 1133 5292 ι
1165 5240 1451 5315 Abihinc,
1492 5242 1769 5315 scelerate
1851 5244 1992 5315 cepi,
2022 5245 2184 5314 juvat
2208 5243 2299 5296 hic
2326 5189 2691 5297 sulmectere:

154 5315 423 5385 fugitive,
447 5314 752 5369 suifuratus
776 5330 836 5367 es
859 5312 1071 5385 alienas
1099 5312 1384 5385 pecunias,
1401 5318 1458 5365 et
1476 5312 1768 5385 dominum

157 5384 447 5458 spoliasti.
474 5405 498 5438 ι
521 5385 654 5449 Quae
674 5385 952 5458 Meursius
966 5385 1025 5458 in
1045 5384 1329 5458 Glossario
1358 5399 1460 5437 suo
1490 5384 1767 5458 engneco

157 5452 278 5529 ῐῇε.
313 5458 393 5512 sic
419 5461 787 5529 representat
816 5474 829 5510 :
863 5456 1066 5529 Σχάῖα,
1097 5456 1353 5529 γλούττονμ,
1385 5456 1639 5529 φαγρκᾷρι,
1674 5452 1767 5508 ἀλ-

154 5520 608 5602 λότριᾱχρήγρατα
634 5528 854 5602 aut“.
893 5520 1000 5591 Qui
1028 5520 1219 5602 tamen
1249 5520 1413 5602 unica
1440 5520 1681 5602 dictione
1710 5533 1756 5582 e1

1862 5592 1875 5602 _
1931 5525 2299 5602 TAvaxwpntalr
2328 5546 2447 5602 ποτε
2485 5528 2628 5602 ςοφοὶ
2654 5526 2735 5602 and
2763 5523 3104 5602 .msuuariaol,
3136 5524 3331 5602 ὂώξεκα
3358 5520 3444 5602 ῖόν

155 5591 287 5675 ρειῖ
307 5620 338 5652 κ
546 5591 949 5675 σκατογΧούττιψ
983 5615 995 5651 :
1030 5599 1256 5675 vultque
1295 5596 1545 5675 Palladio
1583 5618 1756 5675 onata:

1848 5591 2099 5675 uiantium)"
2121 5591 2441 5675 όυὺαχρέντες
2490 5591 2568 5651 Exi
2614 5593 2673 5650 τὸ
2720 5594 2859 5675 ςιῦτό,
2893 5591 3441 5675 ὀπὶνίτὶτλδὶσςινβατιιυτοὺς⁹

152 5651 601 5747 ξίᾶύττῶῗῖἆθώ
629 5651 751 5747 esse
779 5651 1264 5747 quod_qxaro?a_i7og
1291 5667 1673 5747 Aristophani,
1704 5670 1756 5724 id

1846 5651 1993 5747 sinsiv
2020 5651 2305 5747 factum?)
2342 5671 2665 5747 xarcéptimcev
2713 5665 2761 5721 ἐν
2920 5651 3103 5747 iul-Ma)
3149 5661 3316 5735 αὐτοῦ,
3357 5651 3439 5726 nail

155 5733 275 5819 est,
306 5733 865 5801 stercorimanducus.
896 5740 1091 5798 Eidem
1117 5733 1361 5799 Méursio
1390 5733 1756 5816 φαγὶκύριςδω

1844 5742 1989 5796 ποίαν
2014 5737 2216 5808 ἄσκησιν
2242 5740 2426 5811 ἤσκησε
2453 5733 2534 5795 κῖκὶ
2563 5733 2889 5815 πνευματικῇ
2918 5733 3113 5815 ἆρετήὺ.

1852 5350 2089 5422 Διήγησις
2121 5351 2164 5402 ιϐ
2194 5351 2441 5422 πατέρῳν,
2474 5345 2551 5403 ἐπὶ
2578 5347 2635 5403 τὸ
2676 5346 2793 5402 αὖτό
2832 5342 3160 5422 ᾳυνελθόντων
3199 5345 3308 5417 περὶ
3344 5350 3445 5401 τῶν

2325 5419 2515 5474 οἰκείων
2546 5419 2964 5492 κατορθωμάτων.
