3910 6368
85 325 220 384 1065

1107 330 1187 386 ΙΝ
1223 330 1559 388 PALLADII
1596 330 1875 387 LIBRUM
1914 327 2322 386 PRIELUDIA.

3205 328 3350 390 1066

74 452 260 507 Vestis
289 469 512 527 quoque
540 453 617 508 sit
634 454 893 527 monachi
918 455 1384 527 quernuditatem
1415 461 1473 511 et
1502 456 1669 527 frigo-
1683 459 1732 518 Α
1754 454 1862 511 Sed
1882 460 2120 521 rectum,
2152 456 2345 527 inditi,
2386 453 2444 509 id
2473 458 2559 509 est
2584 414 2831 512 ascititii.

76 540 203 599 rem
245 524 502 599 repellat,
522 540 646 599 non
697 525 857 599 inditi
896 524 1115 599 coloris,
1147 544 1258 599 qua
1300 527 1359 583 in
1394 524 1672 599 jactantia

76 595 356 663 elationis,
391 602 491 652 aut
518 596 577 650 in
608 598 853 652 vanitate
873 598 1062 653 anima
1090 595 1413 654 ﬂuctuetur:
1450 620 1475 652 »

146 668 481 723 Correxerat
508 667 599 722 hic
623 667 825 724 sciolus
850 669 1081 741 quidam
1123 673 1301 725 indici
1336 688 1438 743 pro
1476 672 1669 726 inditi.

1823 527 2063 580 Adverte
2088 526 2277 591 etiam,
2302 526 2566 597 pleraque
2580 544 2701 598 quae
2721 544 2848 583 cum
2868 526 3094 582 Rufiino
3108 526 3350 585 Pascha-

1753 598 1870 653 sius
1897 598 2071 671 habet
2094 598 2659 671 communia,_iisdem
2687 602 2803 654 tere
2831 599 3015 655 verbis
3042 599 3192 671 apud
3216 599 3350 655 Ruf-

1753 671 1929 724 ﬁnum
1961 675 2018 723 et
2045 669 2407 724 Paschasium
2437 669 2651 724 haberi.

79 812 3334 855 Μ

939 989 1149 1143 DE
1225 988 1697 1145 VITIS
1782 989 2494 1146 PATRUM

445 1274 1349 1521 LIBER
1500 1274 2992 1565 OCTAVUS,

1629 1616 1810 1681 SIVE

585 1758 1647 1939 HISTORIA
1788 1798 2873 1971 LAUSIACA,

517 2025 958 2125 AUCTORE
1034 2027 1559 2146 PALLADIO,
1624 2030 2383 2125 HELENOPOLEOS
2450 2031 2950 2128 EPISCOPO.

772 2183 1460 2257 INTEBPBETE
1531 2181 2083 2256 GEN'I‘IANO
2150 2182 2687 2261 HBRVETO.

87 2356 3367 2386 ὼ

454 2512 606 2611 ΙΝ
709 2508 1407 2608 PALLADII
1503 2509 2075 2610 LIBRUM
2183 2508 3003 2665 PRIELUDIA,

1134 2696 1237 2758 ET
1286 2697 1391 2757 DE
1430 2686 1702 2758 EODEM
1742 2696 1973 2758 LlBRO
2025 2695 2335 2758 ELOGIA.

1483 2921 2004 3066 feriati.

154 3154 358 3218 οδε
388 3148 547 3214 Quod
576 3147 719 3205 libro
748 3148 932 3221 primo
954 3153 1017 3203 et
1055 3148 1298 3204 secundo
1346 3149 1730 3221 praestitimus,
1778 3154 1843 3203 ut
1874 3155 2189 3217 auctorum,
2226 3168 2466 3223 quorum
2513 3156 2762 3227 potiores
2797 3158 2858 3214 in
2898 3160 2968 3216 iis
3004 3160 3163 3218 libris
3190 3169 3380 3236 partes

87 3245 273 3317 erant,
298 3239 780 3312 peregrinationes
819 3238 924 3294 sub
961 3254 1136 3294 unum
1177 3244 1464 3309 aspectum
1502 3256 1571 3294 ex
1615 3237 1927 3294 Annalibus
1966 3238 2331 3295 illustrissimi
2363 3243 2663 3300 cardinalis
2700 3246 2928 3304 Baronii
2966 3251 3376 3323 exhiberemus,

84 3331 238 3387 idem
272 3330 369 3385 hic
404 3335 670 3401 praestare
699 3328 1045 3384 conabimur.
1084 3328 1285 3399 Accipe
1313 3329 1490 3399 igitur
1526 3328 1764 3384 Palladii
1808 3329 2343 3399 peregrinationem,
2378 3349 2479 3403 per
2516 3350 2695 3391 annos
2729 3342 2789 3392 et
2829 3338 2951 3395 loca
2994 3340 3183 3414 aliquo
3213 3345 3379 3402 modo

82 3420 408 3492 generatim
443 3420 741 3491 digestam.
774 3420 918 3474 Nam
947 3418 1164 3489 reliqua
1205 3418 1424 3473 minuta
1464 3424 1521 3472 et
1570 3417 1937 3489 particulares
1984 3424 2289 3474 conventus
2318 3420 2378 3476 in
2405 3422 2583 3494 ipsius
2614 3429 2775 3481 textu
2815 3427 2987 3499 leges.
3021 3430 3295 3503 Subjunxi
3322 3440 3381 3490 et

86 3509 354 3565 Melaniae
376 3508 617 3580 junioris
640 3508 822 3563 varias
851 3507 1237 3579 profectiones,
1270 3507 1343 3561 ad
1373 3507 1556 3561 lucem
1584 3506 1841 3572 Palladii,
1872 3507 1969 3578 qui
2008 3507 2192 3562 obiter
2240 3515 2464 3566 tantum
2504 3514 2759 3584 quaedam
2792 3516 2862 3571 de
2905 3519 3027 3590 ejus
3057 3520 3260 3578 itinere
3288 3524 3379 3580 in-

86 3599 299 3655 sinuat.
333 3599 414 3654 De
444 3597 685 3655 Melania
711 3598 949 3662 seniore,
974 3597 1134 3667 cujus
1162 3597 1332 3651 etiam
1364 3592 1651 3651 Palladius
1690 3596 1965 3662 meminit,
1995 3597 2168 3652 habes
2198 3597 2321 3653 fuse
2345 3616 2515 3672 supra
2543 3602 2601 3657 in
2630 3605 2916 3675 praeludiis
2947 3609 3019 3664 ad
3051 3609 3257 3667 librum
3285 3630 3377 3670 se-

83 3689 362 3755 cundum,
394 3705 524 3743 cum
562 3688 632 3743 de
672 3686 902 3752 Rufiini,
944 3686 1039 3758 qui
1082 3688 1204 3756 ejus
1252 3684 1380 3740 libri
1429 3686 1510 3740 vel
1554 3690 1768 3753 auctor,
1802 3687 1888 3739 vel
1933 3686 2213 3758 interpres
2257 3694 2360 3755 est,
2414 3692 2872 3762 peregrinatione
2918 3698 3158 3770 egimus,
3206 3718 3375 3774 quem

82 3777 349 3835 Melania:
375 3776 539 3833 lateri
563 3776 827 3832 comitem
858 3775 1103 3842 haesisse,
1138 3780 1196 3830 et
1231 3774 1700 3846 peregrinationis
1724 3776 1848 3845 ejus
1877 3775 2051 3831 fuisse
2083 3777 2317 3845 socium,
2358 3780 2558 3835 statuit
2584 3782 2873 3840 Baronius.

76 3932 3363 3972 __________——————_—————_.________._______

616 4034 1161 4093 PEREGRINATIO
1712 4038 1761 4098 B
1850 4037 2038 4093 Mirati
2057 4056 2254 4095 sumus
2274 4042 2333 4112 (ο)
2363 4041 2607 4114 aliquem
2636 4042 2895 4101 dubitare
2915 4063 3051 4104 num
3078 4050 3171 4107 hic
3185 4051 3374 4109 Palla-

1775 4124 1901 4181 dius
1927 4126 2077 4182 idem
2102 4128 2323 4184 sitcum
2347 4129 2443 4185 illo
2474 4147 2639 4204 quem
2660 4132 2832 4189 fuisse
2861 4138 3091 4196 natione
3116 4141 3373 4200 Galatam

387 4178 552 4220 PALLA
560 4178 661 4232 DII,
705 4177 1123 4220 HELENOPOLEOS
1144 4176 1406 4220 EPISCOPI.

573 4293 840 4360 Profectio
869 4293 1207 4360 Egyptiaca.

152 4402 329 4456 Anno
374 4398 583 4454 Christi
622 4397 751 4455 388.
791 4400 1015 4462 Baron.,
1062 4402 1101 4451 t.
1134 4397 1307 4463 IV,ad
1335 4413 1461 4451 eum
1497 4413 1591 4451 an.
1627 4426 1693 4437 —-

83 4494 286 4556 389
314 4488 436 4542 Hoc
456 4487 651 4542 eodem
672 4503 818 4542 anno
845 4486 1076 4558 [Christi
1108 4484 1232 4552 388,
1257 4486 1439 4541 Siricii
1460 4502 1618 4557 papa:
1638 4484 1690 4551 4,

83 4577 479 4639 Valentiniani
499 4578 591 4645 13,
617 4576 914 4632 Theodosii
939 4573 1244 4646 10impp.],
1277 4573 1380 4629 sub
1398 4574 1694 4629 consulatu

82 4668 358 4723 videlicet
371 4666 670 4722 Theodosii
690 4665 953 4731 secundo,
971 4664 1256 4720 Palladius
1276 4664 1564 4730 Galata,ut
1576 4663 1695 4735 ipse

81 4761 343 4812 testatur
358 4756 618 4824 (Pallad.,
649 4757 713 4809 in
744 4756 1016 4818 Lamiam,
1051 4769 1149 4822 cap
1206 4752 1275 4818 ι),
1298 4752 1693 4807 Alexandriam

81 4846 253 4917 petiit
281 4864 294 4899 :
323 4844 423 4915 qui
440 4849 564 4897 tum
584 4860 649 4897 ex
678 4842 749 4896 iis
772 4859 896 4913 qua;
922 4841 1000 4896 ibi
1021 4856 1275 4896 eremum
1296 4840 1523 4911 Egypti
1538 4856 1698 4912 pera-

80 4940 287 5006 gratus
333 4932 491 4999 vidit,
523 4938 648 4988 tum
699 4931 770 4986 ab
818 4931 943 4987 aliis
979 4930 1210 4997 audivit,
1242 4929 1468 5002 scripsit
1504 4934 1699 5001 postea

83 5022 569 5080 commentarium
598 5022 671 5077 ad
717 5021 965 5077 Lausum
1003 5020 1364 5093 praefectum;
1414 5036 1583 5091 quam
1626 5018 1696 5073 ob

83 5130 323 5169 causam
340 5111 601 5167 eumdem
617 5110 820 5167 librum
841 5110 1125 5165 interdum
1142 5109 1412 5165 Lausiaca
1421 5110 1495 5179 (a)
1511 5107 1699 5179 appel-

81 5203 304 5269 larunt,
344 5201 437 5258 cui
470 5206 528 5257 et
554 5201 754 5256 titulus
768 5200 863 5256 ille
882 5200 1145 5272 praefixas
1169 5197 1372 5254 alicubi
1395 5197 1693 5269 reperitur,

82 5299 147 5349 ut
174 5292 492 5349 Paradisus
517 5290 923 5360 Heraclidi3(b)
942 5290 1282 5344 nominetur.
1302 5287 1510 5343 Mansit
1534 5286 1623 5340 hic
1641 5286 1697 5340 in

1774 4220 1832 4269 et
1849 4217 2192 4287 professione
2218 4219 2601 4290 Origenistam
2622 4230 2854 4281 sanctus
2867 4227 3244 4303 Hieronymus
3264 4239 3377 4289 tra-

1775 4304 1890 4373 dit;
1934 4323 2059 4362 cum
2089 4307 2239 4363 idem
2268 4309 2388 4380 ipse
2434 4310 2721 4368 Palladius
2751 4331 2815 4368 eo
2867 4323 3270 4378 commentario
3316 4324 3375 4380 id

1776 4394 2110 4466 proﬁteatur
2136 4396 2223 4452 his
2241 4398 2422 4453 verbis
2448 4401 2705 4471 (Pallad.,
2738 4404 2958 4475 cap.2‘2)
2987 4424 3000 4459 :
3031 4429 3054 4460 ι
3090 4410 3374 4483 Respondi

1778 4499 1869 4538 me
1895 4501 2016 4539 esse
2045 4486 2425 4556 peregrinum,
2452 4493 2511 4542 et
2528 4488 2597 4543 de
2627 4490 2859 4547 Galatiae
2879 4495 3132 4565 partibus
3158 4502 3368 4569 venire,

1778 4576 1835 4625 et
1858 4588 2034 4627 unum
2054 4591 2120 4628 ex
2149 4574 2370 4645 Evagrii
2398 4576 2665 4632 fratribus
2696 4596 2817 4634 esse
2855 4583 3138 4641 confessus
3168 4605 3312 4644 sum.
3343 4612 3367 4644 ι

1776 4659 1906 4714 Haec
1928 4659 2066 4731 ipse.
2110 4659 2281 4715 Porro
2310 4661 2525 4730 ambos,
2556 4664 2871 4723 Palladium
2902 4671 3114 4728 scilicet
3142 4682 3200 4729 et
3228 4677 3370 4734 Eva-

1773 4748 1981 4819 grium,
2009 4748 2269 4820 Origenis
2298 4751 2584 4808 erroribus
2612 4753 2784 4811 fuisse
2812 4766 3125 4833 corruptos,
3146 4782 3259 4822 non
3279 4767 3373 4823 ob-

1778 4854 1939 4893 scure
1965 4843 2087 4893 tum
2117 4838 2492 4912 Hieronymus
2517 4846 2640 4898 tum
2667 4845 2834 4902 etiam
2854 4848 3201 4923 Epiphanius
3215 4857 3372 4914 affir-

1778 4933 2023 4983 marunt.

1850 5016 2134 5109 Palladius
2145 5018 2319 5109 igitur
2328 5020 2564 5091 Evagrio
2578 5022 3133 5101 inhaerens,ejusdem
3150 5052 3372 5109 quoque

1779 5105 1963 5163 morbi
1990 5106 2322 5177 contagione
2366 5109 2689 5180 contabuit;
2734 5115 2804 5171 de
2843 5115 2954 5190 quo
2994 5105 3370 5197 Hieronymus

1780 5195 2048 5287 adversus
2073 5195 2407 5287 Pelagianos
2420 5214 2610 5268 agens,
2641 5201 2758 5258 haec
2790 5205 2992 5262 habet:
3015 5228 3041 5262 «
3063 5195 3371 5287 Palladius,

1781 5284 1996 5339 servilis
2015 5285 2563 5358 nequitim,eamdem
2592 5290 2848 5348 haeresim
2869 5296 3185 5355 instaurare
3209 5284 3373 5361 cona-

84 5400 282 5439 eremo
304 5397 437 5437 cum
460 5380 695 5451 Evagrio
724 5358 954 5435 Pontico
978 5379 1196 5450 aliquot
1220 5377 1384 5433 annis
1405 5377 1499 5447 (de
1528 5375 1698 5430 trien-
1713 5358 1757 5419 Ο
1782 5379 1872 5428 tus
1889 5379 1993 5440 cst,
2009 5379 2067 5428 et
2080 5391 2279 5429 novam
2302 5368 2685 5434 translationis
2706 5381 2994 5441 Hebraicze
3012 5390 3149 5444 mihi
3165 5358 3375 5449 calum-

82 5474 177 5529 nio
227 5471 316 5528 ibi
364 5470 613 5526 confecto
660 5470 781 5541 ipse
831 5468 1091 5524 meminit
1127 5468 1389 5534 (Pallad.,
1438 5482 1555 5535 cap.
1587 5464 1697 5532 12).

83 5562 268 5618 Porro
301 5558 537 5630 Evagrii
566 5559 780 5616 Pontici
800 5557 1221 5624 consuetudine,
1256 5556 1513 5626 Origenis
1546 5570 1699 5611 erro-

85 5652 246 5709 ribus
277 5648 539 5706 imbutus
582 5654 685 5707 est.

350 5750 621 5813 PATBOL.
666 5749 942 5811 LXXIII.

1782 5462 1950 5555 niam
1966 5469 2186 5555 struere
2219 5481 2231 5517 :
2274 5481 2411 5520 num
2450 5472 2509 5523 et
2534 5468 2684 5524 illius
2712 5471 2940 5542 ingenio
2987 5478 3377 5555 nobilitatique

1784 5552 2087 5646 invidimus
2105 5552 2291 5609 ?nunc
2312 5571 2535 5627 quoque
2556 5561 2883 5630 mysterium
2903 5564 3218 5639 iniquitatis
3241 5552 3375 5646 ope-

1785 5648 1944 5699 ratur
1968 5642 2239 5713 (Hieron.,
2268 5659 2496 5711 praem.
2545 5647 2756 5707 advers.
2809 5652 3037 5725 Pelag.),
3071 5674 3100 5711 ›
3151 5642 3377 5722 etc—Ob

3059 5754 3137 5820 34
