3910 6422
541 370 680 429 4067

544 514 712 572 quam
751 494 921 549 etiam
961 503 1189 544 causam
1212 499 1312 539 san

1657 351 1751 406 DE
1786 345 1975 404 VITIS
2015 334 2308 396 PATRUM
2345 332 2560 389 LIBER
2595 330 2744 386 VIII.

1316 488 1440 538 ctus
1485 479 1829 552 Epiphanius
1867 465 2192 530 eumdemA
2211 462 2369 528 stari,
2398 467 2460 552 et
2482 477 2678 552 omnes
2707 459 3072 552 quiejusdem
3098 458 3378 528 dogmatis
3407 461 3591 523 erant,
3623 463 3690 512 ut

3674 328 3811 388 1068

541 546 911 642 ξιξῐξιθὲώδ
936 579 1045 634 ista
1074 577 1366 630 docentem
1396 546 1714 643 ἀθριξη-ξπιε,
1747 566 1827 622 ait
1855 583 1867 618 ε
1900 584 1922 615 (
1949 561 2136 618 pana-
2218 567 2349 605 voce
2369 549 2594 643 publica
2609 549 2796 643 hostes
2817 547 3038 602 Domini
3062 548 3448 643 proclamaret.
3479 565 3505 600 ι
3534 547 3663 643 Haec
3684 546 3811 600 Hie-

540 675 697 731 dium
719 687 846 728 vero
867 668 1146 732 Galatam,
1179 663 1275 736 qui
1295 659 1580 734 quondam
1601 656 1761 714 nobis
1776 655 1978 710 eharus
2005 649 2132 715 fuit,

539 769 598 820 et
616 778 766 818 nunc
779 753 1273 814 misericordiaDei
1292 751 1675 822 indiget,‘eave
1693 766 1707 814 ;
1723 745 1855 817 quia
1875 739 2134 813 Origenis

535 851 794 909 haeresim
811 846 1078 921 praedicat
1088 850 1138 899 et
1151 844 1330 906 docet,
1345 857 1417 895 ne
1435 839 1576 893 forte
1599 836 1817 906 aliquos
1836 833 1904 886 de
1924 829 2129 921 populo

535 941 638 998 tibi
687 919 900 996 credito
937 936 1008 990 ad
1053 930 1478 1006 perversitatem
1515 927 1603 982 sui
1654 924 1886 979 inducat
1922 919 2128 974 erroris

534 1031 718 1103 (Apud
752 1029 1004 1093 Hieron.,
1049 1026 1204 1092 epist.
1239 1021 1348 1091 60).
1390 1042 1407 1068 ι
1443 1018 1576 1073 Haec
1611 1016 1732 1087 ipse
1776 1010 2038 1103 scribens:
2054 1007 2126 1103 ad

531 1097 804 1176 Ioannem
816 1113 1345 1186 Jerosolymitanum
1359 1109 1677 1180 episcopum
1687 1120 1833 1171 ,cum
1843 1101 1994 1156 idem
2004 1097 2126 1154 Pal-

527 1209 710 1266 ladius
732 1208 852 1279 jam
899 1203 1241 1260 deseruisset
1283 1213 1537 1254 eremum
1590 1194 1806 1258 Nitriae,
1859 1196 1915 1246 et
1943 1186 2124 1279 morbi

529 1313 719 1364 causa,
735 1275 802 1351 ut
821 1296 941 1366 ipse
960 1296 1205 1348 testatur
1222 1289 1485 1360 (Pallad.,
1500 1289 1563 1339 in
1576 1286 1848 1344 Lamiae,
1872 1295 1987 1348 cap.
2008 1275 2094 1343 ‘22)
2107 1316 2120 1333 .

529 1386 761 1442 abiisset
779 1385 836 1438 in
855 1381 1212 1438 Palaestinam
1236 1397 1249 1444 ;
1281 1375 1377 1432 ubi
1398 1373 1724 1446 aliquandiu
1744 1375 1994 1425 moratus
2017 1369 2125 1423 hae-

529 1491 682 1531 reses
701 1471 939 1529 docebat
962 1467 1241 1540 Origenis,
1267 1482 1434 1537 quem
1453 1462 1760 1518 cavendum
1780 1461 2126 1532 Epiphanius

525 1566 800 1621 Joannem
831 1563 952 1632 ejus
979 1559 1087 1614 loci
1107 1557 1428 1629 episcopum
1455 1569 1622 1624 quam
1641 1551 1888 1622 primum
1925 1550 2123 1605 admo-

525 1653 818 1709 nuit.Cum
829 1666 959 1704 vero
972 1642 1647 1718 Origenistaruranullum
1662 1640 1834 1694 alium
1847 1641 2120 1701 nominet,

523 1742 631 1798 nisi
671 1738 1008 1804 Palladium,
1039 1740 1208 1799 certe,
1239 1739 1296 1788 et
1327 1732 1374 1786 si
1413 1731 1511 1786 alii
1549 1733 1737 1784 essent
1773 1728 1972 1784 eadem
2000 1727 2123 1782 labe

2216 656 2507 712 ronymus.
2540 639 2631 693 Sic
2653 638 2827 708 igitur
2854 654 2889 691 a
2916 643 3106 692 saneto
3130 637 3466 710 Hieronymo
3492 636 3809 692 confutatus

2217 728 2519 794 Palladius,
2541 727 2600 782 in
2630 727 2813 798 ipsum
2835 726 3044 798 stylum
3065 726 3354 792 convertit,
3373 732 3542 798 atque
3562 726 3807 797 primum

2216 817 2335 872 haec
2365 817 2435 872 de
2464 816 2640 871 Paula
2667 815 2933 869 adversus
2961 799 3224 870 eumdem
3254 821 3509 870 sanctum
3537 815 3807 885 Hierony-

2211 923 2368 962 mum
2407 907 2467 960 in
2525 923 2625 960 suo
2685 904 3092 958 commentario
3134 904 3205 958 ad
3261 905 3507 959 Lausum
3565 903 3800 958 eﬂ‘utiit:

2212 1013 2238 1048 α
2259 995 2464 1050 Multas
2477 994 2714 1048 feminas
2735 993 3254 1065 vidi,plurimasque
3265 999 3380 1047 tam
3411 993 3605 1048 viduas
3635 1009 3804 1064 quam

2209 1085 2449 1156 virgines
2478 1083 2782 1150 novi,inter
2801 1099 2942 1153 quas
2967 1082 3200 1136 Paulam
3220 1082 3801 1148 Romanam,matrem

2206 1173 2714 1240 Toxotii,feminam
2739 1172 2809 1226 ad
2833 1187 3011 1241 genus
3038 1171 3184 1238 vitae,
3209 1171 3355 1242 quod
3383 1179 3468 1225 est
3494 1172 3805 1226 secundum

2207 1263 2488 1334 spiritum,
2507 1261 2842 1316 dexterrimo
2857 1259 3081 1332 ingenio
3103 1278 3116 1314 ε
3139 1261 3600 1332 euiquidem,quo
3615 1261 3803 1314 minus

2208 1352 2259 1406 ei
2282 1369 2341 1406 se
2369 1352 2548 1414 daret,
2592 1349 3000 1421 impedimento
3027 1349 3134 1402 fuit
3158 1347 3536 1420 Hieronymus
3566 1349 3796 1420 quidam

2205 1456 2412 1510 genere
2432 1440 2708 1505 Dalmata,
2735 1437 2828 1509 qui
2851 1437 3145 1492 mulierem
3169 1439 3381 1509 optima
3396 1437 3580 1492 indole
3598 1438 3672 1491 ad
3698 1453 3802 1508 ge-

2208 1544 2314 1582 nus
2341 1529 2466 1582 vitae
2496 1528 2823 1600 perfectum,
2877 1544 3003 1582 eum
3045 1526 3105 1580 in
3135 1543 3200 1580 eo
3245 1527 3469 1592 multos,
3500 1543 3570 1580 ne
3615 1526 3801 1581 dicam

2205 1632 2418 1682 omnes,
2445 1616 2767 1687 longissimo
2785 1622 2909 1686 post
2937 1632 2995 1669 se
3023 1615 3316 1670 intervallo
3337 1616 3618 1670 videretur
3637 1632 3800 1687 posse

2207 1707 2544 1778 relinquere,
2579 1706 2698 1776 ipse
2752 1705 2963 1759 invidia
2995 1711 3180 1759 motus
3208 1705 3279 1759 ad
3321 1722 3482 1760 suum
3518 1705 3802 1777 peculiare

521 1794 1032 1902 conspersi,tamen
1053 1841 1167 1880 non
1196 1794 1368 1878 alium
1383 1837 1549 1894 quam
1583 1821 1764 1892 ipsum
1785 1819 1841 1874 id
1869 1819 2118 1874 muneris
2136 1818 2182 1878 B
2205 1795 2424 1850 vivendi
2453 1795 2778 1850 institutum
2809 1794 3102 1865 pertraxit.
3131 1795 3264 1864 Ejus
3293 1795 3408 1848 tilia
3431 1795 3656 1849 nomine
3685 1795 3802 1849 Eu-

519 1919 760 1976 subiisse
775 1923 841 1972 ut
860 1914 1118 1987 Origenis
1138 1913 1512 1968 deliramenta
1531 1910 1776 1972 doceret,
1795 1909 1934 1964 satis
1949 1925 2118 1980 appa-

518 2015 624 2066 ret.
651 2005 1028 2074 Quamobrem
1051 2002 1431 2074 Origenistam
1459 2000 1639 2067 illum,
1671 2015 1840 2070 quem
1863 2004 2116 2052 sanctam

519 2099 753 2156 Paulam
769 2101 1018 2152 tentasse
1037 2093 1416 2163 Hieronymus
1435 2087 1942 2158 scribit,neminem
1964 2092 2114 2142 certe

515 2193 720 2262 preter
738 2184 1054 2242 Palladium
1069 2181 1274 2237 tuncin
1294 2177 1593 2234 Palaestina
1607 2182 1919 2232 morantem
1943 2177 2114 2232 fuisse

513 2275 814 2349 conspicio,
848 2274 918 2329 de
946 2289 1056 2345 quo
1086 2271 1198 2325 ista
1224 2264 1289 2324 in
1319 2269 1573 2339 ejusdem
1604 2267 1781 2322 Paulo
1824 2267 2110 2338 epitaphio

513 2366 681 2422 habet
711 2367 905 2434 (Hier.,
933 2365 1159 2432 epistola
1180 2358 1300 2430 ‘27):
1345 2376 1371 2411 α
1399 2358 1650 2428 Tangam
1683 2373 1817 2426 ergo
1847 2355 2108 2422 breviter,

512 2473 622 2529 quo
664 2454 832 2510 modo
859 2451 1252 2508 haereticorum
1281 2463 1537 2503 caenosos
1575 2444 1904 2500 devitaverit
1932 2445 2106 2510 lacus,

510 2552 568 2600 et
589 2561 686 2600 eos
711 2543 890 2598 instar
906 2539 1169 2596 habuerit
1178 2536 1528 2593 ethnicorum
1538 2581 1550 2593 .
1564 2534 1807 2600 Quidam
1822 2539 2104 2590 veterator

508 2634 763 2700 callidus,
795 2637 984 2704 atque,
1010 2635 1076 2685 ut
1102 2627 1208 2684 sibi
1231 2625 1544 2690 videbatur,
1579 2625 1778 2679 doctus
1798 2629 1856 2678 et
1874 2624 2102 2694 sciolus,

507 2740 600 2778 me
626 2722 910 2777 nesciente
941 2719 1111 2792 erepit
1138 2719 1188 2773 ei
1217 2732 1530 2790 proponere
1549 2715 1902 2786 quaestiones,
1927 2719 1985 2768 et
2012 2713 2101 2782 di-

505 2828 660 2868 cere:
683 2811 828 2876 Quid
846 2808 1092 2883 peccavit
1103 2807 1309 2864 infans.
1328 2812 1394 2861 ut
1416 2822 1451 2860 a
1468 2805 1719 2860 daemone
1741 2803 2102 2875 corripiatur?

503 2902 569 2958 In
599 2917 711 2973 qua
755 2903 920 2954 aetate
967 2896 1340 2954 resurrecturi
1370 2894 1612 2950 sumus?
1645 2893 1692 2947 si
1730 2893 1788 2947 in
1823 2893 1947 2964 ipsa
1991 2909 2104 2964 qua

501 2990 795 3056 morimur,
819 3005 952 3060 ergo
971 2986 1282 3042 nutricibus
1307 2990 1435 3056 post
1460 2983 1929 3038 resurrectionem
1960 2999 2100 3054 opus

2204 1885 2480 1940 stochium
2510 1885 2570 1939 in
2599 1884 2931 1938 Bethlehem
2975 1883 3149 1938 vitam
3185 1883 3368 1938 adhuc
3415 1883 3804 1938 monachalem

2198 1980 2418 2030 exercet
2441 1989 2452 2024 :
2479 1990 2648 2045 quam
2671 1973 2898 2044 quidem
2914 1989 3017 2043 ego
3044 1989 3334 2044 nunquam
3357 1973 3631 2028 allocutus
3651 1989 3799 2036 sum;

2197 2070 2460 2118 caeterum
2489 2064 2671 2117 fertur
2699 2061 2907 2132 insigni
2939 2079 3061 2116 esse
3090 2061 3380 2133 pudicitia,
3415 2068 3473 2116 et
3500 2079 3693 2134 regere
3715 2079 3802 2117 so-

2195 2153 2458 2206 cietatem
2472 2151 2756 2222 virginum
2779 2150 3520 2222 quinquziginta(Patlad.,in
3542 2153 3794 2206 Lausiac.

2194 2241 2467 2311 cap.29).»
2493 2241 2622 2295 Haec
2652 2240 2935 2295 Palladius
2961 2259 2972 2294 :
3003 2241 3275 2295 mansisse
3303 2245 3488 2296 autem
3519 2241 3705 2312 ipsum
3737 2241 3798 2295 in

2197 2329 2500 2385 Palmstina
2528 2329 2728 2384 saltem
2758 2345 2936 2400 usque
2981 2329 3049 2384 ad
3082 2347 3294 2384 annum
3323 2331 3786 2385 trecentesimum

2193 2419 2623 2490 nonagesimum
2675 2419 3002 2484 secundum,
3035 2419 3268 2474 inferius
3293 2419 3542 2474 dicemus
3569 2435 3636 2474 ex
3671 2419 3794 2491 epi-

2192 2510 2336 2564 stola
2363 2507 2667 2580 Epiphanii
2697 2509 2768 2563 ad
2798 2509 3094 2563 Joannem.

2617 2616 2878 2682 Profectio
2913 2617 2975 2668 in
3019 2614 3359 2683 Bithyniam.

2255 2723 2417 2778 Anno
2438 2721 2646 2776 Christi
2662 2717 2786 2777 392.
2817 2723 3042 2785 Baron.,
3072 2725 3110 2774 t.
3128 2721 3218 2776 IV.
3237 2721 3310 2774 ad
3327 2719 3638 2774 an.6'hristi
3657 2716 3783 2776 388.

2186 2843 2248 2854 --
2277 2812 2353 2866 At
2387 2810 2521 2882 quid
2549 2815 2746 2882 postea
2773 2809 2842 2863 de
2889 2806 3177 2863 Palladio?
3209 2808 3425 2863 Accidit.
3465 2807 3694 2878 quidem
3725 2815 3788 2863 ut

2185 2899 2449 2954 recedens
2478 2917 2508 2954 e
2538 2899 2838 2954 Palaestina
2865 2898 2923 2952 in
2951 2897 3293 2970 Bithyniam,
3327 2897 3584 2952 catholici
3603 2898 3787 2952 homi-

2182 2988 2272 3042 nis
2305 3005 2606 3060 personam
2636 2987 2902 3053 induerit,
2947 2993 3004 3041 et
3029 2987 3176 3041 inter
3205 2986 3520 3042 Catholicos
3548 3003 3786 3041 consue-

501 3081 646 3148 erit;
679 3079 727 3134 si
757 3079 818 3133 in
841 3079 1038 3144 altera,
1070 3091 1431 3148 nequaquam
1449 3074 1558 3129 erit
1585 3072 1927 3128 resurrectio
1956 3089 2102 3126 mor—
2119 3095 2163 3158 ο
2185 3094 2364 3143 scens,
2395 3082 2592 3149 postea
2619 3077 2680 3132 in
2708 3076 2940 3131 Joannis
2969 3075 3351 3148 Chrysostomi
3369 3075 3616 3147 episcopi
3645 3076 3788 3132 Con-

499 3176 749 3235 tuorum,
763 3168 860 3223 sed
871 3167 1290 3222 trausformatio
1305 3166 1364 3220 in
1380 3164 1539 3220 alios.
1557 3163 1864 3220 Diversitas
1880 3179 2102 3234 quoque

498 3275 663 3314 sexus
703 3256 876 3312 maris
915 3260 974 3310 et
1004 3253 1223 3309 femine
1252 3251 1378 3316 erit,
1413 3255 1514 3304 aut
1557 3264 1671 3303 non
1700 3247 1850 3302 erit?
1889 3249 1944 3304 Si
1973 3249 2097 3311 erit,

498 3351 806 3420 sequentur
830 3349 1028 3410 θοι)
1045 3347 1104 3398 et
1121 3340 1350 3414 nuptiae,
1365 3345 1424 3394 et
1443 3336 1792 3403 concubitus,
1812 3336 1910 3390 sed
1931 3342 1989 3391 et
2002 3353 2102 3408 ge-

497 3436 748 3502 neratio;
770 3434 817 3490 si
833 3450 945 3489 non
969 3434 1094 3500 erit,
1115 3434 1337 3490 sul-lata
1351 3435 1674 3489 diversitate
1694 3449 1878 3496 sexus,
1904 3430 2101 3484 eadem

497 3539 730 3596 corpora
758 3539 874 3578 non
900 3529 1216 3594 resurgent;
1237 3530 1503 3591 aggravat
1524 3525 1675 3578 enim
1699 3528 1919 3576 terrena
1940 3520 2101 3574 inha-

499 3615 692 3668 bitatio
711 3628 930 3666 sensum
951 3615 1132 3667 multa
1152 3613 1645 3683 cogitantem(Sap.
1669 3615 1764 3680 ix);
1787 3610 1885 3665 sed
1903 3608 2096 3664 tenuia

495 3707 682 3767 erunt,
712 3706 770 3756 et
795 3701 1130 3773 spiritualia,
1177 3701 1396 3756 dicente
1424 3701 1691 3772 Apostolo
1723 3718 1734 3753 :
1768 3699 2096 3754 Seminatur

492 3807 688 3861 corpus
715 3793 982 3858 animate,
1013 3797 1199 3860 surget
1231 3807 1427 3862 corpus
1446 3795 1740 3861 spirituate
1759 3792 1806 3860 (Ι
1833 3790 1954 3845 Cor.
1980 3786 2089 3859 xv).

493 3879 573 3936 Ex
587 3879 791 3952 quibus
802 3879 1062 3936 omnibus
1087 3880 1325 3953 probare
1346 3880 1609 3953 cupiebat
1629 3879 1930 3934 rationales
1943 3893 2094 3933 erea-

491 3975 650 4024 turas
661 3968 732 4024 ob
761 3969 1020 4042 quaedam
1049 3969 1180 4024 vitia
1197 3976 1254 4025 et
1275 3971 1508 4042 antiqua
1525 3974 1752 4042 peccata
1774 3969 1832 4024 in
1859 3985 2094 4040 corpora

492 4075 616 4113 esse
643 4057 923 4130 delapsas,
947 4064 1004 4114 et
1031 4076 1134 4130 pro
1158 4059 1483 4115 diversitate
1509 4065 1567 4114 et
1596 4059 1815 4114 meritis
1843 4062 2092 4130 peceato-

488 4163 637 4213 rum,
671 4147 772 4202 tali
801 4148 886 4202 vel
919 4147 1015 4202 tali
1041 4148 1360 4203 conditione
1385 4148 1666 4220 generari,
1693 4153 1758 4202 ut
1778 4147 1861 4202 vel
1892 4163 2091 4220 corpo-

488 4251 618 4291 rum
655 4235 898 4291 sanitate
952 4237 1283 4307 gauderent,
1329 4245 1388 4292 et
1436 4243 1737 4310 parentum
1779 4236 1988 4292 divitiis
2023 4253 2090 4290 ac

489 4323 801 4392 nobilitate,
831 4325 919 4380 vel
947 4324 1005 4380 in
1021 4325 1306 4381 morbidas
1327 4343 1523 4381 carnes
1545 4332 1603 4382 et
1635 4327 1833 4381 domos
1857 4325 2089 4398 inopum

486 4412 790 4481 venientes,
806 4430 1002 4486 poenas
1021 4415 1390 4487 pristinorum
1412 4416 1638 4471 luerent
1659 4415 2012 4481 delictorum,
2031 4419 2089 4470 et
2107 4459 2158 4520 D

484 4503 751 4574 praesenti
799 4505 1004 4560 saeculo
1047 4509 1218 4577 atque
1275 4505 1605 4579 corporibus
1653 4505 1813 4578 quasi
1859 4521 2084 4560 carcere

483 4591 898 4650 clauderentur.

557 4700 583 4734 α
611 4683 773 4748 Quod
791 4700 920 4740 cum
935 4684 1204 4753 audisset,
1219 4690 1278 4742 et
1295 4685 1367 4741 ad
1384 4702 1474 4741 me
1503 4686 1809 4753 retulisset,
1826 4685 2082 4741 indicans

479 4771 1397 4846 hominem;mihiqueincubuisset
1406 4775 1710 4831 necessitas
1721 4775 2079 4846 nequissima:

477 4861 680 4934 viperae
713 4878 780 4917 ac
829 4863 1130 4920 mortifera:
1173 4863 1366 4920 bestite
1407 4864 1724 4932 resistendi,
1765 4864 1836 4920 de
1875 4863 2078 4937 quibus

475 4950 778 5007 Psalmista
813 4959 1234 5020 commemorat,
1278 4954 1469 5010 dicens
1501 4971 1517 5008 :
1552 4955 1630 5010 Ne
1661 4957 1850 5009 tradas
1894 4955 2077 5008 bestiis

473 5043 698 5096 animas
733 5045 1116 5112 conﬁtentium
1147 5045 1250 5099 tibi
1299 5045 1462 5113 (Psal:
1497 5048 1658 5109 Lxxv)
1689 5064 1702 5106 ;
1735 5049 1794 5099 et
1819 5044 2073 5109 lncrepa,

472 5131 926 5198 Dcmine,bestias
953 5135 1180 5199 calami,
1215 5148 1334 5202 quae
1361 5135 1654 5188 scribentes
1693 5133 2072 5202 iniquitatem,

2185 3166 2668 3239 stantinopolitani
2687 3183 2746 3220 se
2757 3165 3067 3220 amicitiam
3087 3165 3481 3220 insinuarit.Et
3491 3165 3641 3219 unde
3655 3165 3780 3230 hoc,

2183 3257 2502 3328 inquies,de
2531 3256 2937 3311 consuetudine
2965 3271 3090 3310 cum
3121 3256 3338 3310 Joanne
3366 3253 3673 3325 accepisti?
3698 3252 3782 3309 Ex

2185 3363 2252 3400 eo
2281 3346 2655 3417 potissimum,
2679 3345 2827 3417 quod
2853 3345 2988 3400 favit
3015 3344 3198 3398 eidem
3222 3343 3424 3398 Joanni
3444 3343 3779 3415 Chrysosto-

2183 3435 2390 3502 mo;cui
2415 3435 2640 3507 quidem
2674 3452 2786 3490 non
2815 3434 3210 3489 communione
3237 3432 3511 3489 catholica
3531 3438 3779 3488 tantum-

2183 3523 2348 3578 modo
2369 3525 2721 3594 eonjunctus,
2746 3522 2843 3577 sed
2867 3527 2925 3576 et
2955 3522 3135 3576 eidem
3153 3521 3258 3576 tuit
3269 3520 3570 3576 tolerantia
3595 3521 3775 3575 malo-

2180 3630 2306 3668 rum
2326 3613 2694 3684 propinquus;
2715 3629 2843 3668 nam
2859 3628 2982 3683 quae
2997 3610 3066 3665 ob
3078 3611 3329 3682 ejusdem
3345 3609 3577 3665 Joannis
3589 3609 3776 3664 defen-

2177 3703 2391 3757 sionem
2410 3719 2606 3775 passus
2627 3709 2731 3769 est,
2758 3702 2846 3756 his
2867 3700 3048 3756 verbis
3065 3701 3184 3772 ipse
3204 3701 3478 3755 declarat:
3507 3719 3531 3750 ε
3556 3699 3640 3755 De
3663 3699 3772 3754 Pa-

2175 3791 2394 3848 laestina
2418 3804 2606 3848 autem
2629 3793 2700 3847 ad
2722 3791 3062 3864 provinciam
3089 3790 3409 3862 Bithyniam
3423 3789 3639 3852 veni,in
3662 3807 3772 3862 qua

2173 3882 2362 3937 nescio
2389 3899 2500 3954 quo
2530 3883 2716 3950 modo,
2736 3887 2928 3936 utrum
2957 3879 3142 3935 studio
3171 3879 3558 3946 hominum,an
3574 3879 3770 3934 volun-

2173 3977 2290 4026 tate
2332 3972 2521 4026 divina
2551 3972 2674 4036 (hoc
2702 3971 2851 4026 Deus
2889 3969 3056 4038 novit)
3087 3969 3376 4042 episcopus
3407 3969 3561 4024 ultra
3600 3970 3768 4024 meri-

2173 4065 2297 4116 tum
2318 4078 2508 4116 meum
2532 4061 2714 4116 factus
2734 4060 2951 4115 sum.In
2970 4076 3080 4131 qua
3102 4058 3452 4131 tempestatis
3471 4057 3767 4129 illius,qu:e

2171 4149 2276 4204 sub
2307 4156 2500 4204 saneto
2529 4151 2748 4205 Joanne
2777 4155 3057 4204 commota
3087 4155 3191 4215 est,
3225 4147 3452 4202 interfui
3495 4147 3681 4213 malis,
3713 4154 3765 4200 ct

2173 4255 2274 4310 per
2288 4239 2481 4294 decem
2507 4257 2726 4294 menses
2736 4239 2794 4294 in
2819 4237 3214 4294 obscurissima
3239 4237 3438 4292 cellula
3458 4237 3762 4292 occultatus

2170 4328 2313 4400 ccepi
2340 4328 2492 4384 illius
2521 4329 2701 4384 sancti
2745 4328 2893 4383 dicta
2925 4327 3204 4383 reminisci
3238 4327 3494 4396 (Pallad.,
3527 4329 3595 4381 in
3623 4328 3760 4383 Lau-

2169 4420 2340 4485 siac.,
2373 4434 2418 4474 ο.
2443 4416 2554 4486 22),
2587 4437 2613 4471 »
2645 4423 2750 4474 etc.

2662 4509 2926 4576 Profectio
2955 4509 3018 4562 in
3046 4508 3260 4562 Asiam.

2235 4599 2397 4652 Anno
2426 4597 2636 4653 Christi
2659 4594 2782 4663 400,
2817 4599 3042 4664 Baron.,
3069 4602 3106 4652 t.
3150 4597 3202 4664 V,
3215 4597 3289 4650 ad
3305 4611 3428 4650 eum
3449 4610 3754 4649 annum.—

2163 4687 2327 4742 Anno
2349 4685 2555 4742 Christi
2587 4685 2708 4752 400,
2734 4686 3018 4742 Anastasii
3039 4702 3195 4759 papa:
3222 4683 3274 4752 3,
3305 4683 3530 4738 Arcadii
3571 4691 3629 4740 et
3654 4683 3751 4738 Ho-

2163 4775 2306 4831 norii
2324 4776 2498 4848 impp.
2523 4775 2574 4840 6,
2591 4773 2838 4847 synodus
2849 4781 2935 4830 est
2949 4773 3144 4828 habita
3153 4772 3750 4845 Constantinopolim:

2161 4865 2548 4938 episcoporum
2578 4864 2636 4919 in
2663 4881 2832 4920 causa
2860 4863 3194 4918 Asianorum
3215 4861 3745 4934 episeoporum,eum

2158 4954 2430 5008 Antonini
2459 4953 2702 5026 episcopi
2729 4953 2995 5025 Ephesini
3025 4968 3192 5008 causa
3215 4951 3530 5006 examinata
3562 4957 3667 5015 est,
3697 4955 3745 5002 et

2158 5049 2290 5110 ϐο
2304 5049 2337 5107 Ι
2372 5044 2655 5098 Palladius
2681 5060 2809 5098 cum
2838 5041 3055 5098 duobus
3073 5041 3198 5096 aliis
3219 5041 3278 5096 in
3298 5041 3489 5095 Asiam
3510 5039 3746 5094 destina-

2158 5139 2252 5188 tus
2281 5135 2514 5205 (Pallad.
2565 5135 2628 5187 in
2677 5135 2847 5195 Dial.)
2886 5133 2966 5187 De
2997 5149 3108 5203 qua
3136 5147 3197 5185 re
3225 5130 3304 5184 ita
3331 5129 3637 5190 Palladius,
3667 5124 3743 5179 vel

472 5223 784 5290 loquuntur
795 5226 992 5276 contra
1011 5221 1316 5278 Dominum
1335 5224 1765 5286 mendacium,et
1785 5224 1996 5276 elevant
2014 5224 2077 5276 in
2163 5223 2416 5296 quisquis
2435 5227 2648 5287 auctor,
2667 5223 2725 5276 in
2747 5221 2970 5292 dialogo
2990 5221 3059 5275 de
3081 5219 3248 5274 rebus
3267 5218 3497 5274 Joannis
3509 5218 3740 5289 Chryso-

467 5313 738 5365 excetsum
766 5327 823 5366 os
849 5327 1017 5365 suum
1039 5314 1213 5380 (Psal.
1246 5312 1386 5380 uv);
1418 5309 1651 5366 conveni
1680 5309 1986 5376 hominem,
2023 5315 2080 5364 et
2161 5312 2330 5366 stomi
2357 5330 2416 5366 τα
2449 5311 2808 5383 Gonsilioque
2829 5310 3025 5382 synodi
3046 5308 3334 5382 praesentis
3348 5306 3561 5372 habito,
3585 5321 3738 5379 quos-

468 5399 816 5455 orationibus
871 5401 1014 5472 ejus,
1061 5416 1234 5472 quam
1274 5401 1532 5472 decipere
1578 5399 1882 5466 nitebatur,
1920 5385 2076 5454 brevi
2158 5402 2288 5456 dam
2320 5419 2384 5456 ex
2427 5401 2798 5474 praesentibus
2833 5399 3105 5472 episcopis
3145 5399 3202 5452 in
3228 5398 3416 5453 Asiam
3468 5395 3642 5450 mittit
3675 5393 3733 5447 ad

465 5487 909 5562 interrogatione
937 5489 1204 5556 conclusi,
1235 5489 1442 5556 dicens,
1479 5508 1501 5541 ι
1532 5494 1638 5547 etc.
1666 5489 1860 5546 Refert
1877 5489 2064 5562 dispu-
2155 5497 2331 5546 testes
2359 5491 2809 5561 interrogandos.
2864 5491 3000 5545 Tres
3029 5489 3178 5543 enim
3205 5503 3271 5544 ex
3306 5484 3567 5541 omnibus
3586 5481 3731 5539 electi

465 5578 738 5634 tationem
749 5585 886 5634 tunc
903 5595 1032 5636 eum
1052 5597 1120 5636 eo
1137 5579 1414 5647 habitam,
1432 5584 1604 5651 atque
1631 5579 1701 5635 ad
1717 5584 2064 5652 postremum
2148 5587 2298 5649 sunt,
2326 5581 2640 5654 Syneletius
2659 5575 3454 5652 Metropolitanus,Hesyehius
3471 5575 3729 5647 Oparien-

468 5665 660 5726 addit:
689 5685 718 5722 α
741 5667 820 5725 Ex
845 5683 959 5746 quo
985 5669 1079 5728 die
1106 5669 1190 5726 ita
1215 5669 1386 5745 cepit
1411 5669 1589 5729 Paula
1603 5669 1890 5728 hominem
1914 5668 2070 5726 dete-
2152 5671 2248 5744 sis,
2273 5676 2331 5728 et
2359 5671 2642 5728 Palladius
2671 5667 3296 5750 Helenopolitanus.llis
3323 5664 3558 5722 dederat
3579 5676 3726 5740 syno-
