3910 6382
543 355 672 416 1071

1643 357 1736 414 DE
1772 357 1960 414 VlTIS
1999 353 2296 420 PATRUM
2335 356 2548 414 LIBER
2585 356 2735 412 VIII.

3675 352 3805 412 1072

529 484 590 539 in
608 479 1026 538 immunditiam
1049 484 1106 535 et
1123 479 1514 553 ignominiam,
1533 485 1600 536 ut
1615 481 1868 539 facerent
1879 499 2005 555 quae
2020 485 2194 543 nonA
2219 481 2450 553 praebet,
2483 499 2611 538 cum
2643 480 2768 554 quis
2789 479 2895 552 ipsi
2923 477 3235 547 blanditur;
3260 495 3324 534 ac
3343 483 3538 534 contra
3563 494 3658 533 eos
3685 495 3804 534 om-

527 570 882 638 conveniunt,
917 576 973 624 ct
1001 573 1376 641 sequerentur
1405 570 1781 641 cogitationes
1799 590 1930 628 suas
1949 572 2128 644 pessi-

2211 571 2368 626 nium
2390 571 2633 626 maxime
2660 569 2890 642 suspicit
2910 574 2968 623 et
2989 567 3322 630 admiratur,
3363 567 3460 639 qui
3489 569 3703 639 majore
3743 567 3805 622 li-

527 677 668 716 mas.
701 659 1162 730 Contemplemur
1180 659 1492 727 haereticos,
1526 661 1806 732 quomodo
1832 661 2005 716 semel
2025 661 2127 715 de-
2208 658 2427 714 bertate
2449 659 2668 732 praediti
2707 664 2857 724 sunt,
2889 657 3272 729 amplioreque
3293 656 3627 711 auctoritate
3655 657 3801 730 apud

525 754 816 820 sperantes
837 747 1250 818 salutem,gulae
1264 764 1324 803 se
1336 748 1564 804 tradant
1575 754 1632 804 et
1651 749 1886 814 deliciis;
1903 767 2129 805 vescan-

525 842 621 892 tur
645 837 928 904 carnibus,
942 837 1266 909 frequentes
1294 837 1502 892 adeant
1520 837 1774 908 balneas,
1796 855 1988 894 musco
2008 839 2124 894 fra-

523 933 712 998 grent,
745 925 1049 998 unguentis
1084 925 1254 980 variis
1281 925 1536 994 delibuti,
1577 932 1831 998 quaerant
1875 929 2124 1000 corporis

528 1015 1006 1087 pulchritudinem
1032 1017 1274 1084 (Hieron.
1285 1053 1301 1081 ,
1316 1017 1380 1069 in
1397 1018 1576 1071 Jercm
1584 1019 1720 1083 iam,
1741 1018 1838 1074 lib.
1859 1029 1934 1083 Iv,
1947 1034 1992 1072 ο.
2008 1015 2117 1087 23),

519 1110 626 1160 etc.
659 1123 684 1158 ι
716 1104 1113 1175 Perstringens
1144 1103 1202 1158 in
1223 1104 1371 1158 hunc
1396 1105 1628 1160 modum
1657 1111 1886 1161 sanctus
1917 1106 2120 1161 Hiero-

520 1210 724 1265 nymus
752 1193 1044 1263 Pelagium
1068 1198 1239 1264 atque
1251 1193 1606 1264 Pelagianos,
1627 1199 1685 1249 et
1713 1194 1864 1250 haud
1883 1195 2121 1252 dubium

515 1281 668 1338 inter
695 1283 836 1337 alios
865 1281 1134 1352 suggillet
1161 1282 1476 1336 Palladium
1503 1283 1765 1339 Galatam
1795 1285 2119 1357 episcopum

517 1370 879 1442 Helenopolis
901 1370 958 1424 in
979 1369 1339 1442 Bithynia,de
1356 1387 1466 1442 quo
1481 1389 1626 1444 saepe
1652 1373 1929 1445 superius,
1956 1376 2119 1446 cujus

516 1460 742 1514 disertis
771 1459 954 1514 verbis
981 1459 1242 1514 meminit
1267 1459 1324 1513 in
1353 1460 1680 1532 praefatione
1707 1462 1766 1516 in
1794 1463 2018 1518 eosdem
2049 1463 2118 1518 li-

516 1547 648 1604 bros
676 1549 944 1604 adversus
969 1548 1260 1619 Pelagium
1288 1549 1542 1621 scriptos,
1571 1551 1721 1621 quod
1753 1567 1879 1606 cum
1910 1552 2121 1608 versari

511 1637 720 1692 soleret
735 1637 959 1692 assidue
979 1653 1108 1691 cum
1134 1636 1359 1692 feminis
1377 1639 1674 1710 religiosis,
1699 1657 1906 1712 magna
1927 1646 2120 1697 tamen

506 1725 786 1797 jactantia
810 1725 1171 1796 gloriaretur,
1193 1725 1340 1798 quod
1363 1727 1546 1782 omnis
1565 1733 1716 1783 esset
1742 1729 1967 1801 penitus
1991 1747 2121 1786 con-

2208 763 2304 803 eas
2329 753 2591 804 utuntur.

2282 855 2309 891 α
2341 837 2502 902 Quod
2555 837 2602 893 si
2652 841 2709 892 te
2755 835 3080 908 frequenter
3108 851 3236 890 cum
3273 833 3406 906 ipsis
3441 833 3672 904 versari,
3700 851 3801 890 nec

2205 927 2320 981 ullo
2349 927 2480 982 inde
2509 926 2848 982 detrimento
2877 925 3024 980 allici
3061 924 3288 990 dixeris,
3331 924 3389 979 id
3423 923 3650 996 quidem
3696 923 3803 978 for-

2204 1020 2355 1072 tasse
2403 1015 2545 1071 mihi
2573 1014 2900 1088 persuaderi
2927 1014 3130 1070 sinam.
3178 1015 3252 1068 At
3285 1013 3425 1068 illud
3460 1012 3596 1068 item
3635 1013 3802 1068 velim

2204 1104 2464 1160 omnibus
2492 1104 2660 1159 ﬁdem
2691 1103 2968 1167 adhiberi,
3004 1103 3166 1176 aquis
3184 1102 3397 1175 lapides
3423 1103 3800 1166 extenuari,ac

2203 1209 2403 1266 rupem
2432 1210 2592 1265 aquae
2619 1193 2798 1266 guttis
2827 1192 3181 1248 continenter
3207 1191 3530 1248 cadentibus
3553 1191 3802 1250 excavari

2202 1281 2418 1338 dicunt.
2462 1284 2714 1347 Quorum
2748 1281 3044 1338 verborum
3084 1281 3408 1352 hujusmodi
3441 1297 3637 1336 sensus
3665 1285 3754 1336 est
3783 1301 3794 1335 ε

2202 1371 2348 1436 Quid
2373 1388 2511 1443 rupe
2532 1371 2729 1426 durius
2758 1371 2892 1442 ﬁngi
2924 1371 3128 1443 queat?
3159 1369 3304 1436 Quid
3333 1370 3472 1425 item
3498 1387 3648 1442 aqua
3663 1370 3802 1425 mol-

2201 1459 2334 1526 lius,
2364 1466 2422 1516 et
2450 1460 2676 1532 quidem
2703 1478 2862 1532 aquae
2880 1460 3146 1531 guttula?
3185 1461 3253 1516 Et
3274 1465 3467 1514 tamen
3499 1459 3800 1515 assiduitas

2203 1555 2472 1604 naturam
2503 1549 2691 1605 vincit.
2718 1550 2877 1614 Quod
2894 1547 2942 1603 si
2963 1554 3186 1615 natura,
3213 1565 3336 1620 quae
3361 1564 3507 1618 agre
3531 1547 3800 1602 dimoveri

2201 1643 2402 1708 potest,
2427 1637 2764 1706 dimovetur,
2787 1638 2957 1710 idque
2984 1637 3135 1710 quod
3155 1637 3386 1708 minime
3411 1636 3654 1692 habebat
3671 1655 3799 1709 per-

2201 1727 2433 1798 petitur,
2491 1743 2604 1800 qua
2642 1727 2872 1782 tandem
2919 1727 3136 1782 ratione
3184 1727 3452 1792 voluntas,
3485 1743 3607 1798 qua:
3637 1725 3798 1781 facile

510 1815 866 1887 cupiscentiae
885 1831 1100 1885 expers.
1126 1814 1213 1870 Ita
1231 1815 1458 1887 quidem
1480 1817 1624 1888 ipse,
1648 1834 1775 1873 cum
1803 1819 2116 1891 prasertim
2135 1835 2182 1894 Β
2202 1822 2478 1883 movetur,
2493 1816 2943 1871 aconsuetudine
2961 1833 3073 1871 non
3094 1815 3347 1870 vincatur
3365 1827 3422 1869 et
3440 1816 3752 1870 evertatur?
3775 1836 3795 1868 ι

513 1903 574 1958 in
600 1902 862 1976 Egypto,
888 1904 1124 1958 visitans
1149 1905 1704 1976 monachos,junctus
1724 1907 1950 1962 feminis
1961 1925 2118 1980 pere-

511 1992 852 2064 grinaretur.
883 1993 1005 2058 Quo
1055 1993 1283 2048 nomine
1327 1995 1665 2066 redargutus
1702 2001 1788 2050 est
1817 1997 1986 2052 etiam
2017 2015 2118 2070 per

515 2081 812 2156 epistolam
827 2087 1020 2149 (δοκι
1043 2082 1114 2137 ab
1135 2083 1348 2138 Isidoro
1367 2085 1675 2151 Pelusiota,
1697 2085 1927 2156 dignam
1957 2087 2114 2142 illam

2270 1903 2577 1976 Hucusque
2607 1905 2858 1961 Isidorus
2877 1905 3092 1977 optima
3110 1905 3326 1960 ratione
3348 1909 3406 1959 et
3431 1905 3686 1980 exemplo
3707 1904 3798 1959 de-

2197 1998 2421 2048 stl'uens
2442 1994 2590 2065 quod
2605 2001 2923 2049 assererent
2949 1994 3051 2059 illi,
3067 1994 3411 2048 voluntatem
3429 1999 3682 2048 nostram
3711 1995 3794 2048 sui

2197 2087 2404 2137 natura
2419 2099 2600 2156 posse,
2623 2084 2671 2138 si
2700 2083 2852 2152 velit,
2883 2083 3092 2138 evitare
3121 2088 3408 2154 peccatum
3438 2081 3650 2155 absque
3671 2099 3794 2154 gra-

511 2171 739 2244 quidem
769 2187 893 2244 quae
921 2170 1014 2226 hic
1033 2171 1319 2240 recitetur,
1333 2178 1530 2245 utpote
1557 2175 1702 2229 tanti
1729 2175 1834 2230 viri
1862 2176 2115 2247 profutu-
2195 2171 2288 2225 tiae
2315 2171 2681 2236 adminiculo;
2707 2173 2820 2228 imo
2847 2190 2950 2228 nec
2985 2171 3154 2227 etiam
3186 2189 3342 2243 posse
3377 2172 3582 2227 tentari
3612 2171 3662 2227 si
3691 2189 3792 2228 no.

504 2277 633 2315 rum
663 2260 926 2316 omnibus
957 2267 1406 2344 monumentum.
1431 2262 1523 2320 Sic
1551 2263 1702 2318 enim
1725 2279 1784 2318 se
1808 2263 1978 2320 habet
1995 2267 2111 2334 (Isi-
2192 2259 2282 2328 lit,
2319 2262 2774 2334 quandoquidem
2804 2263 2994 2321 docuit
3022 2261 3270 2320 Isidorus
3291 2261 3436 2318 vinci
3459 2261 3790 2317 assiduitate

504 2351 648 2417 don,
685 2353 866 2420 epist,
897 2347 1024 2417 284,
1055 2351 1152 2408 lib.
1177 2351 1235 2422 Π)
1270 2367 1286 2404 :
2196 2357 2480 2408 naturam.

581 2459 605 2491 ι
638 2439 891 2494 Palladio
921 2438 1198 2511 episcopo.
2709 2441 3250 2524 PEREGRINA'I‘IO

580 2547 604 2579 ι
636 2528 938 2583 Mulierum
963 2529 1416 2598 congressus,vir
1434 2531 1665 2602 Optime,
1686 2536 1959 2602 quantum
1982 2532 2106 2588 fieri

2212 2565 2474 2612 [ELANIE
2500 2566 2777 2614 JUNIORIS
2807 2568 2882 2614 ΒΤ
2910 2567 3144 2614 PINIANI
3174 2567 3388 2614 MABITI
3412 2566 3530 2613 σοι
3558 2565 3783 2611 ALBINA

504 2621 710 2688 potest,
741 2616 892 2688 fuge.
925 2617 1072 2717 .Nam
1105 2634 1201 2673 eos
1231 2618 1330 2718 qui
1364 2619 1664 2722 sacerdotii
1694 2637 1930 2676 munere
1973 2623 2103 2678 tun-
2867 2665 3100 2722 “AT”.

501 2710 736 2776 guntur,
765 2706 1073 2760 sanctiores
1100 2723 1166 2762 ac
1187 2707 1441 2778 puriores
1478 2708 1588 2763 illis
1609 2725 1730 2764 esse
1759 2716 1982 2782 oportet
2007 2712 2105 2784 qui

503 2764 574 2850 ad
595 2764 816 2850 montes
842 2811 904 2849 se
931 2764 1312 2851 contulerunt.
1365 2796 1651 2868 Siquidem
1682 2764 1884 2854 illiilet
1911 2764 2106 2867 suniat
2669 2764 2932 2831 Ρνθίεθίίο
2951 2766 3013 2818 in
3035 2764 3305 2820 Simiam-

501 2881 714 2954 plebis;
737 2883 796 2938 hi
821 2888 1008 2938 autem
1035 2883 1122 2938 sui
1149 2884 1424 2940 duntaxat
1452 2903 1644 2942 curam
1672 2893 1897 2960 gerunt.
1918 2890 2104 2962 Atque
2260 2869 2443 2962 A""‘_’_
2455 2869 2664 2962 θῘιΓίειί
2690 2869 2811 2927 403-
2847 2872 3124 2962 ﬁnivit-At;
3159 2872 3291 2962 ις,ᾳά
3316 2887 3442 2925 cum
3469 2887 3714 2962 canum.
3733 2901 3781 2914 —-

501 2971 586 3026 illi
614 2972 674 3026 in
702 2972 1030 3043 hujusmodi
1057 2973 1351 3044 dignitatis
1387 2973 1609 3046 fastigio
1645 2958 1903 3036 collocati
1946 2958 2099 3046 sunt,

2212 2964 2375 3025 B94
2395 2959 2512 3013 HOC
2529 2958 2664 3013 item
2685 2959 3077 3030 anno[Christi
3095 2958 3534 3028 408,1nnocentii
3552 2977 3712 3034 papa:
3729 2962 3775 3022 ἶ,

501 3077 812 3135 omnesque
840 3061 1013 3116 vitam
1042 3078 1237 3116 eorum
1259 3070 1688 3134 perscrutantur
1699 3072 1758 3120 et
1775 3067 2098 3138 explorant;
2185 3046 3113 3138 ΠοηονίίγΜνΤῘΡθοάοείίῙνίωΡρσ]
3134 3049 3229 3120 ειιιὶ
3249 3047 3402 3104 urbis
3430 3048 3778 3104 ο¹³⁵ίάίοηθω

506 3150 566 3206 hi
587 3157 778 3206 autem
805 3151 863 3206 in
895 3151 1162 3223 spelunca
1181 3151 1400 3218 sedent,
1421 3159 1522 3209 aut
1535 3169 1638 3209 sua
1653 3137 1886 3211 vulnera
1899 3173 2120 3215 curam.

2212 3137 2484 3203 ιτωοθεείί,
2507 3137 2752 3192 Melania
2779 3139 3037 3192 Romana
3063 3138 3248 3204 vidua,
3275 3139 3344 3193 de
3372 3155 3482 3210 qua
3506 3155 3656 3211 saepe
3687 3155 3777 3193 su-

500 3244 605 3307 tes,
628 3246 726 3296 aut
741 3239 876 3295 vitia
896 3222 1357 3312 obtegentes,aut
1373 3243 1543 3298 etiam
1564 3260 1802 3300 coronas
1821 3245 1928 3300 sibi
1965 3246 2102 3318 ipsis

2212 3222 2376 3276 berius
2405 3222 2616 3277 mentio
2645 3222 2790 3277 facta
2818 3228 2922 3290 est,
2955 3223 3176 3294 antiqui
3196 3223 3581 3278 vaticiniiante
3601 3239 3775 3279 annos

497 3328 940 3394 texentes.Quod
950 3329 997 3382 si
1014 3310 1206 3397 etiam,
1223 3336 1290 3384 ut
1303 3347 1429 3386 cum
1449 3331 1560 3386 illis
1578 3310 2101 3406 congrediaris,-ne-

2212 3310 2626 3382 [uadringentos
2660 3317 2744 3382 (ut
2785 3312 2870 3366 ait
2918 3312 3222 3374 Palladius)
3254 3312 3388 3367 editi
3430 3329 3668 3378 memor,
3701 3313 3776 3366 di-

498 3418 730 3473 cessitas
749 3419 942 3490 aliqua
954 3424 1011 3472 te
1025 3417 1554 3490 obstringat,oculos
1570 3401 1727 3477 humi
1744 3424 1990 3495 dejectos
2009 3425 2102 3480 ha-

2212 3401 2407 3454 tractis
2427 3401 2671 3472 praediis,
2704 3417 2818 3456 una
2848 3418 2976 3456 cum
3005 3401 3248 3457 Melania
3288 3406 3472 3474 nepte,
3517 3401 3772 3458 Piniano-

483 3507 764 3579 ‘be,atque
776 3507 927 3580 ipsas
941 3523 1434 3580 quoque,quonam
1448 3518 1610 3584 pacto
1623 3490 1988 3584 spectandum
2004 3515 2097 3578 sit,

2212 3506 2293 3560 [ue
2317 3491 2570 3560 ejusdem
2593 3490 2845 3545 Melania:
2877 3491 3014 3557 viro,
3047 3495 3104 3545 et
3121 3491 3324 3546 Albina
3346 3507 3508 3556 nuru,
3541 3505 3773 3545 evasura

497 3594 780 3663 doce;non
798 3579 948 3651 enim
968 3579 1920 3673 duntaxatdocendumestquonam
1935 3603 2100 3658 modo
2183 3595 2312 3673 sum
2343 3579 2457 3673 mis
2485 3579 2900 3673 imJT‘inmt’f’W
2927 3579 3082 3673 “rbi?
3119 3579 3354 3644 Cladem'
3406 3581 3582 3673 Roma
3630 3597 3773 3634 Μεθ’

497 3701 728 3740 cernere
757 3690 1034 3756 oporteat,
1084 3685 1183 3741 sed
1219 3687 1416 3754 etiam,
1447 3695 1512 3744 ut
1558 3666 1798 3760 Oportet,
1845 3708 2094 3748 cernere.

2212 3669 2343 3733 lens,
2396 3666 2516 3740 [per
2545 3668 2836 3740 Siciliam],
2871 3668 3278 3741 Jerosolymam
3317 3687 3377 3724 se
3403 3669 3610 3724 iterum
3651 3685 3772 3724 con-

499 3775 752 3846 Cumque
771 3755 950 3847 pauca
975 3791 1098 3846 quae
1120 3775 1369 3848 ipsarum
1389 3777 1580 3832 animo
1595 3755 1909 3851 astringere
1926 3787 2096 3854 atque
2177 3755 2457 3854 διξβίζξλδί
2485 3763 2614 3854 pos}
2791 3757 3166 3854 (Ιυῗίίῗξδεξηίίῗ
3198 3774 3264 3854 ef
3302 3759 3405 3813 hac
3429 3758 3542 3813 Vita
3570 3759 3774 3854 mia?"

495 3845 791 3918 illustrare
808 3845 1036 3935 queant,
1081 3845 1301 3920 locutus
1343 3865 1537 3935 fueris,
1570 3868 1764 3924 statim
1776 3845 1977 3937 vevola,
2004 3845 2100 3927 -ne

2215 3845 2278 3900 it.
2313 3845 2445 3900 Haec
2465 3863 2530 3900 ex
2558 3846 2809 3901 Palladio
2845 3849 3103 3917 (Ραιιαιιη
3140 3851 3202 3902 in
3237 3849 3482 3903 Lausiac.
3510 3865 3632 3918 cap.
3667 3847 3767 3915 33).

496 3951 640 4007 forte
668 3952 938 4009 diuturna
964 3955 1310 4010 consuetudo
1329 3955 1478 4011 vires
1497 3961 1625 4012 tuas
1653 3957 1905 4014 emolliat
1925 3965 1983 4015 et
2010 3961 2099 4015 in-
2181 3953 2449 4022 Profectio
2507 3955 2570 4008 in
2617 3955 2870 4022 Africam
2927 3971 2992 4009 ac
3034 3957 3223 4024 primo
3284 3956 3678 4024 Carthaginem
3726 3959 3768 4009 et

495 4039 726 4111 fringat,
758 4047 928 4113 atque
947 4041 1100 4097 velut
1127 4043 1471 4100 horrendum
1487 4045 1791 4117 quemdam
1811 4053 1868 4102 et
1888 4049 2098 4104 elatum
2829 4045 3138 4114 Ταραειωη.

496 4129 719 4184 leonem
746 4135 932 4196 nacta.
955 4147 1172 4186 comam
1202 4133 1429 4205 quidem
1453 4149 1575 4206 quae
1596 4135 1816 4192 leonem
1834 4153 1963 4192 vere
1981 4138 2100 4194 leo-
2249 4150 2412 4205 Anno
2438 4149 2646 4205 Christi
2672 4147 2798 4207 409.
2832 4152 3034 4207 Baron.
3065 4157 3105 4206 t.
3139 4153 3191 4218 V,
3211 4153 3285 4206 ad
3311 4168 3434 4206 cum
3464 4167 3767 4206 annum.—

506 4233 635 4274 nem
663 4217 851 4283 efﬁcit,
885 4219 1214 4292 regiamque
1255 4221 1592 4292 dignitatem
1638 4224 1745 4297 ipsi
1783 4233 2093 4295 conservat,

2212 4238 2299 4293 loc
2328 4238 2448 4310 ipso
2478 4254 2628 4292 anno
2655 4239 2887 4315 [Christi
2907 4237 3032 4306 409,
3064 4217 3374 4296 Innocentii
3395 4257 3553 4314 papae
3582 4239 3642 4309 8,
3660 4241 3766 4296 Ho—

498 4308 1015 4402 ampute_t;_dent_es
1043 4316 1235 4402 autem
1254 4310 1480 4402 eripiat,
1505 4318 1676 4384 atque
1703 4331 1920 4386 ungues
1941 4319 2098 4388 (quo-
2180 4325 2327 4381 norii
2353 4308 2444 4393 15,
2490 4308 2791 4382 Theodosii
2820 4327 2874 4394 2,
2920 4325 3090 4402 imp.]
3141 4308 3416 4384 Pinianus
3451 4308 3506 4384 ὖ.
3553 4308 3632 4392 c.,
3664 4345 3762 4384 una

497 4412 625 4452 rum
662 4397 1008 4490 adminiculo
1052 4398 1474 4490 robustissimas
1514 4401 1686 4457 etiam
1725 4403 1872 4460 feras
1899 4407 2091 4477 vincit)
2179 4431 2305 4470 cum
2338 4415 2578 4470 Melania
2607 4415 2845 4483 seniore,
2876 4422 2936 4472 et
2975 4397 3224 4472 Melania
3249 4419 3470 4489 jnniore
3511 4420 3761 4490 conjuge,

497 4486 718 4554 evellet,
749 4503 816 4577 ac
844 4485 1048 4577 deinde
1077 4486 1451 4544 deformatum
1481 4508 1548 4546 ac
1575 4491 1874 4549 ridiculum
1905 4496 2094 4550 reddi-
2112 4490 2348 4575 Datque
2389 4521 2553 4560 socru
2587 4505 2791 4560 Albina
2811 4506 3058 4577 junioris
3099 4485 3279 4562 matre
3316 4507 3589 4574 Melaniae,
3616 4485 3761 4572 cuin,

495 4581 639 4668 tum,
666 4575 879 4668 animal
904 4575 1306 4668 inquamAillud
1339 4578 1682 4636 horrendum
1709 4583 2096 4640 acintolcran-
2177 4609 2326 4648 anno
2383 4593 2678 4665 superiori,
2727 4575 3012 4650 distractis
3049 4594 3209 4650 bonis
3251 4612 3370 4668 quae
3398 4597 3587 4652 Romae
3621 4604 3680 4652 et
3711 4599 3762 4652 in

495 4663 634 4719 dum
667 4681 733 4720 ac
755 4665 842 4720 vel
871 4665 990 4720 solo
1032 4665 1224 4738 rugitu
1255 4673 1504 4724 montem
1541 4672 1871 4742 percellens,
1903 4675 2095 4746 pueris

2212 4682 2342 4737 talia
2395 4663 2660 4752 habebat,
2707 4684 3100 4756 adnavigasset
3135 4663 3552 4757 Carthaginem,
3581 4687 3662 4742 ibi
3705 4701 3761 4744 ex

495 4753 668 4809 etiam
695 4771 757 4809 se
774 4753 1126 4811 illudendum
1153 4756 1418 4829 praebeat.

2212 4771 2455 4842 ongestis
2480 4772 2736 4844 pecuniis
2762 4753 3107 4846 locupletans
3136 4776 3259 4845 ejus
3287 4753 3546 4832 Ecclesiae
3565 4792 3759 4848 paupe-

570 4861 594 4894 ι
628 4841 789 4937 Quod
809 4842 922 4937 si-a
948 4843 1278 4937 mulieribus
1304 4847 1516 4904 honore
1540 4848 1686 4906 afﬁci
1715 4852 1873 4925 cupis
1904 4855 2097 4922 (maxi—
2177 4841 2305 4928 res,
2321 4861 2452 4917 inde
2477 4841 2549 4916 ad
2578 4868 2840 4918 sanctum
2868 4841 3133 4936 Alypium
3161 4841 3458 4936 'I‘agastam
3489 4841 3757 4937 profectus

495 4945 588 4986 me
613 4931 840 5026 quidem
861 4932 968 4987 hoc
989 4933 1531 5026 spiritualemvirum
1545 4938 1982 5014 haudquaquam
2003 4944 2098 4998 de-
2177 4955 2265 5004 est
2295 4949 2636 5021 (Palladius,
2680 4955 2743 5006 in
2768 4931 3042 5015 Lamina,
3075 4970 3120 5007 ο.
3153 4931 3356 5016 9ι.-Αά
3393 4931 3532 5026 quos
3575 4971 3756 5009 omnes

493 5025 624 5114 cet),
647 5025 712 5076 ut
739 5025 801 5076 ut
829 5027 1019 5114 autem
1048 5039 1138 5078 res
1166 5042 1226 5080 se
1255 5025 1480 5097 habeat,
1499 5027 1640 5084 nihil
1669 5030 1772 5085 tibi
1788 5048 1916 5087 cum
1938 5032 2096 5090 femi-
2175 5044 2404 5093 sanctus
2436 5041 2809 5110 Augustinus,
2823 5058 2952 5097 cum
2972 5041 3216 5114 primum
3247 5025 3440 5098 eorum
3467 5043 3755 5099 adventum

488 5109 580 5165 nis
610 5110 930 5205 commercii
971 5111 1063 5205 sit,
1097 5129 1165 5205 ac
1192 5119 1313 5169 tum
1344 5115 1416 5170 ab
1444 5115 1555 5172 illis
1591 5117 1862 5174 honorem
1903 5138 2094 5178 conse-
2174 5127 2442 5194 audisset,
2474 5109 2693 5185 litteras
2716 5130 2888 5197 dedit,
2915 5109 3123 5204 quibus
3149 5149 3208 5186 se
3235 5138 3460 5187 excusat
3475 5133 3623 5204 quod
3643 5149 3755 5205 pro-

499 5199 710 5294 queris,
738 5201 880 5294 Tum
897 5202 1062 5294 enim
1092 5203 1199 5258 hoc
1227 5206 1538 5276 praesertim
1565 5207 1728 5263 nobis
1749 5209 1949 5277 aderit,
1969 5228 2097 5267 cum
2179 5221 2306 5288 pter
2327 5217 2687 5288 ingruentem
2713 5219 2916 5274 duram
2929 5199 3204 5288 hiemem,
3237 5227 3293 5278 et
3319 5199 3526 5275 statum
3553 5199 3750 5294 Hippo-

492 5303 528 5344 a
572 5287 734 5344 nobis
772 5289 1006 5347 minime
1054 5299 1357 5364 quaeretur.
1403 5295 1557 5350 Solet
1603 5296 1755 5352 enim
1793 5299 1974 5370 quivis
2003 5317 2098 5356 eos
2179 5287 2368 5360 nensis
2398 5287 2666 5363 Ecclesiae
2693 5307 3052 5373 titubantem,
3091 5311 3162 5365 ad
3192 5287 3288 5364 eos
3323 5287 3752 5366 invisendos-ini-

491 5377 720 5448 quidem
751 5395 784 5433 a
823 5379 1026 5472 quibus
1053 5381 1256 5472 colitur
1277 5399 1342 5437 ac
1369 5382 1639 5439 delinitur
1657 5388 1978 5458 aspernari;
1999 5407 2094 5445 eos
2179 5394 2329 5450 nime
2359 5411 2649 5452 accurrere
2669 5399 2953 5454 valuisset.
2983 5399 3180 5454 Exstat
3191 5399 3310 5472 ipsa
3337 5400 3587 5472 epistola,
3606 5402 3750 5470 cujus

492 5472 684 5566 autem
706 5483 741 5522 a
763 5469 969 5540 quibus
987 5471 1369 5566 assentatione
1385 5471 2095 5566 minimedemulcetur,ad-
2176 5489 2264 5538 est
2303 5484 2504 5541 titulus
2543 5487 2616 5542 ad
2666 5487 2955 5552 Albinum,
3004 5469 3323 5556 Pinianum,
3371 5469 3427 5543 et
3469 5469 3747 5544 Melaniam

497 5556 806 5654 miratione
829 5559 1200 5654 prosequi.Ac
1218 5560 1740 5654 muliebrisnatura
1761 5565 1892 5622 huic
1923 5568 2094 5640 potis-
2178 5575 2448 5642 (August,
2481 5579 2642 5645 epist.
2677 5575 2837 5650 227):
2869 5577 2968 5632 sed
2998 5593 3099 5649 pro
3143 5577 3364 5645 Albino,
3391 5578 3646 5634 Albinam
3674 5581 3743 5646 (ﬁ,

490 5646 699 5701 simum
724 5646 950 5703 atl‘ectui
973 5647 1220 5705 obnoxia
1246 5657 1349 5707 est.
1385 5651 1806 5712 Intolerandam
1837 5659 1990 5714 enim
2029 5676 2090 5715 se
2171 5661 2584 5720 restituendum
2607 5671 2763 5738 puto,
2786 5646 2946 5738 quod
2975 5646 3098 5738 ejus
3117 5667 3360 5723 nominis
3389 5668 3745 5744 femina,ejus.
