3910 6374
207 388 235 444 'l
246 386 346 445 073

1237 389 1315 443 ΙΝ
1353 388 1689 444 PALLADll
1732 388 2007 444 LIBRUM
2046 380 2447 444 PRIELUDIA.

3349 388 3483 449 1074

205 516 335 570 dem
372 513 597 570 Piniani
651 528 842 567 socrus
883 528 998 567 una
1023 528 1149 567 cum
1180 513 1315 585 ipsis
1344 513 1593 584 profecta
1622 517 1708 568 est
1734 512 1791 568 in
1810 514 1854 573 Α
1877 512 2211 573 fensionem.
2243 514 2517 584 prolixam
2540 514 2679 568 satis
2705 508 2862 569 dedit
2877 515 3192 587 epistolam,
3211 515 3335 585 ejus
3352 528 3488 587 que-

204 600 470 672 Africpm,
504 603 569 653 ut
593 603 716 652 tum
748 612 813 653 ex
838 597 1109 664 Palladio,
1152 603 1274 651 tum
1305 614 1371 651 ex
1400 598 1652 669 ejusdem
1680 599 1797 653 Au-

201 688 416 760 gustini
433 687 832 743 testiﬁcatione
862 686 1001 741 satis
1029 692 1282 758 apparet.

272 778 527 848 Tagastae
553 783 743 831 autem
773 792 900 831 cum
929 782 1077 831 esset
1107 776 1589 837 Pinianus.eﬁ‘usa
1611 776 1802 831 muni-

203 868 429 922 ﬁcentia
470 868 610 921 adeo
642 866 931 919 ecclesiam
963 866 1117 920 illam
1161 866 1537 937 locupletavit,
1568 871 1634 919 ut
1665 882 1801 920 non-

203 958 487 1011 nullorum
519 956 575 1010 in
607 957 729 1027 ejus
756 956 1075 1026 episc0pum
1105 955 1369 1027 Alypium
1394 956 1656 1010 invidiam
1680 971 1801 1009 mo-

207 1047 366 1113 verit,
400 1051 570 1117 prout
595 1051 822 1099 sanctus
849 1045 1197 1115 Augustinus
1222 1045 1281 1098 in
1313 1045 1549 1115 epistola
1576 1044 1646 1098 ad
1671 1060 1801 1098 eum

198 1136 408 1207 scripta
439 1140 693 1200 testatur,
732 1140 789 1187 et
827 1133 950 1205 ipsa
995 1134 1135 1187 Acta
1167 1140 1372 1188 sanctae
1414 1133 1667 1188 Melaniae
1713 1133 1800 1186 his

198 1223 382 1279 verbis
409 1225 579 1278 ﬁdem
608 1223 854 1277 faciunt:
887 1241 912 1276 α
938 1223 1145 1278 Civitas
1174 1229 1363 1277 autem
1388 1222 1447 1277 in
1476 1239 1587 1294 qua
1611 1238 1801 1277 versa-

198 1312 408 1368 bantur
433 1312 823 1385 appellabatur
866 1312 1109 1382 Tagasta
1141 1330 1152 1365 :
1200 1312 1258 1366 in
1290 1328 1401 1383 qua
1430 1317 1552 1366 erat
1579 1328 1801 1365 sacrum

196 1403 474 1474 templum
511 1407 567 1456 et
596 1402 856 1455 sacerdos
901 1401 1124 1455 dicendi
1176 1401 1413 1472 peritus,
1444 1407 1501 1455 et
1551 1401 1647 1472 qui
1674 1417 1801 1455 ora-

197 1491 352 1546 tione
383 1491 591 1545 multos
620 1496 841 1563 poterat
869 1491 1133 1545 inducere
1180 1490 1251 1544 ad
1281 1491 1540 1555 salutem,
1574 1490 1801 1545 nomine

198 1580 471 1651 Alypius;
522 1596 649 1634 cum
693 1596 803 1651 quo
852 1585 1157 1645 versantes,
1194 1596 1353 1633 sacra
1380 1578 1802 1633 meditabantur

197 1669 740 1740 eloquia.Templum
760 1685 891 1722 vero
916 1669 975 1723 in
996 1685 1108 1739 quo
1128 1668 1330 1738 agebat
1348 1668 1583 1740 Alypius
1603 1668 1799 1723 admo-

196 1757 332 1813 dum
358 1759 620 1812 muniﬁce
640 1762 698 1811 et
738 1758 922 1812 aureis
951 1758 1298 1812 ornamentis
1329 1762 1387 1811 et
1410 1757 1612 1812 lucidis
1640 1774 1799 1827 gem-

1878 602 2013 657 relis
2042 608 2100 657 et
2125 602 2534 675 suspicionibus
2551 604 2696 658 male
2715 605 2998 677 conceptis
3026 605 3086 659 in
3115 602 3378 660 omnibus
3396 618 3484 660 sa-

1878 691 2181 758 tisfaciens,
2233 708 2364 748 cum
2416 692 2477 748 in
2523 692 2642 748 haec
2688 692 2859 749 verba
2887 693 3179 749 exorditur
3203 694 3477 764 (August,

1883 784 2037 850 epist.
2068 780 2222 850 225):

1960 889 1984 921 ι
2009 869 2269 925 Dolorem
2292 870 2467 925 animi
2484 870 2764 942 tui,quem
2785 874 2840 925 te
2861 870 3057 926 scribis
3075 872 3352 943 explicare
3370 886 3485 927 non

1884 975 2063 1029 posse,
2098 960 2374 1014 consolari
2402 976 2626 1030 aequum
2653 966 2756 1025 est,
2782 976 2895 1014 non
2923 976 3131 1031 augere
3155 979 3168 1028 ;
3198 965 3262 1015 ut
3281 961 3328 1015 si
3352 960 3478 1017 ﬁeri

1883 1052 2084 1118 potest,
2092 1064 2355 1103 sanemus
2368 1048 2715 1119 suspiciones
2724 1055 2987 1115 tuas,non
3004 1055 3068 1105 ut
3080 1050 3161 1104 eis
3173 1065 3276 1122 pro
3288 1055 3485 1105 nostra

1882 1151 2053 1190 causa
2080 1138 2456 1191 succensendo
2476 1137 2857 1192 venerandum
2877 1154 2973 1192 cor
2991 1144 3153 1193 tuum
3178 1144 3237 1195 et
3262 1140 3378 1194 Deo
3393 1138 3484 1194 di-

1883 1231 2071 1279 catum
2102 1226 2344 1296 amplius
2390 1225 2805 1297 perturbemus.
2835 1227 3039 1282 Sancto
3069 1227 3231 1283 fratri
3260 1233 3472 1293 nostro,

1884 1314 2013 1368 ﬁlio'
2042 1319 2141 1368 tuo
2172 1314 2408 1369 Piniano
2458 1315 2648 1369 nullus
2677 1312 2747 1368 ab
2792 1316 3243 1387 Hipponensibus
3287 1317 3487 1372 mortis

1883 1407 2070 1457 metus
2101 1403 2355 1473 ingestus
2386 1408 2489 1469 est,
2521 1403 2696 1457 etiam
2725 1403 2774 1456 si
2801 1403 2945 1458 forte
2986 1404 3105 1476 ipse
3132 1406 3247 1459 tale
3274 1405 3486 1477 aliquid

1882 1492 2092 1546 timuit.
2128 1492 2273 1546 Nam
2322 1496 2379 1545 et
2418 1508 2521 1546 nos
2552 1491 2961 1559 metuebamus,
3004 1509 3076 1547 ne
3100 1492 3170 1548 ab
3202 1493 3484 1565 aliquibus

1883 1580 2134 1651 perditis,
2156 1580 2251 1651 qui
2281 1596 2427 1651 saepe
2457 1580 2806 1635 multitudini
2827 1582 3045 1636 occulta
3071 1582 3486 1655 conspiratione

1882 1669 2209 1734 miscentur,
2242 1668 2302 1723 in
2337 1669 2640 1723 violentam
2671 1675 3135 1742 prorumperetur
3164 1672 3479 1739 audaciam,

1883 1758 2173 1812 occasione
2202 1757 2495 1812 seditionis
2519 1758 2766 1826 inventa,
2794 1774 2962 1830 quam
2983 1760 3138 1815 velut
3161 1761 3319 1831 justa
3342 1760 3487 1817 indi-

200 1849 309 1901 mis
339 1853 397 1903 et
436 1848 691 1918 plurimis
719 1847 972 1901 ditarunt
1004 1864 1270 1918 agrorum
1300 1846 1678 1917 proventibus.
1709 1846 1794 1901 Ab
1816 1830 1856 1892 Β
1878 1847 2599 1918 gnationeconcitaret.Sed
2618 1848 2763 1901 sicut
2783 1852 2977 1919 postea
2989 1830 3184 1903 audire
3199 1849 3486 1920 potuimus

200 1937 286 1991 eis
316 1952 538 2008 quoque
568 1942 701 1991 sunt
723 1936 995 1991 aediﬁcata
1042 1937 1153 1991 duo
1183 1936 1546 2000 monasteria,
1594 1935 1797 2007 quibus

196 2027 335 2082 satis
365 2027 521 2081 dedit
547 2040 715 2099 opum
746 2033 915 2099 atque
947 2033 1318 2099 proventuum
1343 2046 1354 2095 ;
1385 2043 1625 2098 quorum
1654 2028 1796 2081 alte-

194 2133 325 2171 rum
347 2115 574 2188 quidem
604 2115 846 2170 habebat
865 2117 1097 2171 chorum
1119 2117 1365 2170 virorum
1387 2132 1621 2170 numero
1651 2121 1798 2170 octo-

190 2206 375 2275 ginta,
423 2206 663 2261 alterum
717 2211 906 2260 autem
938 2205 1180 2259 habebat
1219 2205 1461 2276 virgines
1488 2222 1611 2275 qua:
1636 2209 1799 2258 erant

196 2310 438 2349 numero
466 2300 692 2349 centum
721 2299 779 2349 et
805 2294 1043 2364 triginta
1083 2295 1275 2363 (Epist.
1310 2292 1409 2356 2'2;
1444 2294 1678 2362 Metaph.
1709 2295 1797 2347 dic

196 2378 257 2439 3i
292 2386 606 2452 Januarii).
634 2402 659 2436 »
697 2385 829 2439 Haec
856 2384 925 2438 de
956 2383 1171 2438 collatis
1187 2382 1433 2437 ecclesiae
1463 2381 1794 2452 Tagastensi

190 2488 226 2527 a
253 2471 497 2527 Piniano
516 2473 865 2528 muneribus.

657 2564 925 2631 Profectio
948 2564 1328 2631 Hipponensis.

263 2654 571 2717 Baronius,
601 2657 728 2706 tom.
772 2653 825 2717 V,
868 2653 942 2705 ad
961 2668 1057 2706 an.
1091 2652 1300 2705 Christi
1316 2649 1441 2705 499.
1488 2680 1549 2690 —
1576 2648 1795 2704 Placuit

189 2740 624 2796 autemPiniano
644 2756 758 2795 una
777 2756 902 2795 cum
924 2740 1166 2795 Melania
1185 2740 1500 2811 Hipponem
1520 2738 1794 2810 proﬁcisci

189 2830 262 2885 ad
291 2829 648 2885 invisendum
688 2834 945 2884 sanctum
987 2830 1366 2900 Augustinum
1406 2828 1483 2883 ibi
1528 2834 1789 2898 agentem

186 2920 534 2992 episcopum.
561 2920 873 2974 Comitatus
895 2924 979 2973 est
995 2936 1089 2973 eos
1108 2924 1303 2985 θῦε
1321 2918 1587 2990 Alypius;
1618 2918 1712 2988 qui
1733 2922 1790 2971 et

186 3009 487 3064 timentem
541 3008 864 3074 Pinianum,
918 3024 989 3062 ne
1043 3014 1336 3077 cogeretur
1358 3007 1428 3061 ab
1475 3007 1788 3077 Augustino

187 3097 491 3171 presbyter
518 3098 785 3162 ordinari,
830 3114 1118 3168 nunquam
1175 3098 1232 3151 id
1292 3102 1623 3151 eventurum
1648 3097 1785 3164 fore,

184 3204 448 3243 securum
480 3186 728 3242 reddidit
750 3206 762 3242 :
785 3180 915 3241 nam
943 3188 1012 3240 de
1038 3203 1104 3241 ea
1132 3204 1192 3241 re
1216 3187 1384 3240 ﬁdem
1411 3185 1710 3256 Augustini
1730 3185 1788 3239 id

188 3277 577 3349 promittentis
606 3277 1185 3348 acceperatAccidere
1228 3292 1472 3346 namque
1502 3274 1790 3329 consuevit

184 3370 198 3429 ί
209 3366 364 3438 quod
394 3370 452 3420 et
481 3365 758 3437 superius,
788 3365 857 3418 de
886 3364 1121 3419 Paulino
1144 3381 1269 3419 cum
1300 3364 1540 3433 egimus,
1583 3364 1787 3417 dixisse

180 3454 569 3523 meminimus)
597 3460 664 3509 ut
690 3471 816 3509 cum
846 3454 1049 3525 aliquis
1074 3453 1342 3523 religione
1366 3452 1600 3522 insignis
1628 3460 1790 3507 caete-

181 3545 261 3599 ris
302 3545 580 3599 emineret
609 3543 961 3608 Christianis,
1016 3544 1065 3597 is
1090 3543 1223 3597 licet
1256 3544 1590 3613 conjugatus
1618 3546 1783 3609 esset,

179 3634 393 3689 soleret
412 3633 695 3688 interdum
720 3634 778 3687 in
800 3633 1031 3687 ecclesia
1052 3649 1083 3686 a
1116 3632 1373 3686 ﬁdelibus
1400 3631 1539 3702 rapi,
1566 3637 1623 3684 et
1639 3631 1786 3685 tradi

178 3724 444 3795 episcopo
465 3722 827 3785 ordinandus,
852 3723 1087 3791 conjuge
1118 3737 1340 3792 quoque
1370 3720 1490 3791 pari
1513 3737 1640 3774 cum
1669 3721 1786 3775 viro

178 3818 315 3867 voto
338 3811 743 3865 continentiam
773 3811 1090 3881 proﬁtente,
1122 3814 1185 3863 ut
1206 3810 1352 3863 inter
1380 3810 1509 3875 alia,
1541 3810 1688 3879 quod
1718 3810 1787 3863 de

178 3901 423 3956 Paulino
442 3905 612 3971 atque
636 3899 906 3955 Tharasia
936 3899 1236 3970 praecessit,
1261 3905 1583 3952 enarratum
1607 3916 1788 3953 exem-

177 3992 337 4062 plum
367 3989 922 4046 ostendit.Pinianus
950 3989 1139 4059 itaque
1171 3988 1227 4041 id
1271 3988 1506 4043 fortasse
1550 3988 1785 4043 subodo-

177 4086 360 4145 ratus,
390 4078 713 4133 retardabat
735 4094 1045 4143 accessum;
1073 4078 1169 4131 sed
1197 4077 1384 4149 Alypii
1415 4077 1784 4149 promissione

175 4185 433 4233 securus,
470 4168 785 4239 Hipponem
831 4168 901 4221 ad
929 4166 1191 4220 eumdem
1224 4173 1487 4221 sanctum
1516 4167 1783 4237 Augusti-

177 4273 320 4313 num
360 4274 422 4311 se
466 4257 721 4310 contulit.
755 4256 862 4311 Ubi
898 4272 1025 4309 cum
1070 4261 1236 4321 esset,
1284 4260 1453 4326 atque
1499 4256 1556 4309 id
1597 4257 1786 4311 minus

177 4350 621 4419 exspectaretur,
647 4345 854 4399 factum
876 4350 962 4399 est
979 4350 1043 4399 ut
1064 4344 1195 4399 dum
1218 4345 1443 4416 synaxis
1468 4345 1525 4399 in
1555 4346 1788 4399 ecclesia

176 4436 510 4502 haberetur,
534 4440 838 4506 antequam
866 4435 1250 4489 catechumeni
1273 4451 1339 4488 ex
1370 4451 1525 4488 more
1544 4435 1787 4489 dimitte-

177 4531 403 4591 rentur,
439 4525 618 4579 ﬁdelis
647 4525 905 4596 populus,
938 4524 1083 4579 facto
1114 4524 1347 4594 impetu,
1383 4524 1680 4578 Pinianum
1712 4540 1782 4578 ne
1802 4510 2089 4580 Dbatione
2103 4523 2356 4578 Ecclesiae
2382 4538 2866 4592 permoverer,nec
2886 4522 3039 4576 aliud
3060 4522 3461 4594 constipationi
3537 4557 3547 4569 ι

177 4617 462 4686 eﬂ'ugeret
488 4612 827 4679 obsiderent,
881 4614 1229 4685 postulantes
1259 4629 1387 4666 eum
1417 4612 1665 4666 ordinari
1691 4614 1784 4667 de-

177 4704 316 4760 bere
352 4702 767 4776 presbyterum.
800 4703 934 4767 Quze
965 4718 1052 4755 res
1094 4700 1296 4773 Alypio
1328 4702 1648 4770 ﬁdejussori
1682 4702 1782 4755 ad-

174 4793 414 4849 modum
437 4792 722 4863 displicuit
747 4811 760 4855 ;
801 4792 1030 4862 ipseque
1058 4791 1328 4845 Pinianus
1359 4797 1415 4844 et
1442 4790 1648 4844 Albina
1690 4806 1781 4845 so-

175 4901 312 4938 crus
369 4882 427 4936 id
465 4881 797 4953 perindigno
830 4881 1085 4935 tulerunt
1120 4880 1329 4945 animo,
1389 4879 1445 4933 id
1483 4885 1666 4934 totum
1711 4897 1781 4934 ex

174 4971 468 5027 sententia
499 4969 799 5040 Augustini
842 4971 1048 5023 factum
1092 4969 1499 5023 existimantes:
1556 4985 1784 5039 quamo-

176 5062 344 5117 brem
374 5059 631 5115 nonnihil
659 5059 718 5113 in
760 5075 889 5113 eum
938 5057 1109 5113 iidem
1137 5059 1400 5125 commoti
1428 5063 1578 5123 sunt,
1612 5063 1780 5128 atque

176 5152 237 5206 in
269 5149 472 5221 primis
502 5147 1060 5220 Alypius.Quomodo
1091 5153 1280 5202 autem
1309 5163 1474 5202 resse
1500 5147 1775 5214 habuerit,

175 5246 413 5295 sanctus
458 5238 808 5309 Augustinus
837 5237 983 5291 datis
1030 5237 1100 5290 ad
1131 5253 1226 5290 eos
1252 5236 1475 5298 litteris.
1506 5253 1633 5289 cum
1666 5242 1780 5290 sta-

176 5331 286 5385 tim
314 5328 679 5382 recessissent
704 5327 979 5398 Hippone,
1021 5326 1435 5397 Tagastamque
1464 5326 1671 5379 reversi
1701 5342 1782 5379 es-

176 5423 330 5484 sent,
365 5416 720 5485 signiﬁcavit,
758 5432 887 5470 cum
916 5431 975 5468 se
1007 5415 1303 5479 excusavit,
1338 5421 1507 5486 atque
1550 5415 1692 5469 nihil
1724 5430 1782 5468 se

176 5506 411 5563 conscio
439 5506 649 5560 factum
674 5504 929 5577 pluribus
951 5504 1271 5558 declaravit.

253 5594 520 5651 Scribens
549 5596 700 5649 enim
725 5595 794 5648 ad
815 5594 1073 5649 Albinam
1099 5592 1320 5647 Piniani
1346 5609 1590 5659 socrum,
1614 5609 1781 5664 quam

174 5692 378 5742 tamen
405 5685 689 5759 appellare
723 5683 1014 5739 consuevit
1044 5683 1167 5754 ejus
1196 5687 1458 5750 matrem,
1485 5682 1553 5738 ad
1576 5682 1663 5737 sui
1692 5682 1785 5737 de-

1880 1936 2022 1991 nihil
2050 1937 2167 1991 tale
2195 1953 2230 1990 a
2259 1952 2541 2008 quoquam
2566 1936 2778 1990 dictum
2809 1943 2896 1991 est
2920 1937 3008 1991 vel
3048 1938 3309 1993 molitum
3333 1957 3346 2007 ;
3377 1939 3479 1995 sed

1880 2042 2009 2081 vere
2036 2028 2092 2081 in
2122 2028 2355 2081 fratrem
2384 2042 2574 2081 meum
2590 2026 2856 2099 Alypium
2878 2028 3055 2082 multa
3076 2027 3483 2085 contumeliosa

1880 2121 1937 2170 et
1957 2116 2188 2187 indigna
2198 2114 2575 2170 clamabantza
2590 2132 2700 2187 quo
2721 2121 2835 2170 tam
2850 2115 3065 2187 ingenti
3084 2122 3245 2172 reatu
3261 2117 3481 2174 utinam

1878 2221 1982 2277 per
2021 2205 2173 2260 illius
2201 2205 2485 2259 orationes
2529 2210 2856 2259 mereantur
2880 2204 3109 2259 absolvi.
3142 2206 3258 2276 Ego
3286 2212 3478 2264 autem

1876 2299 2003 2366 post
2041 2294 2254 2366 primos
2282 2310 2477 2349 eorum
2526 2294 2819 2360 clamores,
2851 2310 2979 2349 cum
3008 2295 3089 2349 eis
3116 2294 3377 2350 dixissem
3407 2296 3479 2353 de

1878 2382 1973 2438 illo
2003 2382 2178 2438 invito
2207 2399 2321 2437 non
2350 2382 2682 2450 ordinando,
2703 2399 2815 2456 qua
2828 2384 2948 2454 jam
2977 2383 3346 2455 promissione
3375 2385 3478 2441 de-

1876 2472 2123 2539 tinerer;
2155 2478 2324 2543 atque
2356 2472 2685 2542 adjecissem
2717 2472 2866 2544 quod
2894 2472 2942 2526 si
2974 2489 3102 2527 mea
3131 2471 3242 2528 ﬁde
3270 2472 3479 2531 violata

1876 2561 2036 2616 illum
2056 2560 2330 2616 haberent
2345 2560 2755 2633 presbyterum,
2789 2576 2880 2616 me
2900 2561 3223 2634 episcopum
3238 2578 3353 2618 non
3380 2564 3480 2618 ha-

1877 2650 2096 2716 berent,
2119 2651 2191 2705 ad
2219 2656 2415 2705 nostra
2442 2649 2725 2716 subsellia,
2749 2650 2947 2705 relicta
2965 2650 3151 2718 turba,
3170 2651 3472 2708 redieram.

1873 2740 2017 2795 Tum
2046 2740 2129 2794 illi
2161 2739 2575 2811 aliquantulum
2619 2739 2912 2811 inopinata
2940 2756 3069 2794 mea
3113 2741 3478 2812 responsione

1870 2829 2118 2884 cunctati
2147 2835 2317 2901 atque
2345 2828 2732 2894 turbati,velut
2752 2830 2983 2884 ﬂamma
2999 2836 3165 2886 vento
3184 2831 3478 2902 paululum

1871 2935 2083 2991 pressa,
2108 2918 2310 2973 deinde
2339 2924 2629 2990 coeperunt
2657 2919 2835 2973 multo
2882 2919 3173 2975 ardentius
3222 2920 3471 2987 excitari,

1872 3008 2254 3063 existimantes
2282 3008 2406 3062 ﬁeri
2450 3024 2613 3079 posse
2640 3013 2706 3063 ut
2732 3009 2817 3063 vel
2860 3007 3000 3063 mihi
3048 3013 3478 3080 extorqueretur

1872 3097 2012 3152 illud
2027 3113 2137 3152 non
2151 3113 2372 3152 servare
2383 3097 2835 3168 promissum,vel
2855 3113 2946 3151 me
2965 3102 3192 3152 tenente
3211 3097 3475 3168 promissi

1871 3185 2138 3252 ﬁdem,ab
2154 3186 2264 3240 alio
2278 3186 2536 3257 episcopo
2553 3185 2927 3241 ordinaretur.
2953 3185 3215 3240 Dicebam
3228 3202 3339 3263 ego
3355 3187 3476 3258 qui-

1873 3275 1973 3330 bus
1998 3281 2271 3347 poteram,
2298 3276 2393 3346 qui
2423 3276 2493 3330 ad
2522 3291 2624 3330 nos
2645 3274 2704 3329 in
2724 3276 2977 3347 apsidem
2999 3276 3386 3331 honoratiores
3415 3282 3474 3333 et

1868 3365 2152 3436 graviores
2182 3365 2570 3431 ascenderant,
2586 3380 2689 3419 nec
2708 3364 3019 3436 apromissi
3048 3365 3158 3419 ﬁde
3183 3381 3274 3418 me
3304 3381 3469 3436 posse

1869 3453 2163 3518 dimoveri,
2185 3470 2289 3508 nec
2316 3452 2387 3507 ab
2416 3453 2525 3507 alio
2555 3455 2815 3525 episcopo
2843 3453 2902 3507 in
2933 3453 3164 3508 ecclesia
3193 3453 3332 3508 mihi
3352 3461 3466 3510 tra-

1869 3543 2007 3610 dita,
2036 3543 2145 3597 nisi
2179 3559 2269 3597 me
2298 3543 2645 3613 interrogato
2673 3559 2740 3597 ac
2776 3542 3155 3614 permittente,
3200 3558 3361 3615 posse
3384 3559 3471 3598 or-

1869 3632 2072 3687 dinari.
2105 3632 2264 3698 Quod
2291 3632 2339 3686 si
2369 3632 2755 3703 permitterem
2783 3648 2817 3686 a
2842 3632 2951 3686 ﬁde
2979 3631 3347 3687 nihilominus
3375 3632 3470 3688 de~

1869 3722 2099 3777 viarem.
2122 3720 2410 3776 Addebam
2438 3722 2608 3775 etiam
2632 3721 2774 3775 nihil
2792 3737 2887 3775 eos
2917 3721 3075 3787 velle,
3100 3721 3148 3774 si
3177 3721 3467 3777 ordinare-

1868 3816 1962 3865 tur
1991 3810 2219 3876 invitus,
2282 3810 2389 3864 nisi
2441 3816 2503 3865 ut
2531 3809 2824 3864 ordinatus
2868 3808 3211 3865 abscederet.
3243 3809 3333 3865 Illi
3363 3810 3469 3865 hoc

1868 3916 2029 3972 posse
2060 3899 2181 3955 ﬁeri
2209 3916 2321 3955 non
2342 3898 2665 3955 credebant.

1943 4010 1966 4039 σι
1991 3988 2287 4044 Multitudo
2300 4004 2430 4043 vero
2450 4005 2551 4059 pro
2568 3987 2837 4058 gradibus
2856 3987 3467 4054 constituta,horrendo

1866 4083 1923 4132 et
1960 4077 2512 4149 perseverantissimo
2556 4078 2867 4131 clamorum
2906 4077 3137 4131 fremitu
3179 4076 3237 4132 in
3268 4078 3467 4133 eadem

1864 4168 2149 4222 voluntate
2169 4167 2743 4238 persistens,incertos
2754 4166 2929 4221 animi
2943 4166 3274 4238 consiliique
3287 4166 3462 4222 facie-

1865 4257 1982 4311 bat.
2012 4259 2167 4312 Tunc
2196 4257 2295 4310 illa
2326 4256 2385 4310 in
2415 4256 2645 4311 fratrem
2674 4272 2863 4310 meum
2898 4256 3181 4327 (Alypium
3234 4256 3464 4325 scilicet)

1866 4346 2103 4418 indigna
2121 4345 2510 4400 clamabantur
2524 4364 2536 4412 ;
2549 4351 2684 4399 tunc
2695 4344 2898 4399 anobis
2919 4348 3180 4415 graviora
3195 4345 3471 4401 timeban-

1868 4442 1981 4491 tur.
2015 4436 2120 4490 Sed
2148 4434 2403 4505 quamvis
2420 4438 2579 4489 tanto
2593 4439 2747 4488 motu
2766 4433 2959 4504 populi
2980 4439 3038 4488 et
3063 4439 3225 4488 tanta
3245 4439 3469 4504 pertur-

1864 4614 1945 4668 illi
1982 4612 2266 4677 dixissem,
2313 4611 2420 4665 nisi
2468 4627 2597 4665 eum
2648 4626 2737 4665 me
2768 4610 3006 4665 invitum
3051 4610 3314 4665 ordinare
3343 4627 3456 4666 non

1863 4719 2046 4775 posse;
2074 4717 2177 4755 nec
2204 4698 2281 4755 sic
2306 4706 2497 4754 tamen
2526 4699 2798 4754 adductus
2826 4714 2954 4753 sum
2984 4698 3083 4770 qui
3110 4704 3167 4754 et
3202 4700 3308 4753 hoc
3336 4716 3464 4772 pro-

1864 4793 2131 4846 miseram
2144 4806 2255 4844 non
2277 4805 2365 4843 me
2379 4788 2549 4842 fuisse
2564 4788 2936 4853 facturum,ut
2952 4787 3161 4860 aliquid
3184 4789 3235 4843 ei
3253 4788 3324 4843 de
3346 4805 3466 4844 sus-

1863 4879 2119 4952 cipiendo
2138 4882 2337 4945 396
2362 4876 2708 4949 presbyterio
2735 4876 3051 4932 suaderem.
3072 4877 3232 4942 Quod
3259 4877 3307 4933 si
3331 4894 3463 4950 per-

1864 4970 2101 5024 suadere
2146 4968 2475 5039 potuissem,
2526 4983 2639 5020 non
2676 4967 2797 5036 jam
2846 4967 3205 5023 ordinaretur
3229 4967 3459 5025 invitus.

1865 5057 2090 5113 Servavi
2140 5057 2433 5127 utriusque
2476 5055 2861 5127 promissionis
2911 5056 3100 5123 ﬁdem,
3132 5072 3247 5111 non
3275 5056 3459 5111 solum

1862 5146 2014 5200 illius
2062 5162 2229 5217 quam
2255 5147 2374 5215 jam
2397 5145 2602 5217 populo
2630 5144 3026 5216 patefeceram,
3067 5161 3258 5200 verum
3285 5144 3459 5199 etiam

1863 5235 2013 5290 illius
2042 5236 2101 5290 in
2130 5252 2363 5307 quauno
2390 5239 2552 5301 teste,
2577 5238 2848 5305 quantum
2865 5234 2937 5289 ad
2960 5234 3215 5289 homines
3235 5232 3461 5299 attinet,

1863 5323 2684 5395 detinebar.Servavi,inquam,
2706 5322 2874 5377 ﬁdem
2892 5322 3301 5393 promissionis,
3333 5338 3451 5377 non

1859 5415 2163 5484 jurationis
2189 5414 2249 5468 in
2280 5420 2439 5469 tanto
2468 5411 2749 5484 periculo;
2783 5412 2931 5482 quod
2962 5412 3095 5466 licet
3118 5410 3277 5475 falso,
3311 5410 3460 5466 sicut

1864 5509 2059 5575 postea
2085 5503 2481 5574 comperimus,
2496 5499 2869 5566 metuebatur;
2893 5500 3155 5555 omnibus
3180 5506 3390 5567 tamen,
3408 5500 3461 5555 si

1866 5592 2000 5664 quid
2026 5597 2189 5657 esset,
2223 5590 2601 5647 communiter
2626 5588 3006 5660 impendebat,
3040 5594 3100 5644 et
3126 5594 3247 5645 erat
3273 5595 3460 5646 metus

1865 5682 1984 5754 ipse
2025 5680 2358 5749 communis,
2404 5695 2469 5735 ac
2515 5694 2618 5751 per
2672 5677 2965 5734 ecclesiam
3011 5677 3072 5735 in
3100 5695 3211 5753 qua
3239 5694 3465 5737 eramus
