3910 6376
487 355 626 418 1075
1559 357 1655 414 DE
1693 358 1884 416 VITIS
1921 359 2089 416 PATI

2177 359 2220 416 Π
2255 359 2471 418 LIBER
2505 359 2657 416 VIII.
3633 355 3763 416 1076

482 485 728 542 maxime
739 490 999 541 metuens
1017 483 1314 540 abscedere
1328 483 1665 556 cogitabam.
1689 486 1799 541 Sed
1817 491 2075 542 metuen-
2092 489 2140 548 Α
2159 487 2368 543 nimus.
2403 489 2548 542 Nam
2576 501 2706 541 cum
2729 485 2854 555 ejus
2877 482 3045 538 verba
3066 498 3101 536 a
3126 481 3360 537 diacono
3387 481 3543 537 dicta
3569 483 3765 539 recita-

483 575 618 631 dum
646 575 752 630 fuit
769 591 840 630 ne
869 573 1068 645 magis,
1085 591 1176 629 me
1204 573 1454 641 absente,
1469 575 1582 630 tale
1603 575 1815 646 aliquid
1831 575 2078 631 facerent
2157 583 2374 643 rentur,
2399 582 2456 630 et
2474 575 2666 631 omnia
2685 573 3046 646 placuissent,
3068 570 3165 625 ubi
3182 587 3388 626 nomen
3411 571 3758 654 interpositae

483 669 541 718 et
554 663 868 719 reverentia
884 664 1070 718 minor
1085 671 1142 718 et
1161 664 1320 718 dolor
1331 663 1634 718 ardentior.
1659 664 1871 718 Deinde
1887 665 1932 718 si
1947 681 2075 720 cum
2159 665 2507 721 necessitatis
2530 664 2799 730 insonuit,
2829 662 3096 717 continuo
3121 661 3489 717 reclamatum
3503 667 3614 728 est,
3640 679 3762 734 pro-

480 752 655 806 fratre
679 751 881 824 Alypio
906 751 1248 806 discederem
1271 768 1372 822 per
1390 753 1660 823 populum
1675 753 2072 824 constipatum,
2158 756 2464 826 missioque
2479 753 2782 825 displicuit,
2814 751 3061 807 tumultu
3089 750 3604 817 recrudescente,et
3621 751 3764 806 nihil

477 841 788 896 cavendum
817 841 926 896 fuit
943 857 1014 896 ne
1039 841 1334 912 quisquam
1355 842 1416 896 in
1439 858 1568 896 eum
1597 832 1830 897 manum
1851 843 2075 898 mittere
2159 845 2312 900 aliud
2340 861 2508 915 quam
2539 843 2738 898 fraude
2768 857 2956 896 secum
2987 839 3099 910 agi,
3132 841 3338 912 populo
3379 835 3754 895 existimante.

481 931 734 987 auderet.
765 931 824 986 Si
850 937 1041 986 autem
1069 930 1191 986 sine
1219 931 1334 998 illo,
1368 948 1492 1003 quae
1516 931 1672 986 frons
1699 939 1847 987 esset
1881 934 2074 988 existi-

476 1019 817 1085 mationis,si
832 1019 966 1092 quid
980 1017 1030 1074 ei
1051 1019 1306 1076 fortassis
1319 1021 1613 1087 accideret,
1632 1027 1689 1076 et
1705 1021 1926 1076 viderer
1944 1040 2074 1078 eum

475 1113 776 1181 propterea
803 1109 1139 1178 deseruisse,
1167 1115 1233 1165 ut
1255 1110 1464 1165 furenti
1481 1111 1689 1182 populo
1714 1111 2076 1168 traderetur?

549 1216 575 1251 ι
609 1197 766 1254 Inter
792 1198 895 1252 hos
924 1203 1095 1253 aestus
1122 1215 1299 1266 meos,
1319 1216 1660 1271 gravemque
1689 1217 1991 1256 maerorem
2019 1207 2076 1256 et

478 1287 690 1342 nullius
717 1287 936 1342 consilii
977 1287 1424 1359 respirationem,
1472 1305 1600 1342 ecce
1647 1294 1880 1360 repente
1905 1296 2074 1362 atque

472 1377 764 1448 inopinate
789 1381 1017 1431 sanctus
1033 1376 1183 1430 ﬁlius
1197 1383 1390 1431 noster
1414 1377 1678 1432 Pinianus
1700 1379 1876 1433 mittit
1895 1380 1966 1433 ad
1986 1396 2076 1434 me

477 1480 702 1520 servum
748 1464 870 1530 Dei,
913 1463 1010 1535 qui
1051 1464 1192 1520 mihi
1220 1465 1433 1520 diceret
1455 1482 1584 1521 eum
1611 1484 1670 1520 se
1698 1468 1838 1522 velle
1870 1470 2075 1540 p0pulo

472 1555 691 1625 jurare,
723 1553 882 1624 quod
909 1553 958 1608 si
995 1558 1145 1607 esset
1180 1553 1472 1608 ordinatus
1513 1555 1740 1623 invitus,
1774 1575 1840 1612 ex
1883 1557 2076 1614 Africa

2156 934 2318 997 Quod
2346 950 2472 988 cum
2524 937 2752 987 sanctus
2779 930 2929 986 filius
2956 934 3148 984 noster
3207 929 3480 984 Pinianus
3507 929 3757 995 vidisset,

2151 1023 2324 1095 jussit
2341 1022 2473 1077 inde
2497 1021 2708 1076 auferri
2723 1034 2928 1074 nomen
2941 1018 3306 1084 necessitatis;
3329 1035 3674 1090 rursumque
3689 1019 3758 1073 ad

2157 1112 2410 1168 laetitiam
2431 1111 2672 1184 populus
2701 1109 2988 1164 remeavit.
3013 1109 3083 1163 Et
3102 1124 3228 1162 cum
3250 1107 3642 1163 lassitudinem
3664 1125 3759 1162 ex-

2157 1218 2434 1267 cusarem,
2451 1201 2572 1254 sine
2600 1217 2692 1254 me
2723 1199 2794 1253 ad
2823 1197 3042 1270 plebem
3071 1197 3333 1252 accedere
3362 1197 3565 1264 noluit,
3587 1197 3756 1252 simul

2159 1290 2516 1345 accessimus.
2547 1288 2700 1344 Dixit
2730 1287 2780 1342 ei
2811 1304 2934 1358 qua:
2961 1303 2996 1341 a
3023 1286 3256 1341 diacono
3280 1285 3474 1341 audita
3505 1293 3672 1341 erant
3699 1303 3757 1341 se

2159 1380 2475 1444 mandasse,
2499 1395 2559 1434 se
2581 1379 2822 1449 jurasse,
2847 1393 3024 1448 eaque
3053 1393 3112 1430 se
3141 1392 3262 1430 esse
3279 1375 3757 1441 facturum,conti-

2161 1485 2386 1540 nuoque
2417 1467 2607 1523 omnia
2638 1483 2704 1522 eo
2725 1472 2922 1521 tenore
2951 1481 3062 1536 quo
3091 1465 3398 1520 dictaverat
3425 1469 3756 1536 prosecutus

2159 1558 2624 1629 est.Responsum
2642 1561 2728 1610 est
2747 1556 2862 1610 Deo
2881 1555 3110 1626 gratias,
3133 1559 3192 1608 et
3223 1554 3463 1626 petitum
3483 1559 3548 1609 ut
3569 1559 3755 1609 totum

477 1642 804 1698 discederet:
830 1641 1059 1696 omnino
1077 1643 1242 1698 credo
1261 1643 1586 1698 existimans
1599 1647 2075 1718 eos,quandoqui-
2157 1647 2429 1718 scriptum
2455 1644 2918 1702 subscriberetur.
2949 1643 3276 1698 Dimisimus
3300 1642 3755 1707 catechumenos,

481 1731 608 1786 dem
637 1733 890 1803 pejerare
921 1747 1035 1786 non
1063 1738 1270 1804 posset,
1301 1747 1414 1787 non
1438 1734 1560 1804 jam
1601 1735 1840 1790 ulterius
1861 1735 2072 1792 infruc-
2154 1736 2532 1807 continuoque
2551 1734 2823 1807 scriptum
2847 1732 3190 1804 subscripsit.
3216 1731 3428 1787 Deinde
3445 1731 3560 1804 peti
3581 1731 3753 1804 empi-

480 1826 643 1876 tuosa
656 1821 1072 1892 perseverantia
1091 1821 1528 1886 clamaturos,ad
1539 1824 1928 1894 expellendum
1948 1827 2080 1882 hinc
2099 1813 2146 1873 Β
2161 1843 2286 1880 mus
2318 1841 2416 1880 nos
2445 1829 2635 1890 69H
2669 1822 2930 1895 episcopi,
2951 1839 3066 1877 non
3085 1821 3310 1877 vocibus
3329 1821 3535 1894 populi,
3549 1821 3646 1876 sed
3670 1827 3752 1876 ta-

477 1909 786 1976 hominem,
811 1925 978 1981 quem
1001 1910 1201 1964 saltem
1221 1910 1428 1966 habere
1457 1911 1791 1968 deberemus
1814 1915 2074 1970 vicinum.
2162 1933 2294 1971 men
2320 1933 2354 1970 a
2377 1914 2584 1987 populo
2613 1929 2714 1984 per
2741 1913 3005 1968 honestos
3053 1911 3266 1976 ﬁdeles,
3309 1916 3376 1965 ut
3400 1927 3501 1965 nos
3527 1925 3751 1982 quoque

479 1999 610 2054 blihi
639 2003 850 2065 autem,
879 1999 1014 2071 quia
1040 1998 1336 2054 videbatur
1367 2001 1844 2058 vehementiorem
1883 2020 2080 2060 eorum
2161 2004 2657 2061 subscriberemus.
2712 2003 2788 2057 At
2843 2000 2939 2057 ubi
2983 2001 3126 2072 coepi
3165 1999 3528 2066 subscribere,
3561 2004 3754 2055 sancta

479 2088 730 2143 dolorem
759 2093 888 2160 post
915 2087 1061 2142 hanc
1091 2089 1438 2159 jurationem
1484 2089 1656 2146 fuisse
1685 2094 2074 2160 metuendum,
2164 2093 2407 2150 Melania
2431 2090 2786 2148 contradixit.
2826 2090 3062 2146 Miratus
3092 2106 3219 2145 sum
3255 2105 3429 2160 quare
3456 2095 3573 2144 tam
3601 2105 3746 2153 sero,

482 2179 632 2250 apud
661 2195 752 2233 me
772 2178 982 2233 tacitus
999 2177 1171 2232 habui
1197 2197 1210 2245 ;
1241 2183 1300 2233 et
1317 2167 1452 2250 quia
1475 2181 1641 2234 simul
1671 2181 1912 2253 petierat
1927 2189 1992 2238 ut
2011 2184 2081 2237 ad
2165 2183 2324 2255 quasi
2367 2181 2798 2253 promissionem
2826 2179 2982 2234 illam
3021 2185 3080 2234 et
3113 2177 3459 2250 jurationem
3487 2195 3606 2244 nos,
3636 2194 3750 2233 non

481 2284 611 2322 eum
645 2267 915 2333 venirem,
953 2284 1066 2322 non
1109 2267 1323 2322 distuli.
1357 2269 1498 2324 Cum
1531 2269 1668 2323 mihi
1713 2271 1949 2326 dixisset
1977 2273 2084 2327 hoc
2165 2271 2584 2336 subscribendo,
2615 2270 2796 2324 facere
2821 2285 3112 2340 possemus
3139 2267 3532 2322 infectam.Sed
3560 2273 3750 2322 tamen

480 2357 688 2429 ipsum,
719 2357 984 2412 continuo
1015 2362 1074 2412 et
1099 2357 1238 2412 illud
1279 2357 1537 2428 adjunxit
1581 2359 1762 2414 eidem
1785 2361 2080 2431 jurationi,
2167 2359 2638 2432 obtemperavi;ac
2659 2359 2737 2412 sic
2756 2357 3030 2413 remansit
3053 2374 3178 2412 mea
3198 2373 3310 2412 non
3331 2357 3496 2428 plena
3517 2355 3752 2411 subscri-

483 2447 634 2518 quod
654 2445 814 2513 mihi,
833 2447 969 2501 dum
991 2446 1063 2500 ad
1084 2463 1214 2500 eum
1226 2464 1532 2518 pergo,per
1545 2449 1721 2503 alium
1735 2451 1837 2504 Dei
1859 2467 2084 2506 servum
2168 2451 2304 2523 ptio,
2338 2467 2439 2504 nec
2470 2449 2615 2503 ultre
2649 2447 2810 2502 nobis
2839 2447 3136 2518 quisquam
3179 2451 3245 2501 ut
3283 2444 3752 2500 subscriberemus

484 2537 869 2601 mandaverat,
902 2535 973 2590 de
992 2537 1291 2607 praesentia
1319 2537 1530 2592 scilicet
1559 2555 1680 2606 sua,
1705 2539 1752 2592 si
1780 2539 1833 2593 ei
1859 2541 2084 2595 clerica-
2165 2538 2385 2611 putavit
2411 2536 2757 2592 instandum.
2793 2555 2819 2588 »
2852 2537 2983 2592 Haec
3009 2541 3236 2590 sanctus
3262 2535 3625 2605 Augustinus.

485 2631 578 2680 tus
615 2627 898 2681 sarcinam
923 2625 1137 2681 nolenti
1165 2627 1353 2682 nullus
1379 2628 1714 2700 imponeret.
1755 2649 1778 2681 ι
1814 2630 2080 2686 nimirum

487 2730 602 2770 non
630 2715 1008 2770 discessurum
1039 2715 1318 2787 Hippone,
1343 2717 1392 2771 si
1429 2717 1510 2772 sic
1533 2718 1674 2773 liber
1695 2718 1907 2790 absque
1933 2735 2082 2775 nexu

489 2803 784 2858 clericatus
814 2821 935 2858 esse
964 2803 1264 2860 sineretur.

2683 2627 2903 2681 Reditus
2932 2627 3242 2694 Tagastam.

2236 2719 2442 2772 Baron.
2471 2721 2508 2770 ι.
2539 2717 2590 2781 ι’,
2613 2717 2688 2769 ad
2704 2731 2923 2768 annum
2943 2716 3155 2770 Christi
3173 2712 3635 2770 409.-Pinianus
3652 2729 3756 2767 au-

2166 2812 2302 2873 tem,
2336 2805 2485 2876 quod
2515 2819 2638 2875 qum
2677 2820 2778 2874 per
2806 2803 2916 2858 vim
2955 2808 3013 2858 et
3041 2809 3254 2858 metum
3281 2802 3555 2874 pollicitus
3586 2808 3753 2868 esset,

563 2893 702 2946 «Hic
721 2909 825 2963 ego
841 2893 898 2947 in
915 2893 1086 2948 tantis
1099 2894 1393 2964 angustiis,
1415 2896 1573 2967 quasi
1590 2913 1730 2951 aura
1750 2899 2084 2970 respirante,
2170 2914 2230 2950 se
2261 2895 2569 2965 obligatum
2605 2893 2841 2948 minime
2869 2892 3051 2947 teneri
3079 2891 3250 2964 probe
3281 2892 3468 2958 sciret,
3501 2891 3756 2962 sequenti

488 2987 792 3047 recreatus,
811 2981 954 3046 nihil
968 2982 1019 3037 ei
1039 2984 1299 3054 respondi
1319 3003 1331 3050 ;
1351 2985 1448 3039 sed
1469 2986 1540 3040 ad
1569 2986 1802 3041 fratrem
1820 2988 2089 3060 Alypium
2170 2985 2260 3039 die
2277 2985 2422 3038 clam
2447 2999 2562 3038 una
2583 2998 2710 3037 cum
2739 2981 2854 3036 suis
2877 2981 3179 3051 Tagastam
3199 2996 3452 3036 reversus
3479 2987 3581 3035 est.
3614 2981 3757 3046 Quid

487 3071 669 3142 gradu
689 3071 1052 3127 concitatiore
1072 3073 1289 3144 perrexi
1314 3093 1326 3141 ;
1351 3074 1514 3145 eique
1544 3075 1680 3146 quid
1707 3076 1927 3142 dixerit,
1952 3077 2085 3132 dixi.
2171 3079 2360 3128 autem
2379 3077 2500 3126 tum
2531 3071 2771 3143 populus
2801 3071 3172 3142 Hipponensis
3197 3087 3325 3125 cum
3351 3070 3625 3138 rescisset,
3641 3072 3758 3126 Au-

489 3160 676 3216 Atille
699 3164 782 3228 (ut
799 3161 1076 3232 existimo)
1105 3162 1359 3217 devitans
1390 3180 1460 3218 ne
1481 3163 1614 3236 quid
1637 3181 1696 3219 se
1717 3171 1944 3221 auctore
1987 3168 2089 3221 ﬁe-
2112 3179 2154 3238 ο
2171 3162 2433 3233 gustinus
2471 3160 2644 3216 refert
2670 3161 2731 3215 in
2762 3160 2957 3214 eadem
2999 3159 3239 3231 epistola
3265 3159 3336 3214 ad
3364 3157 3624 3212 Albinam
3650 3158 3759 3213 alio

492 3254 596 3316 ret,
631 3250 780 3304 unde
808 3267 905 3305 vos
933 3250 1170 3322 putabat
1183 3252 1418 3307 offendi:
1455 3254 1598 3309 Hinc
1629 3271 1718 3310 me
1747 3255 1981 3328 [inquit]
2002 3273 2096 3312 ne-
2177 3252 2386 3323 scripto
2416 3268 2475 3305 se
2507 3250 2881 3321 signiﬁcasse;
2912 3265 3043 3303 nam
3075 3248 3156 3303 ait
3190 3261 3202 3297 :
3245 3268 3268 3300 ι
3303 3247 3410 3312 Qui
3435 3252 3626 3302 autem
3651 3248 3760 3302 alio

491 3356 585 3394 mo
603 3340 876 3395 consulat.
895 3341 1016 3405 Quo
1035 3341 1249 3408 audito,
1267 3343 1340 3398 ad
1358 3343 1628 3415 populum
1647 3345 2091 3400 tumultuantem

491 3429 746 3500 perrexi;
798 3429 1056 3502 factoque
1100 3431 1344 3496 silentio,
1376 3432 1514 3504 quid
1543 3433 1882 3504 promissum
1919 3441 2090 3502 esset,

491 3534 620 3573 cum
651 3519 1021 3589 promissione
1051 3521 1222 3576 etiam
1247 3521 1552 3592 jurationis
1587 3523 1911 3594 aperui.llli
1941 3540 2090 3591 vero,

492 3607 590 3678 qui
609 3608 790 3662 solum
802 3610 924 3678 ejus
947 3609 1358 3682 presbyterium
1382 3610 1704 3681 cogitabant
1722 3618 1892 3684 atque
1910 3613 2095 3684 cupie-

490 3694 648 3761 bant,
656 3712 768 3751 non
781 3696 862 3751 ita
876 3703 942 3752 ut
962 3698 1231 3768 putabam
1245 3699 1394 3770 quod
1406 3699 1658 3754 oblatum
1673 3700 1857 3756 fuerat
1872 3718 2097 3773 accepe-

493 3791 630 3840 runt
647 3804 659 3853 ;
679 3785 777 3840 sed
793 3786 943 3841 inter
958 3805 1018 3841 se
1035 3787 1451 3859 aliquantulum
1477 3790 1858 3856 mussitantes,
1880 3791 2093 3862 petive-

495 3879 631 3928 runt
659 3879 724 3929 ut
750 3874 1054 3930 adderetur
1073 3876 1254 3931 eidem
1267 3877 1623 3948 promissioni
1643 3885 1812 3951 atque
1819 3881 2093 3950 jurationi

494 3967 564 4019 nt
579 3962 627 4017 si
649 3965 872 4034 quando
889 3965 974 4020 illi
990 3966 1061 4020 ad
1082 3967 1498 4038 suscipiendum
1515 3969 1838 4023 clericatum
1859 3986 2095 4026 consen-

496 4051 606 4107 tire
626 4053 945 4123 placuisset,
967 4055 1190 4110 nonnisi
1210 4056 1334 4126 ipsa
1350 4057 1694 4128 Hipponensi
1707 4059 1940 4112 ecclesia
1953 4075 2091 4114 con-

497 4142 754 4198 sentiret.
773 4143 960 4198 Retuli
979 4144 1049 4198 ad
1070 4160 1220 4211 eum,
1244 4145 1365 4200 sine
1383 4145 1734 4202 dubitatione
1756 4149 1972 4203 annuit.
1991 4149 2096 4204 Re-

500 4232 758 4287 nuntiavi
772 4232 907 4305 illis,
933 4233 1105 4288 laetati
1125 4241 1276 4293 sunt.
1309 4243 1366 4289 et
1382 4251 1506 4290 mox
1517 4236 1862 4306 jurationem
1881 4238 2098 4309 pollici-

496 4327 615 4375 tam
628 4326 1010 4392 poposcerunt.
1025 4323 1248 4377 Reverti
1260 4323 1330 4378 ad
1342 4323 1520 4378 lilium
1534 4330 1788 4379 nostrum
1803 4325 2096 4382 Pinianum

499 4427 742 4482 eumque
765 4410 953 4466 inveni
974 4413 1340 4468 ﬂuctuantem
1367 4412 1707 4484 quibusnam
1740 4413 1922 4470 verbis
1949 4433 2097 4471 com-

2173 3340 2286 3406 die,
2319 3346 2618 3412 postquam
2649 3339 2834 3410 ipsum
2855 3337 3176 3393 discessisse
3194 3337 3527 3404 didicerunt,
3556 3337 3762 3392 fuerint

2175 3435 2380 3495 motus,
2412 3429 2497 3482 vel
2555 3428 2761 3499 linguae
2790 3427 3102 3494 hominum,
3135 3431 3408 3498 quantum
3455 3426 3591 3481 satis
3620 3426 3765 3480 arbi-

2175 3523 2358 3573 tratus
2397 3534 2542 3583 sum,
2585 3517 2869 3571 sanctitati
2912 3522 3106 3571 vestrae
3149 3532 3251 3588 per
3276 3515 3763 3570 commonitorium

2177 3607 2439 3662 intimare
2459 3606 2666 3661 curavi.
2693 3605 2960 3676 Quisquis
2985 3605 3176 3676 itaque
3202 3605 3355 3660 vobis
3379 3605 3662 3660 contraria
3679 3605 3765 3659 his

2179 3715 2302 3770 quin
2332 3697 2555 3751 narravi
2577 3696 2720 3750 forte
2751 3695 3019 3762 narravit,
3052 3701 3152 3750 aut
3170 3695 3458 3760 mentitur,
3491 3701 3592 3750 aut
3615 3695 3762 3749 falli-

2176 3793 2274 3842 tur
2299 3788 2484 3856 (Aug.,
2519 3789 2744 3855 cpistola
2765 3784 2913 3853 215).
2947 3802 2974 3836 n
3005 3785 3132 3839 Haec
3153 3785 3292 3856 ipse.

2247 3875 2406 3940 Quod
2418 3881 2607 3930 autem
2616 3873 2820 3929 Albina
2831 3873 3035 3928 litteris
3047 3886 3350 3945 conquesta
3363 3878 3509 3928 esset
3522 3873 3764 3944 primum

2176 3965 2444 4020 adversus
2469 3965 2867 4036 Augustinum,
2887 3964 3037 4035 quod
3055 3963 3123 4018 ad
3141 3963 3443 4034 jurandnm
3467 3962 3764 4018 Pinianum

2174 4056 2513 4122 induxisset;
2544 4054 2803 4126 quodque
2833 4053 3002 4108 etiam
3031 4053 3129 4106 illa
3155 4053 3480 4124 suggillaret
3499 4053 3762 4125 populum

2180 4146 2596 4217 Hipponensem
2629 4159 2820 4197 amore
2840 4142 3085 4197 illectum
3111 4143 3357 4214 pecuniae
3375 4141 3555 4196 virum
3573 4142 3765 4214 praedi-

2178 4234 2348 4290 vitem
2371 4233 2476 4288 sibi
2493 4232 2785 4287 vendicare
2804 4231 3073 4300 sategisse
3095 4249 3106 4284 :
3130 4247 3258 4286 cum
3275 4248 3340 4286 ex
3363 4229 3432 4286 iis
3461 4249 3530 4285 cx
3543 4231 3764 4303 obliquo

2177 4322 2480 4394 Augustini
2504 4323 2657 4376 fama
2683 4321 3069 4393 impeteretur,
3099 4319 3248 4374 idem
3273 4320 3622 4391 Augustinus
3640 4338 3763 4376 cum

2178 4430 2279 4484 pro
2307 4429 2369 4468 se
2395 4419 2517 4467 tum
2539 4428 2640 4484 pro
2666 4411 2870 4482 populo
2885 4411 3076 4465 eadem
3094 4409 3329 4482 epistola
3354 4411 3765 4465 excusationem

499 4501 771 4572 prehendi
797 4506 982 4572 posset
1011 4501 1109 4556 illa
1137 4518 1264 4557 cum
1295 4503 1575 4573 iuratione
1605 4504 1918 4574 promissio,
1947 4502 2443 4577 prap-Dattexuit.
2475 4502 2544 4556 Et
2571 4501 2721 4556 inter
2743 4501 2856 4555 alia
2882 4499 3019 4555 illud
3048 4499 3306 4563 inculcat,
3336 4516 3395 4554 se
3420 4500 3552 4554 olim
3595 4501 3764 4554 civem

499 4597 588 4647 ter
614 4592 974 4646 necessitates
1001 4591 1301 4658 irruentes,
1326 4609 1449 4664 quas
1473 4601 1699 4664 possent
1725 4611 1853 4648 eum
1881 4600 1943 4649 ut
1971 4595 2094 4649 abs-

498 4681 722 4736 cederet
731 4698 950 4750 cogere.
976 4681 1334 4736 Simuletiam
1349 4682 1482 4753 quid
1500 4683 1725 4738 timeret
1739 4684 2002 4748 ostendit,
2019 4702 2092 4740 ne

500 4769 626 4841 quis
650 4769 909 4824 irruisset
935 4770 1153 4824 hostilis
1170 4771 1444 4837 incursus,
1467 4773 1563 4843 qui
1585 4779 1735 4827 esset
1757 4773 2094 4829 discessione

499 4859 778 4913 vitandus.
813 4858 1047 4913 Volebat
1068 4860 1198 4914 addi
1219 4866 1412 4915 sancta
1435 4862 1679 4917 Melania
1699 4868 1757 4918 et
1777 4863 1924 4918 aeris
1950 4880 2098 4918 mor-

499 4946 616 5002 bidi
647 4949 1163 5016 causationem,sed
1191 4951 1343 5006 illius
1364 4953 1727 5024 responsione
1756 4954 2096 5024 reprehensa

499 5038 728 5108 est.Ego
760 5044 950 5092 autem
975 5039 1088 5093 dixi
1129 5056 1354 5111 gravem
1386 5040 1456 5095 ab
1488 5041 1584 5096 illa
1610 5048 1668 5096 et
1695 5058 1807 5096 non
1844 5047 2095 5096 contem-

499 5127 743 5182 nendam
770 5145 997 5182 causam
1027 5130 1376 5185 necessitatis
1427 5131 1725 5201 ingestam,
1779 5148 1902 5202 quaz
1949 5132 2096 5186 cives

499 5217 671 5272 etiam
693 5218 972 5288 emigrare
993 5221 1371 5290 compelleret;
1389 5220 1487 5274 sed
1512 5220 1561 5274 si
1587 5222 1702 5275 haec
1723 5221 1928 5290 pOpulo
1948 5221 2098 5275 dicc-

496 5312 711 5373 rentur,
735 5307 1050 5364 timendum
1075 5325 1196 5362 esse
1223 5324 1293 5362 ne
1322 5309 1468 5363 male
1492 5325 1594 5364 nos
1615 5309 1854 5363 ominari
1884 5309 2098 5364 videre-

499 5411 660 5464 mur;
714 5397 762 5450 si
793 5402 982 5452 autem
1011 5397 1118 5452 sub
1146 5397 1496 5452 necessitatis
1539 5398 1766 5452 nomine
1809 5400 1970 5453 ﬁeret
1999 5417 2096 5454 ex-

498 5485 730 5550 cusatio,
764 5485 987 5540 nonnisi
1019 5485 1433 5540 fraudulentam
1463 5487 1853 5541 necessitatem
1885 5489 2088 5558 putari.

575 5592 600 5624 a
632 5575 1052 5630 Placuittamen
1073 5581 1136 5630 ut
1148 5576 1218 5630 de
1247 5576 1352 5630 hac
1371 5593 1431 5630 re
1448 5575 1901 5648 populianimum
1932 5595 2094 5648 expe-

500 5661 824 5729 rire-muniat
843 5663 981 5720 nihil
997 5664 1148 5719 aliud
1171 5682 1339 5738 quam
1358 5667 1504 5739 quod
1519 5672 1915 5738 putaveramus
1935 5667 2057 5722 inve
2069 5697 2094 5708 -

2174 4593 2577 4662 Tagastensem
2591 4590 2847 4644 eamdem
2863 4589 2974 4643 vim
2987 4587 3056 4642 ab
3072 4588 3416 4660 Hipponensi
3430 4590 3637 4660 populo
3649 4606 3764 4662 pas.

2173 4699 2298 4738 sum
2329 4699 2468 4746 esse,
2501 4697 2612 4736 non
2642 4681 2753 4734 alia
2781 4680 3006 4751 quidem
3026 4697 3091 4734 ex
3113 4695 3281 4734 causa
3299 4679 3410 4733 illis
3430 4679 3501 4734 ad
3526 4680 3580 4734 id
3606 4698 3766 4752 agen-

2175 4773 2312 4826 dum
2347 4771 2622 4843 impulsis,
2657 4787 2825 4841 quam
2854 4769 3097 4841 pietatis,
3130 4773 3195 4822 ut
3223 4785 3386 4839 quem
3419 4769 3604 4824 virum
3623 4770 3765 4841 frugi

2177 4867 2460 4934 putarent,
2494 4860 2752 4915 eumdem
2763 4857 3153 4931 presbyterum
3167 4858 3270 4912 sibi
3283 4859 3648 4930 praeﬁcerent.

2251 4951 2359 5006 Sed
2371 4952 2490 5021 jam
2510 4950 2695 5022 ipsum
2720 4948 3071 5002 audiamus:«
3098 4947 3386 5012 Quomodo
3403 4949 3762 5020 ergo[inquit]

2178 5041 2318 5095 dicis
2348 5040 2452 5094 hoc
2484 5057 2578 5094 eos
2607 5039 2802 5113 fecisse
2828 5037 3153 5109 turpissimo
3200 5037 3450 5108 appetitu
3483 5039 3764 5108 pecuniae?

2177 5129 2366 5184 Primo
2397 5129 2530 5200 quia
2559 5127 2631 5182 ad
2660 5127 2897 5198 plebem,
2928 5143 3050 5197 quae
3081 5125 3373 5193 clamabat,
3406 5127 3637 5182 omnino
3659 5143 3762 5182 non

2177 5219 2442 5290 pertinet.
2485 5218 2640 5273 Sicut
2662 5216 2810 5272 enim
2843 5215 2997 5287 plebs
3024 5216 3400 5286 Tagastensis,
3435 5216 3503 5270 de
3529 5217 3617 5270 his
3646 5235 3759 5289 quae

2178 5308 2536 5363 consuluistis
2549 5305 2801 5362 Ecclesia:
2814 5305 3158 5376 Tagastensi,
3181 5321 3295 5359 non
3323 5304 3486 5360 habet
3510 5306 3615 5361 nisi
3633 5323 3760 5376 gau-

2177 5399 2332 5452 dium
2363 5397 2492 5452 boni
2521 5395 2705 5467 operis
2733 5394 2900 5448 vestri
2925 5413 2937 5460 ;
2971 5393 3048 5448 sic
3076 5399 3133 5448 et
3160 5395 3554 5466 Hipponensis,
3583 5403 3641 5450 et
3667 5412 3758 5450 cu-

2171 5487 2406 5558 juslibet
2435 5485 2668 5540 alterius
2697 5483 2823 5550 loci,
2858 5482 2952 5538 ubi
2994 5483 3063 5537 de
3097 5501 3416 5538 mammona
3447 5485 3757 5556 iniquitatis

2175 5576 2397 5632 Domini
2418 5581 2695 5647 pracepta
2709 5573 3025 5638 fecistis,vel
3050 5573 3184 5628 estis
3204 5573 3518 5644 ubicunque
3541 5574 3752 5628 facturi.

2177 5667 2298 5720 Non
2316 5683 2448 5736 ergo
2469 5663 2877 5737 populus.utdc
2908 5667 3065 5718 tanto
3087 5662 3201 5717 viro
3223 5663 3478 5717 Ecclesiae
3495 5664 3746 5718 consulc-
