3910 6372
179 390 317 449 1077
1210 390 1286 444 IN
1325 389 1661 444 PALLADII
1701 391 1740 444 L

1825 390 1975 445 RUM
2014 386 2415 446 PRzELUDIA.
3306 372 3443 432 1078

165 522 258 572 ret
287 534 425 583 sum,
456 516 848 572 ardentissime
877 516 1157 585 ﬂagitans,
1188 530 1354 568 suum
1389 514 1775 587 pecuniarium
1790 515 2083 582 Avinare;
2115 513 2286 569 habes
2310 512 2367 565 id
2395 511 2582 581 ipsum
2619 521 2877 578 expresse
2906 504 3356 558 demonstratum
3383 498 3446 553 in

167 609 431 679 quaesivit
449 607 804 663 commodum
833 622 867 660 a
894 605 1067 671 vobis,
1091 605 1188 658 sed
1218 609 1468 659 vestrum
1522 604 1770 675 pecuniae
1850 604 2018 659 rebus
2044 603 2219 674 gestis
2246 612 2270 641 ι
2297 600 2547 671 ejusdem
2603 594 2856 651 Melaniae
2882 591 3143 664 junioris,
3168 590 3265 646 ubi
3313 603 3444 679 cum

164 702 560 769 contemptum
590 695 789 750 dilexit
817 694 874 749 in
902 694 1073 748 vobis.
1103 695 1245 747 Nam
1273 694 1319 747 si
1339 694 1398 747 in
1425 709 1515 747 me
1567 693 1771 749 dilexe—
1851 694 2069 748 dicatur
2088 693 2285 747 eadem
2304 689 2467 744 annis
2484 692 2699 758 septem
2718 684 2777 738 in
2797 682 2983 738 Africa
3001 682 3369 745 commorata,
3394 676 3442 732 ai

162 792 306 840 runt
321 768 472 857 quod
500 786 814 850 audierant,
847 783 1037 855 paucis
1056 781 1312 853 agellulis
1342 783 1590 853 paternis
1643 799 1771 838 con-
1849 788 2070 855 repetas
2106 788 2331 852 tempus
2362 780 2484 849 ejus
2514 778 2693 831 Roma
2713 773 2844 828 illuc
2873 768 3250 844 profectionis,
3269 781 3440 839 quam

161 876 419 947 temptis,
449 876 520 929 ad
544 875 644 929 Dei
689 874 922 928 liberam
950 873 1274 926 servitutem
1298 888 1389 925 me
1418 872 1589 926 fuisse
1640 889 1769 927 con-
1849 873 2113 926 accidisse
2142 871 2389 925 diximus
2417 884 2565 921 anno
2589 865 2684 936 qui
2713 861 2997 935 pmmssit
3015 859 3171 914 urbis
3199 858 3435 921 cladem,

160 980 415 1031 versum;
429 981 610 1035 neque
626 964 685 1018 in
698 963 801 1017 hoc
817 962 1137 1016 inviderunt
1152 960 1404 1014 Ecclesiae
1414 961 1760 1029 Tagastensi,
1846 978 2047 1032 nempe
2064 955 2617 1032 quadringentesimo
2634 968 2782 1008 nono
2803 970 2817 1019 ;
2836 956 2892 1006 et
2911 950 2980 1005 ab
2997 965 3062 1004 eo
3075 953 3328 1018 tempore
3342 961 3444 1035 nu-

160 1070 291 1125 quaa
309 1054 546 1108 carnalis
565 1053 747 1125 patria
767 1069 891 1106 mea
913 1058 999 1105 est
1024 1070 1035 1117 ;
1060 1050 1155 1104 sed
1177 1066 1304 1104 cum
1324 1050 1420 1103 illa
1440 1050 1763 1105 clericatum
1846 1066 2030 1103 meres
2060 1054 2273 1120 septem
2303 1048 2429 1101 illos
2453 1062 2648 1109 annos,
2681 1041 2928 1097 invenies
2955 1039 3148 1109 utique
3177 1040 3309 1090 ante
3333 1033 3437 1090 tri-

157 1143 307 1197 mihi
321 1159 432 1198 non
447 1142 825 1214 imposuisset,
848 1140 1070 1211 quando
1094 1143 1414 1209 potuerunt,
1444 1139 1762 1193 habendum
1846 1139 2077 1193 ennium
2106 1143 2190 1208 (ut
2213 1137 2424 1191 dictum
2453 1141 2552 1199 est)
2584 1133 2764 1204 ipsam
2794 1146 2859 1184 ac
2878 1130 3001 1200 ejus
3021 1128 3201 1182 socios
3219 1126 3437 1180 Jeroso-

157 1232 495 1286 invaserunt
525 1252 539 1293 ;
573 1236 783 1302 quanto
814 1229 1143 1299 ﬂagrantius
1174 1228 1232 1282 in
1279 1234 1469 1282 nostro
1528 1227 1762 1282 Piniano

155 1337 358 1376 amare
386 1326 692 1393 potuerunt
710 1325 929 1374 tantam
949 1318 1148 1372 mundi
1185 1318 1354 1388 hujus
1376 1316 1761 1387 cupiditatem,

155 1416 353 1465 tantas
369 1427 521 1482 opes,
538 1415 755 1464 tantam
776 1424 952 1479 spem,
980 1412 1139 1462 tanta
1156 1406 1513 1461 conversione
1531 1423 1763 1478 supera-

153 1504 282 1554 tam
312 1505 482 1570 atque
510 1499 780 1553 calcatam
809 1498 833 1550 ?

235 1589 355 1658 Ego
385 1588 589 1660 quippe
614 1586 921 1642 secundum
941 1586 1247 1640 multorum
1277 1600 1501 1638 sensum
1532 1600 1762 1656 compa-

151 1677 412 1732 rantium
440 1676 771 1748 semeptisos
790 1675 1170 1746 sibimetipsis,
1211 1690 1324 1727 non
1343 1672 1564 1727 divitias
1592 1673 1760 1727 dimi-

150 1767 323 1832 sisse,
350 1766 448 1821 sed
478 1767 549 1821 ad
577 1766 797 1820 divitias
818 1765 1011 1819 videor
1038 1764 1271 1817 venisse.
1306 1762 1407 1815 Vix
1436 1763 1585 1816 enim
1607 1763 1758 1833 vige-

149 1855 304 1910 sima
336 1856 613 1927 particula
635 1872 725 1909 res
751 1871 877 1908 mea
906 1859 1143 1924 paterna
1163 1852 1467 1906 existimari
1497 1856 1682 1922 potest
1702 1852 1759 1906 in
1778 1872 1826 1931 B

146 1945 577 2016 comparatione
594 1944 930 2016 praediorum
956 1942 1235 2005 Ecclesiae,
1250 1958 1373 2011 qua:
1400 1957 1548 1995 nunc
1570 1947 1635 1995 ut
1660 1940 1756 1995 do-

144 2034 344 2088 minus
375 2034 664 2087 existimor
712 2032 1016 2103 possidere.
1052 2050 1077 2082 ι)
1116 2031 1257 2085 Cum
1290 2046 1320 2084 e
1349 2035 1543 2083 contra
1571 2029 1667 2100 qui
1695 2031 1754 2084 in

147 2123 403 2177 Ecclesia
428 2122 690 2177 Africana
728 2122 800 2176 ad
851 2120 1300 2192 presbyteratum
1356 2119 1513 2173 asciti
1543 2125 1747 2185 essent,

139 2212 364 2266 fuerint
392 2212 741 2281 praedivites;
777 2212 925 2265 unde
956 2209 1174 2263 subdit:
1220 2226 1246 2261 α
1279 2209 1342 2263 In
1375 2207 1625 2279 qualibet
1652 2224 1750 2263 au-

140 2306 266 2354 tem
296 2300 539 2355 maxime
568 2300 957 2354 Africanarum
980 2297 1372 2362 Ecclesiarum,
1414 2297 1503 2350 hic
1539 2302 1749 2363 noster,

136 2405 259 2444 non
292 2389 417 2443 dico
448 2389 758 2460 presbyter,
792 2389 889 2442 sed
926 2388 1218 2458 episc0pus
1247 2387 1337 2452 sit,
1393 2393 1749 2457 comparatus

136 2478 404 2550 pristinis
413 2478 673 2549 operibus
686 2478 1001 2544 suis,etiam
1016 2477 1062 2530 si
1076 2476 1265 2529 animo
1277 2475 1617 2529 dominantis
1626 2492 1751 2546 ege-

137 2568 240 2633 rit,
274 2568 667 2638 pauperrimus
689 2567 815 2621 erit.
838 2567 1013 2621 Multo
1043 2582 1176 2635 ergo
1205 2564 1471 2635 liquidius
1499 2570 1557 2618 et
1587 2581 1748 2618 secu-

136 2657 264 2711 rius
295 2656 354 2710 in
401 2657 504 2711 hoc
557 2662 781 2710 amatur
828 2654 1149 2709 Christiana
1200 2660 1521 2724 paupertas,
1545 2653 1603 2707 in
1636 2670 1746 2724 quo

136 2746 305 2800 nulla
319 2761 511 2799 rerum
531 2745 868 2816 ampliorum
892 2749 1075 2815 potest
1100 2742 1287 2814 putari
1306 2742 1603 2812 cupiditas.
1630 2743 1747 2797 Hoc

134 2834 629 2888 accenditanimos
656 2834 866 2905 populi,
888 2834 990 2887 hoc
1018 2833 1077 2886 in
1097 2833 1250 2885 illam
1274 2832 1594 2885 violentiam
1626 2848 1748 2902 per-

134 2923 588 2977 severantissimi
612 2922 871 2976 clamoris
900 2921 1095 2975 erexit.
1118 2922 1239 2975 Non
1270 2938 1364 2973 eos
1386 2920 1564 2991 turpis
1589 2920 1746 2992 cupi-

134 3012 340 3066 ditatis
369 3012 598 3083 insuper
624 3028 949 3065 accusemus
974 3030 988 3079 ;
1022 3011 1117 3064 sed
1143 3010 1320 3079 magis
1337 3009 1564 3075 bonum,
1598 3012 1745 3081 quod

136 3101 254 3172 ipsi
293 3117 407 3154 non
428 3099 653 3167 habent,
696 3101 896 3154 saltem
922 3100 979 3153 in
1009 3099 1134 3153 aliis
1155 3099 1389 3168 diligere
1404 3098 1523 3151 sine
1553 3099 1745 3153 crimi-

130 3206 212 3244 ne
232 3190 647 3260 permittamus.
674 3209 699 3241 »
720 3188 849 3243 Haec
860 3193 915 3242 et
933 3187 1043 3241 alia
1062 3188 1227 3258 plura
1241 3187 1310 3240 ad
1332 3187 1746 3241 excusationem
1764 3189 1806 3249 C

128 3279 351 3349 ingerit
371 3278 737 3348 Augustinus.

212 3368 325 3423 Sed
358 3373 415 3423 et
441 3368 587 3439 quod
617 3367 869 3439 Alypius,
899 3368 1045 3421 sicut
1075 3365 1296 3431 Albina,

125 3461 206 3514 de
242 3460 715 3531 Hipponensibus,
732 3459 955 3513 eosdem
983 3459 1251 3513 nimirum
1277 3474 1467 3512 amore
1487 3457 1738 3528 pecuniae

122 3548 249 3602 vim
290 3549 498 3603 inferre
553 3554 782 3602 conatos
811 3565 930 3601 esse
962 3548 1193 3601 Piniano
1229 3565 1241 3613 ;
1276 3547 1535 3617 quodque
1573 3545 1737 3599 ambo

121 3638 390 3709 ejusdem
411 3638 705 3691 sententiae
730 3644 937 3697 essent,
960 3637 1169 3690 nullius
1190 3654 1311 3689 esse
1360 3636 1563 3705 vigoris
1595 3653 1738 3706 pree-

121 3728 336 3783 stitum
354 3728 739 3797 juramentum
780 3726 831 3780 \‘i
861 3731 1028 3795 atque
1050 3732 1199 3779 metu
1219 3730 1397 3791 698
1425 3710 1735 3792 extorttim;

120 3817 284 3871 idem
317 3822 541 3871 sanctus
565 3815 932 3886 Augustinus,
967 3815 1107 3869 sicut
1136 3815 1203 3867 ad
1226 3814 1424 3885 ipsam,
1460 3814 1539 3868 ita
1569 3814 1740 3867 etiam

118 3906 203 3959 ad
232 3905 500 3976 Alypium
539 3905 804 3959 adversus
833 3905 952 3957 haec
980 3904 1101 3975 ipsa
1138 3904 1352 3957 litteras
1377 3903 1531 3957 dedit
1551 3905 1734 3971 (Aug.,

117 3998 359 4063 epistola
391 3992 534 4061 121),
563 3994 764 4064 quibus
780 4010 912 4047 sane
941 3998 1175 4063 apparet
1197 3993 1311 4046 haec
1338 3992 1487 4047 inter
1512 4008 1606 4046 eos
1623 4010 1736 4047 non

115 4084 250 4138 sine
312 4088 512 4137 mutua
568 4083 873 4137 offensione
911 4082 1081 4136 fuisse
1130 4087 1432 4146 transacta,
1466 4082 1563 4135 sed
1620 4082 1732 4135 cito

113 4171 376 4225 Charitas
401 4188 622 4225 omnem
643 4171 907 4225 abstersit
934 4170 1229 4225 obductam
1254 4188 1317 4223 ex
1346 4170 1623 4240 ejusmodi
1652 4171 1729 4224 al-

113 4260 438 4315 tercatione
467 4260 804 4331 rubiginem.

529 4352 796 4417 Profectio
823 4352 1309 4416 Jerosolmm‘tana.

188 4441 423 4504 Raram,
444 4444 481 4493 t.
523 4440 573 4492 V.
598 4441 672 4492 ad
689 4456 908 4493 annum
932 4439 1140 4493 Christi
1158 4437 1273 4494 119.
1294 4470 1356 4478 —
1372 4439 1479 4493 Sed
1508 4443 1564 4493 ct
1590 4438 1727 4493 illud

1329 3365 1478 3419 idem
1507 3364 1743 3419 sentiret

1844 1228 2056 1300 lymam
2086 1227 2423 1299 pervenisse,
2454 1230 2512 1280 et
2538 1239 2653 1279 una
2679 1238 2809 1276 cum
2829 1236 2897 1274 ea
2919 1218 3179 1273 Albinam
3199 1221 3438 1270 matrem

1846 1318 2101 1372 Melaniae
2121 1315 2379 1387 junioris,
2397 1319 2462 1368 ut
2481 1314 2602 1383 ejus
2614 1313 2752 1365 Acta
2769 1314 3077 1373 testantur;
3094 1306 3265 1360 fuisse
3283 1320 3440 1359 nam-

1846 1422 1955 1478 que
1971 1406 2117 1461 hanc
2135 1405 2398 1460 Albinam
2417 1402 2644 1458 nomine
2662 1400 2784 1469 conj
2794 1414 2957 1469 ugem
2970 1394 3071 1451 filii
3088 1394 3344 1451 Melaniae
3357 1410 3439 1447 se-

1844 1495 2037 1562 nioris,
2062 1492 2345 1549 Palladius
2359 1490 2789 1563 docet(Pallad.,
2806 1490 2868 1542 in
2882 1488 3155 1549 Lamiam,
3179 1499 3297 1552 cap.
3319 1480 3426 1550 33).

1913 1636 1997 1691 Ab
2026 1636 2147 1708 ipso
2177 1642 2367 1691 autem
2403 1632 2809 1704 Jerosolymam
2840 1628 3083 1684 adventu
3137 1629 3265 1698 post
3318 1623 3437 1679 dies

1842 1726 2214 1795 quadraginta
2263 1724 2584 1779 defunctam
2610 1736 2731 1774 esse
2782 1718 3082 1774 Melaniam
3134 1714 3433 1780 seniorem,

1843 1814 2127 1869 Palladius
2162 1814 2334 1869 tradit
2361 1814 2532 1881 (Idem
2564 1828 2608 1864 ο.
2633 1809 2735 1876 47),
2772 1808 2905 1863 licet
2932 1806 3000 1860 de
3049 1804 3178 1859 aliis
3220 1804 3432 1859 nullam

1836 1902 2040 1957 habeat
2064 1901 2411 1957 mentionem
2435 1920 2449 1968 ;
2483 1916 2622 1972 quos
2642 1898 2779 1953 dum
2801 1896 2884 1951 ait
2901 1894 3137 1949 inferius
3161 1894 3352 1962 (Idem,
3383 1909 3429 1946 c.

1835 1990 1929 2062 49)
1965 1992 2137 2045 vitam
2166 1991 2389 2046 duxisse
2442 1990 2500 2044 in
2548 1985 2857 2058 Campania
2900 1988 2956 2037 et
3013 1982 3221 2049 Sicilia,
3265 1981 3431 2053 plane

1835 2080 2123 2151 ignorasse
2154 2081 2303 2134 visus
2331 2085 2419 2134 est
2446 2095 2510 2132 ex
2536 2075 2850 2147 Augustino
2879 2077 3092 2127 certum
3120 2070 3279 2125 reddi
3308 2086 3434 2123 eos-

1836 2170 1963 2223 dem
1993 2170 2050 2224 in
2097 2169 2285 2224 Africa
2308 2168 2560 2239 degisse;
2593 2165 2837 2220 nescisse
2892 2160 3104 2234 pariter
3131 2176 3197 2215 ex
3242 2163 3433 2214 sancto

1837 2259 2179 2330 Hieronymo
2200 2259 2383 2329 palam
2412 2256 2532 2311 ﬁeri
2559 2255 2785 2310 eosdem
2813 2251 3218 2322 Jerosolymam
3246 2248 3432 2320 profe-

1836 2352 1952 2402 ctos
1976 2365 2095 2401 esse
2129 2370 2140 2405 :
2166 2364 2287 2418 quae
2313 2346 2503 2401 omnia
2537 2342 2805 2417 pluribus
2825 2345 3107 2395 testantur
3132 2340 3271 2393 Acta
3299 2353 3430 2407 san;-

1832 2443 1933 2491 ctae
1963 2437 2216 2491 Melaniae
2238 2436 2499 2507 junioris.
2534 2433 2681 2499 Quin
2711 2431 2883 2487 etiam
2906 2446 2972 2483 ex
3000 2428 3196 2483 eodem
3237 2431 3430 2481 sancto

1830 2525 2144 2595 Augustino
2167 2529 2387 2579 constat
2428 2524 2530 2577 hos
2559 2538 2686 2575 cum
2707 2518 3115 2590 Jerosolymam
3153 2514 3434 2587 pervenis-

1831 2617 1972 2677 sent,
1994 2616 2049 2665 et
2064 2612 2351 2681 Pelagium
2370 2610 2446 2664 ibi
2467 2615 2726 2681 agentem
2748 2606 3109 2671 invenissent,
3134 2604 3318 2676 ipsum
3335 2604 3431 2658 ad-

1829 2700 2111 2754 monuisse
2125 2705 2188 2754 ut
2208 2716 2272 2754 ea
2294 2699 2522 2754 omnino
2543 2699 2844 2752 damnaret
2865 2712 2986 2767 qua:
3003 2693 3072 2748 ab
3094 2693 3429 2749 Orthodoxis

1830 2790 2096 2844 adversus
2126 2806 2253 2843 eum
2285 2788 2662 2859 objicerentur
2690 2805 2703 2853 ;
2728 2786 2911 2858 ipsum
2932 2790 3143 2850 autem,
3175 2783 3329 2838 velut
3348 2783 3430 2838 eis

1829 2878 2332 2949 obtemperantem,
2363 2878 2652 2949 scripsisse
2674 2873 3205 2930 anathematismum
3236 2872 3430 2927 adver-

1829 2966 2060 3020 susillos
2085 2983 2302 3021 errores
2323 2966 2418 3038 qui
2440 2965 2509 3020 ab
2523 2963 2970 3020 Occidentalibus
2990 2962 3049 3016 in
3069 2977 3199 3016 eum
3225 2960 3428 3032 objecti

1829 3061 2015 3110 essent
2051 3074 2062 3122 ;
2087 3056 2184 3110 sed
2214 3071 2383 3126 quam
2432 3055 2621 3109 dolose
2646 3068 2928 3125 quamque
2946 3050 3278 3105 veteratorie
3302 3065 3429 3103 san-

1829 3149 1951 3198 ctus
1978 3146 2325 3215 Augustinus
2345 3143 2585 3215 aperuit.
2620 3142 2724 3198 Sed
2746 3142 2931 3212 accipe
2962 3139 3126 3194 modo
3149 3138 3281 3210 quid
3306 3138 3426 3210 ipse

1828 3233 1897 3285 de
1918 3232 2002 3286 his
2030 3250 2157 3287 cum
2178 3233 2404 3303 Pelagio
2431 3231 2725 3303 agentibus
2738 3229 2957 3301 scriptis
2978 3228 3165 3283 tradat
3187 3245 3199 3281 :
3224 3248 3247 3276 ι
3280 3226 3425 3282 Scri-

1825 3322 2014 3393 psistis
2044 3322 2182 3376 mihi
2210 3339 2337 3376 cum
2366 3321 2594 3391 Pelagio
2634 3337 2729 3374 vos
2760 3319 2959 3390 egisse,
2988 3322 3055 3372 ut
3079 3332 3424 3388 quaecunque

1823 3411 2087 3465 adversus
2102 3428 2230 3465 eum
2250 3410 2589 3476 dicerentur,
2608 3408 2813 3481 scripto
2832 3408 3155 3472 damnaret;
3180 3422 3422 3476 eumque

1819 3499 2041 3565 dixisse,
2095 3498 2453 3555 audientibus
2516 3498 2669 3553 vobis
2712 3520 2723 3555 :
2766 3497 3082 3552 Anathemo
3136 3496 3416 3564 (August,

1821 3590 1884 3642 dc
1939 3590 2149 3643 Christi
2181 3592 2387 3655 gratia,
2413 3592 2451 3643 ι.
2479 3605 2518 3651 ι,
2542 3604 2657 3657 cap.
2693 3588 2764 3654 1),
2795 3592 2899 3641 etc.
2918 3585 3192 3640 Miserunt
3228 3588 3419 3639 autem

1822 3678 1972 3732 dicta
2001 3695 2033 3732 a
2054 3678 2281 3748 Pelagio
2302 3677 2451 3731 idem
2476 3677 2709 3731 Albinus
2731 3675 2997 3746 [Albina],
3022 3673 3307 3740 Pinianus,
3337 3677 3420 3727 at-

1823 3784 1929 3838 que
1957 3766 2199 3821 Melania
2228 3767 2297 3820 ad
2326 3766 2510 3837 ipsum
2540 3765 2938 3835 Augustinum,
2974 3763 3069 3835 qui
3092 3767 3286 3834 postea
3314 3761 3417 3816 sub

1821 3856 2037 3910 Zozimo
2067 3872 2209 3927 papa
2224 3855 2521 3909 contrariis
2550 3854 2772 3925 scriptis
2793 3852 3041 3908 ostendit
3059 3851 3219 3923 impii
3238 3851 3412 3906 haere-

1818 3944 2049 3999 siarchas
2079 3944 2344 3997 fallacias.
2370 3944 2479 3998 Sed
2507 3943 2576 3997 de
2616 3942 2702 3997 his
2732 3942 2891 3998 alias.

1886 4087 1968 4141 Dc
1996 4086 2162 4142 rebus
2191 4093 2380 4141 autem
2408 4082 3115 4157 gestisMelanizejunioris,
3139 4099 3204 4137 ac
3224 4082 3409 4138 Pinia-

1813 4174 1871 4228 ni
1900 4175 2005 4229 viri
2039 4176 2180 4245 ejus,
2214 4192 2278 4229 ac
2332 4175 2630 4240 sociorum,
2679 4174 2931 4245 ejusdem
2977 4172 3231 4228 Melaniae
3283 4172 3410 4227 vita:

1810 4267 1950 4318 Acta
2003 4264 2289 4319 declarant
2341 4283 2353 4317 :
2401 4264 2670 4319 nimirum
2726 4263 3112 4335 peregrinatos
3168 4278 3290 4317 esse
3346 4261 3405 4317 in

1810 4354 2110 4424 Egyptum
2178 4354 2247 4408 ad
2291 4354 2546 4408 visendos
2601 4359 2824 4407 sanctos
2869 4352 3174 4407 monachos
3230 4350 3405 4406 eremi

1813 4444 2050 4510 accolas,
2080 4442 2273 4497 relicta
2331 4442 2532 4497 Albina
2575 4448 2755 4496 matre
2808 4439 2879 4495 ob
2923 4440 3403 4511 ingravescentem

108 4547 182 4583 ex
219 4528 419 4581 eadem
441 4528 620 4581 sancti
650 4528 977 4599 Hieronymi
992 4528 1229 4598 cpistola
1258 4528 1417 4581 velim
1450 4527 1725 4593 observes,
1751 4536 2155 4602 Dsenectutem
2176 4530 2564 4602 Jerosolymis;
2584 4530 2715 4585 inde
2732 4546 2862 4584 vero
2876 4529 3175 4583 redeuntes
3185 4530 3404 4584 Jeroso~

104 4619 310 4690 ipsum
337 4633 450 4671 non
480 4618 664 4672 Paulze
683 4618 864 4688 neptis
894 4622 1115 4671 tantum
1132 4618 1359 4671 nomine
1373 4618 1581 4670 eisdem
1611 4618 1726 4670 Au-

102 4703 351 4775 gustino
363 4708 533 4773 atque
544 4703 743 4775 Alypio
764 4704 1036 4775 episcopis
1048 4704 1287 4757 salutem
1302 4703 1607 4774 impertire,
1629 4702 1727 4756 sed

105 4792 352 4848 nomine
382 4792 551 4846 etiam
572 4792 803 4858 Albinae,
837 4793 1072 4851 Piniani.
1107 4799 1277 4863 atque
1307 4792 1725 4863 llielanire,quos

102 4888 249 4937 ante
262 4886 479 4951 septem
496 4898 673 4935 annos
688 4881 929 4935 diximus
945 4887 1190 4936 versatos
1204 4882 1257 4936 in
1271 4882 1474 4948 Africa,
1495 4886 1552 4935 et
1570 4886 1719 4951 post-

101 4989 183 5026 ca
195 4987 313 5025 una
331 4970 498 5023 simul
511 4970 725 5024 venisse
739 4972 1163 5041 Jerosolymam.
1174 4975 1210 5025 A
1222 4971 1264 5025 it
1275 4971 1424 5025 enim
1438 4971 1664 5037 (Hieron
1675 5012 1685 5022 .
1697 5010 1710 5032 ,

99 5062 344 5130 cpistola
362 5056 428 5114 79
456 5077 504 5112 :«
524 5058 716 5113 Sancti
736 5060 834 5113 ﬁlii
854 5077 1179 5114 communes
1194 5060 1427 5114 Albinus
1445 5059 1708 5131 [Albina],

96 5148 431 5222 Apinianus
454 5148 788 5219 [Pinianus],
814 5155 872 5203 et
909 5149 1150 5203 Melania
1173 5150 1477 5221 plurimum
1509 5167 1602 5203 vos
1632 5168 1718 5203 sa-

93 5240 315 5293 lutant.
343 5254 370 5289 ν
395 5238 523 5291 Haec
546 5237 643 5293 ibi.
670 5238 880 5292 Verum
903 5256 1000 5309 pro
1022 5239 1275 5305 Albinus,
1296 5238 1515 5305 Albina,
1536 5245 1592 5292 et
1618 5255 1717 5309 pro

91 5325 445 5398 Apinianus,
487 5326 757 5381 Pinianus
789 5327 1122 5381 restituendi
1163 5334 1294 5382 sunt
1327 5346 1340 5395 ;
1372 5328 1479 5382 nisi
1512 5332 1716 5401 pmter

88 5415 373 5471 Albinam
394 5420 631 5469 matrem
648 5416 820 5470 fuerit
836 5416 946 5469 illis
966 5416 1199 5470 Albinus
1226 5418 1389 5471 filius.
1418 5419 1523 5472 Sed
1543 5436 1716 5490 quan-

87 5507 195 5570 do,
230 5502 472 5574 inquies,
529 5504 586 5557 hi
646 5506 1051 5576 Jerosolymam
1108 5508 1534 5577 pervenerunt?
1581 5513 1711 5561 ante

86 5591 436 5649 triennium.
472 5593 539 5646 Et
557 5609 627 5646 ne
655 5599 819 5664 putes
841 5611 942 5648 nos
964 5612 1130 5665 agere
1153 5596 1492 5665 conjectura,
1518 5597 1602 5650 vel
1630 5597 1711 5651 di-

169 5730 196 5760 ι
228 5718 469 5773 Exstant
485 5718 634 5790 apud
649 5720 1013 5790 Metaphrast.
1037 5720 1126 5776 die
1143 5719 1203 5778 31
1225 5722 1372 5789 Jan.,
1393 5726 1448 5777 et
1460 5722 1635 5777 Sur.t.
1659 5723 1702 5777 Ι.

1810 4620 2037 4691 lymam,
2072 4636 2324 4673 seorsum
2351 4619 2639 4690 aconjuge
2693 4617 2993 4673 Pinianum
3040 4616 3209 4671 vitam
3236 4633 3402 4672 exco-

1807 4707 1977 4762 luisse
2020 4708 2406 4771 monasticam,
2438 4707 2739 4761 Melaniam
2766 4722 2895 4761 vero
2938 4706 3011 4760 ad
3048 4722 3225 4761 annos
3255 4722 3395 4777 qua-

1806 4795 2117 4850 tuordecim
2137 4796 2287 4866 apud
2319 4801 2569 4850 montem
2617 4794 2819 4850 Oliveti
2861 4795 3108 4849 clausam
3156 4794 3216 4849 in
3260 4794 3401 4849 cella

1799 4901 2199 4955 perseverasse,
2225 4885 2557 4955 duxisseque
2586 4883 2664 4938 ibi
2686 4884 2745 4938 in
2768 4889 3007 4955 angusto
3050 4885 3170 4939 loco
3226 4883 3397 4939 vitam

1797 4974 2009 5043 angelis
2036 4974 2298 5028 similem.
2330 4974 2472 5027 Mira
2500 4973 2723 5043 quidem
2751 4973 2869 5028 haec
2896 4972 3233 5028 videbuntur
3264 4992 3277 5039 ;
3301 4972 3397 5026 sed

1801 5062 1847 5115 si
1879 5064 2004 5133 quis
2028 5064 2177 5133 legat
2199 5080 2321 5133 qua!
2342 5062 2411 5117 de
2432 5063 2685 5134 ejusdem
2695 5062 2949 5117 Melaniae
2969 5063 3094 5117 vitae
3115 5062 3390 5126 instituto,

1801 5157 2103 5223 antequam
2132 5152 2538 5223 Jerosolymam
2566 5152 3029 5224 proﬁcisceretur,
3057 5168 3184 5205 cum
3214 5150 3395 5205 adhuc

1800 5239 1858 5294 in
1889 5242 2051 5295 Italia
2077 5258 2141 5295 ac
2168 5242 2354 5295 Roma:
2383 5241 2732 5311 potissimum
2754 5246 3090 5306 versaretur,
3118 5238 3267 5293 idem
3299 5238 3397 5310 qui

1801 5346 1971 5400 supra
2002 5329 2278 5384 Palladius
2308 5330 2532 5400 scripsit
2553 5331 2808 5393 (Pallad,
2840 5332 2902 5382 in
2948 5330 3214 5391 Lamiam,
3268 5343 3386 5397 cap.

1797 5418 1911 5486 49),
1937 5425 2107 5489 atque
2146 5436 2213 5473 ea
2238 5436 2360 5490 qua:
2392 5418 2461 5471 de
2504 5418 2756 5488 ejusdem
2781 5416 2997 5471 vivendi
3026 5416 3241 5471 ratione
3260 5432 3387 5471 cum

1797 5506 2020 5561 essetin
2048 5513 2246 5574 099
2264 5507 2467 5573 Africa,
2482 5507 2675 5560 eadem
2707 5510 2833 5558 acta
2850 5504 3386 5571 habent;summum

1793 5595 2184 5665 hujuscemodi
2214 5595 2535 5651 monasticae
2564 5594 2688 5648 vita:
2708 5609 2889 5664 genus
2907 5593 3239 5665 tumipsam,
3262 5599 3385 5651 tum
