3910 6408
486 402 509 460 i
518 396 627 460 079

1561 397 1658 453 DE
1693 396 1884 454 VITIS
1920 396 2217 453 PATRUM
2252 396 2469 453 LIBER
2504 396 2656 454 VIII.

3627 396 3771 457 1080

479 529 667 586 virum
695 496 817 601 ejus
842 528 1114 600 attigisse,
1144 526 1295 582 haud
1320 524 1482 581 valde
1511 523 1826 590 mirabitur,
1859 539 1988 579 cum
2016 539 2076 578 se
2090 523 2403 585 Amediam
2429 529 2621 578 autem
2648 524 2871 583 noctem
2898 526 3116 595 martyr
3140 538 3254 578 non
3282 539 3485 595 parum
3505 539 3575 578 ex
3604 540 3666 579 se
3692 525 3769 578 ef-

481 618 554 675 ab
582 619 743 674 initio
771 614 1119 690 penitissime
1145 617 1262 672 Deo
1289 615 1455 671 ambo
1483 615 1846 670 addixissent.

820 707 1092 771 Profectio
1123 708 1755 775 Constantinopolitano.

552 797 716 852 Anno
727 798 934 853 Christi
962 794 1286 852 634.-Hoc
1312 795 1511 850 eodem
1531 810 1680 849 anno
1697 792 1931 864 [Christi
1951 790 2076 857 434,

483 886 627 942 Sixti
656 900 815 959 papae
843 885 897 953 3,
915 885 1216 941 Theodosii
1241 884 1330 951 27,
1356 883 1738 939 Valentiniani
1760 880 1850 949 10,
1877 881 2080 952 impp.]

483 992 594 1049 quo
650 976 881 1031 Proclus
934 975 1084 1031 sedis
1138 973 1772 1045 Constantinopolitanae
1826 971 2083 1042 regimen

482 1065 745 1137 suscepit,
760 1068 952 1119 sancta
967 1063 1211 1119 Melania
1216 1062 1429 1134 junior,
1444 1078 1569 1132 quae
1598 1063 1679 1131 (ut
1703 1060 1966 1130 diximus)
1987 1061 2081 1114 Je-

476 1154 774 1227 rosolymis
795 1154 1164 1209 monasticam
1179 1152 1351 1207 vitam
1367 1150 1589 1222 agebat,
1603 1150 1809 1205 litteris
1824 1167 1857 1204 a
1874 1166 1976 1204 suo
1988 1165 2086 1221 pa-

480 1250 610 1300 truo
638 1243 943 1299 Volusiano
998 1241 1542 1312 Constantinopolim
1587 1240 1894 1295 accersitur
1928 1258 1939 1293 :
1974 1255 2084 1309 quo

480 1350 610 1390 cum
635 1333 895 1398 venisset,
927 1333 1116 1405 ipsum
1146 1331 1516 1386 Volusianum
1552 1329 1923 1385 reluctantem
1954 1328 2088 1383 hac-

479 1429 646 1480 tenus
665 1423 738 1478 ad
762 1421 972 1477 Christi
1019 1421 1187 1475 ﬁdem
1216 1420 1510 1484 convertit,
1544 1425 1601 1474 et
1639 1423 1704 1473 ut
1731 1418 2084 1473 Christianus

482 1518 818 1576 moreretur,
846 1511 1129 1581 vitamque
1160 1514 1599 1580 consequeretur
1620 1512 1912 1571 aeternam,
1963 1514 2085 1562 tum

481 1601 742 1675 precibus
771 1601 843 1656 ad
873 1601 1073 1667 Deum,
1097 1604 1219 1654 tum
1238 1598 1420 1653 verbis
1445 1598 1594 1669 apud
1615 1598 1799 1669 ipsum
1828 1597 2087 1668 infatiga-

480 1692 581 1747 bili
608 1688 794 1747 studio
811 1689 944 1761 egit.
974 1689 1081 1744 Sed
1111 1689 1378 1761 praeclara
1403 1688 1677 1741 memoria
1706 1687 1935 1758 dignam
1965 1687 2087 1740 his-

481 1780 688 1838 toriam
705 1780 1035 1845 recolamus,
1064 1795 1233 1850 quam
1256 1778 1484 1849 quidem
1519 1778 1758 1833 Photius
1789 1777 1847 1830 in
1869 1793 1971 1832 sua
1992 1777 2088 1831 Bi-

2162 614 2309 668 fudit
2335 612 2653 668 suavissimi
2670 611 2876 680 odoris,
2898 618 2956 667 et
2970 613 3253 685 voluptate
3272 614 3455 685 replet
3472 613 3764 668 ineffabili.

2162 703 2434 768 Quocirca
2453 703 2599 757 bona
2619 707 2849 775 accepta
2868 703 3095 768 ﬁducia,
3127 701 3371 758 diluculo
3424 703 3637 759 fretum
3660 720 3767 758 au-

2162 794 2356 849 dacter
2382 793 2623 864 trajecit,
2660 798 2718 848 et
2747 794 3001 864 ingressa
3029 797 3117 847 est
3133 793 3487 864 Byzantium.
3512 793 3765 865 Hippitio

2163 900 2293 938 vero
2320 882 2593 954 excipitur
2615 899 2650 936 a
2663 883 2908 955 quodam
2923 882 3042 936 viro
3065 882 3274 937 illustri
3296 888 3352 937 et
3370 882 3582 954 alioqui
3597 882 3763 949 bono,

2163 972 2390 1027 nomine
2418 972 2646 1043 quidem
2674 972 2857 1027 Lauso
2890 972 2980 1041 (ῃ),
3024 971 3121 1043 qui
3150 971 3221 1027 ad
3248 972 3631 1043 praepositum
3659 973 3766 1027 ho-

2163 1079 2361 1117 norem
2378 1062 2731 1117 ascenderat.

2240 1152 2493 1207 «Invenit
2505 1156 2696 1206 autem
2712 1140 2879 1206 suum
2890 1167 3112 1223 quoque
3128 1150 3765 1223 patruumVolusianum

2168 1241 2327 1312 gravi
2355 1241 2551 1296 morbo
2573 1258 2900 1313 oppressum
2926 1259 2939 1309 ς
2969 1241 3065 1313 qui
3094 1242 3218 1312 ejus
3245 1240 3499 1295 habitum
3521 1241 3768 1295 admira-

2171 1337 2283 1398 tus,
2300 1330 2607 1403 formzeque
2618 1336 2674 1385 et
2693 1331 2927 1386 vestitus
2942 1330 3254 1385 incredibili
3268 1336 3326 1385 et
3338 1330 3632 1403 inopinata
3648 1336 3765 1384 stu~

2172 1421 2424 1493 pefactus
2446 1421 2759 1476 mutatione
2782 1423 3132 1489 (extenuatus
3156 1420 3305 1475 enim
3322 1419 3624 1475 admodum
3640 1425 3766 1475 erat

2169 1511 2355 1564 vultus
2373 1511 2495 1581 ejus
2525 1509 2967 1579 exercitatione),
2993 1524 3201 1581 magna
3238 1524 3369 1563 voce
3401 1508 3759 1563 exclamavit:

2168 1600 2214 1655 Ο
2245 1601 2469 1672 qualem
2493 1617 2558 1654 ex
2578 1600 2796 1671 qualite
2812 1598 2992 1666 video,
3012 1597 3257 1653 Melania
3273 1597 3606 1653 charissima
3628 1597 3640 1651 !
3658 1597 3763 1653 Illa

2168 1706 2299 1743 vero
2323 1705 2391 1743 ex
2408 1690 2530 1759 ejus
2560 1705 2817 1743 sermone
2846 1693 3074 1760 sumpta
3095 1688 3382 1743 occasione
3405 1701 3418 1737 :
3447 1689 3496 1742 Α
3516 1704 3607 1743 me
3628 1703 3767 1759 quo.

2171 1796 2279 1851 que
2298 1779 2521 1852 (inquit)
2535 1778 2703 1847 disce,
2731 1776 2940 1833 obeate
2964 1782 3183 1850 patrue,
3204 1783 3263 1832 et
3288 1777 3472 1849 accipe
3486 1777 3764 1849 judicium

482 1869 761 1926 bliotheca
778 1868 1036 1940 cognovit
1054 1848 1176 1922 esse
1190 1848 1541 1939 germanam,
1561 1867 1695 1920 dum
1717 1866 1835 1938 agit
1852 1867 1921 1921 de
1938 1867 2086 1937 lega-
2105 1848 2153 1909 B
2172 1848 2490 1923 futurorum
2519 1867 2813 1923 bonorum.
2840 1848 2984 1922 Nam
3004 1884 3107 1923 nec
3133 1884 3236 1939 ego
3263 1848 3481 1922 tantam
3508 1867 3764 1939 despica-

482 1958 638 2016 tione
683 1958 996 2025 Volusiani,
1024 1957 1094 2012 de
1122 1955 1369 2013 Melania
1390 1957 1512 2027 ejus
1533 1962 1720 2027 nepte,
1778 1961 1836 2009 et
1889 1954 2086 2010 Proclo

482 2049 762 2122 episcopo,
778 2047 1252 2123 quiVolusianum
1266 2045 1754 2116 Constantinopoli
1764 2043 2083 2116 baptizavit,

484 2154 723 2213 quorum
747 2137 1109 2192 meminimus
1128 2136 1407 2208 superius,
1429 2134 1564 2189 dum
1594 2135 1812 2205 egimus
1838 2134 1907 2188 de
1937 2135 2087 2204 ejus-

482 2228 612 2283 dem
634 2225 926 2282 Volusiani
952 2225 1134 2281 edicto
1154 2225 1421 2281 adversus
1457 2224 1783 2280 Ccelestium
1832 2224 2088 2295 Pelagia-

482 2334 640 2373 num.
664 2315 875 2372 Verum
897 2315 966 2370 de
995 2332 1060 2370 eo
1088 2314 1228 2369 illud
1255 2313 1499 2369 breviter
1516 2313 1903 2385 repetendum,
1940 2313 2089 2367 hunc

485 2408 669 2481 ipsum
699 2422 821 2461 esse
847 2405 1239 2470 Volusianum,
1263 2405 1425 2475 cujus
1452 2403 1833 2458 conversionis
1859 2418 2029 2458 causa
2055 2419 2090 2457 a

486 2503 668 2565 matre
695 2494 1016 2552 Christiana
1048 2511 1150 2566 per
1179 2494 1561 2549 Marcellinum
1587 2492 1879 2547 tribunum
1917 2493 2090 2547 inter-

487 2586 759 2658 pellatum
778 2584 1021 2640 diximus
1040 2586 1297 2638 sanctum
1318 2582 1718 2653 Augustinum,
1752 2588 1816 2636 ut
1844 2581 1913 2636 ad
1934 2580 2091 2637 Chri-

488 2675 563 2731 sti
601 2674 769 2730 fldem
799 2690 929 2729 eum
959 2677 1342 2741 converteret;
1366 2672 1464 2726 sed
1495 2671 1643 2726 datis
1669 2688 1737 2725 ea
1763 2671 1832 2725 de
1858 2688 1919 2725 re
1941 2672 2089 2727 ultro

491 2763 745 2836 citroque
772 2762 995 2830 litteris,
1024 2767 1088 2816 ut
1113 2761 1172 2815 id
1200 2761 1424 2827 faceret,
1448 2760 1518 2814 ab
1549 2760 1671 2832 ipso
1724 2766 1916 2815 sancto
1971 2762 2087 2816 Au-

493 2853 721 2927 gustino
750 2850 1078 2926 persuaderi
1105 2854 1241 2905 tunc
1260 2849 1492 2904 minime
1520 2848 1713 2905 valuit.
1734 2850 1807 2904 At
1833 2849 2093 2922 praestitit

492 2943 723 2999 tandem
751 2942 902 2998 Deus
923 2946 987 2996 ut
1015 2940 1071 2995 id
1095 2941 1182 2996 vel
1200 2957 1325 2995 sero
1354 2940 1582 2996 tandem
1611 2941 1906 3012 perﬁceret
1936 2953 1948 2989 :
1983 2957 2096 3012 qua

492 3040 685 3091 autem
706 3030 1014 3098 occasione,
1047 3029 1169 3103 ipsa
1196 3035 1401 3085 sanctae
1429 3030 1681 3084 Melania:
1731 3030 1872 3085 Acta
1900 3041 1925 3070 ι
1967 3030 2096 3085 sim-

494 3124 626 3198 plici
655 3121 1013 3196 pedestrique
1032 3120 1178 3193 style
1199 3119 1426 3192 quidem
1449 3120 1674 3192 scripta,
1709 3119 1806 3175 sed
1834 3136 1985 3188 vera,
2007 3120 2096 3176 his

493 3211 678 3271 verbis
697 3216 955 3268 reserent
976 3228 988 3264 :
1811 3212 1829 3233 ο

575 3323 599 3355 ε
633 3301 970 3358 Redduntur
989 3298 1245 3355 Melania:
1273 3298 1476 3354 litterae
1502 3297 1573 3354 ab
1607 3300 1729 3369 ejus
1758 3303 1959 3371 patruo
1988 3299 2096 3352 Vo-

496 3392 743 3457 lusiano,
775 3389 872 3464 qui
898 3389 994 3445 illo
1015 3389 1243 3461 quidem
1272 3394 1525 3461 tempore
1547 3392 1770 3443 creatus
1800 3392 1923 3443 erat
1951 3404 2097 3459 prae-

499 3483 679 3539 fectus
706 3482 973 3536 Romanae
1000 3478 1262 3544 civitatis,
1296 3478 1502 3533 missus
1529 3495 1660 3533 vero
1700 3482 1825 3532 erat
1878 3476 2097 3548 legatus

501 3560 838 3645 Byzantium
859 3569 930 3624 ad
950 3568 1252 3624 Eudociam
1278 3564 1710 3640 imperatricem.
1747 3567 1865 3621 Hoc
1910 3572 2099 3622 autem

504 3659 860 3734 signiﬁcabat
888 3658 1143 3730 epistola,
1169 3658 1320 3728 quod
1342 3658 1463 3729 jam
1492 3657 1591 3711 diu
1618 3656 1774 3711 illam
1804 3656 1991 3711 videre
2012 3656 2106 3711 de-

505 3751 801 3807 sideraret.
834 3748 939 3804 Illa
974 3764 1105 3802 vero
1133 3745 1396 3819 cupiebat
1421 3752 1479 3801 et
1505 3746 1632 3818 ipsa
1672 3763 1893 3818 quoque
1920 3745 2109 3799 videre

506 3845 795 3914 patruum,
827 3843 885 3893 et
911 3836 963 3892 ei
984 3836 1325 3908 persuadere
1352 3841 1417 3890 ut
1445 3852 1477 3890 a
1496 3835 1793 3906 gentilium
1816 3835 2114 3889 desisteret

509 3929 792 4002 opinione.
821 3926 1006 3982 Dubia
1048 3931 1238 3980 autem
1270 3924 1465 3991 animi,
1499 3942 1571 3979 ne
1600 3925 1735 3999 quid
1784 3924 2113 3995 imprudens

508 4019 737 4086 faceret,
758 4022 962 4089 praeter
981 4015 1039 4071 id
1058 4014 1207 4087 quod
1225 4015 1341 4070 Deo
1368 4014 1676 4079 videbatur,
1692 4031 1820 4069 cum
1832 4013 2112 4086 aliquibus

509 4108 635 4164 aliis
654 4105 943 4161 monachis
961 4121 1080 4160 rem
1098 4104 1585 4170 communicasset,
1601 4103 1995 4174 permitterent
2016 4120 2114 4157 au-

514 4202 633 4252 tem
662 4196 765 4262 illi,
797 4200 864 4250 ut
891 4199 1082 4267 posset
1100 4193 1405 4265 proﬁcisci;
1438 4193 1726 4264 egreditur
1752 4193 2114 4264 Jerosolymis

514 4286 639 4358 ipsa
665 4284 833 4340 beata
860 4283 1119 4348 Melania,
1151 4282 1690 4353 Constantinopolim
1739 4299 1933 4336 versus
1976 4282 2115 4337 arri-

515 4374 677 4448 piens
687 4373 931 4428 iter.Per
940 4387 1335 4444 quamcunque
1345 4377 1535 4426 autem
1545 4371 1823 4426 transibat
1833 4371 2114 4426 civitatem

516 4463 901 4535 etregionem.
932 4479 1057 4517 eam
1087 4478 1198 4533 quo
1231 4477 1332 4534 par
1359 4466 1483 4515 erat
1496 4477 1688 4515 omnes
1706 4461 2116 4533 prosequeban-

2169 1958 2252 2013 tui
2280 1958 2522 2029 gloriam
2559 1957 2899 2024 habuissem,
2923 1974 3027 2012 nec
3063 1957 3375 2030 pecuniam,
3407 1973 3509 2011 nec
3533 1955 3765 2028 abjecis-

2170 2065 2288 2102 sem
2311 2064 2503 2102 curam
2535 2048 2991 2119 ipsiuscorporis,
3014 2047 3121 2102 nisi
3137 2063 3464 2120 persuasum
3493 2046 3761 2101 haberem

2170 2154 2260 2192 me
2282 2138 2368 2192 his
2396 2136 2721 2209 propediem
2750 2138 2915 2208 longe
2936 2138 3152 2209 majora
3176 2141 3362 2204 σω
3386 2141 3760 2208 accepturam.

2170 2229 2297 2282 Non
2317 2233 2507 2282 autem
2534 2243 2636 2298 per
2672 2244 2731 2281 se
2762 2227 2959 2295 solam,
3003 2228 3101 2282 sed
3151 2243 3253 2300 per
3292 2227 3498 2282 multos
3541 2242 3765 2298 quoque

2172 2317 2377 2372 aliosin
2396 2318 2446 2388 ej
2454 2334 2519 2371 us
2538 2323 2786 2372 mentem
2797 2318 3003 2373 sensim
3015 2317 3300 2390 irrepebat
3312 2317 3475 2371 beata
3501 2316 3762 2383 Melania,

2171 2412 2229 2461 et
2256 2408 2378 2477 ejus
2407 2407 2602 2461 falsam
2635 2407 2961 2479 religionem
2981 2407 3245 2462 studebat
3269 2406 3619 2472 labefactare,
3652 2406 3764 2460 sic-

2170 2502 2236 2552 ut
2261 2497 2433 2551 etiam
2454 2513 2555 2568 per
2574 2497 3055 2568 sapientissimum
3104 2497 3422 2562 Proculum,
3451 2497 3612 2566 cujus
3630 2495 3764 2550 ﬁdei

2171 2594 2307 2644 tunc
2337 2593 2460 2643 erat
2486 2588 2733 2642 creditus
2763 2602 2919 2641 sacer
2965 2585 3151 2641 clavus
3179 2585 3422 2640 ecclesia;
3449 2584 3766 2644 Constanti-

2172 2680 2531 2751 nopolitanae.
2572 2678 2838 2743 Quicum
2888 2676 2965 2737 ad
3017 2692 3144 2731 eum
3194 2675 3454 2742 venisset,
3505 2680 3562 2729 et
3592 2690 3767 2729 suasu

2171 2769 2349 2824 beatae
2406 2768 2661 2823 Melaniae
2717 2783 2845 2821 eum
2899 2766 2970 2821 ad
3021 2766 3285 2838 pietatem
3361 2764 3644 2836 dirigeret,
3716 2765 3765 2818 is

2174 2859 2381 2914 dicitur
2404 2859 2559 2913 illum
2588 2858 2728 2912 adeo
2758 2873 2908 2911 essse
2935 2856 3264 2921 admiratus,
3288 2860 3351 2911 ut
3371 2855 3538 2909 etiam
3563 2853 3767 2908 dixerit

2176 2955 2304 3022 post
2336 2949 2585 3019 agnitam
2616 2947 2929 3014 veritatem,
2961 2945 3108 3017 q‘uod
3139 2946 3375 3001 eiRoma
3403 2950 3519 2999 tres
3534 2943 3767 2998 haberet

2177 3040 2339 3105 tales,
2371 3055 2474 3093 nec
2500 3037 2614 3092 illic
2652 3037 2878 3108 quidem
2926 3052 3132 3092 nomen
3171 3051 3417 3107 unquam
3480 3034 3772 3089 audiretur

2178 3128 2499 3200 gentilium.
2529 3127 2637 3182 Sed
2658 3128 2774 3181 haec
2802 3126 3028 3198 quidem
3054 3129 3267 3199 postea.

2111 3210 2156 3273 Ο
2248 3236 2275 3270 ‹‹
2317 3219 2622 3288 Postquam
2650 3220 2837 3271 autem
2868 3215 3206 3270 Volusianus
3260 3213 3436 3269 sensit
3471 3211 3772 3268 Melaniam

2177 3309 2315 3362 velle
2339 3308 2737 3379 imperatorem
2778 3322 2999 3377 quoque
3027 3305 3098 3359 ad
3151 3304 3208 3359 id
3253 3303 3502 3370 incitare,
3563 3301 3774 3356 veritus

2178 3397 2435 3470 protinus
2463 3412 2533 3450 ne
2564 3395 2868 3450 violentum
2898 3398 2955 3449 et
2972 3409 3084 3449 non
3101 3392 3476 3448 voluntarium
3490 3395 3775 3463 reputare-

2180 3493 2276 3543 tur
2303 3503 2425 3542 esse
2438 3485 2797 3558 baptismum,
2830 3490 2888 3539 et
2916 3500 3084 3555 quam
3105 3500 3170 3538 ex
3195 3500 3260 3538 eo
3280 3487 3427 3537 esset
3443 3484 3774 3536 consecutu-

2183 3594 2298 3644 rus,
2315 3577 2434 3649 ipse
2446 3574 2705 3630 mercede
2720 3574 3052 3646 privaretur,
3076 3588 3198 3627 eam
3219 3589 3253 3626 a
3272 3576 3450 3642 coepto
3468 3567 3773 3643 prohibuit.

2190 3669 2260 3722 Et
2348 3665 2575 3738 quidem
2597 3672 2678 3732 (ut
2703 3664 2953 3718 dicemus
2983 3663 3150 3735 paulo
3178 3658 3329 3734 post)
3341 3676 3459 3715 rem
3474 3676 3509 3714 a
3525 3675 3585 3714 se
3602 3658 3777 3713 adim-

2190 3757 2379 3829 plevit,
2397 3761 2454 3810 et
2479 3754 2739 3826 abjurata
2760 3753 3054 3825 gentilium
3075 3751 3354 3824 opinione,
3385 3749 3675 3804 traductus
3692 3752 3780 3801 est

2193 3847 2266 3901 ad
2297 3846 2602 3901 Christum.
2616 3846 2717 3900 Illa
2742 3849 2934 3899 autem
2948 3859 3050 3897 nec
3078 3842 3316 3896 aliorum
3330 3856 3521 3895 curam
3539 3837 3774 3910 abjecit;

2196 3937 2293 3991 sed
2312 3953 2439 3991 cum
2467 3939 2600 3990 tunc
2620 3940 2768 3989 esset
2820 3940 3013 3988 exorta
3048 3931 3294 3987 Nestorii
3331 3928 3697 4001 blasphemia,
3724 3932 3781 3981 et

2194 4026 2475 4096 malignus
2502 4025 2708 4079 multos
2736 4024 2795 4078 in
2816 4039 3066 4078 errorem
3100 4021 3397 4076 adduceret
3425 4018 3595 4073 etiam
3621 4034 3688 4071 ex
3714 4017 3782 4072 iis

2197 4116 2292 4187 qui
2322 4119 2484 4170 erant
2514 4115 2571 4168 in
2593 4113 2759 4168 verbo
2779 4112 3050 4180 veritatis,
3080 4112 3202 4183 ipsa
3227 4115 3348 4165 erat
3366 4126 3488 4181 qua:
3514 4123 3781 4179 magnum

2196 4204 2462 4258 adversus
2501 4219 2628 4257 eum
2659 4201 2839 4256 inibat
2866 4206 3169 4265 certamen,
3201 4204 3260 4253 et
3286 4215 3489 4253 vanum
3515 4202 3573 4252 et
3618 4197 3783 4250 inane

2197 4291 2466 4347 reddebat
2490 4292 2611 4361 ejus
2622 4290 2930 4362 sophisma,
2960 4306 2996 4343 a
3014 4305 3181 4344 mane
3201 4304 3377 4359 usque
3395 4287 3467 4341 ad
3496 4301 3783 4358 vesperam

2197 4382 2265 4437 iis
2296 4381 2638 4453 respondens
2659 4380 2754 4452 qui
2775 4397 2900 4434 eam
2928 4378 3366 4449 interrogabant,
3397 4375 3698 4447 multisque
3723 4392 3783 4429 ex

2196 4472 2267 4526 iis
2296 4472 2392 4543 qui
2421 4471 2638 4542 decepti
2665 4471 2889 4525 fuerant
2916 4469 3257 4541 persuadens
3283 4472 3339 4522 et
3367 4483 3461 4521 eos
3492 4464 3783 4521 reducens.

513 4558 611 4609 tur
647 4533 860 4609 honore
888 4558 945 4607 et
972 4551 1187 4607 ofﬁciis.
1237 4533 1543 4606 Civitatum
1599 4550 1750 4605 enim
1797 4551 2099 4607 sacerdotes

2200 4560 2576 4626 Quamobrem
2606 4560 2886 4630 malignus
2914 4576 2973 4614 se
2993 4558 3062 4613 ab
3089 4575 3156 4613 ea
3181 4557 3324 4612 vinci
3352 4572 3462 4611 non
3501 4555 3705 4620 ferens,
3728 4555 3783 4608 in

517 4648 573 4700 et
597 4643 888 4716 pontiﬁces
912 4658 1039 4697 eam
1066 4658 1180 4696 non
1212 4658 1382 4714 parvo
1409 4641 1620 4696 honore
1664 4640 1983 4695 afﬁciebant
2014 4660 2026 4709 ;
2059 4646 2118 4695 et

516 4732 847 4788 venerandae
866 4732 1131 4803 virgines,
1151 4736 1207 4786 et
1229 4735 1503 4803 quotquot
1515 4735 1676 4785 erant
1696 4731 1907 4802 egregii
1927 4728 2117 4786 mona-

517 4822 627 4889 chi,
658 4838 784 4877 eam
804 4820 1115 4877 adorabant
1143 4825 1201 4875 et
1218 4820 1560 4887 salutabant,
1583 4825 1642 4876 et
1665 4825 1937 4892 tanquam
1962 4836 1994 4875 e
2011 4837 2116 4875 coe-

516 4912 571 4967 lo
591 4910 905 4966 venientem
930 4909 1294 4982 aspiciebant.

596 5018 625 5055 α
658 5002 801 5056 Cum
832 5004 1021 5055 autem
1052 4999 1296 5056 venisset
1321 4999 1729 5055 Chalcedonem
1755 5005 1813 5057 et
1830 5002 1902 5056 ad
1931 5001 2113 5073 ipsum

520 5090 708 5147 sinum
727 5089 918 5156 maris,
937 5088 1235 5145 verebatur
1248 5089 1485 5161 ingredi,
1510 5096 1569 5145 et
1588 5090 1884 5146 videbatur
1903 5096 2121 5163 pertur-

519 5178 670 5236 bata.
705 5180 960 5234 Ventura
985 5179 1134 5234 enim
1165 5179 1223 5234 in
1253 5179 1555 5234 maximam
1584 5180 1865 5235 civitatem
1918 5180 2121 5235 mulier

522 5286 645 5343 qua!
677 5268 893 5324 vixerat
918 5268 977 5323 in
1025 5269 1439 5333 exercitatione,
1472 5269 1792 5341 quietisque
1818 5275 1876 5323 et
1911 5269 2120 5324 silentii

520 5358 825 5415 maximam
849 5375 1043 5414 curam
1078 5364 1347 5429 gesserat,
1364 5371 1421 5412 et.
1442 5375 1555 5412 non
1573 5362 1899 5430 gustaverat
1916 5359 2124 5413 tumul-

521 5453 615 5504 tus
643 5448 739 5520 qui
769 5453 903 5504 sunt
929 5448 988 5503 in
1014 5449 1255 5516 civitate,
1280 5448 1480 5502 merito
1511 5447 1907 5502 extimescebat
1936 5454 1992 5502 et
2040 5465 2124 5503 re-

520 5535 790 5607 fugiebat.
824 5538 1008 5609 Atque
1036 5536 1264 5591 divertit
1302 5536 1525 5608 quidem
1548 5535 1645 5591 ubi
1681 5540 1801 5591 erat
1852 5537 2123 5608 templum

2196 4651 2379 4705 virum
2412 4651 2533 4722 ejus
2577 4665 2874 4704 conversus
2923 4652 3144 4719 (nempe
3181 4644 3504 4715 Pinianum)
3522 4649 3580 4699 et
3606 4644 3659 4699 ei
3686 4659 3784 4715 ap-

2196 4756 2400 4812 parens
2430 4738 2783 4806 miserabilis,
2804 4755 2929 4792 cum
2953 4736 3177 4808 lugubri
3206 4741 3263 4791 et
3288 4736 3449 4807 nigra
3467 4739 3619 4789 veste
3639 4749 3787 4789 accc.

2198 4830 2282 4884 dit
2310 4830 2380 4883 ad
2408 4846 2552 4895 eam,
2577 4833 2796 4883 terrens
2824 4832 2881 4881 et
2900 4827 3092 4899 gravia
3124 4826 3389 4881 minitans
3417 4843 3431 4891 ;
3462 4831 3521 4879 et
3545 4824 3785 4896 primum

2198 4919 2423 4991 quidem
2449 4936 2509 4973 se
2526 4918 2701 4990 ipsius
2730 4917 3086 4988 imperatoris
3104 4923 3162 4971 et
3197 4917 3317 4987 ejus
3336 4914 3671 4970 famulorum
3698 4928 3791 4967 cor

2201 5014 2553 5064 mutaturum
2583 5012 2640 5061 et
2667 5007 2725 5062 in
2753 5006 3095 5061 contrarium
3146 5005 3553 5063 traducturum.
3593 5002 3788 5057 deinde

2202 5099 2373 5153 etiam
2388 5104 2453 5152 ut
2469 5096 2772 5151 miserabili
2786 5096 2936 5151 exitu
2950 5096 3135 5150 ﬁniret
3149 5097 3788 5166 vitam,procuraturum,

2200 5183 2545 5255 gravissimis
2565 5183 2814 5237 confecta
2844 5180 3149 5236 doloribus.
3172 5180 3274 5235 Illa
3298 5184 3488 5233 autem
3507 5177 3653 5231 hanc
3674 5192 3790 5229 esse

2203 5276 2382 5326 artem
2434 5270 2664 5341 maligni
2720 5270 3060 5341 intelligens,
3119 5267 3325 5324 Christi
3371 5282 3595 5331 nomen,
3650 5264 3791 5336 quod

2201 5361 2591 5432 gravissimam
2620 5359 2700 5413 illi
2730 5360 2955 5431 plagam
2984 5358 3163 5425 affert,
3210 5357 3487 5423 invocans,
3522 5356 3704 5409 effecit
3730 5359 3787 5407 ut

2203 5448 2252 5501 is
2281 5446 2475 5501 statim
2507 5450 2881 5500 evanesceret.
2922 5443 3132 5499 Deinde
3169 5459 3296 5497 cum
3324 5440 3648 5496 accersisset
3665 5456 3789 5494 eum

2207 5536 2296 5609 qui
2324 5553 2451 5591 cum
2481 5535 2602 5606 ipsa
2632 5540 2754 5589 erat
2773 5534 3137 5599 sacerdotem,
3163 5538 3222 5587 et
3239 5531 3534 5603 incepisset
3560 5545 3785 5585 narrare

525 5626 677 5681 omni
708 5642 775 5680 ex
799 5632 959 5697 parte
978 5626 1280 5682 benedictae
1300 5625 1568 5697 martyris
1594 5626 1931 5699 Euphemize.
1965 5627 2128 5683 Circa
2209 5644 2275 5682 ea
2303 5643 2424 5698 quae
2454 5626 2670 5680 viderat
2697 5630 2755 5678 et
2786 5623 3042 5679 audierat
3073 5642 3085 5691 ;
3108 5621 3281 5679 sensit
3299 5628 3525 5693 repente
3548 5620 3789 5675 dolorem

595 5759 618 5787 ³
659 5750 891 5819 Exstant
920 5751 1069 5823 apud
1118 5751 1482 5825 Metaphrast.
1518 5750 1607 5808 die
1636 5751 1836 5808 ultima
1873 5752 2128 5821 Januar.,
2164 5757 2217 5808 et
2252 5753 2402 5819 Sur.,
2435 5756 2573 5807 tom.
2606 5750 2652 5819 Ι,
2686 5750 2882 5805 eadem
2910 5747 3019 5803 die.
