3910 6380
162 402 285 463 1081

1187 402 1265 458 IN
1303 402 1640 459 PALLADII
1670 401 1951 458 LIBRUM
1987 404 2399 463 PRIELUDIA.

3295 402 3432 461 1082

156 530 218 585 in
247 529 565 596 coxendice,
590 544 834 600 eumque
872 527 1012 583 adeo
1053 544 1261 596 acrem,
1294 534 1358 583 ut
1393 545 1583 583 vocem
1611 529 1953 591 ami-Atum
1999 532 2068 586 de
2106 532 2228 603 ejus
2269 532 2392 587 avia
2434 532 2678 587 Melania
2727 532 2967 598 seniore,
3017 530 3429 585 demonstrant.

156 622 312 688 serit,
348 626 407 676 et
434 637 602 675 nemo
640 619 977 674 dubitaverit
1002 620 1060 674 id
1089 637 1210 675 esse
1256 620 1616 675 manifestum
1644 620 1754 675 ini-

154 710 286 765 mici
305 710 599 767 insultum.
633 710 776 763 Cum
805 709 884 763 sic
912 709 963 763 ei
988 709 1293 781 productus
1321 715 1469 763 esset
1496 710 1657 763 dolor
1683 710 1754 765 ad

152 814 251 853 sex
277 815 457 870 usque
485 797 623 864 dies,
652 801 710 852 et
727 798 825 851 illa
843 797 982 852 hora
1004 798 1246 852 maxime
1271 798 1482 852 malum
1503 798 1754 852 intende-

152 893 334 954 retur,
367 903 479 959 qua
527 888 755 959 nigrum
802 892 1119 959 aspexerat,
1171 893 1229 941 et
1274 888 1456 943 minas
1495 888 1754 943 audierat

152 977 373 1046 (aderat
402 976 552 1031 enim
580 977 700 1030 dies
724 976 1037 1047 septimus),
1066 976 1281 1031 accedit
1303 977 1506 1048 aliquis
1540 993 1750 1032 renun-

148 1066 305 1120 tians
327 1071 594 1138 patruum
614 1065 980 1120 Volusianum
1010 1066 1227 1120 venisse
1254 1066 1312 1120 in
1342 1066 1652 1137 periculum
1682 1083 1752 1121 ne

148 1156 450 1228 repentina
469 1160 651 1209 morte
678 1154 852 1209 vitam
880 1172 1010 1209 mox
1040 1155 1248 1210 ﬁniret.

229 1264 253 1296 σ
288 1245 406 1299 Ηοο
436 1248 731 1316 postquam
748 1244 844 1298 illa
860 1244 1092 1309 audivit,
1119 1244 1224 1299 etsi
1246 1249 1475 1316 propter
1499 1244 1751 1299 dolorem

146 1333 469 1388 coxendicis
498 1334 586 1387 vix
606 1349 667 1387 se
705 1338 1161 1404 posset-movere,
1187 1334 1451 1388 manibus
1475 1339 1532 1388 et
1558 1334 1753 1388 lectica

146 1422 411 1494 protinus
439 1422 510 1477 ad
531 1438 661 1477 eum
689 1427 847 1476 vecta
874 1422 1445 1493 proﬁciscitur.Valde
1474 1423 1624 1477 enim
1655 1438 1752 1477 an-

144 1511 393 1583 gebatur
420 1511 626 1576 animo,
661 1528 775 1565 non
805 1511 953 1582 quod
986 1512 1080 1566 ille
1110 1518 1442 1577 moreretur,
1475 1512 1574 1566 sed
1603 1511 1752 1583 quod

146 1605 394 1655 mortem
413 1600 629 1655 subiret
651 1601 874 1663 animm,
889 1606 954 1655 ut
980 1601 1075 1672 qui
1096 1601 1360 1672 baptismi
1384 1601 1754 1673 incorruptio-

145 1706 285 1744 nem
315 1690 566 1744 nondum
595 1695 743 1744 esset
764 1695 1072 1744 assecutus.
1105 1690 1318 1744 Deinde
1348 1691 1498 1744 venit
1522 1690 1751 1761 quidam

1835 621 2079 675 Melania
2099 622 2357 676 Eudocia:
2369 624 2766 690 Jcrosolymam
2774 614 3145 691 proﬁciscenti
3160 620 3426 673 occurrit.

1908 710 2027 764 Hoc
2052 710 2283 782 insuper
2303 711 2423 782 ipso
2453 727 2619 777 anno,
2644 711 2740 782 qui
2768 726 3008 782 sequens
3032 713 3120 763 est
3146 707 3216 763 ab
3245 705 3431 762 Eudo-

1834 798 1935 853 xize
1950 800 2434 871 nuptiis,Eudocia
2452 805 2635 855 mater
2651 800 3009 872 peregrinata
3039 803 3125 853 est
3152 796 3432 867 Jerosoly-

1833 903 1987 943 mam
2012 889 2122 944 voti
2153 890 2401 944 solvendi
2418 906 2606 955 causa,
2629 894 2695 944 ut
2724 890 2978 944 Socrates
3006 886 3183 943 tradit
3195 886 3283 940 his
3302 900 3427 939 ver-

1834 975 1920 1031 bis
1955 996 1965 1029 :
2001 997 2022 1029 ε
2057 978 2401 1034 Theodosius
2428 980 2736 1051 imperator
2755 979 3017 1050 deinceps
3032 979 3177 1049 (post
3195 975 3433 1030 transla-

1834 1067 2045 1121 tionem
2072 1068 2305 1122 Joannis
2322 1069 2708 1141 Chrysostomi
2727 1068 2975 1140 corporis
2990 1066 3216 1133 scilicet)
3238 1078 3431 1136 preces
3516 1128 3525 1135 λ

1835 1156 2058 1211 Christo
2075 1158 2395 1229 oil'erre,qui
2405 1157 2505 1212 bus
2515 1159 2731 1229 gratias
2752 1173 2854 1230 pro
2875 1156 3118 1227 acceptis
3146 1152 3431 1209 beneﬁciis

1834 1251 1985 1315 agat,
2005 1246 2324 1317 Christique
2341 1263 2547 1301 nomen
2562 1248 2668 1301 hoc
2686 1262 2918 1301 munere
2940 1244 3195 1300 obeundo
3208 1242 3430 1298 eximiis

1832 1333 2139 1389 honoribus
2187 1336 2451 1390 decorare
2500 1336 2684 1408 coepit.
2733 1336 2880 1400 Quin
2917 1334 3089 1389 etiam
3120 1332 3433 1387 Eudociam

1834 1425 2129 1495 conjugem
2148 1425 2556 1497 Jerosolymam
2577 1425 2748 1479 misit.
2774 1425 2993 1495 Quippe
3011 1422 3290 1494 pollicitus
3311 1423 3434 1475 erat

1833 1513 1988 1567 illam
2020 1514 2124 1568 hoc
2151 1519 2341 1568 votum
2362 1514 2850 1585 persoluturam,si
2875 1511 3119 1568 ﬁliamin
3139 1510 3429 1565 matrimo-

1835 1601 1992 1656 nium
2019 1602 2345 1657 collocatam
2375 1602 2802 1667 cerneret.Quin
2824 1602 2920 1656 illa
2950 1602 3073 1673 ipsa
3093 1605 3150 1655 et
3172 1598 3432 1654 ecclesias

1833 1692 2329 1762 Jerosolymorum,
2371 1697 2429 1746 et
2466 1708 2660 1746 omnes
2689 1691 2827 1745 alias
2868 1691 2926 1745 in
2968 1689 3202 1744 urbibus
3239 1704 3433 1743 versus

144 1778 316 1846 alius,
342 1778 394 1832 ei
422 1777 745 1849 signiﬁcans
775 1778 1142 1833 Volusianum
1163 1796 1285 1833 esse
1323 1777 1665 1850 baptizatum
1697 1783 1805 1853 et_
1836 1781 2126 1835 Orientem
2148 1780 2301 1846 sitas,
2335 1786 2458 1836 tum
2503 1798 2568 1836 eo
2615 1780 3037 1853 proﬁciscendo,
3053 1784 3175 1833 tum
3199 1779 3432 1832 domum

144 1883 280 1922 cum
321 1882 447 1921 eam
494 1883 639 1937 saepe
681 1866 973 1937 quaesitam
1004 1883 1118 1921 non
1144 1867 1465 1932 invenisset,
1492 1867 1588 1921 sed
1621 1884 1746 1921 eam
1770 1850 2140 1936 Bredeundo,
2181 1871 2348 1925 variis
2394 1850 2739 1926 ornamentis
2779 1869 3085 1925 honoriﬁce
3131 1865 3435 1922 illustravit

144 1954 350 2011 morbo
379 1955 619 2010 detineri
647 1955 952 2022 didicisset,
990 1956 1164 2010 alium
1204 1955 1401 2010 ducem
1431 1972 1626 2010 rursus
1646 1973 1749 2011 na-

142 2049 295 2111 ctus,
323 2062 427 2117 per
452 2044 612 2098 illum
640 2045 706 2098 iit
732 2044 880 2099 ﬁlius
908 2044 1065 2110 lucis,
1101 2049 1158 2098 et
1181 2044 1524 2116 baptismum
1553 2062 1752 2100 conse-

142 2134 363 2205 quitur.
386 2135 526 2188 Cum
554 2134 671 2188 haec
690 2133 742 2188 ei
761 2134 911 2189 dicta
934 2139 1140 2201 essent,
1170 2151 1298 2188 cum
1327 2134 1518 2189 dolore
1549 2135 1751 2189 animm

140 2238 382 2294 prorsus
405 2222 642 2277 cessavit
663 2223 835 2278 etiam
869 2223 1097 2278 morbus
1128 2223 1397 2294 corporis,
1433 2229 1490 2278 et
1527 2223 1752 2279 lumbus

142 2311 380 2382 quidem
411 2311 640 2366 carebat
668 2312 839 2365 etiam
866 2312 1076 2379 dolore,
1110 2318 1167 2366 et
1196 2329 1294 2383 pes
1322 2312 1670 2380 movebatur,
1696 2318 1754 2368 et

140 2401 463 2457 communis
507 2400 769 2456 inimicus
799 2400 1148 2456 afﬁciebatur
1175 2402 1445 2456 dedecore
1471 2421 1483 2470 ;
1516 2401 1656 2455 adeo
1685 2405 1751 2455 ut

139 2489 251 2545 vim
289 2490 572 2563 reliquum
607 2507 711 2563 per
737 2508 797 2545 se
826 2491 948 2562 ipsa
987 2491 1318 2558 conficeret;
1346 2496 1403 2545 et
1431 2490 1527 2562 qui
1555 2494 1748 2562 porta-

142 2578 306 2647 bant,
343 2596 444 2651 pro
473 2596 539 2635 eo
579 2580 727 2651 quod
765 2581 921 2651 prius
967 2579 1286 2651 portabant,
1321 2580 1393 2635 ad
1422 2580 1602 2634 Deum
1632 2580 1751 2633 lau-

139 2668 404 2724 dandum
434 2669 626 2724 statim
680 2685 882 2724 manus
931 2668 1322 2723 extendebant.
1365 2669 1579 2723 Deinde
1622 2685 1751 2723 cum

140 2757 397 2813 venisset
424 2758 496 2813 ad
532 2763 817 2830 patruum,
858 2762 915 2813 et
952 2758 1136 2813 verbis
1167 2775 1297 2812 eum
1341 2759 1747 2825 conﬁrmasset,

141 2853 208 2903 et
259 2848 331 2902 de
366 2865 433 2903 ea
486 2865 609 2920 quae
637 2848 751 2903 illic
789 2852 876 2903 est
912 2848 1024 2902 vita
1070 2848 1444 2914 disseruisset,
1476 2846 1666 2902 laetum
1696 2853 1752 2902 et

140 2936 303 2991 bona
324 2953 424 3009 spe
453 2937 750 3009 praeditum
772 2937 1089 2992 transmisit
1100 2937 1170 2991 ad
1193 2937 1340 2991 viam
1359 2953 1484 3007 quae
1505 2937 1657 2991 ducit
1678 2936 1750 2991 ad

139 3027 354 3093 Deum,
387 3042 516 3081 cum
564 3027 943 3098 pulcherrimo
982 3026 1202 3095 viatico,
1256 3043 1460 3097 nempe
1501 3026 1750 3098 pretioso

140 3115 364 3171 Christi
389 3132 623 3188 corpore
648 3122 707 3171 et
727 3115 998 3187 sanguine
1034 3132 1163 3171 eum
1200 3115 1579 3184 instruxisset,
1593 3121 1651 3170 et
1672 3115 1752 3171 sic

1835 1959 2089 2027 (Socrat.,
2121 1962 2160 2014 ι.
2187 1974 2279 2025 vn,
2310 1977 2429 2029 cap.
2459 1960 2548 2029 46)
2570 1979 2622 2017 .››
2658 1961 2788 2014 Haec
2814 1960 3089 2014 Socrates.
3112 1958 3288 2011 Porro
3310 1971 3432 2027 per-

1832 2048 2090 2104 suasione
2119 2066 2342 2121 quoque
2375 2054 2580 2104 sancta:
2610 2048 2863 2104 Melania:
2884 2046 3146 2119 junioris,
3177 2063 3304 2100 cum
3333 2044 3431 2099 illa

1839 2140 1921 2207 (ut
1951 2140 2211 2208 vidimus)
2254 2143 2401 2193 esset
2443 2137 2947 2209 Constantinopoli,
2981 2134 3308 2207 hujusmodi
3338 2150 3431 2205 pe-

1833 2230 2271 2299 regrinationem
2314 2228 2720 2299 Jerosolymam
2756 2227 3059 2282 Eudociam
3099 2224 3429 2296 suscepisse,

1835 2319 1957 2388 ejus
1970 2320 2109 2373 Acta
2122 2316 2488 2383 testantur,in
2508 2316 2712 2388 quibus
2731 2316 2848 2370 haec
2863 2316 2932 2369 de
2947 2314 3191 2369 Eudocia
3214 2332 3226 2367 :
3247 2332 3270 2364 ‹
3283 2314 3433 2369 Inte-

1830 2408 1939 2462 rim
1954 2412 2141 2462 autem
2173 2407 2307 2461 dum
2328 2407 2444 2461 haec
2455 2404 3009 2477 ﬁerent,imperatrix
3031 2402 3276 2459 Eudocia
3293 2401 3430 2473 [Eu-

1831 2496 2215 2568 doxia]iverat
2259 2495 2635 2551 Antiochiam.
2671 2496 2947 2549 Paruerat
2981 2494 3133 2549 enim
3176 2490 3432 2547 Melania:

1831 2586 2078 2652 monitis,
2111 2602 2239 2640 cum
2278 2602 2346 2640 ea
2382 2586 2625 2639 venisset
2654 2584 3004 2656 Byzantium,
3036 2580 3324 2638 suadentis
3368 2584 3435 2635 ut

1832 2675 1976 2730 hanc
1994 2676 2302 2747 susciperet
2328 2675 2858 2747 peregrinationem,
2887 2678 2945 2728 et
2972 2672 3188 2727 veniret
3205 2672 3430 2725 Jeroso-

1831 2764 2066 2836 lymam,
2098 2770 2165 2819 ut
2186 2764 2402 2819 videret
2429 2765 2550 2819 loca
2566 2770 2779 2831 sancta,
2801 2767 2867 2817 ut
2883 2780 3005 2835 quae
3022 2779 3086 2817 ex
3102 2761 3184 2816 eis
3199 2759 3434 2833 percipi-

1831 2859 1927 2908 tur
1957 2855 2117 2909 ﬁeret
2162 2854 2440 2926 particeps
2488 2852 2962 2909 sanctiﬁcationis.
3015 2853 3158 2907 Cum
3198 2849 3436 2906 Melania

1832 2942 2023 3014 itaque
2045 2943 2097 2997 ei
2128 2943 2490 3014 processisset
2518 2942 2975 3012 obviam,magno
2991 2941 3202 2995 honore
3230 2938 3338 2993 fuit
3350 2936 3435 2992 af-

1832 3033 1976 3087 fecta
2003 3032 2072 3087 ab
2102 3033 2475 3104 imperatrice,
2506 3036 2575 3087 ut
2601 3048 2724 3104 quae
2752 3048 2877 3086 eam
2894 3030 3091 3085 matris
3118 3029 3237 3083 loco
3265 3026 3434 3082 habe-

1832 3127 1938 3189 ret,
1968 3126 2025 3176 et
2049 3121 2264 3176 duabus
2295 3122 2365 3175 de
2393 3120 2576 3176 causis
2606 3120 2970 3192 providentiae
3008 3118 3209 3173 divinae
3241 3121 3437 3187 ageret

138 3209 217 3260 ut
243 3209 370 3260 tuto
410 3206 697 3260 recederet
742 3205 1084 3278 perfecisset.
1117 3206 1187 3260 Et
1212 3205 1332 3260 haec
1374 3204 1599 3277 quidem
1645 3204 1751 3259 hoc
1769 3209 1811 3269 Ο
1828 3212 2062 3282 gratias,
2081 3227 2282 3283 nempe
2304 3210 2453 3281 quod
2484 3226 2660 3282 usque
2683 3208 2823 3264 adeo
2846 3207 3186 3263 celebratam
3212 3207 3436 3262 Jerusa-

140 3294 323 3350 modo
348 3300 509 3366 gesta
526 3300 677 3350 sunt.
714 3317 741 3343 ιι

620 3386 841 3439 Redz'tus
868 3385 1286 3452 Jcrosolymam.

232 3491 264 3527 ιι
286 3473 389 3529 Illa
415 3478 604 3528 autem
638 3489 766 3528 cum
794 3473 1003 3527 multos
1032 3472 1260 3545 quidem
1302 3471 1421 3527 dies
1460 3472 1552 3526 hic
1577 3477 1761 3527 trans-

143 3563 387 3635 egisset,
411 3562 471 3617 in
498 3561 690 3634 paucis
720 3579 850 3616 vero
878 3562 1070 3617 multis
1102 3561 1405 3634 plurimum
1435 3561 1752 3633 protuisset,

142 3659 214 3709 et
240 3658 379 3707 ante
399 3652 540 3708 alios
560 3652 905 3725 imperatrici
933 3657 991 3706 et
1017 3651 1123 3723 ipsi
1139 3651 1468 3723 imperatori
1489 3651 1553 3723 (is
1567 3657 1757 3709 autem

142 3748 284 3800 erat
311 3741 700 3813 Theodosius),
725 3758 857 3797 nam
878 3742 938 3797 in
968 3741 1171 3813 majori
1192 3758 1333 3813 opus
1359 3741 1571 3796 habent
1598 3758 1757 3795 cura-

141 3834 333 3900 tione,
364 3837 429 3887 ut
451 3848 691 3904 quorum
706 3831 880 3886 animi
910 3831 1109 3902 majori
1138 3831 1334 3886 mundi
1356 3831 1538 3902 gloria
1570 3836 1759 3886 essent

140 3921 392 3989 tumidi;
423 3938 552 3977 cum
579 3921 697 3977 haec
716 3926 774 3976 et
801 3921 914 3976 alia
935 3922 1099 3993 plura
1122 3919 1361 3989 fecisset,
1379 3920 1667 3991 egreditur
1687 3921 1758 3975 de

142 4012 404 4068 civitate.
441 4030 464 4062 ι
496 4016 605 4066 etc.

228 4099 559 4156 Pervenisse
587 4104 778 4155 autem
809 4100 990 4172 ipsam
1012 4100 1083 4155 ad
1109 4100 1257 4155 diem
1287 4098 1577 4154 Paschatis
1604 4099 1758 4154 Jero-

145 4190 459 4263 solymam,
491 4194 688 4244 auctor
715 4188 924 4255 subdit,
959 4194 1023 4244 ut
1062 4195 1235 4257 σοι
1274 4190 1442 4262 plane
1464 4193 1752 4261 appareat,

148 4278 425 4351 sequenti
452 4278 523 4333 ab
550 4280 673 4350 ejus
700 4279 944 4334 adventu
973 4296 1121 4334 anno
1150 4279 1374 4335 Domini
1396 4296 1521 4335 eam
1541 4280 1759 4335 Jeroso-

148 4372 381 4443 lymam
416 4368 648 4423 rediisse
681 4388 692 4422 :
727 4370 889 4439 cujus
928 4369 1145 4425 monitu
1173 4370 1476 4425 Eudociam
1500 4369 1759 4425 nonnihil

147 4457 483 4532 profecisse,
510 4474 575 4512 ex
604 4474 670 4512 eo
700 4463 885 4530 potest
911 4458 1169 4530 intelligi,
1196 4459 1344 4530 quod
1370 4465 1428 4513 et
1478 4459 1551 4513 ad
1596 4475 1758 4530 pere-

146 4547 949 4622 grinationemJerosolymam
959 4554 1155 4620 postea
1166 4548 1576 4619 suscipiendam
1588 4549 1761 4603 etiam

150 4639 610 4705 inﬂammasset;
643 4637 867 4708 quando
888 4643 1078 4692 autem
1101 4638 1157 4692 id
1183 4638 1502 4708 contigerit,
1521 4654 1622 4692 suo
1643 4639 1762 4693 loco

151 4727 436 4783 dicemus.
464 4728 639 4781 Porro
677 4743 791 4781 non
832 4726 1137 4781 Eudociam
1170 4728 1485 4798 Augustam
1515 4732 1759 4794 tantum,

152 4817 266 4873 sed
297 4822 355 4872 et
375 4816 751 4872 Theodosium
797 4832 1101 4887 congressu
1131 4816 1385 4871 Melaniae
1425 4833 1547 4871 esse
1576 4816 1763 4871 reddi-

152 4914 290 4963 tum
318 4905 625 4972 meliorem,
650 4922 715 4960 ex
733 4905 902 4960 rebus
917 4913 1111 4977 postea
1138 4906 1450 4961 consecutis
1468 4922 1765 4978 possumus

151 4994 404 5067 opinari.
451 4995 611 5059 Quod
654 4994 804 5050 enim
860 4995 1107 5050 Melania
1152 4995 1437 5050 catholicae
1486 4996 1618 5050 fidei
1646 4995 1763 5051 zelo

153 5088 451 5149 estuaret,
484 5100 587 5155 par
609 5089 696 5139 est
716 5084 944 5139 credere
967 5101 1096 5140 eum
1116 5085 1382 5140 adversus
1402 5085 1765 5141 Nestorianos

154 5174 497 5240 concitasse,
532 5174 984 5246 permovisseque
1013 5180 1078 5229 ut
1105 5175 1349 5230 Nestorii
1369 5174 1496 5229 libri
1526 5175 1765 5247 impera-

153 5263 317 5322 torio
354 5268 681 5319 vetarentur
718 5264 898 5318 edicto
925 5280 937 5320 :
963 5264 1110 5335 quod
1158 5266 1414 5335 sequenti
1455 5281 1623 5332 anno,
1655 5282 1765 5337 quo

154 5356 291 5427 ipsa
320 5352 553 5408 recessit
583 5353 1069 5426 Constantinopoli
1100 5354 1183 5426 (ut
1209 5354 1497 5425 dicemus),
1522 5360 1608 5410 est
1633 5371 1765 5427 pro-

155 5443 504 5513 mulgatum.
523 5442 885 5497 Celeberrimi
907 5443 1136 5514 quidem
1149 5444 1391 5499 nominis
1402 5444 1572 5500 fuisse
1588 5444 1767 5500 Mela-

158 5534 326 5589 niam
360 5536 486 5587 tum
523 5532 759 5605 antiqua
786 5538 1084 5605 parentum
1114 5533 1422 5602 nobilitate,
1456 5540 1579 5590 tum
1594 5536 1767 5590 etiam

162 5621 492 5680 admirabili
553 5622 869 5689 sanctitate,
916 5627 1147 5694 totoque
1191 5624 1397 5679 factam
1441 5624 1562 5679 orbi
1604 5624 1765 5681 Chri-

136 5698 357 5769 ‘stiano
405 5711 778 5779 notissimam,
830 5724 971 5783 quae
1002 5711 1153 5769 dicta
1199 5719 1333 5770 sunt
1376 5719 1497 5771 tum
1525 5715 1594 5771 de
1620 5715 1762 5787 ipsa,

1841 3301 1955 3355 lem
1985 3305 2043 3355 et
2071 3306 2265 3355 sancta
2294 3301 2415 3354 loca
2443 3316 2565 3371 quae
2588 3299 2804 3353 videret
2830 3298 3001 3369 digna
3032 3297 3109 3352 sit
3137 3295 3347 3361 habita,
3378 3299 3438 3350 et

1842 3391 1989 3461 quod
2017 3390 2076 3444 in
2102 3407 2170 3444 ea
2196 3390 2324 3443 talis
2354 3388 2552 3443 matris
2570 3388 2717 3442 facta
2737 3388 2813 3442 sit
2839 3387 2953 3441 ﬁlia
2981 3385 3289 3441 secundum
3318 3384 3436 3457 spi-

1814 3522 1817 3527 .
1839 3480 2032 3535 ritum.
2050 3479 2283 3550 Signum
2305 3483 2388 3534 est
2413 3484 2604 3533 autem
2618 3477 2810 3549 magni
2835 3477 3044 3533 amoris
3060 3474 3437 3549 imperatricis

1838 3569 1898 3624 in
1925 3569 2245 3635 Melaniam,
2277 3568 2427 3639 quod
2456 3585 2571 3623 non
2593 3567 2935 3623 dubitaverit
2961 3571 3184 3622 tantum
3214 3566 3325 3620 iter
3343 3581 3437 3635 ag-

1837 3659 2015 3731 gredi,
2049 3664 2106 3713 et
2128 3675 2193 3713 eo
2220 3659 2502 3724 accedere,
2517 3662 2575 3712 et
2599 3673 2721 3729 qua:
2735 3657 2850 3711 illic
2874 3662 3037 3711 erant
3059 3654 3304 3726 virgines
3315 3659 3438 3709 tan-

1839 3766 2007 3821 quam
2037 3764 2255 3803 sorores
2285 3749 2532 3802 salutare
2562 3753 2620 3802 et
2641 3745 2971 3818 amplexari.

1913 3857 1939 3891 «
1972 3840 2146 3893 Porro
2175 3843 2365 3893 autem
2388 3854 2515 3892 cum
2543 3835 2922 3891 celebraretur
2947 3834 3076 3890 novi
3109 3833 3308 3905 templi
3336 3833 3436 3889 de-

1840 3927 2065 3993 dicatio,
2097 3927 2197 3981 illa
2248 3943 2470 3998 quoque
2510 3926 2725 3990 aderat,
2759 3930 2817 3979 et
2861 3925 3068 3979 festum
3096 3921 3434 3979 celebrabat.

1843 4018 2002 4073 Hanc
2038 4022 2227 4072 autem
2256 4033 2377 4071 rem
2415 4015 2620 4071 bonam
2647 4019 3007 4070 consecutum
3032 4018 3119 4068 est
3170 4013 3440 4084 quiddam

1844 4108 2076 4179 dignum
2097 4106 2330 4177 maligni
2340 4104 2720 4178 improbitate,
2744 4110 2801 4159 et
2811 4102 2943 4159 boni
2961 4103 3064 4159 Dei
3094 4102 3438 4158 virtute.Pe-

1845 4198 1972 4251 dem
2001 4196 2395 4270 imperatricis,
2428 4195 2524 4267 qui
2565 4195 2775 4266 injuria
2814 4193 3083 4249 daemonis
3113 4211 3144 4247 e
3172 4208 3441 4265 compage

1841 4287 1964 4338 erat
1990 4282 2234 4349 luxatus,
2248 4280 2346 4336 illa
2360 4281 2569 4352 absque
2586 4280 2779 4335 dolore
2798 4286 2929 4352 apte
2948 4285 3010 4334 et
3034 4284 3184 4334 recte
3197 4278 3255 4333 in
3273 4293 3439 4333 suum

1841 4373 2025 4428 locum
2059 4371 2324 4426 restituit.
2360 4372 2501 4426 Cum
2529 4371 2648 4426 hare
2674 4376 2732 4424 et
2758 4386 2871 4425 non
2899 4385 3081 4440 pauca
3121 4368 3233 4423 alia
3260 4384 3295 4421 a
3318 4383 3443 4421 ma-

1844 4477 1957 4534 gna
1967 4461 2208 4516 Melania
2225 4460 2564 4532 percepisset
2578 4458 2889 4525 commoda,
2916 4462 2975 4511 et
2995 4474 3054 4512 se
3081 4457 3252 4511 simul
3271 4457 3442 4511 etiam

1846 4551 2175 4606 exsatiasset
2204 4548 2556 4620 spectaculis,
2590 4546 2835 4602 decrevit
2872 4545 3077 4606 reverti
3119 4544 3441 4600 Constanti-

1844 4638 2120 4711 nopolim;
2152 4643 2210 4693 et
2226 4638 2278 4693 ei
2306 4637 2533 4709 quidem
2562 4636 2805 4691 Melania
2823 4651 2951 4690 cum
2968 4640 3243 4707 tanquam
3262 4634 3441 4689 bonas

1845 4728 2077 4783 comites
2106 4727 2352 4782 dedisset
2379 4742 2591 4798 preces,
2624 4725 2806 4796 ipsam
2835 4724 3050 4779 dimisit
3078 4725 3257 4794 (Apud
3278 4724 3444 4778 Meta-

1840 4819 2079 4888 phrast.,
2106 4818 2193 4871 die
2211 4815 2270 4871 31
2298 4817 2560 4883 Decemb.;
2595 4813 2749 4879 Sur.,
2775 4815 2862 4867 die
2885 4811 2947 4870 31
2963 4813 3140 4883 Jan.).
3163 4812 3324 4867 )Haec
3341 4810 3440 4879 ibi,

1846 4907 1945 4963 sed
1974 4906 2042 4960 de
2083 4905 2341 4961 Eudociae
2391 4904 2576 4959 reditu
2617 4902 3162 4976 Constantinopolim
3209 4917 3443 4974 agemus

1846 5013 1996 5052 anno
2024 4994 2300 5067 sequenti,
2336 5010 2446 5066 quo
2472 4994 2725 5064 contigit.
3247 5011 3253 5018 ’

1918 5084 2080 5151 Quod
2107 5100 2236 5140 vero
2248 5084 2321 5138 ad
2339 5083 2640 5139 Melaniam
2652 5086 3169 5156 spectat,quantum
3197 5081 3443 5153 supervi-

1847 5175 2008 5241 xerit,
2033 5191 2145 5229 non
2162 5178 2412 5240 constat;
2451 5174 2550 5228 sed
2579 5172 2719 5228 illud
2747 5178 2965 5228 certum
2995 5177 3097 5239 est,
3121 5172 3301 5242 ipsam
3332 5185 3447 5226 mo-

1848 5264 2063 5320 nastica
2082 5264 2197 5318 vita
2210 5279 2414 5334 magna
2426 5262 2815 5317 observatione
2833 5261 3266 5334 perfunctam,et
3280 5260 3449 5315 mira-

1849 5354 1989 5411 culis
2022 5354 2277 5427 pluribus
2313 5353 2799 5418 illustratam,die,
2824 5368 2994 5422 quam
3018 5350 3306 5422 praenovit,
3335 5350 3448 5405 De-

1850 5444 2090 5500 cembris
2106 5445 2307 5501 ultima
2320 5444 2391 5499 ad
2408 5444 2587 5499 Deum
2602 5442 2954 5513 migrasse,et
2968 5440 3116 5494 inter
3125 5443 3349 5494 sanctas
3365 5455 3451 5494 re-

1847 5534 2019 5589 latam
2039 5533 2419 5590 anniversaria
2444 5531 2717 5587 memoria
2730 5530 2801 5586 in
2824 5529 3068 5585 Ecclesia
3086 5527 3444 5585 celebratam.

2081 5624 2175 5680 DE
2205 5622 2545 5679 PALLADII
2577 5624 2651 5690 (h)
2680 5618 2897 5677 LIBRO
2927 5619 3220 5676 ELOGIA.

1924 5717 2110 5781 σθω
2136 5712 2277 5768 Vide
2293 5712 2444 5768 dicta
2461 5728 2631 5785 supra
2658 5711 2719 5766 in
2739 5710 3046 5782 prolegom.
3078 5708 3327 5780 generali
3362 5706 3448 5776 10,
