3910 6380
172 354 314 412 1085

1473 361 1809 418 PALLADII
1858 358 2279 416 PROOEMIUM.

3306 352 3443 412 1086

165 480 295 565 dica
315 479 547 565 Patrum
568 480 638 534 de
664 481 803 565 ipso.
835 483 1072 537 Sanctus
1089 484 1484 565 Ilieronymps,
1518 487 1679 565 cujus
1710 486 1768 541 in
1783 489 1831 548 A
1847 486 2022 565 giani.
2036 484 2249 565 ‘Sagaci
2268 484 2589 565 conjectura
2613 482 2875 565 su'islocis
2900 482 2959 563 in
2981 496 3149 565 opere
3165 480 3438 565 quosdam

164 552 355 638 .ha‘c‘re
364 552 640 638 judicium
664 552 1369 638 p'robatsanctusGelars‘ius
1386 558 1430 638 Ιἲ
1437 552 1762 638 praefatione

161 622 223 677 in
240 622 382 677 libro
399 622 1036 695 adversus'Pelagianos,
1062 628 1139 681 ait
1168 646 1216 680 :«
1244 622 1526 681 Palladius
1549 629 1762 683 servilis

162 695 433 765 nequitlze
485 696 743 749 haaresim
790 697 1148 765 Pelagianam
1186 698 1503 753 instaurare
1532 706 1763 754 conatus

162 772 269 840 est.
296 787 317 816 ι
350 767 593 840 Sanctus
613 766 978 840 Epiphanius,
1016 769 1176 840 epist.
1202 770 1271 823 ad
1303 771 1575 825 Joannem
1602 772 1761 825 Jero-

159 837 581 918 solymitanum,
601 838 880 918 sic_inquit
906 856 951 890 ει
983 837 1295 918 Palladium
1318 858 1446 895 vero
1478 842 1752 918 Galatam,

158 909 259 1033 qui
291 909 573 979 quondam
606 909 765 963 nobis
793 911 995 964 charus
1026 910 1148 975 fuit,
1185 919 1241 965 et
1264 928 1412 966 nunc
1442 913 1759 967 misericor-

198 980 256 1033 ia
280 980 382 1033 Dei
410 979 640 1033 indiget.
657 996 807 1033 cave.
826 982 958 1033 auia
988 982 1247 1033 Origenis
1276 984 1533 1033 hmresim
1562 985 1759 1033 nrmdi-

198 980 256 1033 ia
280 980 392 1055 Dei_
410 979 640 1049 indiget,
657 996 807 1055 eave,
826 982 958 1055 quia
988 982 1247 1055 Origenis
1276 984 1535 1037 haeresim
1562 985 1759 1055 praedi-

165 1056 259 1124 cat
286 1057 344 1104 et
362 1051 540 1124 docet,
576 1067 646 1104 ne
670 1052 1052 1124 forteraliquos
1083 1054 1150 1107 de
1177 1055 1381 1124 populo
1414 1055 1514 1109 tibi
1544 1051 1757 1109 credito

159 1121 231 1175 ad
263 1122 687 1191 perversitatem
710 1123 798 1176 sui
820 1121 1049 1177 inducat
1074 1121 1298 1179 erroris.
1334 1121 1354 1175 ὦ
1387 1127 1516 1180 Haec
1536 1132 1762 1181 sanctus

162 1192 610 1263 EpiphaniusAt
627 1210 715 1247 res
732 1194 965 1249 Palladii
986 1202 1190 1264 gestas,
1207 1196 1485 1250 vafriciem
1500 1203 1557 1251 et
1570 1198 1761 1251 odium

159 1264 220 1337 i_n
247 1270 504 1337 sanctum
522 1264 930 1337 Hieronymum
943 1266 1200 1337 pluribus
1216 1276 1499 1337 exponunt
1515 1269 1760 1322 Annales

160 1335 553 1410 Ecclesiastici,
575 1341 728 1410 tomo
752 1337 901 1410 V_.Ex
931 1335 1131 1410 quibus
1159 1335 1418 1392 omnibus
1439 1340 1616 1393 disces
1638 1356 1760 1410 quae

157 1406 300 1479 fides
332 1406 649 1479 adhibenda
681 1406 755 1460 sit
789 1406 1048 1462 haeretico
1087 1410 1301 1464 homini
1346 1406 1675 1479 Origenistae
1705 1417 1763 1464 et

157 1477 486 1558 Pelagium,
509 1477 568 1531 in
590 1477 687 1558 his_
703 1480 1014 1558 praesertim
1046 1496 1167 1558 qua;
1196 1481 1268 1558 de
1299 1477 1635 1558 quibusdam
1655 1482 1760 1558 _sui

157 1547 442 1602 similibus
472 1547 761 1603 monachis
802 1551 999 1604 eadem
1052 1547 1283 1607 fuligine
1315 1547 1510 1607 tinctis
1562 1554 1621 1607 in
1655 1553 1761 1607 hoc

160 1634 339 1695 opere
367 1619 585 1695 prodit;
618 1636 682 1674 ac
710 1621 953 1695 maxime
983 1619 1288 1695 verendum
1317 1640 1387 1677 ne
1409 1625 1628 1695 aliquos
1658 1641 1759 1694 pro

1844 552 2007 611 istius
2028 552 2258 611 furfhris
2280 552 2747 609 indicabimus.Ut
2766 553 2943 623 magis
2959 558 3151 623 autem
3167 552 3365 606 faciem
3385 558 3444 606 et

1845 629 2045 706 intima
2073 621 2886 706 Palladiiintrospicias,scito
2899 624 3092 706 ipsum
3120 621 3292 706 fuisse
3322 624 3437 706 dis-

1846 700 2091 771 cipulum
2135 697 2355 771 Evagrii
2380 694 2595 771 Pontici
2633 696 2961 771 Origeuistze
2998 695 3242 771 haeretici
3272 694 3438 749 toties

1845 766 1915 825 ab
1944 770 2187 825 Ecclesia
2208 766 2478 831 damnati,
2508 768 2576 820 de
2607 784 2715 837 quo
2747 768 2907 836 plura
2936 766 3325 820 annotavimus
3357 771 3439 819 to-

1846 859 1936 896 mo
1958 844 2024 907 V,
2063 841 2437 909 (Bibliotheae
2463 840 2712 895 Patrum)
2733 838 2892 890 initio
2912 837 3040 893 libri
3071 837 3438 909 Evagrii.Hoc

1842 914 1911 967 de
1932 931 1991 967 se
2011 908 2253 966 testatur
2280 910 2564 964 Palladius
2592 909 2649 962 in
2691 910 2794 962 hac
2816 909 3105 971 Lausiaca,
3147 925 3276 961 cum
3305 908 3386 961 ait
3420 923 3433 957 :

1847 984 2168 1054 «Respondi
2195 999 2283 1036 me
2313 998 2433 1035 esse
2465 980 2842 1054 peregrinum,
2860 985 2917 1054 et
2942 979 3275 1054 de__Galatiaa
3305 995 3436 1049 par-

1844 1050 2214 1119 tibus—venire,
2244 1061 2301 1107 et
2330 1050 2505 1107 unum
2523 1069 2588 1105 ex
2624 1051 2841 1119 Evagrii
2871 1050 3138 1104 fratribus
3159 1067 3280 1103 esse
3310 1066 3438 1104 con-

1845 1127 2022 1180 fessus
2051 1142 2197 1179 sum.
2253 1143 2277 1175 ι
2328 1124 2483 1178 Idem
2522 1123 2880 1176 affirmarunt
2925 1124 3200 1186 Socrates,
3233 1120 3329 1173 lib.
3361 1136 3434 1186 Iv,

1844 1215 1965 1269 cap.
2018 1196 2114 1269 18,7
2149 1201 2209 1269 et
2231 1195 2600 1269 Nic‘ephorus,
2634 1193 2728 1246 lib.
2779 1208 2854 1258 xI,
2884 1209 3006 1262 cap.
3038 1191 3247 1269 _§’l,_ut
3297 1192 3437 1269 nihil

1844 1264 2050 1322 mirum
2075 1268 2148 1320 sit
2168 1266 2214 1320 si
2245 1264 2438 1319 eodem
2470 1266 2586 1318 luto
2616 1280 2872 1317 errorum
2903 1280 3012 1332 quo
3038 1264 3304 1332 Magister
3331 1264 3439 1317 tin-

1842 1345 1965 1393 ctus
1986 1338 2269 1392 Palladius
2287 1336 2471 1390 fuerit.
2488 1335 2756 1399 Quocirca
2766 1352 2892 1388 cum
2918 1335 3022 1387 hoc
3050 1350 3189 1404 opus
3210 1334 3442 1388 laudant

1845 1412 2102 1465 Socrates
2126 1415 2182 1463 et
2210 1408 2576 1478 Nicephorus,
2612 1412 2676 1478 ut
2701 1422 2815 1459 non
2843 1406 2990 1460 imus
3019 1405 3234 1478 inficias
3263 1405 3441 1478 multa

1843 1482 1925 1535 illi
1954 1482 2135 1535 inesse
2167 1476 2416 1533 utilia'et
2439 1482 2609 1543 recta,
2628 1477 2708 1530 ita
2732 1482 2948 1530 certum
2979 1481 3065 1529 est
3087 1476 3212 1529 illos
3258 1476 3437 1545 qualis

1843 1553 2127 1607 Palladius
2156 1550 2325 1605 fuerit
2360 1566 2472 1604 non
2501 1548 2726 1621 penitus
2754 1552 3108 1619 perspectum
3153 1545 3434 1601 habuisse.

1843 1626 2126 1679 Hactenus
2146 1622 2257 1676 ille.

155 1690 373 1744 sanctis
404 1691 666 1758 venditet,
702 1691 798 1762 qui
833 1692 1062 1747 fuerunt
1091 1694 1441 1765 Origenistze,
1494 1690 1578 1749 vel
1606 1690 1763 1749 Pela-

158 1810 3425 1843 “Mm

1059 1910 1862 2087 mrooemium
1935 1914 2553 2052 auctoris.

235 2163 424 2225 H04
448 2161 514 2214 In
541 2160 645 2215 hoc
666 2160 810 2216 libro
840 2163 1050 2234 scripta
1079 2168 1181 2229 est,
1214 2179 1326 2234 qua
1353 2162 1413 2216 in
1439 2163 1650 2216 virtute
1694 2161 2017 2229 utebantur,
2052 2163 2375 2217 exercitatio
2415 2169 2473 2218 et
2498 2163 2845 2218 admirabilis
2873 2163 2998 2216 vitae
3028 2159 3256 2231 agendae
3281 2158 3429 2213 ratio

150 2248 457 2303 beatorum
487 2254 544 2303 et
571 2256 892 2306 sanctorum
904 2253 1136 2306 Patrum
1158 2252 1252 2323 qui
1273 2252 1553 2323 degebant
1582 2252 1641 2305 in
1666 2251 1998 2317 solitudine;
2039 2258 2105 2307 ut
2131 2270 2225 2307 eos
2246 2254 2581 2308 aemulentur
2608 2270 2671 2307 ac
2703 2253 2996 2307 imitentur
3024 2250 3121 2321 qui
3147 2250 3431 2303 caelestem

154 2338 360 2392 volunt
378 2338 552 2392 vitam
581 2356 765 2410 agere,
801 2348 857 2395 et
886 2358 1008 2411 quae
1038 2342 1107 2395 ad
1136 2358 1373 2412 regnum
1405 2342 1671 2395 ccelorum
1701 2340 1944 2406 deducit,
1977 2341 2125 2395 viam
2155 2343 2402 2412 ingredi;
2449 2359 2771 2413 anuumque
2811 2341 3111 2396 mulierum
3138 2338 3429 2403 memoria,

153 2431 217 2480 et
242 2427 586 2498 inclytamm
607 2433 851 2483 matrum
882 2447 915 2483 a
934 2430 1049 2484 Deo
1080 2430 1501 2501 inspiratarum,
1536 2447 1657 2500 quae
1687 2445 1890 2498 magno
1911 2435 1969 2482 et
1989 2429 2118 2483 forti
2140 2430 2328 2485 animo
2348 2431 2571 2485 virtutis
2594 2429 3004 2485 exercitationis
3025 2443 3291 2499 peregere
3320 2442 3437 2479 cer-

151 2515 402 2580 tamina,
436 2520 500 2570 ut
527 2517 810 2587 exemplar
837 2524 1201 2589 proponatur,
1221 2524 1277 2572 et
1297 2534 1456 2571 amor
1480 2518 1755 2572 excitetur
1780 2517 1850 2571 iis
1883 2535 2005 2589 quae
2048 2520 2405 2574 continentia:
2442 2537 2505 2574 ac
2534 2519 2827 2585 castitatis}
2847 2519 3044 2572 volunt
3070 2532 3271 2572 corona
3292 2514 3438 2568 redi-

155 2604 317 2670 miri,
346 2621 413 2657 ex
430 2604 711 2658 sententia
736 2610 794 2659 et
820 2607 1105 2660 voluntate
1135 2606 1256 2673 viri,
1286 2607 1380 2677 qui
1402 2614 1489 2661 est
1520 2607 1671 2661 varia
1707 2624 1771 2661 ac
1805 2608 2099 2679 multiplici
2140 2610 2394 2664 doctrina
2437 2610 2725 2680 przeditus,
2769 2608 3020 2662 moribus
3059 2607 3342 2678 paciﬁcus,
3380 2609 3438 2658 et

155 2694 334 2748 corde
363 2693 510 2764 pius,
547 2700 847 2764 menteque
874 2696 1190 2765 religiosus,
1226 2701 1283 2749 et
1310 2696 1368 2750 in
1407 2697 1477 2750 iis
1513 2713 1634 2767 quae
1660 2702 1794 2751 sunt
1821 2714 1961 2769 opus
1991 2699 2284 2769 egentibus
2314 2699 2792 2753 communicandis
2831 2697 3099 2763 liberalis,
3125 2702 3181 2751 et
3207 2699 3435 2767 propter

151 2799 389 2837 morum
410 2782 718 2838 bonitatem
748 2785 945 2838 multis
973 2785 1106 2839 viris
1136 2786 1358 2840 eximiis
1384 2792 1470 2839 est
1493 2786 1552 2840 in
1580 2788 1816 2841 summis
1838 2788 2146 2843 honoribus
2166 2790 2515 2860 praepositus,
2549 2795 2606 2843 et
2629 2789 2857 2843 omnino
2886 2787 3201 2842 custoditur
3229 2785 3435 2839 virtute

151 2872 337 2927 divini
365 2872 627 2943 Spiritus.
661 2873 769 2937 Qui
798 2874 1025 2944 quidem
1055 2874 1212 2928 nobis
1237 2876 1426 2945 jussit,
1454 2876 1558 2941 vel,
1585 2876 1631 2929 si
1662 2893 1855 2930 verum
1878 2878 2063 2947 potius
2080 2878 2261 2932 dicere
2291 2883 2565 2949 oporteat,
2591 2878 2663 2932 ad
2685 2894 2880 2932 eorum
2906 2894 3028 2948 quze
3052 2881 3185 2931 sunt
3204 2875 3438 2929 meliora

151 2962 693 3033 contemplationem
714 2962 885 3017 hebes
915 2970 1172 3018 nostrum
1194 2971 1250 3018 et
1279 2965 1540 3019 obtusum
1572 2966 1830 3021 excitavit
1859 2966 2168 3036 ingenium,
2202 2973 2266 3021 ut
2294 2968 2363 3021 ad
2392 2968 2812 3039 proponendam
2857 2967 2926 3020 ad
2964 2966 3299 3020 imitandum
3332 2964 3437 3017 vir-

149 3055 349 3105 tutum
371 3050 782 3105 exercitationis
801 3052 1240 3108 decertationem
1266 3059 1591 3108 sanctorum
1612 3060 1668 3110 et
1696 3055 2103 3110 immortalium
2137 3063 2193 3110 et
2224 3057 2565 3128 spiritalium
2588 3061 2813 3128 patrum
2844 3060 3188 3121 nostrorum,
3222 3054 3338 3125 qui,
3372 3058 3437 3108 ut

150 3144 278 3197 Deo
306 3141 612 3212 placerent,
646 3144 705 3196 in
733 3142 875 3197 dura
907 3149 964 3197 et
1009 3160 1208 3215 aspera
1242 3146 1576 3199 tractatione
1606 3146 1855 3217 corporis
1884 3145 2055 3199 vitam
2096 3152 2350 3216 egerunt,
2387 3147 2784 3217 praeclarorum
2818 3145 3160 3199 athletarum
3196 3145 3371 3197 vitam
3400 3160 3434 3197 a

151 3230 326 3286 nobis
352 3230 690 3302 descriptam
725 3233 795 3286 ad
840 3249 966 3287 eum
1014 3233 1385 3299 mitteremus,
1418 3236 1862 3306 uniuscujusque
1903 3252 1968 3287 ex
1999 3235 2217 3304 magnis
2265 3241 2522 3289 strenuas
2553 3234 2904 3306 praedicando
2954 3234 3209 3288 virtutes.
3253 3233 3436 3288 Divini

151 3325 356 3375 autem
383 3320 553 3390 hujus
581 3326 638 3374 et
665 3321 932 3392 spiritalis
954 3323 1219 3377 desiderii
1248 3329 1468 3378 amator
1493 3330 1574 3378 est
1606 3324 1842 3391 Lausus,
1873 3324 1963 3377 cui
1993 3330 2119 3395 post
2146 3324 2397 3378 divinum
2444 3324 2715 3378 auxilium
2767 3324 3035 3378 mandata
3064 3328 3151 3378 est
3181 3322 3434 3377 custodia

130 3408 433 3468 .divinitus
452 3409 629 3463 amati
653 3415 710 3463 et
735 3411 983 3480 religiosi
1014 3410 1264 3483 imperii.

236 3495 364 3567 Ego
394 3497 566 3567 igitur
594 3498 689 3569 qui
710 3504 766 3552 et
783 3499 976 3569 lingua
998 3516 1124 3554 sum
1150 3500 1483 3566 ineruditus,
1505 3506 1561 3556 et
1577 3502 1888 3573 spiritalem
1913 3502 2287 3573 cognitionem
2304 3503 2539 3557 summis
2554 3502 2965 3575 quodammodo
2984 3501 3155 3556 labris
3175 3501 3358 3572 attigi,
3380 3505 3437 3555 et

153 3586 433 3657 indignus
460 3604 585 3642 sum
618 3588 713 3659 qui
733 3605 1052 3643 recenseam
1076 3590 1393 3660 catalogum
1425 3591 1737 3662 spiritalem
1758 3592 1931 3645 vitam
1963 3593 2251 3662 agentium
2275 3598 2595 3647 sanctorum
2624 3594 2879 3659 Patrum,
2913 3597 2971 3646 et
3002 3592 3050 3646 si
3076 3589 3432 3645 reformidem

155 3676 431 3746 praecepti
458 3676 905 3747 magnitudinem
929 3678 1075 3749 quod
1103 3694 1255 3732 meas
1286 3679 1428 3732 vires
1448 3686 1694 3751 superat,
1733 3686 1791 3735 et
1812 3683 2032 3751 jussum
2062 3699 2209 3752 aegre
2237 3682 2434 3747 feram,
2464 3682 2613 3753 quod
2643 3688 2700 3735 et
2727 3698 2993 3752 magnam
3014 3687 3305 3735 externam
3341 3697 3433 3734 sa-

151 3764 459 3837 pientiam,
493 3771 553 3819 et
582 3766 892 3837 spiritalem
923 3768 1162 3837 requirit
1190 3768 1649 3839 intelligentiam;
1682 3771 1955 3825 reveritus
1979 3777 2167 3825 tamen
2195 3772 2437 3843 primum
2458 3778 2516 3826 et
2545 3773 2666 3842 ejus
2689 3772 2783 3843 qui
2805 3772 2875 3825 ad
2897 3773 3000 3828 hoc
3018 3769 3434 3841 exsequendum

156 3871 270 3909 nos
293 3854 552 3909 excitavit
578 3855 861 3923 virtutem,
895 3863 953 3911 et
978 3864 1246 3929 reputans
1273 3876 1469 3913 eorum
1491 3860 1586 3929 qui
1619 3860 1735 3913 haec
1762 3862 1954 3930 legent
1982 3861 2303 3927 utilitatem,
2338 3867 2396 3915 et
2423 3861 2790 3915 extimescens
2827 3860 3139 3931 periculum
3168 3859 3317 3931 quod
3347 3876 3436 3912 es-

155 3962 288 4001 sem
316 3945 592 4013 aditurus,
626 3946 731 4000 etsi
755 3948 885 4017 jure
915 3964 1111 4018 parere
1142 3965 1480 4015 recusarem,
1514 3966 1642 4003 cum
1671 3951 1960 4021 egregium
1991 3950 2238 4021 primum
2258 3952 2481 4021 jussum
2502 3950 2700 4004 divinae
2730 3950 3113 4020 ascripsissem
3142 3948 3438 4003 Providen-

154 4034 280 4100 tiae,
312 4050 630 4105 magnaque
658 4052 793 4090 usus
821 4052 1001 4090 essem
1030 4036 1340 4107 diligentia,
1373 4044 1695 4093 sanctorum
1743 4042 1977 4094 Patrum
2018 4040 2415 4094 intercessione
2444 4045 2682 4102 erectus,
2724 4040 2796 4093 ad
2842 4057 2910 4093 ea
2954 4056 3078 4094 sum
3116 4056 3433 4110 aggressus,

153 4124 342 4179 veluti
372 4125 615 4195 quodam
645 4125 974 4196 compendio
1004 4128 1399 4197 praeclarorum
1442 4130 1784 4183 athletarum
1831 4136 1888 4185 et
1929 4146 2263 4199 magnorum
2310 4129 2555 4184 virorum
2585 4146 2808 4184 summa
2828 4130 3012 4184 solum
3034 4129 3345 4184 certamina
3382 4134 3440 4184 et

158 4216 337 4286 signa
364 4214 703 4269 describens.

249 4309 437 4369 I305
464 4302 581 4357 Nec
611 4306 961 4361 solummodo
981 4307 1262 4361 clarorum
1292 4307 1558 4375 virorum,
1587 4308 1681 4380 qui
1705 4308 1976 4381 optimam
2006 4324 2070 4362 ac
2099 4308 2624 4380 praestantissimam
2643 4325 2708 4362 ex
2727 4308 2935 4363 virtute
2953 4308 3123 4363 vitam
3142 4325 3325 4380 egere,
3343 4308 3439 4364 sed

160 4394 345 4450 etiam
372 4394 665 4449 beatarum
695 4395 993 4450 mulierum
1015 4412 1136 4467 quae
1157 4396 1214 4450 in
1244 4398 1720 4454 excellentissima:
1749 4399 1873 4453 vitae
1893 4414 2099 4469 genere
2114 4414 2173 4451 se
2202 4398 2435 4452 honeste
2456 4415 2771 4453 exercuere.
2791 4399 2859 4452 Et
2877 4398 3195 4469 aliquorum
3212 4398 3438 4469 quidem

158 4502 234 4540 ex
264 4484 337 4537 iis
364 4500 551 4538 sacros
579 4485 765 4539 vultus
786 4490 850 4538 ut
877 4485 996 4556 ipse
1022 4502 1210 4540 coram
1232 4486 1372 4540 videi
1388 4504 1475 4541 em
1504 4505 1627 4541 sum
1656 4489 1939 4558 dignatus,
1964 4487 2060 4557 qui
2074 4487 2194 4557 jam
2217 4491 2347 4540 ante
2368 4492 2499 4540 sunt
2518 4486 2888 4540 consummati
2909 4487 2966 4540 in
2985 4487 3292 4541 certamine
3317 4487 3438 4557 pie—

158 4572 341 4639 tatis;
375 4572 693 4643 aliquorum
735 4578 926 4628 autem
974 4575 1255 4629 caelestem
1286 4576 1411 4630 vita:
1442 4576 1851 4630 institutionem
1880 4574 2047 4629 didici
2090 4591 2125 4627 a
2163 4574 2361 4628 divinis
2403 4574 2649 4631 athletis.
2696 4575 2900 4629 Multas
2936 4580 3125 4629 autem
3166 4574 3352 4640 urbes,
3385 4578 3442 4628 et

157 4662 379 4717 multos
400 4663 567 4729 vicos,
603 4668 660 4717 et
687 4664 999 4734 speluncas,
1035 4671 1091 4719 et
1128 4666 1318 4719 omnia
1346 4666 1710 4719 tabernacula
1737 4664 1949 4719 deserti
1983 4664 2385 4718 monachorum
2430 4662 2675 4735 pedestri
2720 4662 2920 4717 itinere
2951 4664 3163 4731 obiens,
3192 4664 3438 4735 diligen-

160 4750 387 4807 tissime
418 4752 764 4805 consideravi
789 4770 984 4807 eorum
1012 4753 1281 4824 pietatem
1306 4770 1367 4807 ac
1398 4754 1746 4824 religionem.
1768 4755 1953 4824 Atque
1981 4769 2106 4807 cum
2140 4770 2261 4824 quae
2293 4752 2498 4823 partim
2529 4753 2756 4824 quidem
2786 4754 2904 4825 ipse
2924 4754 3036 4807 vidi
3068 4753 3434 4825 scripsissem,

114 4838 119 4841 ’
156 4840 379 4913 partim
413 4846 600 4894 autem
626 4857 747 4911 quae
776 4858 809 4894 a
831 4842 1038 4896 sanctis
1068 4842 1329 4896 Patribus
1350 4843 1555 4909 audivi,
1590 4860 1927 4913 magnorum
1957 4843 2206 4896 virorum
2237 4843 2563 4907 certamina,
2602 4848 2659 4897 et
2686 4842 3008 4909 mulierum,
3044 4860 3167 4915 qua;
3210 4849 3441 4916 propter

158 4946 329 5002 spem
360 4930 419 4984 in
448 4930 735 4985 Christum
774 4935 938 4985 erant
974 4931 1234 4985 fortiores
1264 4949 1433 5003 quam
1462 4948 1657 4986 earum
1695 4932 1905 4987 ferebat
1936 4938 2158 4996 natura,
2191 4932 2359 5001 hujus
2390 4931 2515 4985 libri
2546 4931 2767 5003 scriptis
2804 4933 3180 4999 mandassem,
3215 4933 3342 4987 misi
3367 4934 3439 4987 ad

158 5027 299 5075 tuas
332 5036 495 5073 aures
524 5020 732 5074 amicas
750 5020 1066 5075 divinorum
1088 5021 1457 5091 eloquiorum,
1484 5022 1825 5092 Optimorum
1847 5024 2092 5075 virorum
2121 5027 2177 5075 et
2198 5021 2587 5091 religiosorum
2608 5022 2796 5088 decus,
2822 5023 3245 5093 fidelissimique
3266 5028 3323 5077 et
3348 5039 3439 5077 re-

159 5109 359 5180 ligiosi
388 5108 610 5180 imperii
640 5110 921 5181 splendor,
945 5127 1213 5181 germane
1244 5117 1302 5165 et
1332 5111 1541 5166 Christi
1571 5112 1749 5165 amice
1785 5128 1941 5166 serve
1983 5111 2084 5165 Dei
2115 5113 2315 5177 Lause,
2346 5127 2446 5182 pro
2476 5128 2544 5165 ea
2571 5128 2695 5183 qua:
2742 5112 2879 5166 mihi
2922 5114 3070 5167 inest
3112 5113 3437 5183 exiguitate,

157 5198 616 5268 uniuscujusque
644 5215 710 5252 ex
741 5199 948 5253 Christi
969 5199 1194 5253 athletis
1221 5205 1339 5254 tam
1369 5200 1630 5254 masculis
1659 5218 1829 5271 quam
1856 5200 2079 5255 feminis
2107 5200 2325 5271 insigne
2356 5217 2580 5263 numen,
2620 5202 2957 5274 exprimens,
2988 5208 3045 5256 et
3073 5218 3139 5256 ex
3170 5201 3362 5255 multis
3387 5207 3447 5255 et

159 5287 393 5358 magnis
419 5286 860 5359 uniuscujusque
887 5288 1285 5344 certaminibus
1307 5306 1485 5361 pauca
1512 5290 1756 5344 breviter
1778 5308 2078 5362 exponens.
2100 5290 2480 5347 Plurimorum
2506 5309 2727 5365 quoque
2754 5309 2933 5363 genus
2955 5292 3127 5345 etiam
3148 5291 3437 5362 adjiciens,

165 5383 230 5433 et
256 5376 479 5443 urbem,
513 5382 569 5431 et
597 5378 779 5431 locum
811 5379 1139 5433 mansionis.

238 5465 601 5521 Meminimus
618 5472 808 5521 autem
830 5468 1077 5522 virorum
1098 5473 1154 5522 et
1171 5468 1491 5535 mulierum,
1522 5469 1617 5540 qui
1641 5485 1706 5524 ex
1733 5470 1934 5524 virtute
1951 5471 2178 5541 quidem
2197 5471 2368 5526 vitam
2384 5472 2625 5543 perfecte
2644 5470 3027 5535 instituerunt,
3043 5474 3272 5541 propter
3291 5485 3441 5525 arro-

156 5555 377 5629 gantiae
407 5560 595 5609 autem
625 5563 863 5610 matrem
884 5556 1109 5611 inanem
1137 5574 1258 5627 quae
1278 5563 1508 5612 vocatur
1533 5559 1794 5629 gloriam,
1813 5559 1870 5613 in
1892 5559 2150 5615 inﬁmum
2176 5561 2482 5615 inferorum
2504 5561 2850 5625 barathrum,
2869 5564 2926 5613 et
2940 5559 3177 5613 fundum
3193 5561 3443 5633 praecipi-

158 5647 271 5701 tati
302 5644 546 5711 fuerant,
569 5650 626 5699 et
653 5662 774 5716 quae
794 5646 960 5717 longo
980 5651 1232 5718 tempore
1246 5651 1301 5701 ct
1322 5647 1562 5718 plurimo
1586 5648 1775 5703 labore
1787 5648 1894 5703 sibi
1912 5654 2266 5720 pepererant,
2283 5649 2686 5721 amplectenda,
2710 5654 2768 5703 ct
2787 5648 3059 5702 acerrimo
3080 5648 3267 5703 studio
3284 5666 3436 5705 com-

157 5733 425 5808 paranda
445 5734 857 5789 exercitationis
878 5734 1189 5810 benefacta,
1222 5753 1334 5791 uno
1355 5738 1626 5807 temporis
1646 5743 1930 5793 momento
1949 5737 2275 5808 arrogantia
2302 5743 2358 5793 et
2372 5754 2514 5792 vana
2534 5738 2602 5792 de
2629 5754 2689 5793 se
2716 5737 3077 5809 persuasione
3107 5738 3435 5795 amiserant.

160 5822 372 5878 Gratia
401 5826 591 5877 autem
616 5824 795 5878 nostri
817 5824 1144 5893 Servatoris,
1178 5830 1235 5880 et
1263 5830 1584 5881 sanctorum
1612 5828 1844 5882 Patrum
1875 5828 2243 5901 providentia,
2264 5831 2322 5882 et
2351 5827 2624 5883 viscerum
2652 5827 3032 5896 miseratione,
3055 5829 3234 5900 erepti
3253 5835 3384 5884 sunt
3404 5845 3438 5883 a

160 5910 559 5987 spiritualibus
572 5912 779 5971 diaboli
800 5914 1034 5987 laqueis,
1050 5919 1109 5972 et
1124 5920 1447 5973 sanctorum
1468 5916 1724 5990 precibus
1753 5922 2225 5992 recuperaveruut
2234 5918 2480 5992 priorem
2492 5917 2666 5976 vitam
2682 5935 2853 5993 quam
2867 5917 3109 5990 agebant
3122 5934 3188 5975 ex
3208 5918 3433 5975 virtute.
