3910 6380
908 507 1338 572 EXEMPLAR
1383 511 1792 574 EPISTOLIE
1845 512 2194 573 SCRIPTE
2247 515 2354 574 AD
2421 515 2752 580 LAUSUM
2807 519 3331 586 PRIEPOSITUM
3364 572 3382 600 ,

1483 665 1561 710 AB
1609 663 1952 708 HERACLIDE
1996 663 2272 709 EPISCOPO
2319 655 2343 683 ³
2389 665 2803 713 curanocuz.

581 777 774 833 Laudo
803 794 1145 852 magnopere
1168 784 1328 836 tuum
1359 781 1702 837 institutum.
1748 783 1858 836 Par
1900 787 1986 837 est
2033 783 2182 837 enim
2232 787 2294 836 ut
2335 782 2571 854 incipiat
2615 784 2853 855 epistola
2881 801 2915 840 a
2938 787 3260 844 laudatione
3289 793 3477 863 :quod
3506 810 3641 850 cum
3668 812 3779 852 om-

507 882 607 920 nes
637 865 792 922 vanis
821 867 988 922 rebus
1017 868 1256 936 inhient,
1291 877 1348 925 et
1373 871 1588 942 lapides
1611 871 1906 938 aedificent,
1938 889 2004 926 ex
2033 872 2235 944 quibus
2261 873 2474 928 nullam
2497 873 2719 945 capient
2736 875 3059 942 utilitatem,
3092 877 3263 933 libros
3292 881 3556 946 aediﬁces,
3572 889 3630 939 et
3649 885 3777 940 velis

507 955 714 1010 doceri.
748 957 910 1012 Solus
935 958 1085 1013 enim
1117 959 1506 1016 universorum
1537 962 1686 1016 Deus
1711 962 1807 1032 qui
1829 961 2028 1033 nequit
2053 961 2261 1028 doceri,
2287 962 2744 1034 quandoquidem
2775 971 2830 1019 et
2855 965 2975 1036 ipse
3003 984 3106 1038 per
3131 985 3191 1022 se
3212 974 3318 1035 est,
3347 976 3406 1025 et
3431 979 3568 1028 ante
3586 990 3648 1028 se
3677 991 3780 1029 non

506 1044 678 1100 habet
703 1045 896 1100 alium.
928 1048 1055 1102 Alia
1079 1053 1269 1103 autem
1300 1049 1490 1104 omnia
1520 1051 1707 1104 doceri
1737 1057 1990 1122 possunt,
2022 1051 2286 1122 quoniam
2327 1057 2462 1105 sunt
2491 1057 2548 1106 et
2594 1052 2739 1112 facta
2776 1059 2834 1108 et
2876 1059 3082 1109 creata.
3115 1058 3301 1128 Atque
3346 1060 3517 1132 primi
3558 1062 3782 1133 quidem

506 1133 732 1188 ordines
761 1135 1090 1207 magistram
1112 1137 1321 1193 habent
1340 1155 1622 1194 summam
1649 1139 2006 1206 Trinitatem,
2026 1140 2254 1194 secundi
2276 1147 2465 1194 autem
2492 1141 2720 1197 discunt
2740 1160 2774 1197 a
2795 1144 3009 1215 primis,
3031 1146 3185 1200 tertii
3214 1153 3406 1202 autem
3429 1166 3463 1204 a
3491 1152 3776 1217 secundis;

505 1227 562 1276 et
583 1222 663 1276 sic
691 1223 971 1296 deinceps,
995 1232 1054 1280 et
1079 1243 1180 1298 per
1209 1227 1484 1293 ordinem,
1519 1245 1697 1300 usque
1727 1229 1799 1283 ad
1829 1236 2126 1284 extremos.
2160 1228 2267 1292 Qui
2292 1228 2441 1283 enim
2471 1235 2605 1284 sunt
2634 1233 3049 1303 praestantiores
3077 1233 3290 1291 honore
3327 1243 3385 1292 et
3421 1239 3651 1306 virtute,
3683 1241 3782 1295 do-

506 1317 638 1367 cent
657 1328 754 1367 eos
779 1314 876 1384 qui
909 1321 1042 1370 sunt
1083 1315 1376 1372 inferiores
1408 1318 1744 1388 cognitione.
1783 1318 1892 1384 Qui
1925 1335 2062 1388 ergo
2092 1318 2416 1373 existimant
2445 1336 2504 1373 se
2528 1337 2642 1374 non
2671 1339 2834 1392 egere
2864 1323 3169 1394 magistris,
3202 1331 3303 1380 aut
3331 1343 3443 1382 non
3485 1336 3690 1400 parent
3717 1330 3782 1384 iis

507 1401 604 1472 qui
632 1401 836 1456 docent
854 1403 912 1456 in
943 1405 1236 1472 charitate,
1261 1406 1522 1461 laborant
1550 1407 1744 1461 morbo
1774 1407 2162 1477 ignorationis,
2193 1424 2316 1478 quae
2345 1414 2432 1462 est
2457 1413 2640 1462 mater
2666 1412 3022 1481 arrogantiae.
3072 1413 3227 1467 Inter
3255 1431 3393 1486 quos
3421 1417 3636 1488 primas
3661 1435 3784 1490 par-

505 1493 590 1544 tes
620 1494 819 1545 tenent
847 1492 917 1546 ad
941 1491 1252 1563 interitum,
1287 1495 1382 1566 qui
1405 1497 1604 1551 eodem
1635 1497 1768 1551 vitio
1803 1497 2129 1552 exciderunt
2157 1513 2191 1550 a
2229 1497 2438 1551 caelesti
2472 1497 2817 1554 habitatione
2849 1501 2907 1555 in
2949 1517 3082 1556 aere
3109 1504 3358 1558 volantes
3386 1504 3690 1572 daemones,
3721 1513 3784 1562 ut

506 1578 602 1649 qui
630 1578 953 1650 aufugerint
980 1581 1050 1636 ab
1091 1583 1162 1637 iis
1203 1584 1299 1655 qui
1339 1590 1501 1640 erant
1529 1586 1588 1640 in
1609 1587 1747 1641 coelo
1777 1586 2078 1657 magistris.
2113 1586 2243 1642 Non
2272 1586 2421 1640 enim
2455 1587 2727 1643 dictiones
2755 1596 2856 1645 aut
2891 1591 3118 1662 syllabae
3158 1598 3291 1647 sunt
3319 1593 3604 1658 doctrinae,
3637 1613 3778 1668 quas

504 1685 910 1740 nonnunquam
939 1671 1150 1727 habent
1187 1673 1356 1728 etiam
1387 1675 1483 1745 qui
1523 1680 1656 1730 sunt
1686 1675 1950 1748 pessimi;
1983 1676 2080 1730 sed
2112 1691 2297 1730 mores
2342 1682 2492 1730 recte
2521 1679 2836 1750 compositi,
2875 1689 2932 1734 et
2957 1681 3224 1736 molestiae
3255 1687 3312 1737 et
3337 1685 3568 1739 terroris
3595 1691 3778 1741 metus

503 1762 562 1811 et
590 1757 686 1812 irae
724 1759 992 1826 vacuitas,
1018 1767 1077 1815 et
1101 1761 1159 1815 in
1190 1762 1358 1818 rebus
1383 1763 1645 1818 omnibus
1667 1765 1871 1819 ﬁducia
1899 1782 1963 1820 ac
1983 1765 2205 1820 dicendi
2227 1765 2474 1832 libertas,
2509 1773 2565 1821 et
2591 1785 2716 1838 quae
2745 1785 3030 1824 sermones
3060 1787 3170 1825 non
3200 1789 3358 1826 secus
3396 1771 3582 1843 gignit
3607 1791 3778 1845 quam

506 1845 654 1916 ignis
677 1847 983 1914 ﬂammam,
1008 1853 1402 1906 mansuetudo.
1436 1853 1581 1907 Nam
1603 1853 1649 1907 si
1669 1853 1750 1907 ita
1770 1870 1882 1908 non
1909 1860 2074 1919 esset,
2109 1871 2222 1909 non
2243 1855 2457 1910 diceret
2486 1873 2723 1928 magnus
2756 1859 3024 1930 magister
3057 1859 3172 1914 suis
3200 1861 3488 1932 discipulis
3523 1882 3535 1916 :
3571 1864 3778 1919 Discite

501 1951 537 1989 a
565 1951 672 2001 me,
707 1937 972 2008 quoniam
995 1939 1149 1994 mitis
1181 1957 1307 1995 sum
1338 1946 1398 1996 et
1427 1942 1654 1996 humilis
1679 1943 1844 1996 corde
1869 1943 2088 2012 (Matth.
2115 1945 2216 1997 xxi.
2235 1945 2362 1998 Non
2393 1945 2690 2000 verborum
2721 1954 2924 2001 ornatu
2952 1947 3254 2004 instituens
3284 1955 3339 2004 et
3365 1951 3611 2022 dirigens
3641 1969 3777 2024 apo—

501 2025 689 2088 stolos,
716 2025 813 2078 sed
836 2042 1054 2082 morum
1080 2027 1329 2084 bonitate
1360 2030 1647 2084 neminem
1675 2031 1933 2084 molestia
1967 2031 2234 2098 afficiens,
2261 2040 2464 2103 praeter
2493 2051 2588 2088 eos
2627 2035 2723 2105 qui
2757 2035 2984 2090 verbum
3024 2036 3234 2092 habent
3261 2039 3407 2105 odio,
3438 2045 3496 2094 et
3539 2039 3778 2095 oderunt

499 2113 822 2184 magistros.
855 2114 1091 2192 Oportet
1111 2117 1262 2171 enim
1287 2117 1555 2184 animam,
1583 2136 1706 2190 quae
1731 2120 1954 2174 Christo
1982 2122 2378 2176 convenienter
2413 2127 2600 2189 τω
2626 2130 2937 2191 exercetur,
2963 2126 3048 2180 vel
3071 2127 3310 2182 ﬁdeliter
3335 2129 3549 2184 discere
3572 2145 3638 2183 ea
3651 2146 3774 2201 qua:

495 2218 609 2257 non
631 2203 804 2269 novit,
835 2204 919 2258 vel
945 2210 1140 2276 aperte
1162 2206 1362 2261 docere
1391 2223 1457 2262 ea
1505 2225 1626 2278 quae
1665 2208 1788 2262 scit.
1823 2209 1884 2263 Si
1910 2209 2062 2264 enim
2107 2211 2444 2265 alterutrum
2485 2211 2688 2266 horum
2723 2213 2884 2280 nolit,
2913 2213 3132 2270 laborat
3166 2215 3402 2272 insania.
3443 2217 3779 2274 Defectionis

495 2290 647 2345 enim
689 2292 1028 2365 principium
1056 2299 1144 2350 est
1171 2295 1438 2351 doctrinae
1465 2297 1716 2362 satietas,
1741 2303 1798 2352 et
1827 2299 1980 2353 verbi
2009 2298 2318 2367 fastidium,
2348 2300 2497 2371 quod
2517 2317 2741 2372 semper
2759 2302 2938 2356 esurit
2964 2304 3154 2358 anima
3173 2307 3296 2375 ejus
3317 2306 3412 2378 qui
3441 2307 3618 2362 Deum
3639 2307 3770 2362 dili-

493 2379 598 2450 git.
631 2381 768 2436 Vale
793 2398 945 2454 ergo,
981 2388 1038 2438 et
1063 2384 1140 2438 sis
1161 2401 1331 2440 sanus
1359 2390 1417 2440 et
1446 2385 1626 2452 fortis,
1654 2391 1712 2441 et
1739 2387 1911 2458 (quod
1933 2405 2202 2460 magnum
2231 2393 2332 2458 est)
2371 2389 2473 2444 tibi
2503 2391 2652 2446 Deus
2681 2392 2950 2447 concedat
2969 2393 3345 2464 cognitionem
3377 2396 3605 2452 Christi.

486 2495 2021 2531 M.——
1429 2502 3765 2543 _*—_W

905 2573 1334 2637 EXEMPLAR
1390 2576 1796 2638 EPISTOLIE
1851 2577 2205 2638 SCRIPTIE
2263 2579 2368 2638 AD
2424 2579 2752 2641 LAUSUM
2811 2579 3365 2656 PRIEPOSITUM,

1551 2720 1588 2762 Α
1636 2717 1931 2763 PALLADIO
1988 2719 2268 2766 EPISCOPO
2327 2719 2732 2765 CAPPADOCIE.

571 2818 711 2874 Cum
742 2818 905 2874 multi
928 2820 1107 2874 multa
1137 2825 1194 2875 et
1220 2821 1375 2876 varia
1397 2821 1630 2876 diversis
1650 2824 2002 2895 temporibus
2031 2825 2239 2897 scripta
2261 2823 2392 2880 huic
2421 2827 2622 2881 saeculo
2653 2827 3002 2900 reliquerint,
3023 2847 3264 2902 quorum
3280 2831 3392 2886 alia
3418 2831 3665 2904 quidem,
3692 2852 3758 2889 ex

497 2903 600 2962 Dei
631 2925 888 2980 supernae
913 2909 1110 2980 gratiae
1139 2909 1524 2982 inspiratione,
1541 2917 1676 2966 sunt
1699 2913 1769 2966 ad
1789 2913 2215 2968 aedificationem
2237 2920 2293 2970 et
2314 2915 2674 2971 securitatem
2703 2934 2898 2972 eorum
2928 2919 3021 2991 qui
3044 2919 3194 2975 ﬁdeli
3213 2903 3500 2993 proposito
3518 2939 3768 2995 sequun-

498 3002 594 3052 tur
620 2997 886 3068 dogmata
917 2999 1256 3067 Servatoris;
1291 3000 1406 3054 alia
1426 3006 1635 3069 autem,
1672 3019 1738 3055 ex
1766 3009 2028 3074 corrupto
2059 3009 2116 3058 et
2145 3003 2292 3075 quod
2323 3005 2644 3060 hominibus
2673 3007 2893 3078 placere
2933 3009 3089 3080 cupit
3134 3011 3433 3082 proposito,
3478 3011 3764 3068 luxuriant

497 3085 568 3141 ad
598 3104 792 3142 eorum
822 3088 1262 3143 consolationem
1283 3091 1380 3161 qui
1410 3090 1594 3145 inanis
1621 3091 1815 3162 gloria:
1837 3091 2030 3146 morbo
2059 3092 2354 3162 laborant;
2401 3095 2514 3150 alia
2543 3101 2753 3160 autem,
2787 3113 2853 3150 ex
2883 3097 3204 3169 importuna
3235 3099 3478 3170 quadam
3515 3101 3755 3166 insania,

498 3180 556 3231 et
579 3176 867 3244 daemonis,
903 3177 999 3249 qui
1029 3195 1151 3250 quae
1171 3185 1305 3234 sunt
1331 3180 1568 3234 honesta
1589 3180 1759 3235 habet
1775 3181 1922 3248 odio,
1948 3181 2306 3253 impulsione,
2348 3184 2420 3238 ad
2453 3185 2657 3239 levium
2697 3185 2990 3240 hominum
3030 3187 3352 3258 perniciem,
3383 3195 3440 3244 et
3473 3188 3770 3246 intemera-

495 3271 567 3321 tae
596 3267 882 3322 catholica
914 3268 1169 3324 Ecclesiae
1197 3268 1402 3336 labem,
1435 3269 1520 3323 ira
1546 3275 1604 3324 et
1631 3271 1959 3342 arrogantia
1998 3271 2330 3344 irruperunt
2374 3273 2434 3328 in
2475 3280 2692 3328 mentes
2723 3275 3043 3342 stultorum,
3075 3282 3138 3331 ut
3179 3276 3348 3331 vitam
3380 3278 3673 3334 honestam
3713 3288 3765 3334 et

493 3372 694 3428 puram
722 3356 1124 3426 obscurarent;
1154 3358 1337 3413 visum
1368 3363 1454 3413 est
1483 3359 1619 3414 mihi
1640 3376 1864 3431 quoque
1879 3361 2081 3415 humili
2107 3369 2338 3434 propter
2367 3380 2526 3434 spem
2551 3365 2608 3418 in
2639 3363 2946 3430 Christum,
2983 3370 3040 3419 et
3059 3366 3490 3435 magnificentiae
3516 3374 3624 3423 tuae
3639 3369 3765 3439 jus-

493 3463 620 3502 sum
641 3447 937 3514 reverenti,
971 3447 1055 3502 vir
1083 3447 1512 3515 studiosissime,
1556 3450 1802 3520 primum
1833 3449 2084 3505 omnium
2105 3467 2338 3506 narrare
2359 3470 2426 3507 ea
2455 3453 2647 3506 omnia
2666 3470 2789 3524 qum
2819 3453 2888 3508 ad
2921 3470 3008 3508 me
3030 3454 3328 3525 pertinent,
3371 3460 3426 3510 et
3448 3461 3672 3512 aetatem
3700 3463 3756 3511 et

493 3537 700 3591 mentis
725 3553 862 3592 meae
883 3537 955 3592 ad
983 3535 1249 3592 virtutem
1278 3537 1338 3592 in
1379 3539 1559 3593 Deum
1589 3539 1920 3610 profectum,
1945 3539 2260 3611 incipiendo
2281 3561 2315 3598 a
2337 3541 2574 3613 juvenili
2591 3548 2774 3597 aetate.

564 3626 706 3682 Cum
733 3626 1086 3698 trigesimum
1115 3627 1342 3699 quidem
1373 3633 1430 3682 et
1455 3627 1689 3683 tertium
1717 3645 1930 3684 annum
1971 3646 2199 3699 agerem
2240 3629 2296 3682 in
2326 3627 2745 3682 conversatione
2786 3644 2914 3682 cum
2944 3627 3210 3684 fratribus
3253 3635 3308 3684 et
3337 3629 3451 3685 vita
3489 3629 3759 3698 solitaria,

488 3715 822 3786 vigesimum
851 3721 1040 3772 autem
1074 3717 1446 3789 episcopatus,
1471 3718 1646 3772 totius
1671 3724 1864 3773 autem
1895 3718 2020 3772 vitae
2039 3735 2177 3774 meae
2197 3717 2728 3790 quinquagesimum
2758 3718 3010 3783 tertium,
3034 3718 3412 3773 necessarium
3433 3717 3760 3786 existimavi,

489 3805 758 3877 spiritalis
782 3806 1044 3862 utilitatis
1071 3807 1277 3878 gratia,
1312 3806 1415 3861 tibi
1443 3807 1692 3879 cupienti
1723 3807 1783 3862 in
1803 3808 2028 3880 scriptis
2047 3825 2281 3862 narrare
2306 3824 2429 3878 quae
2449 3824 2483 3860 a
2512 3805 2720 3860 sanctis
2747 3806 3006 3862 Patribus
3021 3811 3170 3862 recte
3200 3814 3253 3863 et
3275 3825 3339 3862 ex
3367 3809 3571 3862 virtute
3599 3817 3761 3880 gesta

487 3899 637 3962 sunt,
667 3901 786 3950 tam
817 3897 1082 3951 masculis
1113 3912 1282 3968 quam
1313 3895 1555 3964 feminis,
1591 3914 1730 3968 quos
1752 3903 1808 3951 et
1838 3897 1956 3968 ipse
1985 3897 2118 3963 vidi,
2152 3902 2209 3950 et
2239 3896 2308 3950 de
2330 3895 2532 3966 quibus
2558 3895 2747 3950 audivi
2776 3895 2846 3950 ab
2873 3897 3078 3952 animis
3099 3897 3456 3964 ﬁdelissimis,
3479 3915 3604 3953 cum
3627 3899 3753 3970 qui-

487 3982 592 4040 bus
623 3991 874 4040 versatus
903 4001 1029 4040 sum
1057 3985 1117 4040 in
1137 3985 1368 4058 [Egypti
1399 3986 1726 4052 solitudine,
1759 3991 1814 4040 et
1843 3987 1902 4041 in
1933 3985 2131 4058 Libya,
2166 3991 2219 4042 et
2247 3985 2549 4051 Thebaide,
2584 3991 2640 4040 et
2666 3987 2866 4058 Syene,
2896 3985 3000 4040 sub
3041 4004 3152 4058 qua
3189 3992 3319 4041 sunt
3345 3987 3515 4041 etiam
3545 3987 3639 4058 qui
3670 3986 3756 4042 di-

485 4080 690 4130 cuntur
716 4074 1139 4130 Tabennesiotze
1162 4095 1179 4146 ;
1211 4075 1412 4130 deinde
1435 4075 1494 4130 in
1525 4076 1948 4148 Mesopotamia,
1984 4076 2304 4143 Palaestina,
2337 4081 2395 4130 et
2420 4074 2599 4147 Syria,
2624 4079 2681 4128 et
2707 4075 2766 4129 in
2795 4074 3048 4146 partibus
3085 4073 3415 4143 Occidentis,
3456 4081 3514 4130 et
3541 4075 3752 4144 Romae,

492 4168 550 4218 et
576 4164 636 4218 in
661 4165 988 4236 Campania,
1024 4169 1082 4218 et
1102 4163 1161 4218 in
1190 4164 1260 4218 iis
1289 4181 1412 4236 quae
1441 4170 1576 4219 sunt
1601 4165 1749 4219 circa
1768 4182 1864 4219 eas
1895 4166 2185 4236 partibus;
2216 4171 2282 4220 ut
2308 4165 2410 4219 tibi
2451 4163 2521 4218 ab
2549 4163 2709 4219 initio
2738 4165 3185 4220 accurratissime
3209 4164 3268 4220 in
3295 4165 3400 4220 hoc
3425 4163 3566 4219 libro
3596 4182 3768 4238 expo-

490 4269 624 4308 nam
650 4252 830 4308 instar
855 4252 1223 4319 narrationis;
1255 4260 1320 4308 ut
1341 4270 1468 4308 cum
1498 4253 1708 4308 habeas
1738 4255 2040 4309 honestum
2081 4261 2139 4310 et
2163 4254 2363 4309 anima:
2405 4253 2543 4308 utile
2571 4258 3019 4320 monumentum,
3044 4261 3375 4326 perpetuum
3401 4258 3579 4309 etnon
3595 4253 3768 4308 inter-

491 4341 832 4398 mittendum
860 4342 1086 4414 pietatis
1112 4348 1170 4398 et
1193 4341 1481 4414 religionis
1501 4344 1992 4412 medicamentum,
2010 4361 2234 4400 omnem
2265 4343 2489 4415 quidem
2507 4341 2797 4397 oblivionis
2825 4343 3297 4408 dormitationem,
3329 4361 3451 4415 quae
3474 4359 3538 4397 ex
3559 4343 3769 4415 cupidi-

487 4436 606 4488 tate
637 4432 871 4488 rationis
900 4437 1126 4505 experte
1150 4433 1209 4487 in
1239 4433 1429 4488 anima
1457 4432 1840 4504 ingeneratur,
1873 4451 2098 4488 omnem
2132 4438 2322 4488 autem
2353 4433 2411 4487 in
2432 4433 2541 4486 fide
2572 4431 3002 4500 dubitationem,
3026 4450 3331 4505 omnesque
3361 4433 3416 4488 in
3444 4449 3632 4487 rerum
3662 4449 3766 4487 usu

489 4523 683 4578 sordes
711 4527 768 4577 et
788 4523 1139 4594 parcitatem,
1175 4539 1511 4594 omnemque
1539 4523 1948 4578 dubitationem
1973 4523 2274 4596 pusillique
2295 4527 2351 4576 et
2379 4521 2582 4593 abjecti
2602 4522 2777 4576 animi
2806 4522 3022 4587 vitium,
3058 4527 3115 4577 et
3142 4523 3372 4577 nimiam
3393 4522 3463 4576 ad
3482 4521 3622 4576 iram
3643 4540 3769 4594 pro-

486 4613 833 4684 pensionem,
859 4611 1471 4684 perturbationemque,
1512 4617 1570 4666 et
1594 4613 1986 4684 aegritudinem
2013 4612 2249 4666 rationis
2277 4616 2580 4684 expertem,
2614 4616 2671 4666 et
2698 4599 3152 4684 intempestivum
3179 4613 3441 4667 timorem
3471 4627 3571 4684 per
3595 4611 3655 4666 id
3681 4628 3770 4666 ex-

486 4701 695 4774 pellas;
727 4707 785 4757 et
812 4718 882 4757 ne
913 4719 947 4756 a
972 4702 1220 4774 corrupti
1251 4703 1448 4757 mundi
1479 4719 1620 4757 vana
1650 4720 1747 4774 spe
1777 4703 2040 4774 pendeas,
2075 4701 2308 4772 effugias
2331 4719 2342 4755 :
2368 4705 2638 4772 perpetuo
2653 4704 2843 4754 autem
2863 4699 3140 4756 desiderio
3161 4701 3219 4755 in
3243 4717 3340 4772 spe
3361 4700 3430 4755 ad
3446 4700 3624 4755 Deum
3645 4717 3772 4772 pro-

489 4791 665 4860 ficias,
694 4797 751 4846 et
774 4792 832 4846 in
863 4792 1152 4865 proposito
1181 4791 1442 4864 pietatis;
1475 4793 1551 4847 sis
1581 4800 1638 4847 et
1665 4792 1725 4846 in
1752 4793 1843 4846 via
1869 4791 1983 4846 dux
2013 4796 2164 4859 tuus,
2197 4795 2252 4845 et
2279 4807 2474 4846 eorum
2502 4790 2598 4861 qui
2630 4795 2815 4844 tecum
2845 4795 2994 4856 sunt,
3028 4795 3086 4845 et
3113 4807 3306 4844 eorum
3336 4789 3430 4861 qui
3458 4788 3562 4844 tibi
3591 4788 3770 4860 subji-

486 4881 731 4948 ciuntur,
771 4886 828 4935 et
855 4881 1096 4936 maxime
1124 4882 1344 4954 piorum
1367 4881 1792 4954 imperatorum.
1817 4883 1924 4936 Per
1951 4899 2074 4954 quae
2120 4880 2346 4952 quidem
2379 4879 2518 4934 bene
2547 4879 2691 4933 facta
2712 4895 2906 4934 omnes
2928 4879 3024 4951 qui
3054 4879 3334 4934 Christum
3366 4878 3623 4949 diligunt,
3649 4879 3767 4933 Deo

485 4970 638 5026 uniri
666 4977 988 5044 properant,
1013 4975 1398 5044 exspectantes
1427 4971 1639 5026 scilicet
1667 4971 1918 5042 quotidie
1939 4971 2341 5026 resolutionem
2371 4970 2572 5025 animae
2602 4987 2637 5024 a
2665 4986 2915 5041 corpore,
2949 4975 3116 5042 prout
3142 4969 3410 5041 scriptum
3438 4974 3522 5024 est
3553 4987 3565 5020 :
3602 4969 3771 5024 Cear-

484 5067 623 5129 ctor,
654 5061 884 5134 cupiens
905 5061 1132 5116 dissolvi
1157 5069 1214 5116 et
1234 5078 1357 5116 esse
1385 5077 1512 5116 cum
1545 5061 1802 5129 Christo;
1835 5065 1922 5116 est
1968 5061 2119 5116 enim
2157 5060 2335 5115 multo
2377 5060 2578 5114 melius
2623 5061 2846 5129 (Philip.
2871 5060 2930 5129 Ι).
2955 5059 3026 5114 Et
3053 5058 3192 5114 illud
3236 5077 3247 5112 :
3279 5058 3424 5113 Para
3455 5058 3512 5112 in
3557 5055 3769 5111 exitum

484 5167 658 5224 opera
683 5156 807 5220 tua,
829 5155 888 5206 et
915 5167 1169 5224 praepara
1197 5156 1253 5206 te
1284 5151 1344 5205 in
1371 5167 1573 5222 agrum
1607 5153 1786 5218 (Prov.
1820 5154 1998 5220 xx1v).
2029 5150 2138 5216 Qui
2159 5149 2310 5204 enim
2335 5167 2558 5221 semper
2580 5149 2778 5204 mortis
2807 5148 3084 5214 meminit,
3110 5165 3231 5220 quae
3251 5146 3563 5203 necessario
3584 5146 3770 5201 omni-

482 5257 556 5298 no
583 5241 786 5308 veniet,
813 5245 870 5296 et
890 5256 1004 5295 non
1024 5239 1292 5306 tardabit,
1325 5240 1384 5294 in
1413 5240 1634 5311 magnis
1663 5256 1775 5294 non
1805 5239 2066 5306 offendet,
2085 5239 2232 5294 sicut
2251 5239 2522 5311 scriptum
2553 5244 2638 5293 est
2661 5258 2672 5292 :
2693 5239 2759 5293 In
2788 5238 3048 5294 omnibus
3068 5237 3326 5311 operibus
3347 5237 3459 5292 tuis
3487 5241 3770 5290 memento

481 5331 804 5398 novissima,
839 5334 894 5384 et
922 5329 981 5385 in
1010 5335 1285 5386 aeternum
1313 5346 1426 5384 non
1456 5327 1712 5401 peccabis
1738 5329 1952 5400 (Eccles.
1984 5332 2104 5399 vn).
2136 5329 2332 5400 Neque
2352 5345 2480 5382 vero
2509 5333 2712 5400 praeter
2733 5327 2845 5382 alia
2859 5329 3049 5382 omnia
3076 5327 3192 5382 haec
3207 5332 3260 5381 te
3283 5326 3438 5382 fallat
3463 5325 3646 5380 brevis
3667 5324 3770 5378 ad-

483 5421 718 5476 monitio
744 5419 1166 5486 narrationum;
1201 5436 1384 5490 neque
1407 5435 1640 5491 respuas
1671 5418 1868 5472 rudem
1891 5423 1948 5472 et
1975 5417 2294 5473 inornatam
2326 5421 2507 5483 σου
2541 5417 2865 5471 dictionem.
2898 5417 3025 5471 Non
3054 5421 3140 5470 est
3167 5415 3316 5470 enim
3342 5415 3539 5470 divinae
3567 5413 3771 5468 doctri-

482 5527 586 5580 nae,
619 5514 822 5565 ornata
844 5515 902 5564 et
927 5509 999 5564 ad
1027 5508 1432 5564 ostendendam
1461 5507 1794 5579 sapientiam
1810 5508 2118 5580 composita
2147 5509 2230 5563 uti
2259 5507 2496 5573 ratione,
2515 5507 2613 5562 sed
2646 5507 2820 5562 menti
2846 5507 3182 5578 persuadere
3207 5522 3308 5578 per
3336 5502 3768 5574 intelligentiam

481 5599 756 5667 veritatis,
791 5604 855 5655 ut
879 5600 1152 5672 scriptum
1179 5603 1268 5654 est
1296 5617 1308 5654 :
1341 5597 1512 5671 Aperi
1547 5614 1608 5652 os
1628 5601 1791 5652 tuum
1829 5597 1996 5652 verbo
2017 5597 2136 5665 Dei,
2173 5602 2230 5652 et
2253 5597 2447 5668 judica
2475 5595 2666 5651 omnia
2691 5612 2827 5651 sane
2869 5599 3056 5670 (Prov.
3090 5598 3254 5667 xxxx).
3312 5594 3379 5650 Et
3407 5609 3599 5648 rursus
3638 5611 3650 5646 :
3681 5590 3767 5646 Ne

483 5687 726 5744 declines
753 5705 789 5743 a
815 5689 1139 5745 narratione
1161 5703 1360 5744 senum
1387 5706 1400 5757 ;
1434 5686 1539 5760 ipsi
1578 5687 1729 5742 enim
1757 5687 2076 5743 didicerunt
2106 5704 2140 5742 a
2166 5685 2422 5760 patribus
2455 5703 2649 5743 eorum
2682 5687 2902 5755 (Ecclcs.
2937 5688 3081 5757 vin).

545 5823 572 5856 ⁸
599 5813 794 5872 Graece
821 5818 926 5884 est,
958 5813 1093 5887 παρὰ
1122 5815 1420 5874 Παλλαδίου
1456 5812 1742 5884 ἐπισκόπου,
1772 5833 1806 5874 ει
1832 5815 2085 5875 Palladio

883 5818 926 5884 ι,
958 5813 1093 5887 παρὰ
1122 5815 1420 5874 Παλλαδίου
1456 5812 1742 5884 ἐπισκόπου,
1772 5833 1806 5874 ει
1832 5815 2085 5875 Palladio
2144 5814 2424 5889 episcopo.
