3910 6372
164 337 185 391 1
197 334 311 395 089
1410 339 1708 393 PALLAD]

1903 337 2213 392 )CEMIUM.
3308 336 3447 395 1090

232 462 354 533 Ego
375 463 582 534 itaque,
618 461 702 515 vir
731 460 1064 531 cognitionis
1088 461 1186 516 Dei
1208 461 1638 527 studiosissime,
1665 460 1855 530 aliqua
1883 477 1951 514 ex
1979 468 2138 532 parte
2170 477 2409 532 sequens
2432 462 2537 514 hoc
2566 461 2799 528 dictum,
2826 461 3034 516 multos
3062 461 3294 516 conveni
3324 478 3450 517 san-

156 556 302 606 ctos.
327 553 523 623 Neque
556 568 684 605 vero
704 568 771 606 ea
798 551 1061 620 cogitatio
1092 551 1229 604 mihi
1253 551 1405 605 aliud
1437 550 1626 620 agenti
1650 550 1708 603 in
1730 556 1978 604 mentem
2008 551 2177 613 venit,
2205 550 2301 604 sed
2332 567 2458 603 cum
2487 550 2721 620 triginta
2751 555 2918 621 atque
2944 551 3082 605 adeo
3104 550 3190 605 bis
3213 551 3450 606 totidem

156 640 389 696 dierum
419 641 564 695 viam
590 640 975 703 confecissem,
1009 646 1066 694 et
1095 639 1197 695 Dei
1224 640 1409 709 gratia
1437 639 1681 711 pedestri
1711 638 1931 705 itinere,
1957 657 2182 694 omnem
2216 640 2597 694 Romanorum
2628 639 2915 710 regionem
2936 640 3324 711 pervasissem,
3346 641 3451 696 vita

158 730 484 785 molestiam
504 729 662 784 nihili
692 729 793 784 feci
823 729 869 783 si
896 729 1193 783 convenire
1215 746 1435 800 possem
1465 728 1647 783 virum
1669 728 1824 799 pium
1845 744 1910 782 ac
1938 729 2039 783 Dei
2059 729 2323 795 amicum,
2350 734 2415 782 ut
2441 728 2821 782 lucrifacerem
2843 729 2990 800 quod
3016 745 3129 783 non
3150 729 3448 786 habebam.

158 818 225 873 Si
247 820 402 874 enim
425 819 520 891 qui
540 836 629 873 me
658 824 745 873 est
767 819 929 889 longe
959 819 1332 890 praestantior,
1356 824 1525 890 atque
1549 819 1688 873 adeo
1718 818 1860 871 forte
1882 818 2049 872 etiam
2073 818 2333 873 universo
2357 818 2583 882 mundo,
2610 818 2927 889 multosque
2949 819 3233 889 superavit
3252 826 3309 873 et
3322 820 3451 874 vitm

157 913 403 982 agendae
429 912 665 978 ratione,
700 917 757 966 et
786 911 1125 982 cognitione,
1153 917 1210 967 et
1248 912 1486 983 spiritali
1522 909 1912 981 intelligentia,
1945 913 1999 962 et
2042 908 2150 961 ﬁde
2186 907 2245 961 in
2288 908 2594 973 Christum,
2639 906 2838 962 beatus
2885 908 3171 978 apostolus
3212 909 3441 975 Paulus,

155 1003 342 1057 Tarso
371 1002 430 1056 in
456 1002 708 1057 Iudaeam
738 1001 1017 1072 profectus
1047 1008 1151 1068 est,
1176 1007 1240 1057 ut
1259 1001 1582 1056 conveniret
1611 1001 1841 1054 Petrum
1880 1004 1936 1052 et
1965 999 2237 1052 Joannem
2266 1001 2324 1050 et
2350 996 2649 1064 Jacobum;
2676 1001 2729 1050 et
2763 996 2887 1050 ideo
2914 997 3083 1051 veluti
3115 998 3365 1068 glorians
3392 999 3451 1053 id

157 1096 386 1157 narrat,
415 1090 662 1145 referens
685 1108 816 1145 suos
846 1090 1082 1155 labores,
1105 1090 1176 1144 ad
1202 1108 1295 1145 eos
1316 1090 1630 1145 incitandos
1652 1089 1748 1160 qui
1776 1089 1834 1142 in
1860 1087 2117 1142 socordia
2139 1091 2197 1140 et
2223 1086 2335 1140 otio
2359 1086 2529 1141 vitam
2556 1086 2896 1156 transigunt,
2920 1086 3153 1141 dicendo
3178 1107 3189 1140 :
3214 1088 3454 1143 Ascendi

157 1179 483 1235 Jerusalem
503 1185 569 1234 ut
598 1179 843 1234 viderem
871 1180 1139 1250 Cepham,
1164 1196 1278 1234 non
1307 1185 1601 1235 contentus
1629 1178 1747 1233 sola
1772 1177 1922 1230 fama
1949 1176 2100 1230 illius
2118 1175 2361 1242 virtutis,
2380 1176 2477 1229 sed
2499 1175 2823 1230 desiderans
2850 1176 2971 1246 ejus
2997 1193 3219 1247 quoque
3246 1177 3455 1232 intueri

160 1268 368 1323 faciem
394 1268 542 1337 (Gal.
574 1270 657 1337 II);
692 1274 902 1339 quanto
932 1269 1112 1337 magis
1141 1286 1244 1338 ego
1284 1272 1379 1340 qui
1419 1286 1544 1323 sum
1588 1266 2085 1323 innumerabilium
2117 1267 2460 1320 talentorum
2491 1265 2730 1328 debitor,
2763 1264 2930 1320 debui
2962 1266 3066 1321 hoc
3104 1267 3304 1334 facere,
3340 1284 3454 1322 non

161 1358 298 1411 illos
324 1364 543 1412 sanctos
576 1356 841 1412 beneﬁcio
870 1358 1136 1424 afﬁciens,
1169 1358 1267 1412 sed
1305 1358 1443 1412 mihi
1479 1357 1758 1429 peccatori
1788 1356 2092 1412 utilitatem
2130 1355 2387 1409 afferens.
2427 1356 2571 1414 Nam
2601 1354 2641 1408 ii
2664 1371 2885 1426 quoque
2913 1354 3009 1426 qui
3032 1356 3266 1411 Patrum
3294 1357 3452 1412 Vitas

159 1446 644 1517 conscripserunt,
679 1446 935 1513 Abrahw,
969 1452 1027 1501 et
1056 1448 1230 1513 Isaac,
1259 1453 1315 1501 et
1344 1446 1534 1511 Jacob,
1564 1451 1622 1500 et
1651 1446 1877 1517 Moysis,
1905 1451 1962 1500 et
1988 1445 2238 1510 Joannis,
2275 1449 2331 1498 et
2362 1461 2558 1499 eorum
2586 1444 2683 1515 qui
2720 1444 2983 1516 deinceps
3009 1452 3457 1518 consequuntur,

162 1552 288 1590 non
320 1540 627 1590 narrarunt
654 1542 720 1590 ut
748 1553 945 1590 eorum
974 1536 1354 1591 illustraretur
1380 1536 1580 1606 gloria,
1606 1536 1702 1590 sed
1730 1541 1795 1590 ut
1821 1535 2153 1607 prodessent
2180 1534 2249 1587 iis
2275 1534 2372 1604 qui
2401 1550 2496 1587 eas
2521 1534 2798 1603 legerent.

240 1625 374 1679 Haec
402 1640 534 1695 ergo
563 1641 691 1679 cum
713 1625 875 1691 scias,
909 1625 1232 1680 ﬁdelissime
1263 1631 1320 1680 et
1348 1624 1607 1695 inprimis
1638 1624 1953 1680 venerande
1986 1623 2196 1677 Christi
2232 1639 2389 1677 serve
2425 1624 2626 1687 Lause,
2658 1624 2904 1695 teipsum
2946 1644 3093 1699 saepe
3130 1628 3460 1697 admonens,

160 1714 322 1769 feras
342 1714 621 1786 patienter
648 1720 870 1768 nostras
896 1714 1157 1786 ineptias,
1184 1720 1247 1770 ut
1268 1715 1421 1786 piam
1446 1719 1605 1768 tuam
1627 1719 1873 1768 mentem
1902 1712 2203 1780 custodias,
2226 1712 2315 1767 cui
2346 1718 2549 1767 natura
2577 1717 2664 1767 est
2689 1714 2921 1770 insitum
2940 1722 3005 1771 ut
3031 1718 3266 1772 diversis
3288 1718 3458 1787 vitiis,

163 1821 299 1876 qua:
328 1803 433 1859 sub
462 1808 751 1875 aspectum
791 1804 999 1859 cadunt
1028 1810 1085 1859 et
1115 1822 1238 1875 qua:
1266 1822 1380 1859 non
1408 1804 1635 1871 cadunt,
1667 1808 1938 1875 tanquam
1978 1802 2144 1857 undis
2185 1802 2452 1871 agitetur,
2494 1808 2680 1874 potest
2708 1810 2899 1860 autem
2947 1807 3133 1861 sedari
3164 1807 3285 1862 sola
3329 1823 3461 1879 per-

165 1898 349 1965 petua
375 1893 628 1948 oratione
658 1898 715 1947 et
741 1894 968 1965 propria
1000 1894 1085 1949 tui
1115 1894 1475 1969 ipsiugcura.
1510 1893 1675 1947 Multi
1714 1894 1866 1948 enim
1896 1893 2067 1947 etiam
2097 1909 2160 1946 ex
2188 1891 2456 1946 fratribus
2484 1893 2650 1963 paulo
2680 1893 3141 1964 religiosioribus,
3188 1897 3284 1967 qui
3310 1902 3368 1951 et
3391 1898 3462 1952 de

164 1981 588 2037 exercitationis
617 1988 675 2037 et
696 1983 1063 2055 eleemosyna:
1086 1982 1369 2038 laboribus
1394 1984 1500 2037 sibi
1530 1982 1841 2054 placebant,
1873 1988 1931 2037 et
1954 1982 2022 2037 de
2044 1980 2303 2036 cmlibatu
2324 1983 2679 2053 perfectaque
2706 1988 2763 2036 et
2786 1983 3043 2039 absoluta
3066 1985 3383 2056 virginitate
3404 2005 3465 2043 se

157 2071 483 2143 jactabant,
506 2077 565 2125 et
589 2072 649 2127 in
676 2071 993 2127 divinorum
1011 2073 1363 2143 eloquiorum
1396 2074 1760 2127 meditatione
1791 2073 2043 2127 animum
2071 2071 2433 2125 vehementer
2459 2070 2847 2141 intendebant,
2879 2080 2936 2127 et
2963 2090 3154 2129 rerum
3183 2074 3459 2131 bonarum

168 2160 475 2232 disciplina
503 2160 632 2216 freti
657 2166 836 2227 erant,
869 2161 1203 2216 aberrarunt
1242 2162 1312 2216 ab
1346 2162 1764 2234 impatibilitate
1797 2161 1981 2232 (Cauta
2008 2164 2159 2228 lege),
2192 2160 2505 2213 temerariae
2535 2176 2649 2214 suae
2688 2163 2980 2217 sententiae
3017 2164 3358 2232 servientes;
3401 2171 3468 2221 ut

166 2250 274 2321 qui
302 2250 540 2321 alicujus
568 2250 777 2305 scilicet
805 2250 1031 2321 pietatis
1063 2256 1333 2322 praetextu
1367 2251 1578 2320 negotii
1623 2250 1855 2321 gerendi
1892 2248 2198 2321 cupiditate
2231 2248 2570 2315 laborarent,
2603 2265 2669 2303 ex
2708 2267 2818 2321 qua
2847 2251 3107 2307 oriuntur
3143 2258 3201 2308 et
3233 2255 3467 2324 gerendi

167 2338 393 2410 negotii
422 2338 608 2395 nimiae
632 2339 1055 2407 sollicitudines,
1089 2346 1147 2395 et
1168 2341 1240 2394 ad
1272 2342 1421 2395 mala
1446 2340 1673 2411 negotia
1705 2337 1879 2394 animi
1910 2337 2331 2408 applicationes,
2365 2354 2505 2408 quas
2529 2344 2951 2410 consequuntur
2975 2357 3123 2396 cura:
3154 2342 3466 2398 alienorum

165 2428 538 2498 negotiorum
568 2444 690 2499 qua:
719 2429 1084 2484 honestorum
1107 2431 1462 2501 negotiorum
1484 2447 1678 2484 curam
1701 2428 1947 2483 evellunt
1975 2427 2262 2494 radicitus,
2288 2443 2411 2497 quae
2431 2432 2517 2481 est
2533 2432 2717 2482 mater
2735 2430 2974 2501 propriae
2992 2431 3079 2485 sui
3100 2432 3274 2503 ipsius
3296 2450 3464 2489 curae.

249 2518 385 2573 Esto
415 2534 566 2589 ergo,
597 2534 733 2589 rogo
760 2524 836 2585 te,
869 2518 1029 2574 fortis
1057 2519 1117 2573 in
1146 2521 1300 2574 omni
1329 2519 1721 2589 intelligentia,
1756 2534 1869 2572 non
1901 2517 2136 2588 pingues
2176 2522 2234 2570 et
2269 2515 2476 2570 nitidas
2501 2516 2749 2572 efﬁciens
2782 2518 3023 2586 divitias,
3053 2522 3202 2591 quod
3240 2523 3469 2593 quidem

176 2613 340 2662 certe
367 2606 565 2673 fecisti,
602 2623 697 2661 eas
725 2607 861 2661 satis
903 2607 1183 2672 minuens,
1214 2608 1588 2680 impertiendo
1618 2608 1689 2662 iis
1719 2607 1815 2679 qui
1845 2606 2100 2676 indigent
2133 2622 2145 2659 :
2177 2606 2466 2676 eaequead
2498 2607 2867 2661 exercendam
2894 2608 3160 2665 virtutem
3185 2610 3287 2666 tibi
3312 2612 3470 2667 fuere

179 2696 524 2762 ministerio,
548 2713 677 2751 cum
702 2713 805 2751 nec
839 2697 1053 2769 impetu
1083 2697 1291 2769 aliquo,
1327 2715 1428 2751 nec
1448 2698 1718 2770 ullafquae
1746 2696 1964 2750 ratione
1992 2700 2210 2749 careret
2237 2694 2654 2766 anticipatione,
2671 2712 2870 2779 .neque
2907 2698 3022 2753 ullo
3052 2705 3321 2772 praetextu
3359 2719 3469 2774 quo

181 2786 443 2858 placeres
473 2784 815 2853 hominibus,
839 2786 1211 2857 jurejurando
1245 2786 1549 2857 obligasses
1580 2792 1735 2841 tuam
1764 2784 1996 2839 liberam
2026 2784 2265 2855 eligendi
2293 2784 2656 2850 voluntatem,
2693 2786 2840 2840 sicut
2866 2787 3060 2842 multis
3088 2789 3272 2844 evenit
3297 2791 3475 2846 homi-

177 2874 375 2940 nibus,
403 2873 499 2945 qui
528 2890 657 2927 cum
692 2890 805 2928 non
834 2874 1162 2929 comedendi
1193 2875 1276 2928 vel
1306 2874 1529 2929 bibendi
1558 2875 1916 2929 contentiosae
1947 2891 2100 2929 vana:
2127 2874 2321 2944 gloria:
2350 2874 2557 2928 servire
2600 2874 2860 2930 fecissent
2885 2876 3123 2934 liberum
3150 2878 3467 2949 arbitrium,

175 2963 518 3019 necessitate
541 2962 933 3034 jurisjurandi,
962 2963 1012 3017 ei
1039 2981 1235 3018 rursus
1256 2964 1652 3019 miserabiliter
1681 2964 2112 3029 succubuerunt,
2154 2963 2235 3018 vel
2265 2964 2389 3018 vitae
2412 2980 2605 3019 amore
2628 2970 2687 3020 et
2711 2965 2958 3035 ignavia,
2983 2968 3068 3021 vel
3087 2967 3468 3026 imbecillitate

172 3053 450 3124 corporis,
484 3053 567 3107 vel
595 3052 901 3123 cupiditate
932 3052 1169 3123 alicujus
1212 3054 1513 3125 voluptatis
1545 3053 1854 3125 perjurium
1885 3052 2182 3125 patientes.
2223 3052 2279 3106 Si
2321 3069 2454 3124 ergo
2486 3058 2544 3106 et
2570 3054 2786 3107 ratione
2816 3055 3135 3126 participes,
3166 3063 3223 3111 et
3249 3058 3469 3114 ratione

172 3141 485 3210 abstineas,
517 3158 805 3213 nunquam
834 3141 1105 3213 peccabis.
1136 3142 1335 3197 Divina
1363 3149 1448 3197 est
1472 3144 1623 3198 enim
1645 3143 1704 3197 in
1734 3142 1894 3197 nobis
1922 3143 2085 3211 ratio,
2126 3158 2250 3212 quae
2283 3142 2353 3196 ab
2378 3142 2445 3195 iis
2477 3159 2599 3213 quae
2628 3148 2762 3197 sunt
2785 3142 2844 3197 in
2875 3143 3036 3198 nobis
3063 3146 3485 3218 monitionibus,

172 3232 521 3289 exterminat
549 3231 776 3304 quidem
802 3248 868 3286 ea
890 3249 1013 3304 quae
1040 3237 1175 3287 sunt
1204 3232 1392 3300 noxia,
1424 3233 1661 3287 assumit
1689 3238 1880 3287 autem
1910 3249 1978 3285 ea
2006 3249 2128 3303 quae
2158 3236 2290 3286 sunt
2309 3232 2489 3286 utilia.
2521 3232 2550 3287 J
2557 3239 2682 3287 usto
2704 3232 2874 3301 enim,
2901 3233 3103 3304 inquit,
3135 3235 3223 3289 lex
3246 3251 3358 3291 non
3382 3243 3469 3293 est

174 3321 370 3394 posita
394 3323 443 3390 (Ι
473 3322 610 3375 Tim.
634 3321 719 3390 1.).
749 3321 954 3376 Melius
983 3326 1069 3375 est
1096 3339 1230 3393 ergo
1262 3322 1450 3377 vinum
1471 3322 1661 3376 bibere
1691 3339 1817 3376 cum
1838 3323 2076 3387 ratione,
2110 3337 2281 3391 quam
2311 3337 2516 3392 aquam
2539 3338 2665 3375 cum
2696 3322 2845 3376 fastu
2884 3329 2942 3377 et
2964 3324 3244 3395 superbia.
3280 3327 3466 3398 Atque

174 3410 325 3466 mihi
370 3410 596 3483 quidem
640 3410 844 3481 aspice,
877 3428 971 3465 eos
1002 3412 1255 3482 quicum
1297 3413 1515 3466 ratione
1557 3411 1782 3482 pietatis
1823 3428 1887 3465 ac
1937 3410 2226 3480 religionis
2264 3409 2457 3464 vinum
2493 3409 2698 3464 bibunt
2733 3428 2856 3466 esse
2896 3412 3042 3467 viros
3082 3420 3332 3483 sanctos;
3372 3432 3466 3470 eos

176 3505 380 3556 autem
416 3492 598 3566 θῦε
620 3500 717 3570 qui
747 3499 1159 3555 inconsiderate
1189 3506 1245 3554 et
1272 3501 1413 3556 citra
1435 3502 1708 3555 rationem
1738 3517 1866 3555 cum
1890 3499 2214 3570 arrogantia
2236 3516 2441 3570 aquam
2463 3498 2744 3567 biberunt,
2769 3518 2890 3555 esse
2918 3501 3173 3558 homines
3200 3505 3467 3576 profanos

175 3596 241 3645 et
267 3593 579 3660 corruptos.
613 3588 687 3643 Et
714 3606 816 3644 nec
845 3590 1088 3660 amplius
1116 3589 1396 3661 vituperes
1417 3595 1515 3644 aut
1543 3590 1737 3644 laudes
1767 3590 2063 3644 materiam
2092 3588 2199 3643 cibi
2226 3594 2328 3643 aut
2343 3595 2529 3660 potus,
2556 3590 2653 3644 sed
2674 3590 2897 3646 beatam
2924 3593 3005 3647 vel
3036 3593 3302 3651 miseram
3319 3595 3470 3667 judi-

175 3696 278 3735 ces
300 3684 547 3733 mentem
576 3695 769 3733 eorum
789 3678 886 3750 qui
904 3684 1055 3733 recte
1086 3680 1168 3733 vel
1193 3680 1338 3734 male
1368 3685 1608 3734 utuntur
1636 3678 1889 3734 materia.
1918 3678 2068 3733 Bibit
2092 3678 2393 3750 aliquando
2412 3679 2619 3750 Joseph
2644 3678 2830 3735 vinum
2854 3682 3003 3752 apud
3032 3683 3341 3755 Egyptias,
3367 3686 3469 3742 sed

175 3785 302 3825 non
324 3768 430 3823 fuit
450 3773 635 3823 mente
654 3768 817 3823 laesus
838 3788 850 3837 ;
875 3774 998 3823 erat
1025 3769 1175 3824 enim
1196 3770 1384 3823 animo
1405 3769 1674 3824 munitus.
1696 3771 1917 3840 Aquam
1945 3774 2133 3823 autem
2156 3766 2422 3822 biberunt
2448 3768 2797 3839 Pythagoras
2826 3776 2882 3824 et
2908 3770 3185 3842 Diogenes
3207 3778 3265 3828 et
3282 3775 3463 3842 Plato,

170 3859 335 3913 inter
364 3874 501 3929 quos
530 3857 700 3912 etiam
739 3857 1029 3912 Manichaai
1060 3864 1117 3912 et
1144 3858 1393 3929 reliquus
1422 3864 1598 3913 coetus
1625 3858 2018 3927 theologorum
2047 3856 2524 3927 philosophorum,
2561 3862 2617 3910 et
2646 3874 2711 3911 eo
2749 3874 2905 3913 vanae
2936 3876 3029 3913 eos
3061 3861 3322 3931 perduxit
3352 3865 3469 3937 opi-

176 3946 373 4003 nionis
400 3946 855 4018 intemperantia,
888 3951 952 4001 ut
980 3946 1165 4018 ipsum
1198 3948 1376 4002 Deum
1412 3948 1802 4002 universorum
1832 3947 2149 4001 eﬁectorem
2177 3945 2523 4016 ignorarent,
2561 3952 2619 3999 et
2648 3946 2899 4002 inanima
2936 3948 3238 4006 simulacra
3273 3952 3471 4008 adora-

179 4039 340 4091 rent.
371 4035 547 4089 Usum
576 4034 686 4089 vini
712 4034 1025 4105 tetigerunt
1052 4036 1091 4089 ii
1122 4053 1362 4107 quoque,
1395 4036 1491 4108 qui
1518 4053 1646 4091 cum
1668 4036 1830 4090 beato
1857 4036 2023 4091 Petro
2052 4036 2304 4107 apostolo
2336 4041 2500 4090 erant
2520 4035 2796 4107 discipuli,
2840 4038 2978 4093 adeo
3007 4044 3071 4093 ut
3095 4040 3205 4111 ipsi
3232 4042 3470 4100 Domino

173 4130 242 4181 et
268 4141 463 4180 eorum
494 4124 784 4195 magistro,
818 4125 1071 4180 omnium
1100 4131 1288 4181 autem
1318 4126 1598 4181 Servatori
1627 4125 1683 4180 id
1713 4125 1915 4197 probro
1946 4125 2413 4196 daretur(Matth.
2445 4128 2538 4193 χι),
2568 4125 2638 4180 ob
2666 4126 3155 4198 participationem
3183 4130 3474 4204 increpan-

177 4214 342 4270 tibus
369 4213 595 4278 Judaeis,
628 4220 685 4268 et
704 4214 1015 4269 dicentibus
1039 4233 1049 4267 :
1084 4215 1268 4278 Quare
1298 4215 1557 4286 discipuli
1585 4214 1668 4269 tui
1700 4232 1809 4269 non
1836 4216 2119 4285 jejunant,
2147 4214 2292 4268 sicut
2314 4214 2546 4269 Joannis
2565 4214 2821 4286 discipuli
2842 4219 3038 4285 (Marc.
3064 4220 3119 4288 ιι)
3138 4220 3162 4273 ?
3183 4218 3257 4275 Et
3277 4236 3472 4279 rursus

177 4301 537 4358 insultabant
564 4302 871 4374 discipulis,
895 4308 951 4356 et
977 4301 1374 4373 exprobrantes
1401 4302 1659 4358 dicebant
1678 4303 1949 4357 increduli
1972 4320 1984 4355 :
2010 4302 2283 4373 Magister
2311 4309 2493 4358 vester
2510 4321 2637 4358 cum
2664 4304 2979 4375 publicanis
3008 4313 3065 4362 et
3083 4310 3473 4379 peccatoribus

180 4392 437 4447 comedit
468 4397 524 4446 et
554 4391 694 4445 bibit
723 4392 890 4458 (Luca
912 4394 987 4460 v).
1020 4391 1100 4445 De
1139 4408 1282 4462 pane
1313 4396 1503 4446 autem
1533 4397 1590 4445 et
1619 4408 1763 4464 aqua
1795 4409 1906 4447 non
1928 4392 2440 4463 reprehendissent,
2482 4393 2589 4447 nisi
2619 4393 2688 4447 de
2726 4393 2955 4449 obsonio
2985 4401 3043 4451 et
3078 4397 3206 4453 vino
3239 4400 3468 4470 scilicet,

178 4482 228 4536 ii
257 4481 355 4553 qui
389 4481 493 4534 vini
529 4481 756 4552 quidem
789 4480 1072 4552 potionem
1102 4480 1442 4552 vituperant,
1493 4498 1652 4552 aqua;
1695 4499 1824 4536 vero
1853 4482 2088 4536 laudant
2124 4488 2181 4536 et
2208 4482 2578 4537 admirantur.
2624 4483 2944 4553 Respondet
2977 4492 3167 4541 autem
3212 4489 3475 4546 Servator

181 4570 442 4644 pulchre,
467 4570 656 4625 dicens
681 4588 691 4623 :
722 4569 890 4624 Venit
909 4570 1153 4624 Joannes
1174 4569 1232 4623 in
1262 4570 1352 4624 via
1365 4570 1615 4641 justitiaa,
1636 4587 1818 4641 neque
1843 4572 2270 4639 eomedens,nec
2294 4570 2511 4638 bibens,
2536 4588 2762 4627 carnem
2792 4574 3002 4629 scilicet
3024 4582 3082 4629 et
3100 4577 3316 4640 vinum.
3339 4595 3474 4635 nam

182 4660 404 4731 absque
432 4659 557 4714 aliis
588 4675 699 4713 non
727 4658 1005 4731 potuisset
1029 4658 1233 4725 vivere,
1262 4664 1319 4713 et
1350 4659 1568 4713 dicunt:
1592 4660 1941 4716 Daemonium
1970 4660 2159 4715 habet.
2189 4659 2359 4715 Venit
2376 4660 2550 4715 Filius
2580 4660 2824 4715 hominis
2852 4663 3149 4719 comedens
3175 4670 3233 4719 et
3256 4664 3469 4738 bibens,

186 4754 253 4804 et
281 4749 513 4803 dicunt:
544 4748 682 4804 Ecce
725 4748 891 4803 homo
921 4765 1087 4803 vorax
1131 4754 1187 4802 et
1230 4748 1341 4802 vini
1371 4753 1551 4819 potor,
1596 4748 1811 4802 amicus
1849 4749 2274 4820 publicanorum
2316 4754 2373 4803 et
2400 4754 2755 4820 peccatorum
2788 4750 3009 4819 (Matth.
3043 4756 3141 4821 χι),
3176 4761 3477 4827 propterea

185 4837 342 4910 quod
367 4838 624 4892 comedat
651 4842 708 4892 et
734 4836 904 4892 bibat.
940 4837 1085 4901 Quid
1114 4854 1216 4893 nos
1242 4854 1374 4907 ergo
1403 4837 1711 4891 faciemus?
1740 4839 1855 4892 Nec
1885 4855 1978 4892 eos
2006 4837 2102 4909 qui
2132 4838 2452 4908 vituperant
2481 4854 2804 4909 sequamur,
2831 4855 2934 4895 nec
2964 4856 3059 4895 eos
3088 4842 3186 4914 qui
3219 4844 3471 4903 laudant.

189 4927 311 4983 Sed
337 4927 425 4981 vel
453 4944 579 4982 cum
610 4928 822 4982 Joanne
848 4927 1067 4981 ratione
1091 4927 1435 4997 jejunemus,
1463 4927 1685 4981 etiamsi
1713 4926 1873 4982 nobis
1905 4927 2098 4982 dicant
2135 4926 2313 4982 Judaei
2347 4945 2360 4980 :
2395 4926 2745 4981 Daemonium
2774 4927 2992 4984 habetis
3018 4950 3031 4998 ;
3072 4933 3158 4987 vel
3187 4950 3317 4990 cum
3341 4937 3476 4993 Jesu

188 5014 482 5088 sapienter
520 5016 710 5071 vinum
748 5015 1024 5078 bibamus.
1068 5016 1115 5070 si
1145 5033 1346 5087 corpus
1389 5016 1657 5087 indigeat,
1702 5018 1873 5072 etiam
1908 5017 1956 5070 si
2000 5016 2159 5071 nobis
2202 5015 2484 5070 dixerint:
2537 5014 2680 5071 Ecce
2713 5016 2967 5074 homines
2996 5038 3222 5078 voraces
3264 5029 3321 5078 et
3360 5024 3476 5080 vini

186 5110 440 5179 potores.
464 5105 659 5178 Neque
681 5107 831 5160 enim
860 5122 1053 5160 revera
1081 5122 1208 5159 esca
1237 5104 1572 5175 estaliquid,
1598 5122 1699 5159 nec
1718 5112 1901 5177 potus,
1925 5106 2023 5162 sed
2058 5106 2192 5161 ﬁdes
2214 5123 2336 5177 quae
2358 5123 2456 5177 per
2479 5106 2813 5163 charitatem
2840 5111 3159 5167 extenditur
3186 5115 3474 5185 operibus.

190 5196 341 5251 Cum
363 5193 511 5248 enin
547 5211 772 5249 omnem
801 5194 1083 5249 actionem
1116 5195 1251 5249 ﬁdes
1281 5194 1450 5249 fuerit
1478 5200 1796 5261 consecuta,
1828 5196 2189 5251 condemnari
2218 5212 2330 5249 non
2358 5201 2547 5267 potest
2574 5196 2669 5267 qui
2697 5199 2940 5253 comedit
2963 5205 3020 5253 et
3056 5199 3214 5269 bibit,
3245 5208 3476 5273 propter

191 5281 393 5339 ﬁdem.
424 5282 706 5354 Quidquid
744 5283 894 5338 enim
926 5300 1038 5338 non
1060 5290 1145 5338 est
1183 5301 1248 5338 ex
1285 5284 1413 5350 ﬁde,
1456 5290 1746 5355 peccatum
1772 5291 1857 5339 est
1882 5287 2057 5350 (Rom.
2083 5294 2217 5353 xw).
2254 5286 2361 5339 Sed
2390 5286 2613 5357 quando
2643 5286 2849 5357 aliquis
2884 5304 2947 5341 ex
2972 5289 3355 5359 voluptuariis,
3390 5293 3477 5348 vel

194 5389 267 5426 ex
304 5370 373 5425 iis
411 5372 507 5443 qui
538 5372 828 5442 quodlibet
865 5373 1018 5428 aliud
1056 5378 1313 5444 peccant,
1345 5373 1479 5427 dicit
1506 5393 1516 5427 :
1560 5374 1693 5428 Fide
1721 5374 2013 5445 participe,
2046 5374 2131 5428 vel
2159 5373 2372 5444 aliquid
2402 5374 2555 5428 aliud
2583 5391 2709 5445 ago,
2744 5390 2778 5428 a
2806 5375 3022 5429 ratione
3051 5377 3237 5432 aliena
3266 5380 3480 5450 cupidi-

194 5465 339 5525 tate,
367 5461 453 5515 vel
482 5467 745 5533 corrupta
774 5463 1115 5519 conscientia
1142 5462 1388 5517 innitens
1418 5462 1566 5528 ﬁdei,
1592 5462 1818 5517 labitur.
1846 5464 2107 5517 Servator
2132 5462 2282 5517 enim
2314 5462 2585 5529 distinxit,
2610 5462 2800 5517 dicens
2820 5458 2837 5514 Ξ
2859 5464 2907 5516 Α
2932 5463 3204 5520 fructibus
3226 5458 3478 5539 ipsorum

193 5550 550 5620 cognoscetis
576 5568 673 5606 eos
706 5553 914 5623 (Matth.
949 5552 1068 5624 vn).
1101 5552 1262 5616 Quod
1288 5557 1477 5608 autem
1503 5552 1717 5607 fructus
1748 5569 1941 5607 eorum
1979 5552 2077 5623 qui
2116 5551 2306 5606 divina
2344 5551 2562 5606 ratione
2604 5550 2776 5606 vitam
2817 5550 3124 5610 instituunt
3150 5563 3209 5611 et
3235 5558 3478 5631 spiritali

196 5638 601 5715 intelligentia,
630 5640 722 5711 sit,
756 5656 823 5696 ex
852 5640 1025 5696 divini
1050 5641 1302 5715 Apostoli
1329 5642 1631 5711 sententia,
1652 5642 1777 5698 chai
1788 5642 1914 5710 itas,
1948 5646 2006 5697 et
2028 5640 2323 5713 gaudium,
2355 5646 2412 5697 et
2439 5657 2565 5713 pax,
2600 5644 2659 5697 et
2682 5640 3101 5715 longanimitas,
3140 5644 3483 5724 benignitas,
