3910 6380
453 325 586 383 1091
1573 328 1666 382 DE
1706 327 1894 383 VITIS
1934 327 2230 386 PATRUM
2267 331 2482 388 LIBER
2519 332 2672 388 VIII.
3598 343 3732 402 1092

456 453 694 520 bonitas,
719 453 876 518 ﬁdes,
913 451 1301 519 mansuetudo,
1325 453 1688 522 continentia,
1716 456 1946 510 castitas
1967 456 2110 526 (Gal.
2148 455 2226 526 v),
2261 464 2346 512 est
2373 463 2529 514 extra
2549 461 3010 518 controversiam.
3046 465 3172 536 Ipse
3197 466 3348 521 enim
3373 467 3515 522 dixit
3539 467 3732 525 beatus

457 543 665 598 Paulus
697 561 708 595 :
733 542 970 596 Fructus
1007 547 1197 596 autem
1223 541 1471 612 Spiritus
1498 549 1583 598 est
1602 545 1706 598 hoc
1734 550 1791 597 et
1819 545 1942 599 hoc.
1975 545 2136 609 Quod
2161 551 2352 600 autem
2382 547 2477 618 qui
2505 548 2696 604 studet
2719 550 2861 604 tales
2889 550 3095 607 habere
3122 553 3354 622 fructus,
3389 556 3532 610 citra
3561 559 3730 613 ratio-

456 648 584 686 nem
609 636 710 686 aut
735 631 1166 698 inconsiderate,
1199 638 1299 686 aut
1327 633 1714 704 intempestive
1753 650 1866 688 non
1917 635 2172 688 comedet
2219 651 2438 703 carnes,
2471 654 2574 692 nec
2610 637 2764 693 bibet
2806 641 3016 707 vinum,
3049 659 3230 707 neque
3265 661 3391 700 cum
3425 645 3542 700 ulla
3588 647 3732 702 mala

453 719 796 776 cohabitabit
818 721 1176 777 conscientia.
1202 722 1417 776 Rursus
1440 722 1580 776 dixit
1598 722 1746 776 idem
1770 722 1968 778 beatus
1987 725 2196 778 Paulus
2223 742 2234 777 :
2257 725 2452 780 Omnis
2481 726 2576 798 qui
2605 733 2784 783 certat
2805 728 2874 782 ab
2898 729 3157 786 omnibus
3177 731 3474 808 abstinet(l
3490 735 3612 790 Cor.
3635 742 3725 804 Ix).

455 811 595 866 Cum
625 827 765 865 sana
784 810 1012 882 quidem
1035 815 1122 864 est
1139 827 1288 878 caro,
1311 811 1596 865 abstinens
1629 811 1698 865 ab
1718 811 1788 866 iis
1818 829 1940 883 quze
1968 813 2420 884 pinguefaciunt;
2449 817 2598 886 quod
2627 819 2678 871 si
2707 819 2781 872 sit
2802 835 2951 890 aegra
2975 821 3058 875 vel
3078 839 3318 878 maerore
3345 823 3612 893 confecta,
3651 825 3729 880 vel

451 899 640 971 aliquo
661 916 794 954 casu
821 899 1049 966 afﬂicta,
1082 906 1218 954 tunc
1251 905 1444 954 utetur
1471 900 1697 970 quidem
1725 901 1810 954 vel
1835 900 1959 954 cibo
1984 901 2069 955 vel
2096 903 2323 973 potione
2361 909 2632 976 tanquam
2674 909 3101 977 medicamento,
3129 913 3200 966 ad
3231 929 3298 967 ea
3327 915 3579 968 curanda
3608 930 3729 986 qua

452 989 767 1045 molestiam
797 991 1061 1044 afferunt.
1084 989 1404 1044 Abstinebit
1426 995 1617 1044 autem
1637 989 1707 1044 ab
1734 989 1805 1044 iis
1836 1007 1958 1061 quae
1986 996 2119 1045 sunt
2139 992 2340 1047 animae
2367 994 2552 1061 noxia,
2575 995 2661 1050 ira
2687 1002 2744 1050 et
2769 997 2995 1066 invidia,
3023 1015 3166 1054 vana
3191 1001 3390 1072 gloria,
3419 1002 3656 1058 tristitia
3675 1008 3732 1058 et

449 1078 815 1146 detractione,
840 1078 1104 1151 superbia
1129 1085 1186 1133 et
1217 1079 1478 1145 elatione,
1511 1079 1628 1134 Deo
1649 1096 1822 1150 agens
1846 1080 2082 1150 gratias.

521 1169 664 1224 Cum
683 1169 752 1222 de
781 1169 869 1223 his
891 1169 1083 1241 itaque
1114 1169 1250 1224 satis
1271 1169 1653 1234 disseruerim,
1677 1174 1789 1224 tuae
1814 1185 2010 1224 rursus
2029 1169 2303 1227 docilitati
2324 1173 2492 1228 aliam
2513 1175 2684 1230 atl‘ero
2705 1177 3181 1236 adhortationem.
3213 1179 3367 1252 Fuge
3389 1198 3490 1253 pro
3522 1181 3728 1238 viribus

449 1275 644 1314 eorum
682 1259 933 1313 virorum
957 1259 1378 1330 congressiones
1413 1258 1510 1329 qui
1537 1258 1751 1312 nullam
1779 1258 1990 1313 habent
2019 1261 2342 1330 utilitatem,
2377 1269 2434 1317 et
2460 1264 2664 1335 pellem
2717 1272 2989 1322 exornant
3025 1268 3189 1322 aliter
3226 1286 3394 1340 quam
3437 1271 3730 1326 conveniat

449 1349 670 1404 etiamsi
687 1348 803 1402 sint
829 1347 1143 1413 orthodoxi,
1166 1364 1278 1402 non
1308 1349 1492 1402 solum
1517 1347 1785 1415 haeretici,
1817 1353 1874 1402 et
1909 1347 2123 1406 laedunt
2149 1351 2450 1424 hypocrisi,
2493 1354 2713 1409 etiamsi
2743 1372 2882 1410 cano
2912 1356 3094 1428 capite
3118 1363 3178 1412 et
3216 1366 3516 1430 corrugata
3549 1362 3732 1415 trante

449 1455 564 1510 prae
585 1455 644 1492 se
673 1441 858 1493 terant
875 1437 1287 1508 longitudinem
1316 1437 1603 1509 temporis.
1630 1439 1775 1492 Nam
1804 1443 1868 1492 ut
1893 1444 2123 1510 propter
2149 1459 2333 1498 mores
2355 1461 2659 1514 generosos
2685 1444 2755 1499 ab
2775 1446 2854 1500 eis
2885 1447 3025 1501 nihil
3054 1447 3292 1515 ladaris,
3315 1449 3372 1503 id
3399 1455 3548 1504 certe
3577 1451 3728 1522 quod

449 1527 672 1582 videtur
697 1544 819 1582 esse
846 1526 1142 1581 minimum
1174 1533 1231 1582 te
1259 1526 1550 1582 sauciabit.
1585 1525 1838 1582 Insolens
1871 1527 2022 1581 enim
2059 1531 2330 1597 redditus,
2361 1533 2552 1588 animo
2595 1534 2858 1598 eﬂ'ereris,
2894 1552 2989 1590 eos
3017 1536 3276 1592 irridens.
3315 1538 3475 1602 Quod
3495 1539 3728 1609 quidem

449 1615 552 1670 tibi
571 1617 974 1671 detrimentum
995 1617 1208 1681 all‘eret,
1232 1621 1296 1670 ut
1315 1616 1412 1687 qui
1440 1616 1499 1670 in
1528 1615 1848 1687 superbiam
1869 1615 2150 1675 incideris.
2181 1621 2362 1692 Super
2377 1622 2618 1677 lucidam
2639 1630 2830 1678 autem
2863 1628 3040 1689 '10.
3066 1624 3366 1680 fenestram
3387 1644 3724 1700 persequere

450 1710 508 1760 et
528 1704 772 1759 virorum
801 1711 858 1759 et
880 1705 1178 1759 mulierum
1203 1712 1430 1759 sanctas
1451 1705 1893 1774 congressiones,
1919 1710 1985 1759 ut
2008 1722 2109 1776 per
2136 1727 2330 1764 eorum
2357 1711 2525 1766 veluti
2551 1712 2832 1766 subtiliter
2850 1720 3119 1785 scnptum
3139 1713 3340 1771 librum
3363 1716 3543 1787 possis
3562 1723 3726 1772 tuum

447 1811 542 1849 cor
568 1799 761 1866 aperte
784 1794 992 1860 videre,
1025 1800 1083 1849 et
1119 1811 1220 1865 per
1246 1794 1603 1848 collationem
1643 1793 1880 1865 probare
1910 1798 2221 1852 socordiam
2258 1806 2418 1855 tuam
2463 1801 2548 1854 vel
2587 1801 2962 1872 diligentiam.
3005 1801 3186 1858 Multa
3227 1804 3378 1858 enim
3423 1811 3554 1860 sunt
3597 1821 3726 1878 qua

446 1881 714 1955 probitati
748 1883 935 1938 ferunt
961 1883 1346 1938 testimonium
1383 1901 1394 1936 :
1425 1883 1578 1938 color
1604 1883 1791 1937 vultus
1829 1883 1926 1953 qui
1953 1883 2010 1936 in
2043 1906 2111 1943 ea
2138 1889 2251 1944 vita
2281 1907 2404 1962 qua;
2433 1891 3000 1964 degitl‘efﬂorescit,
3034 1898 3091 1946 et
3117 1893 3352 1948 vestium
3382 1900 3630 1961 ornatus,
3666 1901 3726 1951 et

446 1989 629 2028 mores
655 1973 967 2044 compositi,
1011 1979 1067 2028 et
1095 1973 1372 2028 modestia
1400 1973 1689 2039 orationis,
1731 1978 1786 2027 et
1816 1971 1985 2026 verba
2014 1989 2128 2028 non
2159 1975 2436 2046 exquisita
2464 1981 2522 2030 et
2557 1977 2836 2043 affectata,
2869 1978 3098 2048 elegans
3141 1979 3442 2043 sententia,
3473 1981 3724 2052 cogitata

444 2079 718 2134 sensaque
749 2063 1044 2134 sapientia.
1077 2064 1348 2118 Dominus
1377 2069 1569 2117 autem
1596 2061 1739 2115 vires
1787 2061 1945 2116 dabit
1985 2068 2098 2116 tuae
2146 2063 2586 2132 mansuetudini,
2619 2071 2676 2119 et
2708 2065 2967 2120 omnibus
3010 2067 3106 2138 qui
3150 2073 3462 2138 sequuntur
3489 2086 3723 2141 scopum

441 2152 688 2224 pietatis,
716 2152 936 2206 etiamsi
967 2153 1052 2206 vel
1081 2153 1298 2207 desidia
1323 2153 1410 2206 vel
1436 2169 1570 2206 casu
1599 2151 1812 2222 aliquid
1841 2151 2126 2206 acciderit.
2168 2152 2422 2208 Amictus
2448 2153 2619 2222 enim,
2653 2161 2712 2209 et
2739 2172 2968 2226 gressus
2999 2156 3174 2226 pedis,
3209 2161 3266 2211 et
3293 2157 3440 2212 risus
3467 2157 3722 2214 dentium

441 2241 800 2296 annuntiabit
833 2241 902 2296 de
923 2241 1066 2313 ipso,
1097 2248 1162 2297 ut
1184 2243 1264 2296 ait
1294 2241 1656 2296 Proverbium
1681 2242 1894 2310 (Ecclcs.
1920 2243 1990 2311 x).

510 2331 788 2402 Incipiens
816 2331 1008 2402 itaque
1033 2331 1134 2386 tibi
1171 2347 1403 2386 narrare
1439 2331 1611 2385 vitam
1639 2336 1962 2385 sanctorum
2009 2330 2262 2398 Patrum,
2297 2348 2479 2404 neque
2519 2349 2614 2387 eos
2645 2333 2741 2404 qui
2777 2340 2910 2388 sunt
2949 2334 3008 2388 in
3036 2333 3288 2400 urbibus,
3320 2337 3405 2390 vel
3447 2336 3600 2400 vicis,
3629 2339 3722 2392 vel

438 2421 740 2492 speluncis,
770 2421 856 2476 vel
880 2421 1276 2476 solitudinibus
1305 2420 1408 2476 tibi
1437 2420 1634 2491 ignoti,
1666 2419 2093 2490 praetermittam
2119 2421 2373 2476 oratione
2399 2440 2412 2488 ;
2436 2421 2706 2492 adjiciens
2735 2438 2830 2477 eos
2859 2423 3028 2478 etiam
3059 2425 3156 2496 qui
3183 2431 3317 2479 sunt
3343 2425 3402 2480 in
3431 2424 3719 2481 coenobiis.

437 2511 631 2582 Neque
661 2511 812 2565 enim
833 2511 988 2566 locus
1010 2511 1282 2582 quaeritur
1307 2511 1368 2564 in
1397 2527 1507 2582 quo
1537 2527 1596 2564 se
1626 2514 1776 2564 recte
1801 2516 1858 2564 et
1882 2526 1948 2564 ex
1967 2508 2173 2565 virtute
2200 2517 2517 2582 gesserunt,
2545 2511 2644 2566 sed
2673 2513 2872 2567 modus
2897 2519 3062 2569 rectae
3092 2530 3288 2569 eorum
3320 2514 3714 2584 institutionis,

433 2617 536 2673 per
566 2616 738 2671 quam
765 2599 974 2655 Christi
1013 2599 1220 2654 auxilio
1244 2599 1418 2654 vitam
1450 2603 1689 2668 egerunt
1717 2597 2054 2668 angelicam.

742 2874 1951 3048 HISTORIA
2109 2874 3404 3050 LAUSIACA.

937 3251 1172 3308 CAPUT
1201 3251 1517 3308 PRIMUM.
2044 3256 2096 3315 Α
2117 3257 2356 3321 matum,
2369 3256 2434 3307 ut
2447 3252 2621 3308 etiam
2642 3251 2701 3307 in
2716 3251 2836 3324 ipso
2864 3251 3112 3308 convivio
3129 3253 3266 3308 hora
3279 3251 3444 3307 solita
3462 3251 3717 3307 refectio-

2110 3343 2197 3398 nis
2207 3342 2447 3397 fratrum
2460 3343 2638 3397 sancti
2648 3343 2816 3414 hujus
2829 3342 2989 3396 fieret
2999 3341 3203 3397 mentis
3216 3358 3343 3398 exce
3350 3345 3718 3409 ssus,mutus-

2111 3449 2219 3504 que
2231 3432 2493 3486 evaderet
2503 3432 2622 3504 ipse
2644 3438 2702 3486 et
2720 3432 3140 3504 obstupesceret
3162 3450 3174 3486 :
3195 3437 3392 3487 etcum
3412 3435 3713 3502 regaretur

499 3525 643 3580 Cum
657 3539 789 3592 ergo
801 3521 1046 3593 primum
1066 3520 1345 3574 venissem
1364 3519 1422 3574 in
1441 3517 1878 3574 Alexandrinam
1897 3520 2028 3574 civi-
2109 3526 2176 3575 ut
2195 3538 2316 3592 quae
2333 3521 2390 3575 in
2405 3537 2631 3576 excessu
2653 3527 2956 3576 evenerant
2975 3527 3254 3584 narraret.
3267 3519 3504 3576 diceret:
3522 3518 3710 3573 Mente

427 3618 624 3679 tatem,
649 3611 891 3668 secundo
909 3610 1205 3665 consulatu
1217 3609 2028 3681 Theodosiimagniimperato-
2108 3626 2234 3664 sum
2266 3611 2655 3682 peregrinatus
2685 3609 2754 3666 ab
2775 3611 2965 3682 aliqua
2992 3616 3187 3682 raptus
3213 3607 3704 3680 contemplatione.

423 3705 522 3766 ris,
539 3703 633 3774 qui
646 3707 875 3774 propter
889 3716 1050 3755 suam
1071 3706 1282 3754 rectam
1300 3699 1360 3753 in
1379 3698 1665 3753 Christum
1686 3699 1856 3753 ﬁdem
1876 3715 2027 3754 nunc
2109 3700 2234 3754 Scio
2263 3716 2366 3770 ego
2388 3717 2517 3755 eum
2546 3717 2691 3772 saepe
2717 3700 2776 3755 in
2807 3717 3001 3755 mensa
3019 3699 3192 3754 fuisse
3224 3699 3623 3771 lacrymatum;
3645 3703 3706 3750 et

427 3801 514 3850 est
537 3810 664 3848 cum
693 3791 925 3863 angelis,
951 3791 1011 3844 in
1037 3789 1160 3860 ipsa
1182 3789 1406 3842 civitate
1429 3788 1600 3842 incidi
1636 3789 1694 3842 in
1723 3789 2026 3860 quemdam
2107 3805 2236 3844 cum
2264 3795 2562 3860 rogaretur
2581 3805 2808 3845 causam
2826 3807 2927 3845 cur
2950 3795 3097 3844 esset
3122 3789 3479 3862 lacrymatus,
3516 3784 3704 3840 audivi

425 3885 607 3940 virum
631 3880 1047 3945 admirandum,
1065 3883 1124 3932 et
1146 3878 1300 3932 omni
1330 3893 1395 3932 ex
1424 3882 1582 3948 parte
1613 3883 2028 3945 ornatum,ser-
2107 3895 2236 3932 eum
2261 3879 2538 3935 dicentem
2576 3898 2588 3934 :
2621 3879 2803 3934 Pudet
2829 3896 2920 3934 me
2945 3879 3090 3934 vesci
3119 3878 3240 3933 cibo
3273 3895 3307 3932 a
3325 3877 3541 3932 ratione
3570 3875 3705 3930 alie-

424 3990 608 4041 mone,
643 3969 912 4034 moribus,
956 3973 1015 4023 et
1044 3968 1296 4033 scientia,
1339 3983 1545 4038 nempe
1591 3967 1890 4033 Isidorum,
1930 3969 2027 4039 qui
2109 3983 2200 4034 no,
2235 3985 2364 4023 cum
2398 3969 2504 4024 sim
2534 3969 2752 4024 ratione
2781 3969 3076 4041 praeditus;
3110 3974 3168 4024 et
3193 3966 3400 4023 versari
3436 3964 3699 4020 deberem

424 4070 546 4121 erat
573 4067 631 4117 et
653 4059 948 4132 presbyter
966 4063 1024 4112 et
1047 4057 1403 4111 xenodochus
1422 4056 1812 4112 Alexandrinae
1841 4058 2020 4111 eccle-
2100 4055 2160 4110 in
2201 4057 2461 4128 paradiso
2489 4058 2836 4124 deliciarum,
2860 4057 3159 4129 replendus
3187 4055 3478 4111 ambrosiae
3504 4052 3692 4109 nutri-

423 4155 538 4210 size.
556 4154 610 4208 Is
630 4148 923 4205 dicebatur
940 4147 1122 4218 prima
1145 4145 1372 4216 quidem
1394 4147 1690 4216 juventute
1711 4163 1940 4200 versans
1957 4147 2018 4201 in
2099 4152 2310 4212 mento,
2325 4153 2554 4219 propter
2577 4164 2700 4202 eam
2719 4163 2842 4219 qua:
2856 4147 3016 4202 nobis
3033 4164 3068 4202 a
3091 4145 3320 4203 Domino
3340 4143 3469 4200 data
3489 4148 3573 4198 est
3592 4158 3689 4214 po-

423 4241 744 4303 solitudine,
759 4236 1041 4309 peregisse
1064 4234 1376 4288 certamina
1395 4234 1826 4289 exercitationis.
1843 4235 2017 4306 Cujus
2099 4242 2381 4293 testatem.
2403 4239 2456 4292 Is
2477 4243 2598 4292 erat
2622 4237 2810 4292 Romae
2831 4243 2998 4292 notus
3021 4241 3220 4291 cuncto
3240 4233 3457 4290 senatui
3487 4238 3538 4287 et
3560 4247 3686 4303 pro-

422 4335 594 4391 etiam
614 4329 811 4384 cellam
821 4325 934 4381 vidi
955 4341 1059 4396 ego
1080 4325 1138 4378 in
1155 4329 1344 4378 monte
1359 4323 1579 4378 Nitriae:
1600 4324 1804 4378 oﬁ‘endi
1825 4329 2016 4378 autem
2099 4345 2290 4384 cerum
2319 4327 2604 4393 uxoribus,
2629 4343 2738 4398 quo
2771 4331 3022 4398 tempore
3051 4343 3176 4381 cum
3199 4325 3360 4380 beato
3379 4320 3682 4378 Athanasio

421 4441 550 4482 eum
579 4435 772 4476 senem
798 4415 1152 4488 septuaginta
1171 4429 1349 4468 annos
1387 4418 1583 4466 natum
1609 4432 1622 4480 ;
1657 4413 1754 4484 qui
1781 4430 1907 4468 cum
1939 4415 2018 4468 vi-
2097 4417 2354 4488 episcopo
2373 4416 2530 4488 prius
2555 4421 2880 4483 recesserat,
2902 4415 3103 4470 deinde
3128 4431 3254 4470 cum
3274 4418 3465 4468 sancto
3488 4411 3685 4466 Deme-

417 4515 594 4572 xisset
619 4511 760 4566 alios
780 4505 1096 4580 quindecim
1117 4519 1314 4568 annos,
1336 4501 1394 4556 in
1425 4519 1560 4574 pace
1585 4501 1740 4557 obiit.
1763 4503 1866 4558 Hic
1893 4521 2066 4580 san-_
2094 4505 2204 4560 trio
2233 4506 2512 4577 episcopo.
2545 4507 2599 4562 Is
2624 4523 2753 4561 cum
2786 4505 3099 4560 abundaret
3135 4502 3350 4576 opibus,
3380 4507 3436 4556 et
3462 4500 3531 4555 iis
3559 4516 3684 4571 quae

419 4611 542 4660 ctus
557 4616 734 4673 usque
745 4577 817 4652 ad
827 4599 1024 4652 horam
1036 4593 1222 4648 obitus
1232 4592 1595 4646 nihillineum
1606 4593 1848 4664 gestavit
1858 4600 2016 4649 extra
2032 4577 2078 4637 Β
2095 4600 2228 4649 sunt
2253 4595 2324 4650 ad
2345 4611 2511 4650 usum
2539 4597 2872 4661 necessaria,
2904 4611 3018 4650 non
3045 4593 3266 4665 scripsit
3283 4594 3683 4646 testamentum

416 4695 615 4749 vittam
645 4689 740 4759 (2),
774 4702 888 4741 non
909 4684 1109 4738 balneo
1137 4687 1224 4737 est
1250 4698 1408 4748 usus,
1437 4697 1552 4736 non
1578 4681 1767 4753 tetigit
1793 4699 2011 4750 carnes,
2095 4684 2388 4750 decedens,
2406 4702 2517 4740 non
2534 4687 2828 4758 pecuniam
2847 4685 3093 4756 reliquit.
3114 4699 3224 4738 non
3241 4698 3360 4736 rem
3374 4680 3545 4736 ullam
3565 4679 3684 4733 suis

416 4771 1452 4853 nunquamamensarecessitrepletus
1463 4771 1529 4825 ad
1542 4772 2016 4834 satietatemErat
2095 4773 2380 4828 sororibus
2409 4792 2532 4846 quae
2561 4779 2726 4830 erant
2751 4775 3013 4846 virgines,
3034 4772 3131 4828 sed
3166 4788 3260 4826 eas
3287 4769 3506 4826 Christo
3535 4784 3683 4822 com-

418 4876 610 4928 autem
631 4881 863 4938 corpore
883 4881 918 4918 a
936 4861 1037 4918 Dei
1053 4861 1238 4932 gratia
1260 4866 1377 4915 tam
1401 4860 1540 4915 bene
1567 4865 2008 4933 contemperato,
2095 4863 2408 4930 mendavit,‘
2431 4864 2656 4919 dicens:
2692 4865 2842 4919 Deus
2867 4864 2962 4935 qui
2990 4879 3086 4918 vos
3105 4861 3331 4926 creavit,
3360 4858 3510 4914 vobis
3540 4873 3679 4928 quo-

417 4969 484 5020 ut
502 4975 697 5017 omnes
726 4955 823 5028 qui
851 4951 1188 5024 ignorabant
1211 4951 1336 5021 ejus
1365 4951 1542 5005 victus
1565 4951 1864 5016 rationem,
1880 4968 2011 5022 per-
2095 4969 2202 5022 que
2229 4953 2434 5008 victum
2448 4953 2761 5025 providebit
2777 4955 2923 5008 sicut
2937 4958 2994 5007 et
3010 4951 3164 5006 mihi.
3189 4951 3325 5006 Erat
3344 4953 3532 5003 autem
3553 4962 3680 5000 con-

417 5065 643 5108 suasum
674 5045 949 5101 haberent
975 5057 1108 5096 eum
1127 5041 1278 5095 laute
1292 5039 1478 5094 vivere
1496 5045 1552 5094 et
1572 5040 2012 5112 opiparellujus
2091 5047 2291 5097 ventus
2319 5043 2600 5114 virginum
2629 5061 2752 5116 quae
2779 5048 2943 5097 erant
2972 5058 3100 5096 cum
3129 5038 3412 5096 sororibus
3435 5038 3575 5108 ejus,
3596 5052 3679 5090 se-

413 5142 651 5199 virtutes
667 5135 869 5191 animae
883 5131 1105 5187 sivelim
1122 5129 1408 5201 sigillatim
1425 5136 2008 5196 narrare,narrantem
2090 5132 2404 5202 ptuaginta.
2437 5133 2512 5199 Is,
2545 5150 2672 5188 cum
2702 5133 2774 5186 ad
2803 5149 2932 5187 eum
2961 5131 3234 5186 venissem
3260 5128 3599 5191 adolescens,
3623 5129 3678 5179 et

413 5248 504 5286 me
533 5235 759 5298 tempus
786 5222 1026 5279 deﬁciet.
1059 5219 1166 5284 Qui
1198 5223 1322 5273 erat
1347 5219 1488 5273 adeo
1518 5218 1692 5284 mitis,
1710 5217 2004 5288 benignus,
2091 5237 2349 5290 rogarem
2392 5227 2457 5276 ut
2483 5223 2554 5277 ad
2596 5222 2768 5276 vitam
2803 5227 3098 5293 cooptarer
3140 5217 3521 5281 monasticam,
3551 5231 3677 5269 mea

413 5327 470 5376 et
496 5317 780 5392 paciﬁcus,
809 5319 875 5368 ut
893 5311 1066 5366 etiam
1089 5309 1344 5363 inﬁdeles
1373 5309 1495 5378 ejus
1523 5307 1753 5372 inimici,
1779 5313 2009 5380 pr0pter
2091 5309 2272 5364 adhuc
2299 5317 2463 5366 aetate
2490 5311 2904 5377 lasciviente,et
2924 5328 3036 5366 non
3051 5327 3191 5382 opus
3211 5307 3450 5363 habente
3463 5320 3674 5360 sermo-

412 5413 620 5465 rectam
641 5407 702 5460 in
719 5401 1005 5459 Christum
1033 5399 1222 5463 ﬁdem,
1244 5397 1329 5451 vel
1357 5398 1481 5467 ejus
1501 5397 1759 5450 umbram
1786 5413 2007 5452 revere-
2089 5398 2276 5469 nibus,
2293 5401 2391 5456 sed
2409 5401 2691 5456 laboribus
2707 5401 2801 5473 qui
2819 5417 3048 5456 carnem
3067 5399 3406 5470 subigerent,
3425 5396 3674 5466 duraque

410 5504 628 5562 rentur,
649 5494 720 5549 ob
759 5491 1038 5562 insignem
1065 5488 1172 5542 viri
1197 5486 1527 5542 bonitatem.
1549 5486 1786 5540 Tantam
1814 5493 2007 5542 autem
2089 5494 2146 5543 et
2176 5505 2376 5560 aspera
2398 5489 2616 5546 vivendi
2641 5491 2858 5546 ratione
2888 5507 3011 5563 qua:
3039 5506 3238 5562 corpus
3265 5489 3668 5558 compesceret;

407 5586 611 5642 habuit
624 5581 934 5655 spiritalem
949 5577 1193 5650 gratiam
1213 5581 1271 5631 et
1287 5575 1664 5646 cognitionem
1684 5581 2006 5632 sanctarum
2087 5577 2155 5646 is,
2213 5579 2462 5651 inquam,
2522 5586 2794 5654 tanquam
2842 5581 3020 5636 bonus
3074 5579 3316 5634 domitor
3367 5575 3674 5649 pullorum,

411 5674 837 5748 scripturarum,
860 5673 920 5725 et
953 5665 1510 5740 comprehensionem
1535 5664 1855 5726 divinorum
1874 5667 2007 5740 dog-
2087 5667 2250 5731 duxit
2303 5687 2394 5729 me
2435 5677 2595 5730 extra
2647 5672 2931 5730 civitatem
2975 5671 3048 5728 ad
3099 5685 3193 5728 eas
3239 5683 3361 5743 quae
3408 5665 3672 5722 dicuntur

639 3397 752 3452 Vita
781 3398 984 3452 [sideri
1003 3394 1090 3470 (l)
1113 3398 1422 3465 presbyteri
1440 3401 1488 3450 ct
1517 3397 1831 3450 melzodochi.
