3910 6370
186 304 199 360 1
213 300 311 359 093

180 428 336 484 Cellae
364 424 681 491 eremiticae,
713 421 935 477 circiter
965 419 1159 491 quinto
1192 416 1261 471 ab
1282 414 1419 470 urbe
1449 414 1655 484 lapide.

792 544 1024 601 CAPUT
1055 543 1126 597 ΙΙ.

595 673 890 729 Dorotheus
921 668 994 741 (3)
1037 668 1334 722 Thebanus.

246 786 313 841 Et
330 800 421 838 me
440 781 618 838 tradit
630 779 854 834 cuidam
873 775 1153 831 Dorotheo
1178 768 1530 826 exercitatori
1549 766 1763 822 Theba-

178 892 245 931 no
272 872 678 943 sexagesimum
708 882 920 922 annum
936 863 1124 935 agenti
1154 862 1212 915 in
1228 860 1510 931 spelunca,
1533 860 1591 911 et
1601 855 1764 926 jubet

178 981 264 1019 me
282 963 514 1033 implere
530 959 677 1030 apud
700 958 884 1029 ipsum
906 960 1021 1008 tres
1039 968 1215 1006 annos
1237 950 1307 1004 ad
1327 947 1632 1003 domandas
1645 944 1762 999 ani-

178 1053 249 1107 mi
270 1048 715 1123 perturbationes
739 1044 967 1115 (sciebat
994 1042 1143 1096 enim
1181 1056 1373 1094 senem
1401 1053 1567 1108 agere
1590 1035 1761 1089 vitam

177 1140 473 1197 admodum
496 1137 695 1191 duram
717 1138 774 1187 et
792 1132 1161 1202 asperam),et
1172 1132 1467 1198 postquam
1485 1140 1759 1177 annorum

178 1243 469 1284 numerum
484 1224 1025 1295 implessem,rursus
1041 1218 1111 1271 ad
1124 1234 1254 1271 eum
1271 1219 1760 1277 reverterer,man-

176 1318 324 1372 davit
338 1316 407 1371 ob
436 1314 714 1384 reliquam
733 1309 1045 1365 doctrinam
1064 1306 1394 1378 spiritalem.
1417 1304 1557 1357 Cum
1569 1307 1760 1357 autem

176 1424 282 1462 non
310 1405 618 1478 potuissem
648 1400 796 1472 apud
825 1415 954 1453 eum
991 1396 1224 1468 implere
1255 1409 1554 1448 numerum
1585 1392 1760 1445 trium

177 1511 469 1561 annorum,
502 1508 568 1547 eo
598 1490 747 1563 quod
766 1490 824 1543 in
841 1487 1099 1542 morbum
1138 1491 1185 1550 θ
1207 1490 1324 1551 l0
1342 1482 1660 1536 incidissem
1672 1496 1760 1534 ve-

174 1582 596 1648 hementem,ab
619 1596 684 1634 eo
714 1577 919 1633 recessi
949 1581 1079 1629 ante
1103 1580 1327 1643 tempus
1357 1570 1754 1642 praestitutum.

1426 284 1768 344 HISTORIA
1805 282 2178 339 LAUSIACA.

1773 412 1826 470 Α
1845 414 1907 463 tu
1936 408 2188 463 manebis
2218 386 2505 482 nunquam
2533 410 2772 467 bibens?
2818 412 2944 484 Ipse
2986 419 3177 470 autem
3220 433 3251 471 e
3296 420 3439 473 cella

3300 289 3440 349 1094

1845 514 2122 597 egressus,
2153 514 2280 553 cum
2308 516 2408 570 per
2435 517 2495 554 se
2523 501 2820 569 hausisset,
2862 501 3003 557 bibit
3025 506 3276 575 jejunus,
3310 524 3438 562 cum

1844 588 1999 658 prius
2036 588 2324 658 signaculo
2366 590 2543 643 crucis
2591 591 2906 657 muniisset,
2938 598 2995 647 et
3025 594 3254 649 dixisset
3284 614 3295 649 :
3332 597 3439 652 Ubi

1844 692 1977 731 crux
2004 678 2164 731 adest
2181 678 2404 747 (7),illic
2432 679 2644 733 viribus
2673 686 2827 735 caret
2854 681 3063 737 diaboli
3083 683 3433 756 improbitas.

2458 768 2691 823 CAPUT
2720 770 2818 826 ΙΙΙ.

2080 857 2214 910 Acta
2244 862 2293 909 ct
2324 861 2688 925 temperantia
2717 860 3061 913 Potamz'a'na:
3099 859 3192 931 (8).

1914 944 2119 997 Beatus
2139 961 2271 1014 ergo
2292 945 2538 999 Isidorus
2549 946 2923 1015 xenodochus,
2948 948 3043 1019 qui
3067 948 3295 1005 beatum
3323 953 3435 1007 An-

1841 1032 2059 1085 tonium
2087 1039 2439 1101 convenerat,
2465 1034 2716 1088 narravit
2735 1035 2899 1101 mihi,
2912 1053 2970 1089 se.
2998 1036 3069 1091 ab
3098 1054 3164 1093 eo
3193 1039 3437 1096 audivis-

1842 1138 1901 1175 se
1930 1138 2049 1175 rem
2078 1122 2307 1192 dignam
2339 1140 2463 1193 quae
2492 1124 2791 1178 mandetur
2819 1125 3039 1183 litteris.

1912 1210 2262 1264 Potamiaena
2273 1211 2525 1281 quaedam
2543 1213 2730 1282 puella
2749 1213 3167 1283 formosissima,
3182 1221 3434 1289 tempore

1843 1298 2128 1352 Maximini
2140 1301 2513 1369 persecutoris
2524 1301 2629 1354 fuit
2648 1301 2851 1355 ancilla
2861 1304 3152 1373 cujusdam
3165 1306 3438 1378 intempe-

1842 1386 2021 1486 rantis
2045 1393 2103 1441 et
2125 1387 2426 1486 libidinosi.
2456 1390 2637 1453 Quam
2668 1406 2796 1444 cum
2817 1392 3058 1445 multum
3087 1400 3357 1464 rogasset,
3379 1402 3435 1451 et

1842 1476 2061 1546 eiyaria
2080 1477 2429 1547 promisisset
2449 1479 2497 1547 ej
2507 1495 2571 1531 us
2586 1479 2997 1545 dominus,eam
3018 1497 3129 1535 non
3152 1484 3437 1552 potuitde-

1841 1564 2042 1635 ciperc.
2070 1566 2191 1629 Quo
2219 1565 2427 1620 factum
2460 1573 2545 1620 est
2574 1572 2636 1620 ut
2654 1567 2701 1621 is
2721 1568 2948 1623 tandem
2963 1569 3151 1624 furore
3168 1572 3433 1642 percitus,

173 1677 304 1731 Erat
332 1673 481 1728 enim
512 1672 633 1741 ejus
654 1669 778 1722 vitae
798 1667 941 1721 ratio
963 1666 1127 1734 longe
1141 1661 1470 1732 asperrima,
1504 1658 1760 1729 squalida
1785 1670 1966 1741 “eam
1995 1655 2245 1708 traderet
2273 1657 2533 1726 praefecto
2560 1656 2940 1712 Alexandrino
2973 1657 3067 1727 (9),
3095 1660 3191 1729 qui
3221 1666 3343 1715 erat
3369 1679 3434 1716 eo

172 1770 226 1820 et
251 1764 417 1836 plane
445 1727 622 1815 arida.
652 1759 793 1813 Toto
828 1755 976 1809 enim
1023 1727 1132 1818 die,
1170 1727 1338 1822 atque
1382 1750 1520 1803 adeo
1550 1727 1608 1801 in
1638 1748 1758 1817 ipso
1785 1727 2112 1836 Btempore,
2143 1750 2413 1815 tanquam
2437 1744 2835 1812 Christianam,
2868 1751 2926 1800 et
2954 1763 3078 1818 quae
3104 1727 3362 1821 tempora
3381 1756 3438 1805 et

168 1832 302 1909 aestu
333 1849 608 1914 meridiei,
640 1848 699 1901 in
729 1845 1030 1901 solitudine
1062 1859 1184 1913 quae
1215 1845 1301 1893 cst
1321 1844 1551 1910 propter
1579 1853 1755 1902 mare,
1841 1832 2208 1902 imperatores
2234 1833 2604 1888 insectaretur
2633 1834 2945 1888 maledictis
2972 1842 3207 1908 propter
3240 1855 3434 1909 perge-

169 1941 462 2013 colligebat
478 1938 712 2010 lapides,
733 1941 790 1990 et
809 1952 874 1989 ex
897 1934 977 1988 eis
997 1947 1220 2002 semper
1239 1929 1536 1993 aediﬁcans,
1572 1932 1629 1980 et
1653 1926 1758 1979 cel-

168 2034 247 2087 las
273 2031 501 2094 faciens,
531 2044 622 2082 eas
655 2024 888 2079 cedebat
913 2022 982 2076 iis
1013 2020 1109 2091 qui
1141 2035 1253 2072 non
1292 2021 1553 2087 poterant
1580 2014 1755 2068 :editi-

169 2138 311 2187 care,
350 2117 585 2189 singulis
613 2114 776 2169 annis
800 2112 997 2167 cellam
1028 2109 1255 2163 faciens.
1274 2108 1414 2161 Cum
1437 2110 1627 2159 autem
1653 2119 1758 2172 ego

169 2209 466 2282 aliquando
495 2206 627 2261 huic
654 2208 846 2259 sancto
877 2200 1139 2255 dixissem
1167 2217 1177 2251 :
1214 2196 1359 2260 Quid
1388 2194 1524 2265 agis,
1566 2193 1754 2258 Pater,

165 2301 223 2354 in
243 2304 406 2354 tanta
425 2299 709 2351 senectute
735 2290 1124 2363 corpusculum
1146 2292 1307 2341 tuum
1338 2283 1593 2338 occidens
1616 2282 1759 2335 calo-

167 2388 316 2444 ribus
345 2381 829 2441 intolerabilibus?
850 2375 1160 2449 Respondit
1186 2373 1343 2439 mihi,
1361 2373 1553 2427 dicens
1577 2389 1588 2424 :
1613 2370 1757 2426 Illud

167 2495 254 2533 me
274 2475 493 2541 occidit,
528 2490 631 2544 ego
654 2487 875 2543 quoque
894 2469 1081 2539 ipsum
1110 2464 1376 2520 occidam.
1412 2460 1757 2516 Comedebat

166 2572 354 2620 autem
372 2562 608 2634 singulis
627 2558 822 2614 diebus
841 2572 935 2611 sex
947 2555 1138 2610 uncias
1153 2552 1395 2624 panis,et
1409 2550 1756 2604 minutorum

166 2656 382 2710 olerum
407 2650 732 2707 fasciculum
756 2647 830 2717 (4)
860 2665 873 2713 ;
909 2661 1067 2716 aqua;
1101 2648 1291 2697 autem
1321 2639 1545 2693 bibebat
1581 2637 1757 2692 modi-

164 2761 289 2799 cum
319 2743 474 2815 quid.
506 2742 686 2796 Deum
714 2742 903 2791 autem
930 2739 1108 2788 testor
1156 2748 1245 2785 me
1293 2744 1583 2799 nunquam
1626 2743 1756 2781 eum

164 2834 486 2906 cognovisse
516 2829 685 2901 pedes
716 2825 1048 2889 extendisse,
1082 2837 1196 2875 non
1224 2819 1416 2873 dedita
1434 2832 1601 2889 opera
1632 2815 1756 2869 dor-

163 2924 352 2978 miisse
382 2922 442 2976 in
470 2925 613 2985 toro,
637 2923 737 2972 aut
748 2931 916 2987 super
934 2913 1172 2978 lectum;
1206 2909 1303 2963 sed
1327 2925 1430 2979 per
1450 2911 1625 2961 totam
1654 2921 1756 2958 no-

162 3019 305 3069 ctem
337 3012 539 3065 sedens
568 3004 897 3063 contexebat
922 3003 1114 3057 funem
1145 3016 1211 3054 ex
1238 2998 1413 3052 ramis
1436 2997 1506 3066 (5)
1537 2995 1754 3067 palma-

1840 1921 2122 1990 cutiones;
2156 1922 2436 1993 pollicitus
2469 1940 2528 1977 se
2559 1923 2609 1977 ei
2639 1940 2904 1994 magnam
2926 1926 3173 1996 pecuniae
3198 1927 3310 1982 vim
3338 1929 3434 1983 da-

1838 2014 2032 2065 turum
2063 2010 2131 2065 ob
2159 2012 2280 2082 ejus
2315 2012 2712 2079 calamitatem,
2763 2013 2954 2068 dicens
2985 2033 2997 2067 :
3043 2014 3102 2069 Si
3129 2015 3179 2069 ei
3206 2033 3436 2088 persua-

1841 2100 1980 2154 seris
2000 2106 2064 2154 ut
2082 2117 2207 2155 meo
2227 2101 2504 2155 desiderio
2524 2101 2881 2169 assentiatur,
2896 2119 3019 2157 eam
3041 2105 3257 2159 custodi
3278 2107 3434 2161 nullo

1841 2190 2097 2244 affectam
2123 2190 2412 2261 supplicio.
2445 2190 2604 2255 Quod
2636 2191 2682 2245 si
2722 2193 3022 2247 mansisset
3054 2193 3113 2247 in
3152 2211 3220 2248 ea
3262 2212 3432 2267 quam

1841 2279 1910 2333 ab
1940 2280 2102 2334 initio
2131 2280 2453 2334 ostenderat
2481 2281 2831 2348 austeritate,
2863 2282 3083 2352 rogavit
3109 2289 3173 2337 ut
3202 2299 3268 2337 ea
3305 2301 3434 2356 sup-

1840 2368 2004 2439 plicio
2032 2370 2229 2423 affecta
2256 2374 2588 2437 moreretur,
2620 2386 2709 2436 ne,
2742 2370 2951 2436 dicens,
2968 2371 3090 2425 viva
3110 2388 3293 2426 meam
3307 2373 3432 2428 irri-

1838 2458 1967 2511 deat
1990 2458 2503 2529 intemperantiam.
2519 2457 2797 2513 Producta
2816 2465 3006 2514 autem
3026 2466 3158 2516 ante
3184 2461 3432 2517 tribunal

1837 2547 1991 2617 virgo
2020 2547 2197 2613 fortis,
2229 2547 2461 2601 diversis
2488 2547 2559 2602 ad
2588 2563 2782 2618 poenas
2809 2549 3112 2604 sumendas
3140 2567 3436 2622 compara-

1836 2636 1911 2690 tis
1936 2637 2345 2702 instrumentis,
2380 2653 2611 2708 corpore
2639 2636 2745 2691 fuit
2772 2638 3103 2705 excruciata,
3137 2645 3194 2693 et
3234 2640 3433 2694 adver-

1838 2741 1932 2780 sus
1962 2726 2168 2780 multas
2191 2743 2257 2780 ac
2271 2725 2454 2780 varias
2476 2726 2721 2780 rationes
2747 2732 2936 2781 mente
2963 2732 3235 2798 tanquam
3257 2729 3431 2783 turris

1837 2816 2001 2871 firma
2020 2833 2084 2870 ac
2101 2815 2316 2870 stabilis
2336 2816 2650 2869 resistebat.
2668 2816 2822 2870 Inter
2842 2816 3222 2873 instrumenta
3240 2824 3432 2873 autem

1838 2905 2257 2977 suppliciorum,
2310 2904 2592 2959 crudelius
2622 2905 2903 2975 quoddam
2941 2906 3157 2961 caeteris
3186 2912 3434 2963 tormen-

1836 2998 1959 3050 tum
1988 2994 2057 3048 ab
2087 3011 2152 3048 eo
2183 2994 2279 3065 qui
2303 3000 2438 3049 tunc
2466 2999 2590 3049 erat
2611 2995 2786 3065 judex
2815 2994 3104 3051 inventum
3130 3001 3232 3051 est.
3265 2997 3436 3053 Jubet

162 3119 308 3171 rum,
331 3106 399 3156 ut
416 3116 485 3155 ex
506 3115 572 3153 eo
588 3096 694 3152 sibi
713 3096 922 3149 victum
935 3096 1180 3163 pararet.
1205 3089 1347 3142 Cum
1365 3091 1554 3140 autem
1566 3082 1748 3154 suspi-
1766 3087 1810 3147 Ο
1831 3084 1983 3140 enim
2011 3100 2281 3155 magnum
2334 3083 2571 3138 lebetem
2602 3084 2723 3154 pice
2752 3085 3030 3154 repletum
3058 3086 3433 3141 vehementis-

163 3207 320 3247 carer
349 3206 499 3255 eum,
531 3203 659 3242 cum
682 3185 937 3239 adessem
966 3178 1339 3243 solummodo,
1361 3181 1479 3230 tam
1501 3179 1755 3228 extrema

160 3298 327 3336 usum
356 3296 478 3335 esse
488 3274 902 3338 exercitatione,
925 3270 1241 3325 sciscitatus
1252 3283 1379 3321 sum
1409 3269 1473 3319 ut
1497 3263 1701 3318 scirem
1720 3277 1754 3314 a

160 3367 541 3443 compluribus
553 3368 675 3437 ejus
686 3361 992 3434 discipulis,
1001 3376 1074 3414 an
1089 3362 1359 3429 perpetuo
1372 3358 1626 3409 uteretur
1635 3356 1750 3405 tam

160 3464 425 3515 accurata
451 3460 753 3526 exactaque
777 3449 1172 3507 exercitatione
1206 3466 1216 3500 :
1250 3446 1346 3517 qui
1370 3444 1597 3515 quidem
1629 3457 1751 3495 ma-

160 3546 499 3618 nebantipsi
522 3560 741 3617 quoque
757 3541 1017 3610 deinceps
1042 3552 1313 3600 seorsum,
1348 3551 1407 3587 se
1425 3538 1574 3587 recte
1599 3537 1657 3586 et
1685 3547 1752 3585 ex

157 3639 368 3709 virtute
387 3633 752 3708 gerentes.Hi
781 3630 922 3685 mihi
952 3627 1213 3682 dixerunt
1233 3624 1380 3696 quod
1409 3640 1443 3678 a
1455 3624 1751 3693 juventute

157 3729 328 3783 vitam
358 3742 519 3781 suam
548 3724 629 3778 ita
645 3720 910 3786 instituit,
925 3732 1217 3787 nunquam
1236 3713 1427 3768 dedita
1437 3728 1606 3783 Opera
1627 3710 1752 3764 dor-

157 3818 342 3873 miens
368 3815 475 3871 nisi
498 3813 646 3886 quod
673 3812 823 3866 inter
861 3806 1208 3880 operandum
1231 3804 1316 3858 vel
1344 3800 1751 3856 comedendum

157 3905 463 3978 aliquando
492 3900 815 3958 convivebat
843 3897 1021 3953 oculis
1049 3894 1280 3964 dejectis
1305 3911 1317 3959 ;
1350 3891 1488 3945 adeo
1518 3896 1583 3943 ut
1608 3904 1752 3958 saepe

156 3997 321 4069 panis
340 4010 563 4065 quoque
582 3989 655 4060 (6)
684 4007 749 4044 ex
769 3990 892 4060 ejus
922 4003 1019 4041 ore
1048 3984 1329 4040 excideret
1348 3997 1477 4035 esus
1499 3985 1752 4049 tempore

153 4067 392 4158 propter
417 4082 650 4138 nimiam
671 4077 1145 4135 dormitationem.
1172 4074 1313 4128 Cum
1331 4077 1522 4125 autem
1536 4085 1639 4139 ego
1657 4067 1769 4121 alio

156 4176 386 4247 quando
418 4187 675 4243 cogerem
700 4171 850 4224 hunc
870 4171 1128 4221 sanctum
1151 4162 1442 4234 paululum
1455 4160 1642 4230 jacere
1664 4173 1754 4211 su-

151 4281 253 4336 per
265 4270 536 4324 stoream.
569 4275 714 4331 aegre
732 4258 917 4313 ferens
937 4254 1077 4309 mihi
1097 4252 1261 4306 dixit:
1287 4250 1344 4305 Si
1366 4248 1590 4320 quando
1620 4262 1751 4318 per-

154 4354 406 4408 suaseris
435 4350 652 4420 angelis
679 4353 745 4402 ut
774 4345 1077 4409 dormiant,
1106 4346 1229 4396 tum
1250 4338 1471 4394 virtutis
1501 4336 1751 4392 studioso

155 4459 381 4514 quoque.
410 4437 773 4513 persuaseris.

221 4533 485 4597 Quodam
513 4526 702 4584 autem
732 4526 822 4581 die
839 4524 911 4579 ad
928 4526 1161 4595 puteum
1180 4534 1345 4573 suum
1359 4533 1448 4571 me
1466 4516 1621 4571 misit
1640 4515 1750 4569 cir-

152 4640 219 4678 ca
245 4623 452 4678 horam
480 4635 707 4686 nonam,
727 4621 792 4672 ut
806 4614 1101 4687 implerem
1128 4610 1349 4675 cadum,
1365 4623 1474 4678 quo
1494 4623 1559 4661 eo
1580 4606 1639 4659 in
1668 4621 1752 4659 re-

149 4713 398 4768 fectione
433 4714 689 4765 uteretur
733 4722 864 4761 cum
918 4704 1157 4758 instaret
1204 4700 1344 4753 hora
1387 4695 1494 4751 cibi
1532 4694 1752 4766 capien-

152 4803 229 4857 di.
284 4800 508 4857 Accidit
542 4803 729 4855 autem
781 4799 847 4849 ut
903 4810 1032 4848 cum
1072 4788 1448 4852 accessissem,
1492 4784 1640 4838 infra
1691 4783 1751 4838 in

151 4898 326 4964 puteo
361 4890 603 4944 viderem
634 4886 903 4958 aspidem,
947 4888 1004 4937 et
1042 4898 1156 4954 prae
1194 4882 1350 4933 metu
1393 4891 1600 4946 aquam
1642 4875 1751 4929 mi-

148 4981 305 5036 nime
334 4979 641 5044 haurirem,
674 4975 772 5030 sed
817 4972 1090 5029 currendo
1134 4984 1389 5024 reversus
1425 4966 1477 5020 ei
1522 4964 1751 5019 nuntia-

149 5087 296 5139 rem,
332 5069 522 5124 dicens
553 5086 565 5122 :
594 5065 889 5129 Periimus,
914 5062 1075 5125 abba,
1091 5059 1202 5113 vidi
1226 5058 1376 5113 enim
1397 5054 1652 5125 aspidem
1668 5054 1751 5108 in-

148 5162 326 5216 ferius
352 5160 409 5213 in
430 5163 618 5230 puteo.
662 5156 763 5211 Ille
792 5158 981 5208 autem
1010 5152 1246 5204 honeste
1269 5144 1586 5211 subridens,
1617 5158 1751 5214 quo-

149 5252 307 5306 niam
335 5248 448 5303 mei
466 5262 729 5316 magnam
748 5242 990 5297 habebat
1013 5239 1385 5301 rationem,et
1413 5239 1582 5306 caput
1610 5249 1754 5303 qua»

149 5343 321 5408 tiens,
359 5338 499 5393 dixit
530 5356 541 5390 :
570 5336 628 5390 Si
654 5335 837 5388 visum
865 5331 1036 5386 fuerit
1059 5328 1280 5382 diabolo
1304 5326 1364 5379 in
1389 5340 1614 5378 omnem
1643 5338 1749 5393 pu-

148 5436 311 5485 teum
340 5427 570 5498 injicere
600 5428 908 5495 serpentes,
940 5425 994 5474 et
1025 5418 1266 5490 aspides,
1301 5415 1383 5469 vel
1411 5412 1745 5478 testudines,

149 5524 253 5575 aut
270 5518 388 5573 alia
400 5519 675 5570 venenata
685 5509 1035 5578 animalia,in
1051 5523 1245 5563 omnes
1260 5505 1441 5560 fontes
1450 5517 1746 5573 aquarum,

1767 4408 1817 4468 D

1835 3175 1977 3230 simo
1992 3174 2122 3245 igne
2140 3172 2387 3227 accendi.
2414 3174 2555 3228 Cum
2567 3172 2798 3227 bulliret
2817 3190 2950 3244 ergo
2971 3174 3064 3245 pix
3077 3180 3134 3229 et
3153 3174 3313 3230 valde
3344 3193 3431 3231 ar-

1836 3263 2012 3331 deret,
2045 3279 2341 3317 conversus
2360 3262 2432 3316 ad
2451 3262 2605 3316 illam
2626 3261 2850 3316 beatam
2878 3280 3055 3319 saevus
3085 3281 3310 3336 praeses,
3342 3264 3429 3320 di-

1835 3353 1950 3408 xit:
1983 3352 2108 3416 Abi,
2133 3368 2268 3423 pare
2294 3351 2569 3406 voluntati
2599 3350 2812 3405 domini
2841 3352 2925 3406 tui
2948 3371 2961 3417 ;
2994 3352 3226 3424 alioqui,
3251 3359 3316 3408 ut
3351 3355 3437 3409 in-

1834 3439 2247 3512 telligas,jubeo
2265 3445 2322 3494 te
2335 3439 2549 3494 devolvi
2564 3439 2621 3493 in
2650 3438 3022 3494 lebetem.Illa
3044 3457 3171 3495 vero
3190 3456 3428 3513 respon-

1833 3532 1933 3595 dit,
1948 3531 2138 3585 dicens
2170 3544 2181 3578 :
2216 3528 2378 3583 Absit
2412 3535 2476 3583 ut
2512 3529 2585 3582 sit
2606 3528 2778 3598 judex
2804 3529 2944 3583 adeo
2963 3529 3188 3600 iniquus
3220 3530 3316 3602 qui
3339 3547 3430 3585 me

1829 3619 2027 3692 jubeat
2054 3635 2250 3691 parere
2280 3618 2497 3673 libidini
2526 3623 2583 3671 et
2601 3617 3071 3689 intemperantiae.
3105 3618 3205 3674 Ille
3234 3619 3427 3691 itaque

1832 3709 2020 3765 furore
2049 3708 2311 3781 percitus,
2331 3707 2496 3777 jubet
2517 3723 2641 3761 eam
2658 3707 2875 3775 exui,et
2900 3707 2961 3762 in
2986 3707 3227 3763 lebetem
3249 3709 3432 3779 injici.

1834 3801 1937 3856 Illa
1964 3815 2094 3853 vero
2117 3814 2309 3852 vocem
2333 3796 2556 3862 emittit,
2590 3796 2780 3850 dicens
2813 3816 2823 3850 :
2859 3797 2967 3850 Per
2985 3802 3155 3868 caput
3183 3797 3427 3869 impera-

1834 3884 1971 3938 toris
1997 3880 2116 3955 (IO)
2145 3899 2310 3953 quem
2336 3887 2399 3936 tu
2423 3880 2606 3946 times,
2631 3880 2677 3934 si
2699 3881 2946 3935 statuisti
2962 3880 3040 3936 sic
3054 3897 3142 3935 me
3157 3882 3430 3953 supplicio

1834 3973 2079 4037 afﬁcere,
2102 3989 2173 4026 ne
2188 3970 2425 4041 jusseris
2445 3987 2535 4023 me
2560 3970 2715 4038 exui;
2749 3970 2846 4024 sed
2869 3969 3005 4040 jube
3029 3986 3118 4024 me
3147 3972 3425 4042 paulatim

1833 4063 1893 4117 in
1921 4062 2101 4134 picem
2122 4061 2431 4116 ferventem
2446 4059 2691 4127 demitti,
2707 4065 2773 4113 ut
2786 4059 2974 4113 videas
2998 4065 3268 4131 quantam
3285 4061 3425 4116 mihi

1834 4152 2073 4222 largitus
2105 4155 2190 4206 est
2212 4149 2542 4223 patientiam
2580 4149 2837 4203 Christus
2870 4166 3038 4220 quem
3073 4154 3135 4204 tu
3177 4149 3423 4221 ignoras.

1834 4242 1969 4307 Quae
2008 4241 2087 4295 sic
2116 4239 2391 4312 paulatim
2435 4238 2678 4293 demissa
2707 4239 2888 4310 spatio
2918 4238 3091 4293 trium
3132 4239 3422 4308 horarum,

1835 4331 2027 4386 emisit
2054 4329 2318 4411 spiritum
2339 4345 2465 4384 cum
2480 4328 2574 4400 pix
2594 4327 2941 4399 pervenisset
2962 4328 3034 4382 ad
3054 4328 3102 4399 ej
3111 4344 3177 4382 us
3196 4328 3420 4385 collum.

2454 4416 2688 4471 CAPUT
2717 4416 2810 4471 IV.

2272 4509 2388 4562 Vita
2416 4506 2436 4541 ¹
2468 4508 2697 4573 Didymi
2727 4504 2830 4575 (11)
2854 4507 2991 4560 orbi.

1903 4599 2189 4655 Plurimus
2210 4613 2342 4668 ergo
2358 4600 2533 4650 castus
2543 4599 2866 4649 sanctorum
2885 4595 3133 4649 virorum
3150 4600 3208 4650 et
3227 4594 3426 4653 mulie‘

1831 4706 1956 4744 rum
1977 4695 2111 4743 tunc
2132 4687 2239 4742 fuit
2254 4689 2672 4741 consummatus
2703 4683 2760 4736 in
2775 4683 3010 4738 ecclesia
3024 4683 3422 4755 Alexandrina,

1834 4779 1930 4850 qui
1954 4783 2087 4833 sunt
2112 4776 2323 4831 inventi
2344 4773 2498 4845 digni
2516 4778 2670 4828 terra
2682 4772 2926 4828 mitium.
2942 4774 3098 4828 Inter
3122 4791 3261 4847 quos
3291 4793 3427 4833 con.

1833 4873 2149 4923 summatur
2171 4870 2222 4932 υ
2245 4872 2278 4932 ι
2305 4871 2345 4931 ι
2371 4864 2540 4918 etiam
2565 4862 2764 4917 beatus
2785 4863 3027 4936 scriptor
3048 4864 3322 4937 Didymus
3333 4865 3430 4939 qui

1832 4958 1939 5013 fuit
1961 4956 2129 5011 orbus
2154 4954 2283 5024 (12).
2303 4954 2443 5008 Cum
2466 4969 2575 5024 quo
2597 4951 2705 5006 fuit
2718 4953 2857 5007 mihi
2872 4959 3071 5024 quater
3082 4956 3421 5026 congressio,

1833 5062 1960 5101 cum
1990 5046 2182 5099 decem
2212 5058 2489 5098 annorum
2519 5041 2817 5112 interjecto
2852 5042 3144 5098 intervallo
3182 5044 3252 5098 ad
3299 5060 3430 5099 eum

1833 5135 2230 5208 proficiscerer.
2267 5133 2320 5187 Is
2364 5135 2550 5186 autem
2594 5137 3018 5186 consummatur
3055 5137 3224 5187 natus
3252 5149 3429 5188 annos

1834 5225 2117 5295 octoginta
2143 5222 2408 5294 quinque.
2443 5221 2573 5275 Fuit
2600 5226 2789 5275 autem
2810 5220 2859 5273 is
2888 5220 3075 5287 orbus,
3109 5225 3165 5274 et
3186 5222 3280 5292 qui
3301 5238 3431 5279 cum

1835 5321 1984 5370 esset
2012 5318 2254 5385 quatuor
2278 5327 2453 5365 annos
2484 5315 2671 5377 natus,
2713 5308 2901 5363 oculos
2932 5309 3201 5376 amiserit,
3226 5314 3291 5364 ut
3309 5311 3431 5383 ipse

1833 5405 1972 5459 mihi
1992 5402 2261 5470 narravit;
2278 5407 2335 5456 et
2344 5416 2526 5471 neque
2547 5399 2764 5453 litteras
2776 5396 3177 5469 didicit,neque
3192 5400 3430 5455 ventita-

1831 5495 1992 5550 vitad
2010 5488 2660 5565 praeceptoresﬂabebat
2673 5488 2823 5543 enim
2841 5487 3147 5544 secundum
3164 5494 3430 5551 naturam

219 5646 240 5680 ¹
273 5642 384 5701 Hic
408 5640 685 5720 Didymus
712 5636 876 5694 initio
905 5633 1202 5692 sanctitate
1235 5634 1291 5687 et
1318 5628 1576 5685 doctrina
1602 5626 1805 5693 clarus,
1840 5621 1910 5678 ad
1942 5624 2277 5685 extremum,
2313 5612 2655 5687 Origenista.
