3910 6424
425 295 564 361 1095

1521 288 1616 344 DE
1650 288 1841 345 VITIS
1878 287 2176 344 PATRUM
2212 287 2427 344 LIBER
2463 287 2614 343 VIII.

3555 284 3693 344 1096

422 416 753 489 magistram
777 411 1000 469 ﬁrmam
1024 429 1089 467 ac
1118 411 1381 478 validam,
1416 414 1703 485 propriam
1733 414 2015 470 conscien—
2032 415 2082 474 A
2099 430 2240 469 nens
2267 414 2479 482 linum;
2520 412 2753 483 reliquis
2772 416 2964 469 autem
2981 412 3135 469 horis
3165 417 3354 469 mente
3371 414 3594 468 revolvo
3618 414 3696 467 vi-

422 506 580 562 tiam.
595 507 776 560 Tanta
803 508 993 558 autem
1011 502 1282 573 spiritalis
1306 502 1641 573 cognitionis
1661 504 1770 558 fuit
1793 519 2023 558 exorna-

421 607 513 651 tus
548 594 752 665 gratia,
786 596 851 647 ut
878 608 1073 646 revera
1100 592 1434 663 impleretur
1476 592 1535 646 in
1572 609 1638 647 eo
1686 592 1837 662 quod
1888 592 2023 647 scri-

422 689 584 756 ptum
627 689 716 738 est
762 700 774 736 :
825 681 1100 737 Dominus
1147 681 1432 736 illuminat
1464 680 1574 750 (13)
1632 699 1805 737 caecos
1852 683 2016 749 (Psal.

423 772 604 842 CXLV).
620 773 794 827 Vetus
811 771 963 826 enim
992 776 1050 824 et
1069 787 1276 825 novum
1296 772 1722 826 Testamentum
1750 771 2023 841 interpre-

421 861 650 917 tabatur
674 861 747 915 ad
774 859 1007 916 verbum
1041 877 1056 916 :
1101 860 1369 929 dogmata
1411 864 1602 914 autem
1635 858 1917 915 subtiliter
1964 864 2023 913 et

421 955 540 1007 tam
557 956 785 1006 strenue
804 947 1208 1022 exponebat,ut
1229 966 1425 1004 omnes
1439 954 1658 1004 veteres
1672 948 1907 1004 scientia
1924 964 2020 1005 su-

420 1039 653 1112 perarit.

493 1131 549 1185 Is
575 1146 704 1185 cum
733 1128 1036 1200 aliquando
1064 1145 1155 1184 me
1173 1132 1398 1199 cogeret
1426 1129 1486 1183 in
1519 1128 1661 1187 cella
1688 1127 1871 1183 facere
1900 1144 2023 1183 ora-

423 1220 656 1285 tionem,
683 1235 786 1290 ego
804 1222 997 1273 autem
1025 1218 1256 1284 nollem,
1283 1217 1423 1273 mihi
1452 1217 1593 1272 dixit
1612 1233 1850 1272 narrans
1879 1235 1891 1270 :
1915 1218 2025 1271 Ter

426 1309 482 1363 in
517 1309 663 1363 hanc
676 1307 877 1362 cellam
896 1307 1187 1378 ingressus
1208 1312 1294 1362 est
1306 1307 1507 1361 beatus
1525 1307 1824 1373 Antonius,
1846 1311 1913 1361 ut
1933 1322 2024 1360 me

425 1397 667 1464 viseret;
701 1397 798 1468 qui
826 1413 861 1450 a
883 1412 974 1451 me
999 1402 1229 1467 rogatus
1244 1400 1311 1451 ut
1334 1396 1544 1451 faceret
1561 1395 1892 1463 orationem,
1914 1401 2026 1450 sta-

426 1487 533 1545 tim
542 1503 695 1558 genu
711 1486 869 1541 ﬂexit
897 1485 957 1540 in
984 1486 1091 1540 hac
1109 1486 1267 1552 cella,
1280 1501 1464 1557 neque
1495 1485 1778 1540 commisit
1790 1490 1856 1540 ut
1874 1484 2025 1555 quod

428 1576 681 1631 dixeram
712 1575 918 1630 iterum
946 1580 1279 1646 repeterem,
1312 1591 1374 1629 re
1413 1574 1536 1645 ipsa
1565 1574 1794 1644 quidem
1818 1574 2025 1629 docens

427 1665 489 1731 in
517 1664 854 1719 obedientia.
887 1664 1072 1729 Quare
1099 1663 1147 1719 si
1172 1669 1238 1719 tu
1252 1680 1475 1735 quoque
1503 1664 1626 1734 ejus
1645 1663 1774 1719 vitae
1789 1664 2025 1734 vestigia

2101 509 2221 558 tam
2251 508 2574 558 sanctorum
2604 503 2859 569 Patrum,
2875 508 2932 557 et
2949 502 3413 574 patriarcharum,
3437 507 3496 557 et
3513 507 3695 558 certa-

2104 593 2259 647 mina
2310 592 2605 647 beatorum
2652 592 3053 663 apostolorum,
3086 598 3143 646 et
3187 592 3609 663 pr0phetarum,
3644 598 3699 645 et

2104 686 2439 753 martyrum.
2459 682 2766 752 Postquam
2779 686 2970 736 autem
2986 681 3301 736 adventarit
3313 697 3698 753 vespera,cum

2101 770 2406 825 Dominum
2438 787 2629 825 meum
2651 770 3056 841 gloriﬁcavero,
3097 770 3282 825 cibum
3319 770 3481 842 panis
3514 770 3694 842 capio,

2103 859 2376 931 plurimas
2402 860 2571 915 horas
2599 860 2779 914 noctis
2827 876 3188 931 perseverans
3232 860 3294 915 in
3338 859 3612 926 oratione,
3645 865 3703 914 et

2103 949 2275 1005 ﬁnem
2308 954 2655 1021 exspectans,
2696 949 2922 1020 quando
2949 949 3082 1005 hinc
3118 949 3392 1004 dissolvar
3429 965 3561 1005 cum
3600 965 3703 1021 spe

2102 1038 2269 1106 bona,
2305 1043 2362 1093 et
2390 1038 2671 1111 apparebo
2700 1043 2834 1093 ante
2862 1038 3062 1094 faciem
3091 1038 3299 1094 Christi
3324 1037 3448 1093 Dei.

2173 1128 2302 1182 Non
2330 1128 2759 1199 praetermittam
2787 1132 2979 1183 autem
3002 1127 3062 1182 in
3091 1129 3413 1183 narratione
3432 1143 3529 1183 eos
3558 1141 3701 1198 quo-

2106 1232 2214 1287 que
2234 1216 2331 1287 qui
2351 1216 2433 1271 ita
2460 1216 2737 1285 vixerunt,
2755 1222 2821 1271 ut
2845 1217 3089 1289 speciem
3102 1217 3328 1289 quidem
3350 1233 3466 1288 prae
3491 1232 3556 1271 se
3583 1215 3701 1270 fer-

2106 1310 2233 1360 rent
2261 1305 2488 1377 pietatis
2518 1322 2583 1361 ac
2610 1306 2935 1377 religionis;
2972 1306 3071 1361 sed
3098 1322 3225 1361 eam
3251 1308 3698 1369 contemnerent,

2107 1395 2178 1450 ad
2197 1395 2422 1449 laudem
2453 1395 2683 1467 quidem
2711 1411 2910 1451 eorum
2936 1396 3032 1467 qui
3056 1401 3207 1451 recte
3235 1399 3292 1451 et
3318 1412 3385 1450 ex
3413 1395 3625 1450 virtute
3643 1409 3704 1448 se

2104 1488 2331 1555 gerunt,
2363 1488 2421 1539 et
2439 1489 2504 1540 ut
2532 1484 2684 1540 cauti
2712 1484 2828 1539 sint
2855 1490 2913 1539 et
2935 1485 3137 1540 attenti
3168 1485 3264 1557 qui
3291 1485 3506 1557 legunt.

2724 1573 2959 1630 CAPUT
2986 1574 3083 1629 VI.

2105 1664 2180 1718 De
2199 1664 2441 1733 quadam
2472 1665 2692 1733 Virgine
2702 1680 2820 1733 qua:
2840 1664 3123 1719 laborabat
3136 1679 3324 1719 amore
3340 1665 3701 1719 divitiarum.

430 1742 783 1826 sequeris,kut
807 1753 903 1825 qui
924 1753 1004 1808 sis
1025 1753 1333 1807 monachus
1349 1757 1407 1807 et
1425 1752 1628 1823 hospes
1645 1751 1714 1807 ob
1734 1753 2022 1820 virtutem,
2044 1738 2090 1798 Β
2179 1754 2315 1809 Erat
2342 1753 2600 1825 quedam
2637 1753 2989 1809 Alexandria;
3035 1752 3191 1824 virgo
3231 1752 3414 1808 solum
3452 1754 3701 1821 nomine,

431 1861 655 1903 omnem
684 1843 899 1914 depone
926 1842 1363 1896 contentionem.

502 1934 604 1989 Hic
632 1933 752 2005 ipse
776 1933 881 1986 hoc
899 1947 1121 2002 quoque
1146 1930 1287 1985 mihi
1306 1931 1557 1986 narravit
1581 1949 1592 1984 :
1615 1931 1757 1986 Cum
1780 1931 2027 2003 quodam

430 2024 542 2092 die,
564 2021 772 2089 aiebat,
797 2022 866 2077 de
877 2022 994 2076 vita
1006 2021 1198 2075 miseri
1217 2020 1428 2076 Iuliani
1446 2020 1818 2093 imperatoris,
1834 2026 2029 2092 utpote

429 2111 820 2185 persecutoris,
877 2126 1059 2165 essem
1101 2110 1394 2175 sollicitus,
1445 2115 1503 2164 et
1532 2109 1721 2165 animo
1768 2126 2025 2181 angerer,

430 2201 631 2257 accidit
655 2205 721 2256 ut
748 2205 978 2272 propter
1005 2199 1151 2254 hanc
1174 2198 1609 2253 sollicitudinem
1647 2199 1719 2254 ad
1738 2215 2030 2271 vesperam

429 2307 609 2362 usque
640 2305 831 2345 seram
857 2288 1001 2343 nihil
1026 2288 1406 2355 comederem;
1431 2293 1489 2342 et
1514 2304 1644 2342 cum
1669 2286 1729 2342 in
1757 2288 1919 2343 sedili
1946 2305 2031 2342 se-

431 2381 640 2447 derem,
662 2395 754 2433 me
778 2394 1014 2433 somnus
1043 2376 1404 2448 Opprimeret,
1427 2381 1486 2431 et
1504 2376 1752 2432 viderem
1779 2376 1839 2431 in
1852 2376 2028 2432 extasi

432 2486 607 2542 equos
635 2468 792 2523 albos
820 2484 947 2522 cum
973 2465 1347 2521 insessoribus
1392 2472 1802 2538 percurrentes,
1836 2472 1894 2521 et
1923 2483 2027 2522 an-

431 2560 760 2615 nuntiantes
780 2579 791 2613 :
815 2556 996 2612 Dicite
1014 2555 1448 2628 Didymo,hodie
1465 2557 1606 2611 hora
1616 2556 1858 2628 septima
1870 2574 2025 2612 mor-

430 2654 564 2707 tuus
593 2653 682 2704 est
706 2647 991 2714 Julianus;
1034 2661 1202 2715 surge
1234 2661 1368 2716 ergo
1397 2651 1455 2700 et
1489 2646 1719 2702 comede
1751 2664 1763 2700 :
1791 2650 1848 2701 et
1876 2645 2027 2717 quod

432 2744 499 2794 tu
517 2737 647 2805 scis,
676 2736 907 2791 domum
934 2735 1098 2789 mitte
1112 2734 1183 2788 ad
1204 2734 1528 2806 episcopum
1546 2735 1940 2802 Athanasium,
1962 2740 2029 2790 ut

433 2828 530 2882 ille
548 2842 774 2899 quoque
799 2825 906 2880 hoc
932 2824 1091 2879 sciat.
1123 2823 1325 2879 Notavi
1349 2828 1561 2891 autem,
1606 2824 1811 2896 inquit,
1845 2830 1903 2880 et
1927 2824 2030 2880 ho—

434 2933 578 2985 ram,
610 2921 668 2972 et
693 2915 864 2982 diem,
897 2918 955 2969 et
979 2912 1407 2981 hebdomadam,
1442 2919 1501 2969 et
1528 2929 1801 2980 mensem,
1851 2919 1910 2969 et
1952 2914 2033 2970 sic

436 3006 641 3064 inveni.

1064 3091 1298 3148 CAPUT
1333 3093 1400 3147 V.

976 3183 1304 3237 Alexandra:
1363 3183 1497 3237 Vita.

506 3273 773 3331 Narravit
783 3276 975 3328 autem
990 3271 1129 3327 mihi
1145 3288 1369 3343 quoque
1379 3271 1469 3325 hic
1485 3270 1685 3326 beatus
1700 3270 1769 3326 de
1787 3271 2031 3342 quadam

436 3364 658 3433 ancilla,
691 3362 920 3418 nomine
948 3360 1285 3428 Alexandra,
1334 3377 1458 3432 quae
1486 3361 1683 3415 relicta
1722 3361 1945 3417 civitate
1970 3361 2032 3417 in

435 3454 783 3510 monimento
806 3468 867 3507 se
896 3451 1141 3517 inclusit,
1174 3466 1275 3522 per
1310 3448 1561 3505 foramen
1588 3450 1869 3522 accipiens
1906 3468 2030 3523 quae

433 3550 597 3599 erant
618 3541 950 3608 necessaria,
982 3556 1165 3611 neque
1198 3539 1258 3595 in
1284 3540 1533 3595 virorum
1552 3556 1737 3612 neque
1755 3540 1816 3595 in
1835 3541 2029 3596 mulie-

433 3650 559 3688 rum
599 3636 959 3703 conspectum
1000 3628 1229 3684 veniens
1268 3628 1451 3700 spatio
1494 3629 1689 3685 decem
1728 3645 2026 3686 annorum.

431 3723 660 3779 Decimo
685 3729 876 3777 autem
900 3735 1050 3775 anno
1072 3718 1235 3775 aiunt
1260 3717 1505 3784 beatam,
1546 3735 1675 3773 cum
1705 3718 2025 3786 dormisset,

432 3812 679 3885 seipsam
699 3808 1096 3882 composuisse,
1120 3807 1260 3863 adeo
1276 3813 1342 3863 ut
1362 3824 1486 3879 qua
1499 3807 1666 3863 solita
1676 3812 1800 3863 erat
1813 3808 1885 3863 ad
1904 3825 2030 3864 eam

430 3901 643 3970 venire,
674 3917 803 3957 cum
828 3900 909 3955 illi
937 3915 1053 3955 non
1080 3898 1479 3969 respondisset,
1494 3896 1654 3953 nobis
1675 3898 2032 3953 renuntiave-

429 3992 525 4048 rit.
577 3992 720 4047 Cum
773 4006 878 4045 nos
927 4005 1060 4059 ergo
1100 3987 1549 4053 accessissemus,
1597 3992 1655 4042 et
1693 3988 2030 4043 monimenti

430 4080 637 4137 ostium
666 4079 1094 4147 amovissemus,
1142 4076 1385 4148 ingressi
1411 4092 1609 4133 sumus
1628 4081 1689 4132 et
1713 4076 2029 4133 invenimus

431 4187 559 4227 eam
584 4167 953 4225 obdormisse.

502 4260 586 4315 De
595 4275 663 4314 ea
683 4264 873 4312 autem
883 4256 1107 4312 dicebat
1124 4256 1297 4311 etiam
1316 4254 1647 4310 beatissima
1661 4254 1906 4311 Melania
1921 4256 2029 4311 Ro-

431 4364 620 4416 mana,
651 4348 812 4419 cujus
839 4346 1013 4401 vitam
1040 4344 1282 4401 narrabo
1310 4349 1565 4417 tempore
1594 4350 1652 4399 et
1675 4345 1795 4399 loco
1835 4362 2029 4399 conve-

2105 1843 2304 1898 habitu
2326 1843 2553 1914 quidem
2573 1842 3006 1910 humilis,animi
3023 1848 3214 1897 autem
3232 1842 3491 1898 instituto
3510 1859 3701 1914 parca,

2108 1931 2354 2004 superba
2371 1932 2707 1999 etinsolens,
2732 1937 2792 1987 et
2809 1930 3070 1987 laborans
3099 1930 3353 1999 avaritia,
3371 1931 3494 1987 auri
3517 1932 3704 2004 potius

2110 2038 2282 2094 quam
2310 2022 2519 2077 Christi
2546 2037 2744 2076 amans
2777 2040 2790 2075 :
2821 2038 2887 2077 ex
2911 2020 3079 2076 rebus
3107 2021 3224 2076 suis
3267 2020 3407 2076 nulli
3448 2037 3703 2093 unquam

2112 2111 2398 2180 exhibens,
2426 2128 2542 2167 non
2569 2111 2799 2183 hospiti,
2829 2128 2942 2166 non
2967 2110 3201 2183 pauperi
3220 2116 3321 2165 aut
3336 2109 3562 2176 afﬂicto,
3585 2126 3702 2165 non

2112 2203 2407 2270 monacho,
2456 2218 2570 2257 non
2612 2201 2834 2273 virgini,
2890 2217 3007 2256 non
3054 2198 3299 2256 ecclesiae
3339 2199 3426 2255 vel
3471 2198 3700 2255 obolum

2110 2293 2394 2347 unum.Ea
2412 2291 2607 2346 multis
2628 2296 2954 2346 sanctorum
2972 2290 3209 2346 Patrum
3226 2287 3702 2345 admonitionibus

2110 2380 2361 2445 incitata,
2395 2396 2510 2434 non
2553 2378 2861 2451 repellebat
2892 2395 3060 2449 grave
3108 2377 3327 2450 pondus
3354 2377 3697 2433 divitiarum.

2109 2470 2245 2524 Erat
2271 2474 2463 2525 autem
2491 2469 2543 2523 ei
2565 2485 2787 2541 quoque
2805 2484 3004 2539 genus,
3023 2485 3089 2523 ex
3120 2484 3230 2540 quo
3258 2467 3463 2522 sororis
3490 2484 3602 2523 suae
3627 2469 3702 2523 ﬁ-

2108 2557 2239 2613 liam
2269 2558 2328 2612 in
2356 2557 2530 2613 filiam
2552 2557 2932 2629 adoptaverat.
2952 2556 3056 2611 Cui
3072 2561 3241 2611 noctu
3261 2560 3320 2610 et
3335 2554 3426 2610 die
3446 2571 3547 2610 sua
3572 2555 3703 2626 pol-

2108 2646 2403 2713 licebatur,
2417 2663 2545 2702 cum
2571 2646 2695 2718 ipsa
2720 2645 3021 2700 excidisset
3042 2643 3114 2703 ab
3130 2643 3327 2716 Opibus
3352 2642 3691 2699 scelestibus.

2110 2736 2256 2791 Nam
2275 2735 2394 2790 haec
2415 2750 2638 2807 quoque
2665 2738 2753 2789 est
2770 2749 2886 2788 una
2902 2732 3117 2804 species
3133 2731 3347 2787 fraudis
3373 2729 3701 2803 diaboli,qui

2112 2829 2388 2897 praetextu
2416 2824 2624 2880 amoris
2666 2823 2728 2878 in
2773 2827 3061 2894 cognatos,
3111 2820 3283 2876 efﬁcit
3326 2825 3392 2877 ut
3436 2825 3701 2876 nascatur

2114 2917 2368 2973 avaritia.
2402 2918 2547 2972 Nam
2577 2915 2727 2988 quod
2774 2915 2827 2970 ei
2861 2915 3019 2970 nulla
3044 2913 3121 2969 sit
3143 2928 3280 2968 cura
3300 2910 3539 2983 generis,
3567 2909 3703 2966 hinc

2115 3010 2290 3077 patet.
2321 3005 2446 3077 Ipse
2475 3004 2628 3060 enim
2655 3004 2847 3060 docuit
2875 3010 2933 3060 et
2956 3005 3212 3070 fratrem,
3257 3008 3315 3058 et
3355 3006 3608 3068 matrem,
3642 3008 3704 3057 et

2049 3104 2092 3164 ο
2116 3098 2335 3167 patrem
2354 3095 2628 3150 occidere.
2644 3095 2818 3167 quue
2842 3100 2891 3160 Ἰ
2908 3101 2951 3162 ι
2963 3101 3025 3161 ω
3051 3099 3137 3150 est
3153 3110 3218 3148 ex
3235 3091 3532 3164 Scripturis
3540 3095 3705 3146 exta

2116 3184 2578 3239 controversiam.
2607 3184 2718 3240 Sed
2750 3184 2857 3239 tibi
2888 3183 3140 3239 videatur
3179 3180 3463 3237 nonnullis
3505 3194 3702 3235 curam

2117 3280 2484 3345 cognatorum
2512 3274 2761 3330 inserere
2779 3275 2956 3347 (Deut.
2986 3275 3101 3342 xu),
3122 3288 3237 3328 non
3262 3271 3369 3327 hoc
3390 3269 3522 3325 facit
3546 3267 3701 3340 quod

2113 3363 2224 3417 illis
2247 3363 2385 3418 bene
2404 3364 2555 3431 velit,
2589 3364 2688 3418 sed
2716 3369 2782 3419 ut
2804 3380 2999 3419 eorum
3023 3361 3121 3434 qui
3148 3361 3203 3416 ei
3231 3365 3430 3433 parent
3452 3357 3701 3414 animam

2113 3459 2307 3524 aperte
2336 3454 2671 3509 exerceatad
2699 3453 3054 3524 injustitiam,
3081 3467 3212 3507 cum
3231 3450 3352 3523 ipse
3369 3449 3506 3505 sciat
3523 3448 3698 3503 latam

2111 3542 2469 3610 sententiam,
2521 3560 2644 3615 quae
2683 3543 2861 3597 dicit:
2901 3541 3105 3612 Injusti
3153 3554 3389 3610 regnum
3440 3535 3539 3592 Dei
3582 3550 3700 3590 non

2111 3632 2477 3705 possidebunt
2498 3635 2545 3705 (Ι
2571 3635 2692 3689 σον.
2719 3636 2808 3699 γι).
2829 3633 3023 3687 Potest
3042 3636 3233 3686 autem
3260 3627 3480 3699 aliquis,
3516 3631 3575 3681 et
3589 3626 3702 3698 spi-

2112 3722 2264 3777 ritali
2292 3728 2480 3778 motus
2504 3722 2895 3795 intelligentia,
2912 3726 2970 3775 et
2995 3719 3182 3776 divino
3210 3715 3499 3782 desiderio,
3514 3729 3698 3785 neque

2111 3827 2273 3867 suam
2303 3811 2589 3883 negligere
2612 3811 2882 3879 animam,
2916 3815 2975 3864 et
2998 3807 3249 3881 cognatis
3277 3822 3438 3877 opem
3460 3803 3624 3871 ferre,
3649 3802 3701 3858 si

2113 3901 2248 3973 quid
2260 3902 2341 3956 eis
2353 3900 2615 3956 defuerit.
2640 3899 2875 3965 Quando
2889 3902 3079 3953 autem
3105 3896 3231 3969 quis
3248 3896 3330 3951 ita
3341 3900 3517 3951 totam
3536 3909 3699 3948 suam

2112 3990 2359 4046 instituit
2386 3990 2656 4057 animam,
2671 3994 2738 4045 ut
2763 4006 2832 4045 ea
2855 3986 3200 4060 despiciatur
3216 3992 3273 4041 et
3295 3984 3565 4041 obruatur
3582 4000 3704 4056 pre

2111 4094 2249 4133 cura
2274 4085 2642 4151 cognatorum
2669 4078 2805 4148 (14),
2836 4078 2886 4132 is
2926 4076 3124 4131 incidit
3157 4076 3215 4131 in
3244 4075 3444 4145 legem,
3489 4078 3556 4128 ut
3602 4073 3707 4144 qui

2109 4187 2271 4226 suam
2300 4187 2402 4243 pro
2421 4187 2565 4226 vano
2584 4170 2826 4226 aestimet
2852 4168 3118 4224 animam.
3134 4165 3301 4222 Canit
3317 4168 3503 4219 autem
3521 4161 3702 4218 David

2111 4277 2334 4333 quoque
2351 4277 2510 4315 sacer
2527 4244 2993 4332 psalmographus
3012 4257 3082 4312 de
3098 4255 3273 4328 iisqui
3291 4253 3490 4309 animm
3500 4267 3699 4307 curam

2108 4356 2333 4422 gerunt,
2355 4350 2414 4405 in
2427 4351 2633 4405 timore
2656 4350 2756 4404 Dei
2784 4349 3002 4404 dicens:
3024 4345 3165 4410 Quis
3189 4342 3450 4399 ascendet
3466 4342 3529 4397 in
3544 4356 3706 4397 mon-

430 4438 611 4494 nienti
641 4439 839 4505 (Infra,
882 4437 989 4502 hic,
1021 4451 1136 4505 cap.
1168 4433 1318 4505 117).
1358 4434 1561 4504 Hujus,
1606 4434 1807 4505 inquit,
1850 4433 2031 4489 beatae
2050 4426 2229 4494 Dtem
2252 4439 2624 4511 Domini7pro
2647 4455 2713 4493 eo
2733 4438 2882 4510 quod
2906 4442 3010 4501 est,
3038 4450 3220 4490 rarus.
3243 4434 3359 4488 Aut
3375 4430 3501 4503 quis
3531 4428 3706 4486 stabit

431 4528 629 4585 faciem
646 4543 759 4583 non
789 4527 947 4598 potui
966 4524 1208 4580 intueri:
1240 4529 1400 4580 stans
1421 4528 1612 4579 autem
1639 4540 1743 4594 ego
1768 4524 1917 4579 circa
1946 4524 2031 4579 fo-
2111 4530 2170 4584 in
2210 4529 2331 4584 loco
2361 4534 2554 4584 sancto
2585 4526 2749 4599 ejus?
2780 4529 3054 4583 Innocens
3090 4522 3367 4587 manibus,
3405 4525 3464 4576 et
3487 4518 3703 4575 mundo

432 4634 649 4684 ramen,
683 4633 809 4672 eam
836 4614 1028 4686 rogavi
1056 4619 1122 4670 ut
1136 4614 1275 4669 mihi
1303 4613 1518 4669 diceret
1543 4629 1771 4668 causam
1799 4619 2031 4685 propter
2115 4617 2302 4684 corde,
2336 4618 2433 4688 qui
2457 4633 2570 4672 non
2604 4615 2819 4687 accepit
2845 4615 2903 4670 in
2926 4630 3068 4669 vano
3087 4612 3333 4668 animam
3352 4624 3508 4665 suam
3533 4609 3701 4678 (Ρωι.

433 4724 603 4781 quam
631 4706 861 4762 secessit
888 4704 1117 4776 quidem
1148 4719 1185 4758 a
1201 4703 1446 4770 civitate,
1470 4702 1715 4773 seipsam
1736 4708 1928 4758 autem
1948 4703 2032 4758 in-

432 4797 600 4852 clusit
625 4795 989 4850 monimento.
1019 4794 1126 4848 Illa
1152 4797 1364 4859 autem,
1394 4791 1597 4863 inquit,
1652 4808 1750 4862 per
1776 4791 2031 4848 foramen

432 4903 525 4943 me
553 4890 641 4940 est
687 4885 945 4949 allocuta,
1000 4882 1227 4939 dicens:
1260 4881 1521 4946 Quidam,
1578 4881 1780 4953 inquit,
1832 4881 2032 4937 insano

433 4976 547 5032 mei
576 4991 771 5030 amore
815 4971 1131 5037 tenebatur,
1161 4977 1219 5026 et
1254 4987 1325 5026 ne
1358 4987 1490 5026 eum
1524 4970 1748 5025 viderer
1774 4971 2034 5027 molestia

432 5066 677 5143 afﬁcere,
705 5063 792 5117 vel
812 5062 872 5117 in
900 5060 1167 5117 invidiam
1191 5076 1407 5127 vocare,
1432 5060 1610 5115 malui
1629 5077 1718 5114 me
1750 5061 1934 5115 vivam
1971 5061 2032 5115 in

431 5156 538 5211 hoc
556 5153 970 5209 monimentum
994 5149 1218 5216 inferre,
1255 5165 1423 5220 quam
1469 5150 1750 5205 offendere
1781 5150 2030 5205 animam

434 5262 557 5317 quae
584 5243 732 5299 facta
754 5247 841 5297 est
869 5241 940 5296 ad
967 5239 1066 5295 Dei
1096 5239 1423 5310 imaginem.
1459 5240 1603 5294 Cum
1632 5244 1824 5294 autem
1853 5256 1957 5310 ego
1979 5239 2030 5294 ei

432 5334 696 5389 dixissem
728 5350 739 5385 :
767 5329 1057 5396 Quomodo
1086 5328 1231 5383 ferre
1265 5332 1444 5399 potes,
1477 5343 1641 5382 serva
1666 5327 1876 5382 Christi
1904 5328 2027 5397 Dei,

432 5440 559 5480 cum
583 5423 738 5478 nullo
766 5421 996 5477 omnino
1016 5417 1277 5489 colloqui,
1325 5417 1422 5471 sed
1461 5416 1581 5470 sola
1622 5432 1874 5487 pugnare
1903 5434 2032 5473 cum

434 5512 652 5568 desidia
676 5517 735 5567 et
759 5506 1238 5581 cogitationibus?
1269 5505 1409 5561 mihi
1447 5504 1756 5575 respondit,
1788 5506 1980 5563 dicens
2014 5526 2027 5561 :

435 5602 485 5656 A
510 5616 677 5657 mane
704 5616 882 5673 usque
924 5599 998 5656 ad
1033 5598 1231 5653 horam
1278 5610 1488 5650 nonam
1531 5610 1649 5662 oro,
1689 5610 1792 5667 per
1832 5596 2032 5653 horam

2114 4709 2297 4778 χχιιι).
2332 4708 2423 4763 Illi
2452 4707 2605 4762 enim
2631 4706 2880 4762 animam
2908 4720 3071 4760 suam
3116 4703 3175 4758 in
3218 4716 3354 4757 vano
3398 4697 3703 4768 accipiunt,

2112 4797 2210 4869 qui
2229 4795 2552 4851 existimant
2570 4813 2696 4851 eam
2717 4794 2943 4850 dissolvi
2965 4809 3076 4848 una
3102 4808 3231 4848 cum
3258 4791 3362 4846 hac
3381 4786 3701 4851 caruncula,

2114 4884 2210 4955 qui
2241 4883 2478 4939 virtutes
2508 4883 2789 4955 spiritales
2817 4881 3130 4953 negligunt.

2185 4972 2334 5028 Huic
2361 4973 2582 5044 virgini,
2601 4990 2728 5045 qua‘.
2755 4972 2874 5027 solo
2900 4970 3126 5026 nomine
3152 4968 3258 5025 sibi
3286 4969 3584 5040 paraverat
3607 4979 3704 5037 ap-

2114 5062 2498 5134 pellationem,
2514 5061 2764 5117 moribus
2783 5067 2973 5116 autem
3001 5065 3125 5115 erat
3136 5058 3319 5113 aliena
3338 5057 3409 5111 ab
3430 5054 3703 5111 exercita-

2111 5151 2286 5218 tione,
2318 5168 2446 5206 cum
2474 5167 2693 5219 venam,
2713 5156 2778 5206 ut
2804 5149 3031 5217 dicitur,
3064 5148 3231 5203 vellet
3256 5145 3503 5201 incidere
3529 5143 3706 5198 adle-

2113 5241 2353 5296 vandam
2377 5240 2691 5309 avaritiam,
2719 5238 3106 5296 sanctissimus
3116 5235 3394 5294 Macarius
3419 5233 3523 5304 (15)
3552 5249 3699 5304 pres-

2113 5330 2279 5403 byter
2329 5337 2388 5386 et
2433 5331 2727 5402 przefectus
2778 5326 3192 5402 ptochotrOphii
3224 5341 3418 5380 eorum
3447 5322 3543 5394 qui
3570 5328 3705 5376 sunt

2115 5440 2348 5496 corpore
2376 5426 2640 5492 mutilati,
2668 5425 2842 5480 talem
2869 5429 3058 5479 actum
3076 5420 3372 5493 excogitat.
3400 5419 3534 5473 Erat
3552 5417 3701 5471 enim

2113 5512 2162 5567 is
2191 5528 2225 5568 a
2246 5514 2547 5584 juventute
2572 5514 2884 5586 lapidarius
2910 5510 3037 5582 (16).
3069 5511 3155 5566 Ad
3182 5526 3309 5565 eam
3336 5511 3523 5564 autem
3556 5521 3705 5561 acce~

2113 5600 2271 5671 dens,
2304 5603 2439 5661 dicit
2479 5618 2492 5653 :
2530 5606 2597 5661 In
2652 5621 2743 5660 me
2791 5602 3111 5659 inciderunt
3157 5599 3399 5674 pulchrae
3443 5610 3697 5670 gemma:
