3910 6374
165 935 393 990 gemma
422 926 675 998 accipere
704 931 1059 1002 quingentos,
1091 938 1323 1010 reliquis
1360 949 1549 999 autem
1574 947 1658 1002 uti
1687 950 1758 1005 ad

165 1011 500 1069 variandum
529 1019 802 1074 mundum
830 1022 956 1078 ﬁliae
984 1030 1095 1080 tuae
1124 1029 1356 1087 sororis.
1397 1032 1537 1088 Cum
1567 1042 1758 1093 autem

166 1115 293 1170 quae
321 1102 610 1160 dicebatur
635 1108 792 1180 virgo
820 1115 939 1166 tota
959 1115 1229 1184 penderet
1256 1134 1289 1172 a
1318 1122 1523 1191 puella,
1552 1124 1763 1182 inesca-

163 1194 262 1244 tur
288 1193 411 1262 ejus
438 1196 702 1253 ornandae
726 1200 1031 1271 cupiditate
1055 1223 1067 1270 ;
1089 1210 1146 1259 et
1164 1209 1404 1277 procidit
1432 1213 1504 1267 ad
1529 1216 1650 1284 ejus
1671 1233 1761 1288 pe-

163 1278 282 1347 des,
310 1287 367 1335 et
392 1282 547 1338 dixit:
576 1286 731 1358 Rogo
750 1294 806 1344 te
826 1307 896 1345 ne
913 1292 1037 1363 quis
1062 1294 1206 1350 alius
1231 1313 1325 1352 eas
1351 1278 1604 1373 accipiat.
1624 1278 1760 1361 Eam

162 1384 299 1440 ergo
328 1370 663 1430 adhortatur
680 1384 927 1445 sanctus,
956 1381 1145 1437 dicens
1174 1402 1186 1438 :
1217 1385 1356 1441 Veni
1381 1370 1559 1461 usque
1583 1394 1653 1447 ad
1669 1395 1764 1449 do-

163 1474 321 1514 mum
354 1476 557 1529 meam,
575 1471 633 1520 et
658 1483 756 1521 eas
775 1469 980 1540 aspice.
1001 1471 1104 1526 Illa
1128 1479 1318 1530 autem
1339 1479 1521 1535 noluit
1546 1500 1559 1547 ;
1592 1483 1689 1537 sed
1711 1484 1761 1538 ei

160 1548 372 1619 praebet
402 1553 737 1625 quingentos
783 1558 1008 1627 solidos,
1060 1563 1250 1619 dicens
1282 1584 1293 1619 :
1347 1567 1502 1639 Rogo
1530 1575 1605 1638 te,
1639 1572 1757 1645 ipse

162 1652 260 1692 eas
285 1644 350 1694 ut
366 1641 449 1695 vis
472 1660 607 1716 cape
631 1665 644 1714 ;
677 1647 806 1702 nolo
836 1648 986 1705 enim
1011 1652 1206 1707 videre
1228 1655 1514 1713 hominem
1542 1660 1637 1732 qui
1667 1679 1761 1718 eas

159 1729 371 1787 vendit.
404 1733 544 1789 Cum
577 1742 765 1792 autem
799 1739 1136 1811 quingentos
1166 1744 1373 1800 solidos
1404 1747 1474 1801 ab
1505 1729 1575 1804 ea
1604 1766 1762 1807 acce-
1843 1753 2025 1824 nibus,

1434 370 1779 434 HISTORIA
1815 379 2189 443 LAUSIACA.

1843 1492 2065 1543 sanctos
2079 1490 2286 1561 Patres,
2308 1513 2573 1570 magnum
2590 1506 2865 1564 Arsisium
2886 1517 2938 1577 τ
2954 1520 2993 1580 ι
3080 1523 3139 1572 et
3152 1520 3437 1594 Putupha-
3546 1493 3553 1501 '

1843 1580 2013 1645 stum,
2038 1585 2095 1634 et
2115 1581 2425 1654 Hegionem
2449 1590 2573 1659 (19),
2597 1601 2655 1650 et
2670 1596 2955 1667 Cronium,
2971 1580 3432 1682 etSerapioriem,

1845 1669 1903 1718 et
1928 1668 2118 1724 multis
2132 1672 2511 1745 antiquiorum
2537 1682 2770 1741 Patrum
2799 1690 3145 1761 spiritalibus

2072 1758 2142 1813 ab
2168 1761 2302 1833 ipsis
2330 1782 2508 1823 essem
2550 1772 2889 1846 stimulatus,
2922 1783 3048 1837 veni
3084 1786 3142 1840 in
3171 1788 3433 1848 intimam

2015 1817 2023 1824 '
2190 1817 2208 1833 ι
2288 1817 2296 1818 ί
2339 1817 2508 1823 """‘
2550 1817 2889 1846 "'""“‘""“D,
2931 1817 3048 1837 VUIIL
3084 1817 3142 1840 ιιι
3171 1817 3432 1848 ιιιιιιιιδω

157 1817 336 1888 pisset
361 1829 586 1880 sanctus
604 1823 900 1893 Macarius,
928 1826 1026 1881 dat
1047 1845 1141 1885 eos
1159 1831 1228 1885 ad
1251 1848 1418 1888 usum
1445 1839 1761 1907 ptochotro-
1781 1843 2220 1927 Bsolitudinem.
2246 1854 2311 1907 In
2345 1855 2449 1911 hoc
2486 1868 2678 1918 monte
2705 1866 2902 1924 Nitriae
2942 1888 3057 1927 una
3075 1882 3163 1931 est
3189 1882 3432 1940 maxima

157 1907 276 1940 ιιιιιῖἷ
333 1910 472 1940 nn...
496 1920 680 1940 ana-..
717 1917 948 1940 _...-I.L-_...
976 1925 1195 1940 4-_-____
1343 1929 1352 1940 .
1429 1925 1461 1936 η
1565 1933 1573 1940 .
1937 1933 1951 1940 -
2022 1935 2033 1940 -

2349 1907 2447 1911 ""
2488 1907 2677 1918 ἠν-’νυ
2705 1907 2821 1921 δην
2835 1907 2901 1924 Iw
2945 1907 3057 1927 una
3075 1907 3163 1931 σθω

155 1907 299 1979 phii.
333 1910 475 1966 Cum
496 1920 685 1969 autem
714 1917 954 1973 multum
976 1925 1197 1992 tempus
1222 1925 1599 1993 praeteriisset,
1626 1946 1762 2001 quo-
1782 1907 2091 2003 uecclesia,
2112 1940 2238 1994 etin
2263 1942 2385 2014 ipsa
2404 1949 2638 2006 ecclesia
2664 1960 2799 2010 sunt
2818 1962 2932 2013 tres
2959 1963 3180 2034 palmae,

155 2001 312 2034 νιῖαςνι
348 2019 549 2034 mna-nn
585 2011 704 2034 η-ηι
735 2007 1143 2034 Α-εηιζωιιιελ..-
1177 2012 1320 2034 -----.1
1367 2015 1553 2034 Δ1.μ.Δ
1584 2017 1597 2034 1
1639 2018 1648 2029 ι
1840 2019 1855 2034 ι

154 2001 315 2057 niam
348 2019 555 2077 magna
583 2011 707 2060 erat
734 2007 1146 2063 existimatione
1175 2012 1324 2082 apud
1352 2015 1758 2073 Alexandrinos

151 2090 245 2145 vir
270 2092 382 2160 ille,
412 2099 607 2166 utpote
637 2112 855 2151 summe
884 2097 1009 2169 pius
1038 2114 1102 2152 ac
1126 2099 1441 2157 misericors
1471 2105 1627 2171 (vixit
1654 2124 1755 2163 au-

150 2186 274 2235 tem
289 2182 359 2236 ad
380 2189 607 2239 centum
628 2201 807 2257 usque
826 2203 1020 2255 annos,
1046 2190 1207 2259 cujus
1226 2195 1478 2263 tempore
1502 2210 1603 2249 nos
1624 2212 1756 2267 quo-

151 2287 267 2341 que
283 2271 533 2340 fuimus),
557 2274 855 2331 verebatur
868 2292 996 2331 eum
1018 2278 1338 2334 admonere.
1354 2282 1605 2337 Tandem
1626 2302 1750 2340 cum

150 2376 289 2415 eum
318 2361 623 2418 invenisset
649 2364 709 2419 in
753 2367 1002 2433 ecclesia,
1032 2368 1171 2423 dicit
1194 2370 1245 2423 ei
1278 2388 1289 2423 :
1323 2371 1479 2442 Rogo
1509 2378 1582 2441 te,
1617 2375 1751 2445 quid

142 2450 317 2521 jubes
339 2451 833 2527 delapidibus,pro
857 2456 1057 2527 quibus
1079 2458 1335 2513 dedimus
1359 2461 1566 2516 solidos
1590 2466 1750 2534 quin-

142 2540 386 2609 gentos?
413 2541 505 2596 Ille
526 2543 577 2596 ei
599 2545 910 2614 respondit,
941 2546 1163 2600 dicens:
1191 2549 1240 2601 A
1265 2565 1375 2619 quo
1396 2549 1484 2603 die
1507 2551 1643 2605 mihi
1658 2553 1752 2607 de-

146 2628 286 2683 disti
306 2646 527 2698 aurum,
559 2649 653 2687 eos
680 2633 931 2705 impendi
951 2634 1008 2689 in
1033 2636 1275 2706 pretium
1296 2654 1669 2708 gemmarum,
1692 2647 1749 2696 et

143 2717 201 2772 si
251 2720 389 2774 velis
418 2737 512 2775 eas
541 2722 747 2783 videre.
783 2724 907 2778 veni
943 2724 1003 2778 in
1053 2725 1356 2797 hospitium
1386 2744 1593 2783 meum.
1634 2729 1749 2784 Illic

142 2807 305 2862 enim
334 2809 454 2865 sitae
482 2816 616 2865 sunt
656 2817 911 2882 gemmae,
946 2818 1003 2867 et
1029 2814 1190 2881 vide;
1231 2816 1379 2886 quod
1426 2817 1472 2871 si
1500 2817 1603 2871 tibi
1634 2834 1746 2879 non

140 2897 430 2970 placeant,
449 2900 582 2954 tolle
607 2917 808 2956 aurum
831 2907 1014 2956 tuum.
1029 2903 1198 2957 Venit
1225 2910 1413 2959 autem
1435 2906 1534 2961 illa
1556 2906 1749 2962 luben-

136 2986 384 3044 tissime.
401 2989 657 3044 Habebat
667 2996 858 3046 autem
890 2992 1381 3064 ptochotrophium
1397 2994 1454 3049 in
1471 2996 1747 3067 superiori

136 3076 376 3148 quidem
396 3084 555 3149 parte
575 3080 925 3147 mulieres,in
944 3080 1194 3136 inferiori
1215 3089 1406 3138 autem
1427 3086 1744 3141 viros.Cum

136 3182 215 3220 ea
237 3172 428 3221 autem
452 3169 794 3236 accessisset,
817 3170 1122 3226 introducit
1145 3187 1271 3227 eam
1300 3173 1357 3227 in
1384 3173 1740 3241 vestibulum,
1761 3188 1805 3250 α
1826 3201 1956 3241 eum
1981 3189 2040 3244 in
2068 3194 2344 3263 operibus,
2370 3206 2471 3255 aut
2487 3201 2544 3257 in
2566 3204 2603 3259 h

136 3260 203 3310 et
220 3255 423 3324 dicitei
442 3264 668 3313 sanctus
682 3259 958 3314 Macarius
978 3279 989 3314 :
1008 3260 1154 3325 Quid
1170 3262 1252 3315 vis
1276 3262 1517 3333 primum
1530 3264 1736 3331 videre,

133 3345 495 3417 hyacinthos,
529 3364 603 3401 an
626 3349 991 3418 smaragdos?
1018 3350 1093 3403 Ea
1119 3366 1247 3405 vero
1276 3351 1357 3405 illi
1382 3352 1553 3406 dicit:
1581 3353 1740 3418 Quod

132 3434 245 3490 tibi
260 3436 498 3491 videtur.
521 3438 613 3492 Ille
635 3454 763 3492 vero
784 3454 909 3493 eam
924 3438 1145 3494 ducitin
1158 3446 1377 3511 partem
1391 3443 1737 3513 superiorem

133 3530 200 3579 et
227 3526 476 3580 ostendit
503 3526 554 3580 ei
585 3527 876 3582 conscissis
903 3528 1140 3583 feminas
1177 3530 1460 3599 membris,
1493 3537 1550 3586 et
1576 3532 1739 3586 vulti-

130 3612 245 3667 bus
275 3613 411 3668 totis
465 3614 619 3668 varia
666 3614 1030 3671 morbositate
1072 3617 1347 3685 laceratis,
1381 3625 1438 3674 et
1474 3620 1612 3674 dicit
1636 3620 1687 3674 ei
1719 3637 1732 3674 :

126 3702 281 3757 Ecce
301 3702 611 3775 hyacinthi.
634 3704 847 3759 Deinde
873 3705 1102 3760 deducit
1128 3723 1253 3762 eam
1268 3707 1326 3761 in
1355 3714 1575 3779 partem
1599 3709 1737 3765 infe-

124 3792 367 3860 riorem,
388 3798 444 3847 et
472 3793 717 3847 ostendit
742 3794 795 3848 ei
821 3794 989 3859 viros,
1016 3795 1207 3850 dicens
1230 3815 1241 3850 :
1270 3797 1403 3852 Ecce
1422 3800 1730 3870 smaragdi,

123 3886 193 3937 et
244 3881 504 3937 existimo
533 3898 647 3937 non
674 3882 911 3938 inveniri
954 3884 1041 3939 his
1070 3886 1428 3957 pretiosiores
1460 3906 1472 3952 ;
1507 3889 1655 3959 quod
1683 3890 1733 3945 si

117 3971 237 4027 tibi
267 3987 383 4026 non
411 3972 685 4043 placeant,
717 3973 903 4045 accipe
931 3991 1135 4030 aurum
1164 3981 1344 4031 tuum.
1377 3978 1477 4032 His
1497 3994 1628 4049 ergo
1655 3978 1734 4034 sic

116 4060 331 4133 gestis,
355 4061 568 4132 pudore
586 4062 785 4117 affecta
810 4063 965 4134 virgo
985 4064 1136 4130 exiit,
1165 4071 1223 4120 et
1249 4066 1480 4121 domum
1507 4084 1733 4123 reversa

116 4165 407 4221 magnum
435 4150 651 4222 accepit
675 4151 944 4219 dolorem,
980 4155 1129 4225 quod
1161 4154 1304 4209 hanc
1356 4172 1475 4211 rem
1508 4173 1575 4211 ex
1616 4158 1731 4212 Deo

117 4256 248 4295 non
282 4239 517 4304 fecisset,
551 4241 648 4295 sed
679 4241 921 4297 adducta
945 4244 1519 4300 necessitate.Postea
1538 4253 1729 4301 autem

114 4328 350 4401 gratias
378 4329 492 4400 egit
518 4330 862 4403 presbytero,
884 4348 1012 4387 cum
1034 4334 1221 4404 puella
1240 4336 1400 4405 cujus
1421 4351 1614 4391 curam
1636 4332 1753 4408 ge:

112 4417 313 4485 rebat,
347 4425 474 4490 post
498 4420 724 4492 nuptias
766 4427 989 4477 mortua
1014 4429 1163 4477 esset
1189 4423 1310 4479 sine
1338 4425 1546 4493 liberis,
1578 4426 1729 4497 ipsa-

1840 2019 1944 2077 bus
1965 2040 2312 2102 unaquaeque
2340 2034 2511 2091 habet
2537 2040 2821 2112 ﬂagellum
2846 2019 3431 2125 (20).suspensumT“I;It

1838 2199 2132 2274 linquunt;
2165 2209 2406 2267 alterum
2448 2233 2575 2272 vero
2615 2199 2685 2275 ad
2732 2226 3043 2295 puniendos
3085 2199 3350 2304 latrohes,
3381 2240 3429 2295 si

1837 2293 2060 2360 quando
2087 2295 2410 2371 inciderint;
2435 2308 2662 2364 tertium
2696 2293 2825 2370 vero
2850 2318 2921 2373 ad
2950 2323 3313 2393 corrigendos
3334 2345 3429 2384 eos

1835 2381 1931 2450 qui
1956 2382 2098 2446 forte
2120 2389 2365 2457 veniunt,
2392 2400 2448 2448 et
2464 2395 2522 2451 in
2551 2399 2740 2471 aliqua
2766 2404 2968 2462 delicta
2987 2381 3267 2483 incidunt;
3286 2381 3427 2474 adeo

1834 2474 1896 2523 ut
1908 2471 2222 2547 quicunque
2236 2479 2588 2555 delinquunt,
2598 2495 2655 2543 et
2663 2494 3068 2554 convincuntur
3080 2505 3352 2561 meruisse
3364 2513 3430 2563 ut

1833 2558 1971 2614 dent
1988 2578 2200 2634 ptenas,
2229 2571 2474 2640 palmam
2503 2580 2931 2653 amplectantur,
2965 2593 3023 2642 et
3044 2595 3204 2663 tergo

1831 2652 2137 2719 praefinitas
2153 2659 2448 2731 accipiant,
2463 2671 2520 2720 et
2547 2668 2626 2722 sic
2644 2670 3023 2732 dimittantur.
3054 2652 3427 2754 Pro’pe.ecc)le-

1829 2737 1969 2794 siam
1987 2748 2174 2800 autem
2197 2750 2441 2818 positum
2464 2760 2550 2809 est
2561 2761 2986 2834 xenodochium,
3004 2768 3062 2823 in
3078 2787 3188 2841 quo
3204 2775 3427 2832 venien-

1828 2832 1945 2883 tem
1968 2830 2240 2904 hospitem
2262 2843 2382 2895 toto
2400 2847 2654 2917 tempore
2679 2830 2983 2924 accipiunt,
3001 2830 3173 2914 etiam
3200 2862 3249 2918 si
3275 2863 3426 2922 bien-

1828 2917 1986 2974 nium
2017 2926 2432 2986 auttriennium
2453 2934 2691 2993 voluerit
2711 2956 2958 3012 manere,
2972 2947 3149 3005 donec
3175 2953 3306 3008 velit
3320 2971 3426 3011 sua

1828 3015 2027 3078 sponte
2041 3015 2318 3084 recedere,
2335 3023 2723 3090 permittentes
2743 3030 2793 3084 ei
2811 3048 2924 3088 una
2946 3035 3293 3097 hebdomada
3306 3060 3422 3101 ma-

1828 3112 1961 3152 nere
1998 3100 2054 3155 in
2081 3104 2213 3159 otio.
2246 3108 2386 3163 Aliis
2413 3118 2601 3169 autem
2631 3117 2827 3175 diebus
2855 3123 3116 3199 deinceps
3145 3141 3421 3204 occupant

2606 3212 2747 3274 orto,
2764 3212 2942 3267 autin
2971 3215 3227 3287 pistrino,
3251 3223 3419 3280 autin

1824 3277 2081 3347 coquina.
2116 3282 2275 3346 Quod
2295 3287 2344 3340 si
2380 3288 2552 3346 fuerit
2571 3295 2848 3368 quispiam
2876 3277 3036 3374 cujus
3064 3307 3139 3362 sit
3158 3277 3417 3370 habenda

1820 3366 1984 3429 ratio.
2016 3369 2155 3425 dant
2174 3374 2226 3427 ei
2256 3374 2464 3433 librum
2481 3366 2927 3452 legendummon
2941 3366 3410 3465 vpermittentesei

1819 3459 1885 3509 ut
1906 3471 2032 3511 cum
2063 3461 2176 3516 ullo
2195 3464 2544 3538 colloquatur
2566 3489 2742 3546 usque
2771 3479 2842 3533 ad
2871 3459 3067 3539 horam
3087 3493 3319 3545 sextam.
3344 3492 3411 3549 In

1818 3543 1923 3598 hoc
1950 3554 2139 3604 monte
2165 3552 2378 3624 degunt
2397 3559 2567 3615 etiam
2589 3543 2790 3621 medici
2807 3574 2864 3623 et
2880 3543 3413 3641 placentarii.ﬁUtun-‘-

1817 3636 1912 3687 tur
1938 3637 2109 3693 etiam
2139 3641 2284 3710 vino,
2335 3650 2393 3699 et
2427 3648 2620 3705 vinum
2651 3653 2766 3709 illic
2796 3660 3071 3717 venditur.
3120 3666 3188 3720 Hi
3218 3675 3410 3727 autem

1817 3737 2012 3781 omnes
2041 3729 2157 3784 suis
2181 3733 2440 3791 manibus
2462 3738 2675 3796 faciunt
2693 3750 2903 3802 vestem
2934 3750 3158 3819 lineam,
3185 3758 3324 3814 adeo
3346 3768 3411 3817 ut

1816 3812 1931 3867 sint
1948 3830 2143 3873 omnes
2171 3822 2400 3879 minime
2421 3835 2664 3897 egentes.
2682 3833 2840 3890 Circa
2868 3838 3064 3896 horam
3093 3850 3281 3901 autem
3304 3864 3409 3905 no-

1816 3918 1946 3957 nam
1978 3906 2105 3961 licet
2124 3914 2292 3978 stare,
2318 3918 2375 3968 et
2393 3918 2588 3973 audire
2612 3920 2669 3975 in
2699 3939 3036 4000 unoquoque
3063 3940 3406 3996 monasterio

1815 3991 2054 4063 hymnos
2083 4003 2140 4051 et
2164 4002 2410 4070 psalmos
2451 4007 2673 4065 Christo
2706 3991 2988 4085 canentes,
3023 4027 3080 4076 et
3106 3991 3405 4093 preces

1814 4082 2053 4154 hymnos
2081 4089 2420 4160 emittentes,
2455 4096 2593 4152 adeo
2633 4107 2697 4156 ut
2724 4082 3006 4163 existimet
3033 4082 3310 4185 quispiam
3342 4082 3406 4175 se

1814 4173 2052 4231 sublime
2077 4179 2286 4236 elatum
2304 4188 2738 4260 transmigrasse
2765 4193 2824 4249 in
2839 4173 3408 4268 paradisum‘delicia-

1811 4281 1971 4334 rum;
1995 4270 2227 4325 veniunt
2251 4279 2442 4330 autem
2470 4279 2541 4333 ad
2571 4283 2859 4341 ecclesiam
2882 4288 3123 4347 Sabbato
3144 4296 3327 4353 solum
3349 4308 3405 4356 et

1810 4354 2128 4416 Dominico.
2161 4361 2305 4416 Sunt
2331 4370 2520 4443 autem
2550 4376 2674 4426 octo
2701 4375 3013 4448 presbyteri
3034 4382 3129 4452 qui
3153 4354 3406 4455 praesunt

1810 4442 1941 4497 huic
1960 4448 2220 4515 ccclesiis,
2240 4451 2299 4505 in
2320 4442 2432 4523 qua
2451 4459 2699 4526 quandiu
2728 4462 2861 4517 vivit
2876 4467 3092 4535 primus
3110 4473 3404 4548 presbyter

2211 4507 2219 4515 1
2334 4507 2354 4523 ι
2404 4507 2429 4509 η
2459 4507 2699 4526 Ἰπνηημ..
2739 4507 2932 4535 .-υ-νιν.
2946 4507 3092 4523 unua
3110 4507 3163 4542 γε
3179 4507 3399 4548 GDUJ’WI‘

114 4523 239 4580 que
299 4507 559 4582 deinceps
613 4509 907 4567 facultates
946 4528 1077 4566 suas
1132 4512 1191 4567 in
1245 4520 1426 4569 rectos
1455 4531 1590 4570 usus
1630 4531 1979 4618 eX-Dhujus
2007 4537 2268 4606 ecclesiae,
2301 4544 2507 4599 mullus
2523 4548 2668 4603 alius
2695 4550 2875 4619 offert,
2905 4571 3006 4611 nec
3028 4559 3263 4630 judicat,
3296 4582 3399 4621 nec

114 4596 327 4630 ηηηιειςι
1965 4629 1969 4630 ⁷

108 4596 347 4671 pendit.

733 4726 965 4784 CAPUT
1006 4729 1119 4785 VII.

119 4850 256 4906 Vita
284 4847 499 4905 abbatis
533 4850 740 4906 Arsisz'i
766 4853 870 4925 (17)
901 4859 949 4908 ct
987 4871 1178 4910 eorum
1199 4859 1299 4927 qui
1325 4874 1451 4913 cum
1483 4874 1540 4913 co
1563 4865 1726 4915 erant

665 4943 728 4995 in
759 4949 940 4998 monte
967 4944 1190 5000 Nitriae.

191 5046 348 5102 Cum
364 5061 467 5117 ego
494 5063 622 5102 cum
651 5048 844 5104 multis
862 5050 1071 5106 sanctis
1092 5069 1270 5108 essem
1292 5069 1646 5125 congressus,
1670 5060 1728 5110 et

102 5140 383 5192 versatus
411 5142 526 5191 tres
554 5154 732 5193 annos
780 5139 840 5196 in
868 5145 1226 5200 monasteriis
1255 5164 1377 5218 quae
1408 5156 1540 5204 sunt
1577 5151 1727 5207 circa

98 5225 544 5293 Alexandriam,
560 5231 617 5281 et
643 5229 974 5286 mansissem
997 5248 1125 5287 cum
1149 5236 1369 5306 magnis
1392 5238 1727 5295 studiosissi-

103 5314 352 5386 misque
382 5319 439 5369 et
467 5316 693 5387 optimis
716 5318 851 5373 viris
879 5318 1103 5376 circiter
1129 5322 1215 5378 bis
1244 5326 1416 5393 mille,
1446 5330 1600 5384 omni
1620 5330 1728 5385 vir-

101 5410 246 5460 tute
266 5404 503 5473 ornatis,
526 5404 679 5460 illinc
698 5408 965 5464 recedens
991 5412 1116 5466 veni
1142 5412 1200 5467 in
1226 5421 1475 5470 montem
1505 5418 1721 5478 Nitriae.

101 5492 281 5548 Inter
310 5491 460 5546 hunc
489 5499 739 5549 montem
769 5501 959 5552 autem
985 5505 1041 5553 et
1083 5500 1477 5558 Alexandriam
1508 5508 1724 5577 positus

101 5588 209 5638 est
233 5582 417 5649 lacus,
449 5583 546 5654 qui
573 5582 779 5640 dicitur
805 5586 983 5643 Maria
1016 5606 1028 5642 :
1060 5588 1108 5645 is
1152 5596 1342 5647 autem
1372 5596 1625 5653 continet
1649 5598 1724 5653 ad

96 5670 310 5730 millia
347 5672 726 5744 septuaginta.
757 5675 937 5740 Quem
980 5695 1109 5737 cum
1135 5683 1590 5755 transmisissem,
1621 5704 1725 5760 per

378 5772 647 5841 Parma.
691 5775 968 5841 LXXIII.

1808 4622 1980 4678 habet
2018 4642 2357 4699 sermonem,
2406 4633 2504 4688 sed
2560 4638 2727 4694 tacite
2775 4642 2959 4700 solum
3007 4663 3135 4704 cum
3195 4669 3261 4708 eo
3307 4672 3397 4711 se.

1806 4711 1961 4768 dent.

1876 4803 1981 4858 Hic
1999 4821 2236 4877 magnus
2262 4810 2529 4882 Arsisius,
2559 4821 2617 4871 et
2644 4818 2739 4873 alii
2770 4823 2932 4878 multi
2960 4843 3088 4884 cum
3117 4848 3184 4887 eo
3212 4850 3396 4906 senes,

1806 4909 1945 4964 quos
1975 4911 2077 4950 nos
2105 4896 2362 4966 vidimus,
2394 4901 2621 4961 fuerunt
2648 4912 2891 4982 aequales
2910 4920 3164 4991 tempore
3191 4940 3397 4997 magno

1805 4982 2070 5040 Antonio.
2116 4986 2299 5059 Atque
2328 4990 2466 5046 mihi
2490 4995 2716 5065 quidem
2761 5006 3013 5061 narravit
3028 4982 3131 5064 hic
3160 4982 3397 5084 maghus

1805 5072 2053 5129 Arsisius
2089 5092 2150 5129 se
2188 5079 2368 5134 Amon
2399 5098 2620 5155 quoque
2649 5087 2852 5147 vidisse
2882 5094 3202 5168 Nitriotem,
3235 5105 3396 5175 cujus

1805 5162 2055 5219 animam
2082 5164 2221 5222 vidit
2238 5171 2450 5226 assumi
2467 5173 2741 5234 Antonius
2769 5180 2839 5235 ab
2864 5186 3096 5256 angelis,
3120 5194 3177 5244 et
3204 5191 3262 5247 in
3292 5211 3398 5250 coe-

1807 5251 1925 5306 lum
1951 5253 2148 5310 deduci
2183 5259 2203 5323 (
2215 5259 2330 5325 Vita
2353 5261 2601 5331 Antonii,
2637 5285 2682 5322 ο.
2718 5268 2816 5335 32;
2850 5251 3012 5342 Ila/VL,
3046 5251 3169 5345 1.11,
3202 5298 3247 5335 ο.
3282 5282 3393 5351 30).

1807 5340 1861 5395 Is
1889 5341 2110 5398 dicebat
2136 5362 2196 5400 se
2226 5347 2396 5404 etiam
2418 5350 2779 5411 Pachomium
2801 5340 3006 5417 vidisset
3026 5340 3398 5428 Tabennesio.

1806 5433 1941 5498 tem,
1964 5432 2148 5489 virum
2174 5439 2499 5509 prophetica
2515 5445 2701 5514 gratia
2719 5446 2950 5517 clarum,
2973 5457 3064 5507 ter
3087 5457 3238 5513 mille
3256 5461 3398 5518 viro-

1804 5536 1931 5576 rum
1949 5524 2466 5600 archimandritam;
2490 5535 2650 5605 cujus
2668 5537 2906 5594 narrabo
2924 5548 3121 5613 postea
3139 5547 3393 5611 virtutes.

1809 5611 1996 5682 (Infra,
2020 5630 2065 5671 ο.
2084 5612 2194 5686 38).

3081 5814 3161 5881 35
