3910 6380
573 361 712 424 1099

1149 489 1384 548 CAPUT
1412 490 1564 549 VIII.

787 635 860 688 De
881 638 1066 687 sancto
1095 632 1275 690 Aman
1305 633 1414 706 (‘21)
1453 640 1502 689 et
1532 639 1649 706 ejus
1670 641 1914 706 conjuge.

627 757 862 814 Dicebat
884 765 1075 814 autem
1094 761 1277 815 Amon
1293 761 1398 815 hoc
1417 761 1582 816 modo
1600 761 1963 817 vixisse.Cum
1985 770 2150 830 esset,

555 848 758 920 inquit,
783 849 1110 921 parentibus
1131 849 1361 904 orbatus
1379 851 1702 904 adolescens
1718 851 1939 906 circiter
1958 853 2154 924 viginti

555 937 697 992 duos
724 955 900 993 annos
929 943 1115 1006 natus,
1139 939 1192 993 vi
1234 955 1268 993 a
1305 957 1406 994 suo
1438 949 1640 1014 patruo
1664 941 1891 994 mulieri
1921 943 2153 1012 junctus

553 1035 640 1084 est
659 1028 1046 1095 matrimonio;
1071 1033 1128 1082 et
1141 1044 1271 1082 cum
1289 1045 1402 1082 non
1427 1035 1616 1100 posset
1635 1029 1896 1084 resistere
1916 1033 2153 1086 necessi-

551 1120 658 1176 tati
685 1136 856 1192 quam
881 1119 933 1174 ei
961 1119 1230 1174 afferebat
1257 1124 1512 1190 patruus,
1543 1119 1724 1173 visum
1755 1125 1843 1174 est
1871 1121 1942 1186 ei,
1979 1128 2035 1175 et
2065 1138 2152 1176 co-

551 1226 692 1264 rona
721 1209 973 1264 redimiri
1003 1209 1129 1281 ('2'2),
1171 1214 1226 1263 et
1263 1209 1458 1263 sedere
1483 1208 1542 1262 in
1573 1209 1842 1274 thalamo,
1877 1215 1935 1264 et
1961 1211 2151 1266 omnia

551 1299 831 1355 sustinere
851 1315 974 1369 quae
994 1299 1140 1352 fiunt
1151 1298 1210 1352 in
1231 1297 1612 1351 matrimonio.
1637 1297 1942 1368 Postquam
1958 1306 2148 1354 autem

552 1404 748 1444 omnes
767 1394 954 1442 essent
975 1387 1204 1458 egressi,
1226 1386 1320 1457 qui
1340 1387 1399 1440 in
1419 1386 1666 1441 thalamo
1688 1393 1746 1441 et
1773 1389 1914 1442 lecto
1937 1389 2148 1444 dormi-

550 1483 708 1534 turos
736 1477 1162 1540 collocaverant,
1185 1475 1367 1545 surgit
1397 1474 1590 1530 beatus
1620 1466 1822 1543 Amen,
1857 1483 1915 1532 et
1941 1479 2153 1532 claudit

549 1568 727 1634 fores;
769 1572 827 1622 et
854 1567 1055 1620 sedens
1081 1571 1240 1620 vocat
1263 1565 1488 1618 beatam
1527 1571 1584 1619 et
1615 1583 1946 1636 germanam
1990 1584 2150 1622 suam

549 1658 933 1728 conjugem,et
951 1655 1002 1709 ei
1027 1654 1188 1711 dicit:
1203 1654 1507 1715 Adesdum,
1532 1654 1763 1708 domina
1774 1661 1829 1709 et
1844 1672 2003 1710 soror
2016 1655 2124 1726 (23)
2135 1699 2149 1724 ,

547 1745 751 1801 deinde
781 1761 899 1800 rem
939 1743 1042 1799 tibi
1075 1744 1336 1798 narrabo.
1364 1745 1475 1798 lloc
1504 1761 1614 1816 quo
1644 1747 1926 1816 conjuncti
1957 1751 2154 1802 sumus

1669 369 1763 424 DE
1801 371 1989 428 VITIS
2026 371 2324 428 PATRUM
2360 370 2575 427 LIBER
2610 369 2772 452 VIII.

2172 500 2217 557 Λ
2239 495 2411 550 tionis
2442 495 2704 550 virtutem
2736 494 3092 561 exercuisset,
3119 495 3178 550 in
3199 495 3312 550 vita
3337 495 3480 552 obiit
3506 498 3828 565 monastica,

3711 372 3832 430 1100

2235 585 2320 638 vel
2349 586 2536 656 potius
2564 585 2870 639 translatus
2899 589 2985 638 est
3007 591 3231 640 sanctus
3251 588 3452 653 Amen,
3488 592 3662 642 natus
3682 603 3832 641 sexa-

2234 674 2394 744 ginta
2423 675 2564 729 duos
2608 690 2805 740 annos,
2836 673 2922 728 bis
2951 673 3012 728 in
3037 691 3186 730 anno
3223 675 3417 730 videns
3455 675 3686 731 beatam
3714 677 3829 730 vita:

2237 779 2352 818 suae
2383 769 2720 818 consortem.

2307 853 2450 907 Cum
2478 853 2526 907 is
2550 870 2682 923 ergo
2701 854 2853 908 solus
2877 859 3024 908 esset
3050 854 3109 908 in
3138 853 3356 920 Nitriis,
3389 854 3582 910 ferunt
3608 855 3681 909 ad
3707 872 3828 910 eum

2234 957 2473 1013 puerum
2513 942 2668 997 rabie
2705 943 3068 1014 exagitatum,
3103 944 3346 999 vinctum
3389 945 3626 999 catenis.
3670 945 3829 1000 Canis

2234 1031 2386 1085 enim
2401 1030 2658 1086 rabiosus
2675 1032 2981 1087 mordendo
2992 1033 3072 1086 illi
3091 1031 3304 1087 rabiem
3315 1033 3569 1090 dederat.
3577 1034 3828 1104 Seipsum

2235 1137 2368 1191 ergo
2397 1126 2580 1176 totum
2609 1121 2879 1189 laniabat,
2905 1127 2970 1176 ut
2998 1122 3094 1194 qui
3131 1122 3542 1178 intolerabilem
3573 1122 3829 1178 morbum

2233 1210 2379 1264 ferre
2403 1227 2516 1265 non
2538 1216 2743 1282 posset.
2767 1211 3074 1282 Postquam
3096 1228 3228 1282 ergo
3249 1212 3388 1266 vidit
3402 1214 3524 1282 ejus
3549 1219 3824 1284 parentes,

2231 1299 2302 1353 ad
2323 1300 2750 1370 supplicandum
2762 1301 3152 1372 procedentes:
3174 1301 3318 1365 Quid
3341 1301 3500 1368 mihi,
3525 1301 3733 1372 inquit,
3755 1303 3828 1356 la-

2232 1387 2395 1443 bores
2433 1388 2724 1456 exhibetis,
2758 1406 2790 1443 o
2818 1389 3094 1456 homines,
3125 1407 3191 1444 ea
3238 1396 3492 1462 petentes
3533 1407 3661 1462 quae
3708 1408 3827 1445 mea

2232 1477 2436 1532 merita
2465 1483 2753 1549 superant,
2777 1495 2906 1532 cum
2935 1479 2994 1533 in
3023 1479 3221 1534 vestris
3248 1479 3510 1535 manibus
3530 1485 3739 1552 praesto
3759 1481 3827 1534 sit

2233 1567 2523 1623 auxilium.
2547 1568 2782 1623 Reddite
2811 1569 2962 1622 enim
3007 1569 3186 1624 vidua:
3236 1568 3433 1624 bovem
3473 1587 3646 1640 quem
3677 1571 3828 1624 clan-

2233 1652 2421 1707 culum
2447 1653 2745 1720 occidistis,
2775 1659 2833 1708 et
2859 1670 3030 1708 sanus
3064 1654 3328 1709 reddetur
3358 1653 3509 1709 vobis
3539 1671 3702 1726 puer.
3742 1655 3825 1710 Illi

2233 1758 2363 1796 vero
2410 1759 2538 1796 cum
2590 1743 2826 1797 convicti
2854 1747 3058 1810 essent,
3089 1743 3202 1798 laeti
3239 1743 3492 1798 fecerunt
3518 1761 3649 1815 quae
3671 1745 3825 1815 jussa

546 1834 991 1900 matrimonium,
1026 1833 1169 1888 nihil
1202 1832 1370 1887 habet
1395 1834 1684 1889 eximium.
1715 1835 1884 1890 Recte
1905 1853 2039 1906 ergo
2066 1837 2144 1891 fa-
2161 1857 2206 1917 Β
2224 1830 2468 1898 fuerant,
2501 1838 2557 1885 et
2578 1849 2644 1886 eo
2673 1838 2870 1886 orante
2897 1850 3036 1904 puer
3063 1849 3232 1887 sanus
3269 1833 3464 1888 evasit.

543 1923 829 1988 ciemus,si
850 1922 1051 1978 abhinc
1071 1923 1456 1994 unusquisque
1473 1929 1730 1978 nostrum
1750 1942 2000 1980 seorsum
2019 1927 2145 1981 dor—
2295 1921 2666 1976 Accesserunt
2684 1927 2875 1976 autem
2891 1922 2988 1976 alii
3003 1923 3052 1993 ej
3061 1939 3124 1977 us
3142 1922 3354 1977 visendi
3367 1922 3668 1993 gratia.Ad
3689 1938 3821 1994 quos

544 2013 752 2080 mierit,
777 2019 842 2068 ut
861 2012 1084 2067 Christo
1105 2013 1444 2083 placeamus,
1461 2012 1729 2067 intactam
1747 2021 1998 2068 nostram
2021 2015 2143 2070 red-
2224 2009 2367 2064 dixit
2384 2010 2469 2064 vir
2492 2016 2738 2077 sanctus,
2771 2011 3026 2066 tentandi
3057 2028 3249 2066 eorum
3278 2011 3454 2066 animi
3481 2013 3705 2083 gratia:
3727 2012 3819 2065 Af-

541 2104 738 2158 dentes
783 2101 1186 2172 virginitatem.
1221 2101 1290 2156 Et
1341 2118 1468 2156 cum
1501 2119 1532 2156 e
1582 2103 1712 2156 sinu
1759 2120 1860 2158 suo
1907 2121 2140 2174 parvum
2223 2097 2365 2153 ferte
2393 2099 2464 2153 ad
2479 2117 2568 2154 me
2590 2101 2802 2154 dolium
2832 2117 3028 2164 unum,
3050 2105 3115 2155 ut
3134 2100 3368 2155 habeam
3399 2101 3536 2156 satis
3565 2119 3728 2174 aqua
3753 2101 3818 2155 ad

539 2192 792 2248 libellum
813 2191 1442 2263 protulisset,tanquam
1465 2207 1531 2245 ex
1555 2179 1795 2262 persona
1813 2193 2067 2264 Apostoli
2089 2199 2147 2248 et
2227 2205 2323 2241 eos
2361 2189 2456 2259 qui
2484 2189 2717 2244 veniunt
2739 2189 3110 2261 excipiendos.
3144 2190 3190 2245 Ii
3215 2197 3403 2245 autem
3442 2191 3818 2263 promiserunt

543 2281 875 2347 Servatoris,
907 2279 1131 2351 legebat
1147 2280 1364 2351 puellae,
1399 2297 1521 2351 quae
1551 2287 1673 2335 erat
1700 2281 1899 2352 ignara
1925 2283 2144 2338 littera-
2227 2277 2439 2348 seipsos
2468 2279 2758 2332 allaturos.
2787 2278 2928 2332 Cum
2959 2285 3148 2333 autem
3182 2278 3421 2334 alterum
3445 2279 3813 2351 paenituisset,

539 2387 688 2438 rum,
720 2371 1027 2443 plurimam
1055 2369 1310 2424 lectionis
1360 2375 1599 2440 partem,
1638 2371 1908 2440 adjiciens
1945 2389 2009 2426 ex
2040 2389 2144 2426 sua
2225 2365 2319 2419 ubi
2350 2366 2409 2420 in
2439 2367 2618 2421 vicum
2640 2368 2900 2434 venisset,
2924 2367 3060 2422 dicit
3074 2367 3233 2422 alteri
3258 2388 3269 2422 :
3296 2367 3440 2423 Nolo
3461 2369 3714 2423 occidere
3733 2359 3834 2422 ea?

535 2460 808 2516 divinitus
832 2458 1108 2531 inspirata
1133 2457 1408 2524 doctrina,
1433 2465 1490 2512 et
1508 2459 1566 2514 in
1585 2459 1716 2525 vita,
1737 2459 1794 2514 in
1817 2461 2142 2530 virginitate
2225 2455 2454 2522 melum,
2472 2473 2655 2527 neque
2675 2457 2727 2512 ei
2747 2457 2957 2512 dolium
2975 2457 3280 2529 imponere,
3309 2475 3378 2512 ne
3399 2459 3695 2512 moriatur-
3718 2459 3816 2512 Hi3

457 2593 462 2598 .
539 2556 597 2606 et
623 2549 881 2604 castitate
910 2548 1165 2619 degenda
1191 2564 1316 2602 eam
1339 2547 1660 2604 instituens.
1688 2549 1809 2614 Quo
1831 2551 2040 2605 factum
2056 2558 2143 2606 est
2223 2545 2450 2611 auditis,
2467 2546 2610 2600 alius
2633 2547 2749 2600 suis
2760 2546 2970 2616 junctis
2989 2546 3160 2600 asinis
3177 2563 3379 2616 magno
3397 2546 3588 2602 labore
3603 2547 3813 2602 dolium

538 2644 604 2694 ut
631 2638 729 2692 illa
769 2637 976 2692 Christi
994 2637 1180 2708 gratia
1209 2637 1446 2708 repleta,
1468 2637 1679 2692 diceret
1710 2650 1721 2684 :
1751 2639 1866 2708 Ego
1895 2656 2136 2710 quoque,
2221 2649 2443 2688 sursum
2474 2635 2734 2706 portavit.
2764 2635 3112 2690 Praeveniens
3137 2641 3323 2690 autem
3345 2637 3524 2690 Amon
3553 2637 3604 2690 ei
3630 2636 3770 2690 dixit
3796 2656 3808 2690 :

537 2727 764 2783 domine
789 2727 888 2794 mi,
919 2743 1250 2798 persuasum
1278 2725 1459 2780 habeo
1486 2726 1605 2781 fore
1643 2734 1705 2782 ut
1725 2733 1937 2781 castam
1967 2729 2140 2782 vitam
2223 2723 2405 2786 Quid?
2444 2725 2592 2795 quod
2622 2724 2758 2778 socii
2786 2725 2869 2778 tui
2900 2725 3146 2780 camelus
3176 2731 3262 2778 est
3288 2730 3543 2780 mortuus
3585 2725 3812 2779 interim

539 2815 986 2886 libenteragam;
1015 2821 1072 2869 et
1085 2815 1131 2868 si
1151 2815 1284 2886 quid
1309 2814 1492 2885 jubes,
1509 2815 1614 2870 hoc
1635 2815 1898 2887 deinceps
1915 2817 2134 2872 faciam.
2221 2812 2358 2866 dum
2385 2813 2494 2867 huc
2524 2813 2724 2868 venisti
2745 2814 2769 2866 ἲ
2790 2815 2844 2868 Is
2871 2819 3060 2868 autem
3090 2830 3348 2869 reversus
3383 2814 3592 2868 invenit
3619 2831 3752 2869 eum
3780 2831 3812 2868 a

537 2903 641 2960 Ille
669 2921 816 2970 vero,
849 2905 984 2976 Ego,
1016 2903 1218 2976 inquit,
1242 2903 1413 2973 jubeo
1439 2911 1496 2958 et
1512 2921 1646 2974 rogo
1671 2910 1734 2959 ut
1753 2906 2138 2977 unusquisque
2219 2901 2368 2972 lupis
2387 2902 2733 2957 devoratum.
2767 2903 2945 2958 Multa
2967 2919 3188 2974 quoque
3215 2903 3324 2957 alia
3347 2903 3436 2958 hic
3458 2903 3543 2956 vir
3569 2903 3723 2957 fecit.

536 3001 793 3050 nostrum
824 3009 1076 3049 seorsum
1107 2998 1350 3047 maneat.
1371 2993 1450 3048 Ea
1472 3011 1602 3048 vero
1633 2994 1737 3048 hoc
1755 3011 1869 3048 non
1891 2996 2038 3061 tulit,
2057 2996 2138 3050 di-
2290 2991 2409 3044 Hoc
2426 2997 2617 3046 autem
2646 2991 2976 3046 miraculum
2998 2992 3245 3046 narravit
3259 2991 3454 3047 beatus
3468 2992 3807 3046 Athanasius

534 3101 664 3139 cens
699 3101 711 3137 :
746 3084 1074 3140 Maneamus
1107 3082 1167 3136 in
1211 3083 1407 3137 eadem
1448 3083 1632 3150 domo,
1667 3084 1764 3138 sed
1801 3085 1861 3138 in
1903 3085 2136 3139 diversis
2218 3085 2568 3140 Alexandriae
2587 3085 2894 3157 episcopus,
2909 3085 3224 3141 scribensin
3244 3087 3638 3153 VitaAntonii,
3662 3087 3804 3157 quod

532 3173 709 3228 lectis.
745 3173 952 3228 Vivens
980 3189 1113 3242 ergo
1143 3189 1268 3226 cum
1295 3190 1361 3226 ea
1401 3172 1594 3226 decem
1634 3179 1693 3227 et
1721 3179 1846 3228 octo
1877 3190 2054 3228 annos
2075 3175 2134 3228 in
2151 3217 2195 3277 α
2217 3189 2347 3228 cum
2377 3173 2678 3244 aliquando
2725 3173 2984 3228 monachi
3012 3174 3084 3228 ad
3111 3174 3294 3246 ipsum
3328 3174 3480 3229 missi
3520 3180 3713 3228 essent
3739 3173 3805 3228 ab

530 3263 730 3319 iisdem
759 3263 992 3329 aedibus,
1011 3267 1130 3316 toto
1161 3262 1251 3316 die
1272 3261 1505 3316 vacabat
1529 3263 1692 3317 horto
1722 3268 1780 3316 et
1805 3262 2130 3320 balsameto.
2153 3261 2195 3277 ν
2215 3263 2460 3317 Antonio
2477 3268 2622 3330 (erat
2641 3263 2791 3318 enim
2812 3263 2871 3317 in
2886 3263 3152 3317 interiore
3168 3263 3464 3318 solitudine
3482 3264 3800 3331 Antonius),

531 3352 894 3425 Operabatur
921 3352 1070 3406 enim
1102 3350 1417 3406 balsamum
1447 3369 1460 3419 ;
1493 3367 1617 3423 quae
1644 3351 1928 3407 balsamus
1958 3353 2136 3408 instar
2215 3369 2342 3406 cum
2373 3353 2445 3406 ad
2474 3352 2657 3423 ipsum
2676 3353 2979 3418 venissent,
3002 3352 3244 3407 surrexit
3269 3369 3454 3418 senex,
3475 3359 3532 3406 et
3556 3351 3804 3407 ambula.

529 3443 658 3497 vitis
674 3442 984 3514 plantatur,
1003 3441 1134 3495 utin
1149 3458 1260 3512 qua
1287 3441 1521 3495 colenda
1541 3446 1598 3495 et
1617 3442 1868 3512 putanda
1892 3443 2133 3498 multum
2215 3441 2312 3496 bat
2331 3458 2458 3496 cum
2476 3442 2575 3496 eis.
2592 3443 2800 3496 Etcum
2821 3447 2969 3496 esset
2983 3441 3322 3496 transiturus
3343 3442 3550 3513 Lycum
3571 3442 3801 3496 ﬂuvium

531 3531 741 3586 laboris
762 3536 1022 3602 ponatur.
1045 3530 1289 3601 Vespere
1309 3547 1444 3600 ergo
1461 3530 1692 3584 domum
1711 3530 2052 3600 ingrediens,
2076 3537 2134 3586 et
2213 3548 2342 3586 cum
2367 3532 2489 3602 ejus
2509 3530 2781 3602 discipulo
2810 3531 3120 3598 Theodoro,
3143 3529 3436 3585 verebatur
3454 3530 3599 3597 exui,
3629 3547 3702 3586 ne
3725 3548 3802 3585 se-

531 3620 741 3675 faciens
767 3620 1072 3685 orationes,
1102 3636 1232 3674 cum
1263 3635 1330 3674 ea
1355 3619 1699 3674 comedebat.
1727 3620 1796 3674 Et
1819 3637 2015 3675 rursus
2035 3638 2132 3676 no-

532 3716 760 3765 cturnas
776 3725 968 3781 preces
989 3708 1246 3772 fundens,
1264 3714 1322 3762 et
1335 3707 1589 3780 synaxim
1606 3724 2128 3780 peragens,summo

531 3815 698 3854 mane
725 3798 844 3853 ibat
871 3797 931 3853 in
955 3798 1200 3852 hortum.
1221 3798 1363 3852 Cum
1391 3797 1510 3851 haec
1540 3799 1619 3850 sic
1638 3799 1857 3858 ﬁerent,
1872 3805 1928 3853 et
1941 3815 2130 3870 perve-

530 3887 709 3944 nisset
733 3893 971 3959 uterque
991 3887 1061 3941 ad
1081 3885 1553 3958 impatibilitatem
1571 3889 1756 3954 (ﬂante
1770 3891 1921 3956 lege),
1943 3887 2052 3942 vim
2075 3893 2130 3942 et

533 3977 838 4032 efﬁcaciam
863 3975 1111 4031 habuere
1141 3993 1334 4047 preces
1348 3976 1598 4030 Amonis.
1625 3977 1918 4030 Postremo
1939 3982 2130 4032 autem

533 4067 586 4122 ei
610 4066 746 4121 dicit
769 4066 868 4120 illa
896 4064 1094 4120 beata:
1125 4065 1223 4120 Est
1245 4065 1456 4136 aliquid
1490 4064 1639 4136 quod
1676 4064 1778 4119 tibi
1807 4066 2010 4132 dicam,
2035 4067 2132 4121 do-

533 4155 686 4209 mine
715 4154 811 4221 mi,
855 4159 922 4208 ut
948 4154 995 4208 si
1027 4171 1116 4208 me
1165 4154 1428 4220 audieris,
1461 4154 1602 4207 mihi
1643 4154 1808 4224 plane
1849 4155 2129 4210 constabit

535 4242 685 4316 quod
715 4259 844 4298 vere
870 4259 938 4297 ex
989 4243 1104 4298 Deo
1135 4260 1226 4296 me
1255 4243 1474 4313 diligas.
1507 4243 1561 4297 Is
1586 4259 1717 4296 vero
1745 4243 1794 4298 ei
1821 4244 1958 4298 dicit
1983 4263 1994 4298 :
2027 4245 2128 4299 Dic

535 4333 685 4405 quod
712 4332 866 4388 velis.
897 4333 976 4387 Ea
1004 4347 1136 4386 vero
1163 4331 1300 4386 dicit
1324 4331 1410 4386 illi
1435 4349 1446 4383 :
1479 4331 1723 4402 1Equum
1749 4339 1834 4387 est
1852 4339 1918 4388 ut
1944 4339 2006 4388 tu
2033 4334 2129 4406 qui

535 4439 595 4478 es
621 4423 708 4477 vir
740 4422 866 4494 pius
895 4428 953 4476 et
975 4421 1290 4492 religiosus,
1315 4427 1372 4476 et
1401 4437 1621 4475 exerces
1635 4422 1944 4492 justitiam,
1972 4428 2030 4478 et
2058 4423 2130 4478 si-

2212 3619 2396 3690 ipsum
2415 3620 2631 3674 videret
2661 3620 2962 3691 aliquando
2991 3619 3204 3674 nudum
3230 3638 3242 3673 :
3267 3625 3324 3674 et
3351 3620 3566 3674 interea
3579 3619 3715 3675 dum
3737 3621 3801 3674 de

2213 3726 2280 3764 ea
2307 3726 2369 3764 re
2397 3709 2715 3774 dissereret,
2749 3709 3008 3764 inventus
3029 3717 3116 3764 est
3140 3715 3296 3763 trans
3327 3709 3577 3776 ﬂuvium,
3612 3716 3680 3764 ut
3708 3711 3798 3780 qui

2211 3798 2422 3870 absque
2443 3799 2648 3870 cymba
2665 3799 2723 3852 in
2743 3799 2920 3852 extasi
2939 3798 3267 3869 trajecisset,
3291 3798 3595 3852 translatus
3616 3798 3690 3852 ab
3707 3816 3798 3852 an-

2209 3889 2363 3959 gelo:
2383 3887 2586 3942 fratres
2605 3894 2796 3943 autem
2815 3894 3011 3942 natatu
3026 3888 3474 3942 transmiserunt.
3493 3888 3795 3959 Postquam

2212 3983 2403 4032 autem
2435 3977 2668 4032 accessit
2691 3978 2762 4032 ad
2792 3977 3119 4042 Antonium,
3137 3977 3352 4048 primus
3380 3977 3431 4032 ei
3459 3976 3600 4030 dixit
3631 3980 3797 4032 Anto-

2210 4067 2363 4121 nius:
2392 4067 2532 4122 Cum
2545 4067 2693 4122 Deus
2705 4066 2844 4120 mihi
2865 4067 3043 4121 multa
3071 4067 3140 4120 de
3158 4071 3214 4121 te
3229 4067 3541 4132 revelasset,
3565 4072 3628 4120 et
3643 4073 3792 4120 tuam

2210 4156 2634 4211 translationem
2664 4155 2804 4210 mihi
2835 4156 3221 4227 significasset,
3253 4162 3308 4210 te
3337 4155 3407 4210 ad
3426 4173 3514 4209 me
3535 4156 3793 4210 accersin'

2209 4244 2544 4312 necessario,
2571 4250 2636 4298 ut
2653 4261 2780 4298 cum
2803 4244 2963 4298 nobis
2999 4243 3242 4298 invicem
3271 4243 3378 4298 frui
3399 4244 3671 4308 licuisset,
3699 4260 3792 4316 pro

2210 4332 2371 4388 nobis
2390 4334 2626 4396 invicem
2644 4333 3134 4389 intercederemus.
3156 4334 3295 4388 Cum
3325 4338 3514 4387 autem
3536 4350 3670 4389 eum
3698 4334 3796 4389 col-

2209 4423 2449 4478 locasset
2465 4424 2521 4478 in
2542 4423 2785 4494 quodam
2808 4423 2927 4477 loco
2958 4423 3121 4494 longe
3141 4427 3416 4496 separato,
3440 4423 3702 4480 hortatus
3719 4429 3794 4478 est

535 4512 747 4568 militer
782 4529 886 4583 ego
915 4513 1012 4583 qui
1039 4511 1293 4566 eamdem
1313 4511 1459 4564 viam
1488 4511 1732 4565 instituti
1752 4529 1876 4571 sum
1915 4519 2125 4579 secuta,
2143 4537 2192 4596 D
2210 4529 2282 4568 ne
2320 4513 2608 4568 recederet
2651 4518 2781 4567 ante
2803 4513 3247 4567 translationem.
3293 4513 3432 4567 Cum
3459 4518 3659 4568 autem
3685 4514 3792 4586 ipse

533 4619 786 4658 seorsum
797 4617 1147 4666 maneamus,
1164 4606 1221 4655 et
1231 4600 1392 4655 multi
1402 4617 1468 4655 ex
1484 4617 1550 4655 eo
1565 4600 1789 4672 capiant
1803 4601 2104 4657 utilitatem
2114 4645 2126 4657 .

532 4692 659 4746 Non
685 4709 788 4762 par
807 4697 893 4746 est
909 4691 1056 4745 enim
1088 4696 1152 4745 ut
1179 4695 1408 4762 propter
1420 4706 1510 4744 me
1521 4695 1682 4745 tanta
1707 4696 1763 4744 et
1791 4691 1922 4745 talis
1944 4693 2128 4747 occul-

530 4784 686 4836 tetur
723 4787 823 4834 tua
861 4780 1038 4835 virtus
1081 4779 1464 4851 philosophia},
1507 4779 1604 4852 qui
1645 4797 1862 4834 mecum
1902 4788 2130 4853 propter

533 4869 818 4924 Christum
847 4869 1135 4941 cohabitas
1165 4868 1223 4922 in
1257 4868 1603 4923 castitate.ls
1625 4886 1753 4924 vero
1777 4887 1903 4924 cum
1931 4871 1981 4924 ei
2000 4888 2128 4942 gra-

531 4959 641 5014 tias
669 4959 894 5030 egisset,
919 4963 976 5012 et
993 4957 1229 5028 gloriam
1258 4958 1372 5012 Deo
1401 4957 1665 5022 dedisset,
1690 4959 1741 5012 ei
1759 4959 1928 5014 dicit:
1955 4961 2124 5015 Recte

528 5047 632 5104 tibi
651 5048 832 5102 visum
851 5053 953 5112 est,
978 5047 1206 5101 domina
1225 5053 1280 5100 et
1303 5064 1491 5115 soror;
1508 5054 1567 5102 et
1585 5049 1633 5102 si
1658 5048 1762 5102 hoc
1788 5048 1890 5102 tibi
1917 5050 2118 5120 placet,

528 5144 592 5194 tu
625 5137 829 5192 habeto
869 5137 1014 5192 hanc
1042 5136 1306 5204 domum;
1348 5141 1395 5202 ﬁ
1415 5141 1530 5203 ιιι
1561 5153 1663 5207 ego
1691 5153 1821 5190 vero
1849 5136 2032 5204 abibo,
2066 5145 2124 5194 et

527 5226 694 5282 aliam
728 5226 868 5281 mihi
905 5225 1136 5280 domum
1181 5225 1398 5280 faciam.
1435 5225 1541 5290 Qui
1571 5243 1699 5280 cum
1729 5226 1799 5278 ab
1854 5243 1921 5280 ea
1974 5233 2124 5282 esset

526 5333 804 5390 egressus,
835 5315 1122 5387 ingressus
1154 5321 1239 5369 est
1261 5316 1322 5370 in
1353 5315 1624 5369 interiora
1653 5316 1860 5370 montis
1889 5317 2082 5370 Nitriae
2103 5357 2116 5384 ,

525 5408 778 5463 nondum
793 5406 943 5460 enim
957 5412 1093 5460 tunc
1111 5405 1224 5459 illic
1237 5409 1400 5458 erant
1415 5403 1730 5474 frequentia
1752 5406 2116 5474 monasteria,

433 5533 440 5538 -
527 5501 585 5551 et
611 5496 717 5551 sibi
744 5495 876 5550 fecit
898 5495 1038 5549 duos
1081 5494 1349 5548 cellarum
1389 5492 1590 5548 tholos.
1621 5493 1692 5547 Et
1727 5509 1854 5548 cum
1893 5495 2123 5550 vixisset

527 5584 665 5641 alios
688 5584 888 5658 viginti
910 5583 1051 5640 duos
1071 5599 1267 5650 annos,
1285 5588 1344 5639 et
1369 5588 1520 5639 recte
1544 5598 1825 5640 summam
1855 5585 2120 5642 exercita-

595 5709 614 5756 ¹
643 5710 751 5778 Hic
777 5710 856 5772 Or
890 5709 1000 5773 fuit
1023 5708 1360 5786 Origenista.

2213 4618 2465 4657 seorsum
2495 4602 2694 4656 fuisset
2735 4607 3174 4668 consummatus,
3208 4601 3344 4656 vidit
3369 4603 3654 4657 Antonius
3682 4606 3792 4673 ejus

2211 4692 2460 4746 animam
2477 4691 2535 4746 in
2549 4692 2750 4746 coelum
2767 4696 3112 4762 assumptam
3124 4690 3192 4745 ab
3209 4691 3437 4761 angelis.
3451 4691 3556 4745 Hic
3573 4701 3662 4746 est
3673 4707 3792 4762 ergo

2209 4782 2412 4847 Amon,
2441 4780 2536 4852 qui
2557 4781 2637 4835 sic
2655 4780 2808 4845 vixit,
2825 4786 2882 4834 et
2893 4780 2970 4834 sic
2986 4779 3140 4834 obiit.
3163 4781 3323 4834 Hunc
3341 4781 3552 4851 Lycum
3571 4781 3792 4836 ﬂuvium

2208 4887 2311 4940 ego
2325 4887 2451 4925 cum
2468 4877 2621 4924 metu
2637 4875 2882 4941 pontone
2898 4869 3198 4940 aliquando
3216 4869 3496 4924 transmisi
3517 4888 3531 4937 ;
3551 4876 3640 4924 est
3655 4872 3792 4925 enim

2208 4961 2357 5016 fossa
2385 4966 2442 5016 et
2471 4959 2742 5015 derivatio
2763 4959 2953 5030 magni
2981 4959 3113 5014 Nili.

2832 5085 3064 5140 CAPUT
3092 5085 3185 5140 IX.

2679 5209 2794 5264 Vita
2822 5207 3062 5262 abbatz's'
3091 5207 3164 5263 0r
3195 5206 3325 5278 ('24).

2274 5317 2338 5372 In
2365 5317 2471 5372 hoc
2498 5321 2688 5371 monte
2708 5317 2902 5371 Nitriae
2916 5315 3021 5370 fuit
3039 5315 3122 5368 vir
3139 5313 3480 5368 admirabilis
3504 5313 3701 5380 abbas,
3717 5312 3784 5368 Or

2202 5406 2448 5473 nomine,
2464 5405 2674 5460 habens
2689 5404 3031 5460 monasteria
3045 5404 3195 5458 mille
3207 5405 3460 5469 fratrum,
3477 5403 3679 5458 habitu
3698 5420 3781 5456 an-

2199 5496 2379 5567 gelico
2407 5495 2676 5567 praeditus
2697 5497 2882 5563 (Rulli,
2915 5497 2955 5550 ι.
2983 5508 3044 5561 II,
3077 5510 3122 5548 ο.
3143 5493 3193 5560 2)
3219 5512 3232 5560 ;
3260 5499 3324 5547 ut
3349 5493 3443 5564 qui
3479 5509 3610 5547 cum
3644 5498 3777 5547 esset

2202 5586 2512 5660 nonaginta
2536 5601 2714 5643 annos
2742 5591 2926 5656 natus,
2959 5582 3099 5640 nihil
3128 5582 3406 5640 amisisset
3432 5582 3501 5640 de
3530 5598 3772 5658 corpore,
