3910 6382
124 331 266 389 1101

1395 334 1735 392 HISTORIA
1774 336 2150 394 LAUSIACA.

3267 345 3406 406 1102

119 462 256 512 erat
283 458 436 513 enim
463 458 620 515 vultu
650 457 829 514 nitido
840 462 897 514 et
911 458 1101 527 alacri,
1116 459 1255 515 adeo
1285 465 1350 515 ut
1373 478 1500 515 cum
1526 462 1611 515 vel
1635 478 1727 516 so-
1743 463 1795 522 Α
1811 478 1941 517 eum
1965 463 2266 535 aliquando
2293 470 2541 533 venerat,
2574 472 2631 521 et
2659 472 2840 523 vestes
2855 483 2985 523 suas
3005 468 3399 539 occultaverat,

120 545 251 603 lum
273 547 574 615 videretur,
616 548 700 602 vir
738 555 884 603 esset
915 549 1277 605 reverendus.
1312 550 1367 604 Is
1409 567 1536 605 cum
1566 551 1730 622 longe

120 641 264 690 ante
285 654 346 691 se
365 637 424 691 in
454 637 720 692 ulteriore
750 639 1090 692 exercuisset
1106 638 1424 705 solitudine,
1456 646 1650 711 postea
1671 641 1730 695 in

121 726 383 796 propiori
411 726 710 781 solitudine
740 728 1100 798 congregavit
1130 729 1492 795 monasteria,
1527 730 1729 800 palude

120 814 379 886 propriis
408 816 661 886 plantata
689 816 968 883 manibus,
993 833 1120 872 cum
1144 817 1299 888 ligna
1326 834 1438 872 non
1469 825 1655 873 essent
1671 819 1730 874 in

123 919 197 956 eo
218 903 362 969 loco,
379 904 517 958 adeo
533 910 597 959 ut
608 910 757 960 esset
777 906 953 960 densa
981 906 1120 960 silva
1141 906 1199 960 in
1221 907 1542 962 solitudine.
1563 908 1729 962 Dixe-

125 997 273 1046 runt
300 993 449 1047 enim
488 993 648 1048 nobis
676 994 772 1065 qui
800 1011 927 1049 cum
956 1012 1022 1049 eo
1053 1000 1215 1050 erant
1241 996 1455 1062 Patres,
1481 998 1630 1067 quod
1660 1014 1730 1052 ne

122 1097 367 1151 germen
410 1083 636 1154 quidem
678 1083 793 1137 illic
821 1089 961 1150 erat,
994 1085 1217 1155 quando
1257 1085 1341 1138 vir
1366 1086 1460 1140 ille
1486 1086 1638 1141 venit
1666 1104 1731 1141 ex

127 1171 459 1225 solitudine.
477 1173 664 1243 Ipsam
686 1179 873 1227 autem
892 1173 1182 1244 plantavit,
1198 1191 1269 1228 ne
1280 1181 1510 1246 prapter
1527 1192 1616 1229 res
1639 1192 1735 1230 ne-

125 1260 429 1325 cessarias,
462 1262 558 1332 qui
579 1261 649 1319 ad
678 1261 863 1333 ipsum
892 1279 995 1316 con
1008 1262 1297 1319 veniebant
1321 1265 1542 1331 fratres,
1574 1282 1734 1336 coge-

125 1354 336 1404 rentur
358 1350 621 1418 circuire;
656 1351 753 1404 sed
783 1367 979 1405 eorum
1009 1368 1230 1406 omnem
1258 1353 1490 1423 gerebat
1516 1371 1728 1423 curam,

125 1438 320 1492 Deum
348 1456 534 1504 orans,
555 1444 611 1493 et
630 1456 731 1511 pro
754 1456 950 1495 eorum
970 1441 1151 1495 salute
1175 1442 1487 1511 decertans,
1516 1449 1581 1497 ut
1594 1444 1733 1498 nihil

126 1527 218 1581 eis
245 1527 469 1583 deesset
486 1529 881 1595 necessarium,
910 1547 1010 1584 nec
1026 1537 1173 1585 esset
1194 1532 1274 1586 eis
1302 1533 1447 1587 ullus
1467 1534 1733 1588 socordiae

126 1622 460 1688 praetextus.
477 1619 529 1673 Is
559 1618 803 1689 primum
835 1620 1062 1690 quidem
1083 1621 1293 1691 degens
1320 1622 1380 1676 in
1406 1623 1724 1688 solitudine,

126 1706 465 1761 vescebatur
486 1707 673 1761 herbis
684 1713 741 1762 et
759 1708 1013 1763 dulcibus
1032 1710 1311 1765 radicibus
1337 1730 1348 1764 :
1374 1728 1581 1782 aquam
1602 1729 1735 1783 quo-

130 1811 249 1866 que
279 1795 502 1850 bibebat
512 1797 1082 1867 quandoinveniebat,
1098 1799 1156 1853 in
1171 1800 1427 1870 precibus
1438 1806 1493 1855 et
1513 1802 1734 1873 hymnis
1753 1819 1797 1879 Β

127 1887 260 1937 toto
273 1888 525 1956 tempore
545 1888 1242 1958 perseverans.Postquam
1267 1894 1457 1944 autem
1480 1892 1735 1963 pervenit

129 1973 210 2027 ad
229 1973 534 2044 perfectam
555 1979 777 2029 aetatem
796 1978 1118 2044 senectutis,
1142 1980 1379 2049 angelus
1407 1980 1458 2034 ei
1474 1981 1736 2052 apparuit

129 2062 199 2117 in
227 2063 460 2131 somnis,
491 2064 683 2119 dicens
712 2065 771 2119 in
797 2066 1097 2121 solitudine
1124 2087 1133 2121 :
1160 2068 1283 2121 Eris
1303 2068 1361 2122 in
1376 2076 1602 2139 gentem
1619 2087 1735 2125 ma-

127 2168 331 2223 gnam,
353 2158 411 2207 et
429 2169 668 2225 magnus
686 2160 798 2210 tua:
818 2156 947 2209 ﬁdei
965 2157 1224 2211 credetur
1235 2158 1493 2228 pOpulus.
1514 2160 1619 2223 Qui
1638 2176 1739 2231 per

130 2246 196 2295 te
227 2247 418 2295 autem
441 2242 577 2296 salvi
607 2244 761 2309 fient,
779 2249 946 2298 erunt
971 2244 1155 2299 decies
1185 2246 1341 2300 mille
1370 2265 1381 2300 :
1414 2264 1553 2317 quos
1578 2248 1624 2303 si
1650 2249 1737 2303 hic

130 2330 499 2397 lucrifeceris,
534 2331 767 2386 totidem
789 2332 892 2387 tibi
918 2333 1195 2404 parebunt
1213 2334 1272 2388 in
1295 2335 1483 2390 futuro
1512 2338 1732 2393 saeculo.

130 2421 340 2491 Neque
379 2421 687 2492 quidquam
711 2421 1070 2490 dubitaveris,
1105 2423 1185 2478 ait
1207 2423 1257 2477 ei
1285 2426 1533 2495 Angelus
1557 2444 1568 2479 :
1595 2426 1736 2480 nihil

134 2508 295 2563 enim
322 2508 425 2563 tibi
449 2510 670 2565 deficiet
697 2527 890 2565 eorum
914 2529 1035 2583 quae
1058 2518 1190 2567 sunt
1211 2514 1282 2567 ad
1301 2531 1467 2568 usum
1479 2531 1736 2570 necessa-

133 2599 250 2665 ria,
276 2615 454 2670 usque
469 2600 537 2653 ad
564 2605 803 2655 mortem
823 2605 1000 2667 tuam,
1024 2602 1241 2672 quoties
1257 2603 1433 2657 Deum
1456 2604 1739 2660 invocave-

132 2688 241 2742 ris.
268 2688 398 2743 Haec
416 2704 541 2743 cum
562 2690 829 2756 audisset,
843 2690 994 2745 venit
1010 2690 1079 2744 ad
1096 2691 1467 2763 propinquam
1482 2694 1742 2748 solitudi-

133 2794 299 2842 nem,
339 2794 593 2833 seorsum
624 2780 869 2850 primum
910 2780 1137 2850 degens,
1163 2780 1270 2834 sibi
1300 2782 1543 2852 quodam
1573 2799 1740 2853 parvo

134 2872 467 2922 constructo
503 2868 808 2938 tuguriolo,
855 2869 1037 2923 solum
1074 2870 1399 2941 compositis
1445 2877 1740 2926 contentus

136 2954 426 3023 oleribus;
447 2972 592 3027 saepe
612 2957 785 3011 etiam
807 2958 981 3011 semel
1010 2958 1193 3012 solum
1212 2975 1439 3013 vescens
1455 2960 1513 3013 in
1538 2959 1743 3014 hebdo-

135 3044 335 3098 made.
367 3045 550 3115 Atque
576 3044 935 3116 eratquidem
965 3046 1208 3116 primum
1238 3047 1570 3115 illiteratus;
1594 3053 1743 3119 post-

1812 568 1937 605 cum
1962 570 2150 607 coram
2171 554 2432 610 omnibus
2449 556 2744 626 arguisset,
2769 557 2828 611 in
2843 558 3091 613 medium
3117 560 3399 630 produxit.

1812 641 1932 705 Quo
1959 642 2170 696 factum
2196 649 2282 698 est
2298 649 2360 698 ut
2380 661 2544 699 nemo
2565 646 2797 701 auderet
2822 647 3083 719 deinceps
3103 649 3252 719 apud
3273 666 3404 705 eum

1814 731 2062 795 mentiri,
2086 748 2213 786 cum
2242 738 2456 787 tantam
2487 733 2719 789 haberet
2733 735 2994 805 gratiam,
3010 753 3175 808 quam
3195 755 3296 809 per
3308 739 3402 794 ho-

1811 826 2027 874 nestum
2055 838 2216 875 suam
2243 823 2414 877 vitam
2444 823 2549 877 sibi
2585 825 2905 895 collegerat.
2947 825 3176 880 Licebat
3212 832 3405 882 autem

1812 909 1999 963 videre
2028 910 2448 966 multitudinem
2470 930 2665 968 eorum
2688 914 2783 984 qui
2812 931 2939 968 cum
2966 915 3086 985 ipso
3117 922 3406 971 erantmo-

1812 998 2120 1053 nachorum
2164 999 2222 1053 in
2265 1001 2517 1069 ecclesia,
2550 1008 2821 1073 tanquam
2850 1005 3178 1074 angelorum
3207 1007 3405 1061 choros

1812 1087 1991 1141 Deum
2029 1088 2399 1145 laudantium.

1886 1176 2147 1246 Magnam
2176 1177 2305 1232 huic
2318 1185 2529 1245 sancto,
2559 1198 2660 1235 suo
2679 1182 3001 1237 testimonio
3025 1182 3222 1238 tribuit
3239 1183 3408 1239 virtu-

1814 1269 1930 1319 tem
1960 1266 2222 1321 universa
2261 1267 2583 1324 fraternitas
2618 1288 2630 1323 :
2663 1272 2942 1342 praecipue
2974 1278 3165 1327 autem
3204 1273 3407 1328 ancilla

1815 1353 1916 1407 Dei
1946 1353 2205 1420 Melania,
2256 1372 2380 1426 quae
2426 1356 2575 1411 hunc
2621 1364 2869 1412 montem
2907 1364 3039 1413 ante
3077 1377 3167 1414 me
3206 1367 3292 1415 est
3319 1362 3407 1415 in-

1813 1457 2027 1510 gressa.
2061 1443 2176 1513 Ego
2197 1443 2346 1497 enim
2380 1461 2510 1498 eum
2540 1461 2650 1499 non
2682 1446 2886 1500 offendi
2911 1447 3117 1503 vivum.
3150 1449 3279 1503 Haec
3306 1465 3409 1504 au-

1814 1535 1930 1584 tem
1960 1532 2227 1602 praeclara
2256 1533 2325 1587 de
2365 1534 2468 1587 hoc
2505 1534 2623 1588 viro
2661 1534 2948 1603 narrabat,
2982 1536 3131 1607 quod
3172 1554 3274 1591 nec
3301 1554 3409 1593 un-

1817 1635 1986 1690 quam
2010 1621 2086 1675 sit
2113 1622 2399 1688 mentitus,
2425 1639 2605 1693 neque
2622 1624 2916 1694 juraverit,
2941 1642 3124 1696 neque
3152 1626 3253 1681 ulli
3264 1627 3409 1682 male

1815 1709 1891 1763 sit
1915 1715 2194 1781 precatus,
2228 1726 2410 1782 neque
2436 1710 2654 1767 locutus
2686 1711 2760 1766 sit
2787 1712 2895 1767 nisi
2928 1729 3069 1785 opus
3097 1721 3263 1769 esset.

2438 1837 2673 1892 CAPUT
2700 1837 2768 1891 X.

2250 1962 2365 2014 Vita
2392 1961 2604 2016 abbatis
2624 1963 2825 2017 Pambo
2853 1962 2976 2034 (25).

1888 2066 2071 2137 Hujus
2098 2068 2305 2122 montis
2334 2068 2520 2122 accola
2546 2068 2653 2123 fuit
2667 2070 2837 2124 etiam
2858 2069 3031 2125 abbas
3058 2071 3287 2140 Pambo,
3310 2070 3409 2144 qui

1816 2152 1925 2207 fuit
1956 2154 2225 2226 magister
2251 2156 2504 2211 Dioscuri
2525 2158 2769 2229 episcOpi
2799 2159 3083 2214 Ammonii
3105 2165 3163 2215 et
3186 2160 3410 2217 Eusebii

1819 2246 1877 2296 et
1904 2242 2192 2315 Euthymii
2234 2244 2491 2312 fratrum,
2533 2251 2590 2301 et
2634 2246 2892 2317 Origenis
2934 2248 3035 2302 filii
3083 2248 3187 2319 (‘26)
3218 2249 3410 2304 fratris

1819 2331 2103 2386 Dracontii
2132 2332 2236 2387 viri
2277 2334 2511 2388 illustris
2553 2340 2610 2389 et
2652 2335 3018 2390 admirabilis.
3053 2338 3156 2392 Hic
3199 2337 3409 2394 Pambo

1817 2420 1997 2475 multa
2022 2421 2247 2491 quidem
2279 2422 2522 2477 habebat
2541 2429 2599 2477 et
2615 2424 2767 2478 varia
2787 2425 3080 2496 privilegia
3102 2445 3113 2480 :
3139 2426 3286 2481 inter
3305 2443 3411 2482 coe-

1818 2514 1941 2563 tera
1967 2516 2156 2564 autem
2182 2528 2304 2581 quae
2337 2517 2485 2566 recte
2513 2518 2571 2566 et
2608 2529 2677 2567 ex
2705 2512 2909 2568 virtute
2936 2514 3006 2568 ab
3036 2532 3101 2569 eo
3133 2515 3412 2585 gereban-

1819 2604 1931 2664 tur,
1968 2599 2072 2653 hoc
2100 2598 2343 2654 habebat
2382 2618 2493 2672 quo
2533 2607 2656 2655 erat
2683 2602 2914 2673 reliquis
2944 2604 3218 2675 superior,
3262 2606 3413 2676 quod

1822 2687 2032 2742 scilicet
2058 2705 2260 2743 aurum
2309 2695 2366 2744 et
2410 2696 2708 2760 argentum
2746 2692 3105 2763 despiciebat,
3139 2701 3415 2765 quantum

1822 2778 2069 2848 postulat
2097 2779 2239 2832 ratio
2271 2779 2567 2834 dominica.
2602 2780 2763 2835 Unde
2792 2781 2931 2835 mihi
2969 2783 3217 2838 narravit
3251 2783 3415 2840 beata

1822 2866 2066 2920 Melania
2086 2868 2232 2938 quod
2263 2885 2391 2922 cum
2419 2868 2489 2921 ab
2518 2868 2678 2923 initio
2707 2870 2888 2924 Roma
2913 2871 3152 2926 venisset
3182 2873 3418 2929 Alexan-

1822 2955 2026 3017 driam.
2067 2962 2124 3010 et
2151 2956 2221 3011 de
2250 2958 2372 3027 ejus
2402 2957 2608 3012 virtute
2638 2958 2910 3013 audiisset
2937 2976 2973 3013 a
3010 2959 3173 3015 beato
3202 2962 3416 3017 Isidoro

1823 3044 2152 3116 presbytero
2173 3051 2231 3100 et
2258 3047 2596 3113 xenodocho,
2624 3047 2719 3119 qui
2740 3047 2809 3102 de
2828 3064 2894 3103 eo
2916 3048 3054 3102 mihi
3076 3050 3342 3115 narravit,
3361 3055 3419 3104 et

134 3149 319 3205 quam
338 3137 527 3187 autem
548 3134 700 3188 venit
715 3151 780 3188 ex
802 3134 1171 3188 solitudinein
1183 3140 1395 3189 terram
1410 3135 1739 3204 habitatam,
1759 3135 1804 3195 C
1825 3134 1894 3187 ad
1924 3134 2110 3205 ipsum
2145 3135 2377 3190 deduxit
2414 3136 2473 3190 in
2502 3136 2881 3191 solitudinem.
2912 3137 2998 3191 Ad
3027 3154 3175 3204 eum,
3208 3137 3414 3205 aiebat,

134 3222 196 3276 ei
224 3222 413 3292 gratia
433 3222 541 3276 fuit
564 3222 697 3277 data
724 3222 1007 3289 divinitus,
1027 3228 1085 3277 et
1111 3224 1428 3295 Scripturas
1455 3240 1743 3296 exprome-

133 3309 246 3363 bat
276 3310 620 3365 memoriter.
654 3311 715 3365 Ei
747 3312 897 3365 enim
937 3312 1079 3365 libro
1121 3312 1252 3366 dato
1282 3329 1316 3366 a
1342 3312 1629 3376 fratribus,
1663 3312 1745 3366 ita

133 3399 410 3470 deinceps
436 3399 658 3471 legebat
683 3406 954 3472 tanquam
968 3402 1181 3472 peritus
1194 3393 1533 3456 litterarum.
1558 3401 1740 3455 Aliam

134 3505 371 3560 quoque
388 3494 439 3554 α
458 3496 493 3555 Ι
507 3494 572 3556 5
590 3495 880 3561 acceperat
907 3491 1170 3560 gratiam,
1194 3508 1395 3562 nempe
1425 3491 1743 3545 daemonum

135 3577 622 3649 expellendorum,
646 3579 784 3633 adeo
806 3584 870 3633 ut
897 3580 1061 3634 multi
1088 3595 1156 3634 ex
1175 3580 1244 3634 iis
1266 3580 1362 3650 qui
1390 3579 1739 3646 laborabant,

136 3667 325 3722 etiam
354 3684 420 3721 eo
448 3668 690 3733 nolente,
708 3668 1013 3722 clamantes
1035 3670 1157 3739 ejus
1175 3669 1348 3722 vitam
1363 3669 1742 3723 ostenderent.

134 3756 307 3812 Alias
335 3773 555 3828 quoque
573 3757 890 3812 curationes
910 3775 1023 3812 non
1043 3757 1297 3812 cessabat
1321 3774 1607 3828 peragere.
1625 3758 1746 3821 Quo

135 3846 362 3901 factum
391 3853 477 3900 est
500 3851 567 3901 ut
593 3846 665 3901 ad
686 3863 815 3902 eum
845 3847 1206 3901 convenirent
1227 3846 1338 3900 tria
1362 3846 1538 3899 millia
1559 3862 1749 3899 mona-

139 3936 408 3991 chorum.
432 3936 573 3990 Cum
590 3952 684 3990 eos
714 3942 902 3991 autem
933 3936 1019 3990 vir
1039 3936 1133 3990 ille
1151 3935 1400 4002 vidisset,
1415 3934 1750 3989 laetitiaalfe-

139 4030 279 4080 ctus
308 4041 402 4079 eos
429 4024 711 4092 salutavit,
731 4030 789 4079 et
801 4025 1122 4096 complexus
1146 4030 1249 4079 est.
1284 4025 1425 4079 Cum
1457 4024 1627 4096 pedes
1651 4040 1750 4078 eo-

140 4130 282 4169 rum
313 4114 555 4185 propriis
601 4114 841 4168 lavasset
885 4113 1163 4180 manibus,
1217 4130 1515 4168 conversus
1559 4118 1646 4167 est
1672 4113 1744 4167 ad

135 4203 492 4271 doctrinam;
534 4208 656 4257 erat
698 4203 851 4257 enim
880 4203 1038 4257 valde
1067 4203 1281 4274 peritus
1308 4203 1648 4267 litterarum,
1680 4207 1746 4256 ut

1823 3223 1987 3277 attuli
2016 3239 2150 3277 vasa
2177 3230 2447 3295 argentea
2470 3229 2852 3279 trecentarum
2878 3225 3147 3281 librarum
3173 3227 3414 3297 argenti,

1824 3328 2031 3382 rogans
2062 3328 2193 3366 eum
2222 3319 2286 3367 ut
2314 3329 2505 3367 rerum
2535 3329 2790 3368 mearum
2822 3320 2968 3369 esset
2991 3315 3288 3386 particeps.
3317 3316 3418 3371 Ille

1824 3406 2033 3467 autem,
2055 3400 2255 3472 inquit,
2294 3418 2551 3472 operans,
2588 3408 2646 3456 et
2681 3419 2868 3457 ramos
2895 3408 3087 3458 texens
3117 3404 3255 3458 mihi
3277 3404 3418 3459 bene

1825 3489 1984 3555 dixit,
2016 3506 2148 3543 voce
2186 3506 2392 3560 magna
2418 3491 2803 3546 dicenszDeus
2831 3492 2928 3546 det
2948 3492 3050 3546 tibi
3079 3492 3416 3550 mercedem.

1827 3578 2047 3633 Etdixit
2065 3596 2167 3633 suo
2198 3596 2486 3633 oeconomo
2512 3580 2741 3650 Origeni
2771 3581 2904 3651 [Al.,
2932 3580 3285 3655 Theodoro]:
3309 3582 3418 3637 Ac-

1826 3665 1969 3736 cipe,
1992 3672 2048 3719 et
2073 3683 2140 3720 ea
2164 3666 2428 3737 dispensa
2462 3668 2735 3722 universae
2754 3668 3094 3724 fraternitati
3114 3687 3238 3741 qua:
3256 3676 3343 3725 est
3360 3670 3420 3725 in

1830 3754 2004 3826 Libya
2033 3761 2090 3809 et
2110 3755 2167 3810 in
2195 3756 2411 3810 insulis.
2442 3758 2572 3811 Haec
2600 3757 2751 3811 enim
2783 3758 3122 3813 monasteria
3144 3760 3323 3829 magis
3338 3759 3421 3814 in-

1830 3843 2025 3915 digent
2064 3863 2077 3911 ;
2123 3845 2173 3899 ei
2213 3845 2543 3921 praecipiens
2569 3851 2633 3900 ut
2670 3862 2737 3900 ex
2762 3863 2827 3901 eo
2858 3846 2999 3901 nihil
3029 3848 3191 3902 daret
3220 3848 3288 3902 iis
3317 3848 3417 3919 qui

1830 3938 1992 3987 erant
2017 3934 2075 3987 in
2095 3933 2354 4005 Egypto,
2389 3942 2685 4006 propterea
2713 3935 2862 4006 quod
2892 3935 2966 3989 sit
2984 3936 3138 4007 regio
3168 3936 3340 3991 ditior
3364 3941 3422 3992 et

1830 4021 2222 4077 abundantior.
2256 4023 2371 4093 Ego
2401 4028 2610 4089 autem,
2634 4023 2837 4094 inquit,
2858 4029 3014 4079 stans
3029 4024 3419 4096 exspectabam

1829 4116 1895 4165 ut
1925 4112 2008 4181 vel
2039 4111 2519 4167 benedictionibus
2557 4112 2626 4166 ab
2659 4130 2724 4167 eo
2764 4113 3091 4181 honorarer,
3127 4115 3212 4168 vel
3254 4114 3421 4170 verbo

1827 4179 2026 4255 saltem
2058 4201 2317 4255 laudarer
2346 4200 2415 4255 ob
2444 4206 2665 4256 tantum
2691 4202 2923 4257 donum.
2956 4179 3099 4258 Cum
3125 4220 3254 4258 vero
3283 4203 3425 4258 nihil

137 4292 248 4364 qui
277 4291 420 4347 hanc
446 4292 690 4363 gratiam
732 4291 1036 4364 accepisset
1075 4292 1360 4346 divinitus.
1395 4292 1535 4346 Cum
1558 4296 1747 4345 autem
1830 4289 2058 4343 omnino
2082 4289 2153 4343 ab
2192 4306 2256 4343 eo
2286 4289 2611 4357 audiissem,
2644 4290 2695 4344 ei
2718 4290 2837 4345 dixi
2868 4304 2880 4339 :
2914 4291 3170 4357 Domine,
3195 4297 3260 4346 ut
3278 4291 3423 4347 scias

139 4381 567 4453 Scripturarum
597 4381 774 4436 multa
789 4382 1044 4436 solvisset
1072 4381 1274 4452 capita,
1301 4387 1358 4435 et
1387 4382 1553 4434 ﬁdem
1577 4380 1749 4434 tradi-
1832 4384 2105 4448 quantum
2134 4378 2226 4445 sit,
2258 4383 2393 4432 sunt
2417 4383 2681 4433 trecentae
2708 4379 2865 4433 librae
2886 4379 3123 4449 argenti.
3158 4380 3212 4434 Is
3231 4386 3425 4434 autem

138 4471 328 4525 disset
354 4470 743 4537 orthodoxam,
775 4470 1108 4525 adhortatus
1138 4476 1225 4525 est
1250 4470 1322 4524 ad
1351 4487 1561 4541 preces;
1597 4469 1747 4523 Viris
1765 4494 1812 4552 ι)
1830 4483 2027 4521 rursus
2056 4483 2182 4521 cum
2209 4466 2280 4520 ad
2308 4465 2414 4521 hoc
2443 4483 2513 4520 ne
2541 4467 2772 4521 omnino
2793 4467 3019 4537 quidem
3035 4467 3345 4532 annuisset,
3367 4473 3426 4522 et

139 4559 306 4615 enim
334 4559 555 4631 magnis
581 4575 702 4614 mos
722 4564 825 4626 est,
844 4559 982 4614 nihil
1011 4560 1195 4614 carnis
1225 4559 1542 4625 admittere,
1570 4558 1747 4629 prius-
1831 4571 1936 4609 nec
1960 4556 2031 4609 ad
2048 4555 2189 4609 vasis
2216 4555 2443 4625 quidem
2464 4555 2684 4608 thecam
2710 4555 3061 4621 attendisset,
3094 4556 3418 4626 respondit:

139 4665 323 4721 quam
349 4648 600 4720 spiritale
629 4648 959 4703 alimentum
989 4649 1190 4703 animae
1220 4646 1593 4712 tradiderint;
1630 4647 1748 4701 haec
1835 4644 1889 4698 Is
1907 4643 1997 4698 cui
2027 4644 2143 4699 haec
2172 4643 2428 4710 attulisti,
2462 4660 2495 4697 ο
2532 4644 2665 4710 filia,
2697 4659 2810 4697 non
2843 4660 2983 4715 opus
3012 4642 3181 4698 habet
3208 4650 3274 4699 ut
3300 4661 3336 4698 a
3365 4649 3424 4699 te

133 4743 341 4794 autem
371 4743 457 4792 est
484 4738 693 4793 Christi
719 4738 1350 4807 communio.Cumejus
1365 4752 1496 4807 ergo
1514 4735 1751 4790 fuissent
1835 4732 2018 4787 discat
2039 4732 2411 4804 quantitatem
2448 4731 2728 4804 ponderis.
2762 4732 2870 4797 Qui
2899 4731 3049 4787 enim
3080 4738 3297 4787 montes
3321 4749 3424 4805 ap-

138 4827 474 4900 participes,
508 4832 567 4882 et
584 4826 831 4897 egissent
857 4826 1090 4898 gratias,
1118 4827 1375 4881 hortatus
1395 4830 1481 4879 est
1501 4824 1573 4879 ad
1589 4841 1747 4879 men-
1830 4822 2025 4894 pendit
2061 4826 2119 4875 et
2147 4821 2324 4877 saltus
2368 4826 2580 4876 statera
2609 4822 2737 4885 (Isa.
2769 4837 2857 4888 ιι,
2890 4822 3002 4889 12),
3042 4822 3219 4877 multo
3245 4822 3425 4894 magis

141 4933 299 4982 sam,
320 4917 439 4987 ipse
467 4933 691 4988 semper
717 4916 868 4971 inter
893 4917 1200 4971 sedendum
1223 4932 1316 4970 eos
1337 4915 1645 4970 admonens
1663 4930 1752 4969 eo-
1833 4911 1939 4965 scit
1966 4909 2336 4981 quantitatem
2368 4910 2453 4965 tui
2481 4910 2719 4979 argenti.
2754 4910 2813 4965 Si
2842 4910 2990 4965 enim
3020 4911 3139 4967 haec
3166 4910 3304 4966 mihi
3331 4912 3427 4967 da-

144 5022 287 5061 rum
314 5022 437 5077 qua:
463 5012 596 5060 sunt
625 5005 771 5060 bona
797 5010 856 5060 et
877 5005 1131 5072 honesta,
1164 5010 1223 5059 et
1252 5004 1442 5059 dicens
1454 5004 1533 5058 eis
1552 5020 1617 5058 ea
1629 5019 1753 5077 quae
1834 5017 1944 5067 res,
1973 5004 2123 5054 recte
2156 4999 2293 5053 mihi
2314 4999 2531 5070 pondus
2560 4998 2793 5053 dixisses
2818 5018 2830 5067 ;
2852 5000 2949 5054 sed
2971 5001 3018 5055 si
3037 5001 3151 5055 Deo
3172 5017 3237 5055 ea
3261 4999 3427 5057 obtu-

144 5073 446 5169 pertinent
471 5095 542 5149 ad
571 5095 832 5149 salutem.
860 5094 992 5149 Fuit
1019 5111 1153 5164 ergo
1182 5094 1274 5148 hic
1299 5093 1384 5147 vir
1412 5073 1756 5147 clarusinter
1834 5088 1968 5155 listi,
1996 5089 2092 5160 qui
2120 5106 2191 5143 ne
2219 5088 2360 5143 duos
2390 5088 2617 5160 quidem
2646 5088 2837 5144 obolos
2869 5089 2977 5158 (27)
3016 5088 3284 5160 despexit,
3326 5088 3426 5143 sed

149 5184 370 5240 multos
397 5185 612 5251 Patres,
635 5185 775 5239 adeo
798 5190 863 5238 ut
884 5201 1011 5238 cum
1052 5183 1215 5238 multi
1240 5183 1309 5237 ad
1341 5199 1471 5237 eum
1498 5181 1756 5236 venirent
1835 5195 1929 5233 eos
1972 5178 2097 5249 plus
2145 5194 2314 5249 quam
2354 5177 2545 5232 omnia
2601 5178 2899 5232 aestimavit
2931 5180 3127 5248 (Marci
3159 5191 3261 5244 xu,
3310 5175 3423 5247 4‘2),

146 5273 649 5341 monachi,omnes
662 5279 968 5346 prmsentes
985 5272 1187 5327 fratres
1206 5288 1530 5336 convocans,
1549 5270 1609 5324 in
1639 5285 1751 5324 uno
1831 5274 1975 5322 tace.
2008 5268 2098 5323 Sic
2132 5284 2285 5338 ergo,
2331 5266 2535 5339 inquit,
2566 5267 2907 5339 dispensavit
2949 5268 3136 5337 gratia
3181 5265 3424 5329 Domini,

148 5362 251 5417 die
282 5362 364 5416 eis
392 5362 559 5417 cellas
586 5362 796 5417 faceret
832 5378 848 5417 :
889 5378 1003 5416 uno
1033 5361 1261 5433 quidem
1288 5360 1753 5416 subministrante
1835 5357 1971 5411 dum
2000 5357 2255 5428 ingressa
2293 5373 2417 5411 sum
2445 5355 2502 5410 in
2550 5356 2701 5411 hunc
2745 5359 3010 5409 montem.
3045 5353 3205 5409 Brevi
3236 5359 3428 5409 autem

144 5452 366 5518 lutum,
403 5452 582 5506 altero
619 5468 749 5506 vero
789 5451 1044 5517 laterem,
1084 5451 1194 5506 alio
1231 5456 1421 5505 autem
1460 5448 1755 5503 hauriente
1836 5451 1964 5517 post
1990 5451 2242 5518 tempore
2272 5446 2502 5500 dormiit
2530 5446 2695 5500 homo
2726 5444 2846 5510 Dei,
2874 5460 2977 5498 nec
3006 5448 3302 5514 aegrotans,
3325 5460 3430 5499 nec

150 5556 390 5613 aquam.
412 5540 683 5596 Perfectis
699 5546 889 5596 autem
908 5540 1083 5605 cellis,
1096 5539 1216 5611 ipse
1232 5538 1515 5611 praebebat
1532 5537 1756 5592 venien—
1837 5535 1896 5589 in
1923 5534 2040 5589 ulla
2057 5541 2217 5607 parte
2239 5534 2487 5607 corporis
2511 5534 2757 5588 dolorem
2780 5532 3150 5598 sentiens,sed
3175 5538 3427 5605 sportam

146 5630 313 5689 tibus
332 5646 455 5706 qua:
469 5629 1046 5687 erantnecessaria.ls
1061 5628 1265 5686 falsum
1291 5624 1654 5700 fratrem.qui
1684 5623 1758 5680 ad
1837 5629 2136 5680 contexens
2155 5640 2247 5679 me
2273 5621 2546 5694 accersiit,
2572 5626 2629 5677 et
2664 5636 2794 5692 cum
2837 5618 3060 5677 adesset
3094 5621 3214 5695 jam
3244 5626 3429 5678 extre-
