3910 6394
565 351 702 412 1403
1673 347 1768 402 DE
1803 345 1992 404 VITIS
2030 344 2109 400 PA

2249 341 2328 399 IM
2361 342 2577 400 LIBER
2613 344 2763 402 VIII.
3680 347 3793 405 1104

555 493 684 534 mus
733 474 1013 542 stimulus,
1066 472 1203 529 dicit
1241 470 1381 527 mihi
1412 489 1424 526 :
1457 471 1606 544 Cape
1652 472 1798 529 hanc
1836 479 2085 545 sportam
2116 489 2149 527 a
2164 470 2574 542 Aepiscopum,
2596 474 2871 542 rogarunt
2899 485 3026 526 eum
3054 475 3120 528 ut
3149 471 3232 527 eis
3251 472 3577 546 episcopum
3603 473 3794 530 ordina-

552 567 696 622 meis
719 564 996 622 manibus.
1021 568 1087 618 ut
1114 561 1225 616 mei
1257 561 1600 616 memineris.
1625 563 1779 617 Nihil
1794 565 1942 618 enim
1967 563 2146 618 habeo
2230 566 2318 614 ret
2346 561 2733 616 Ammonium.
2757 561 2857 614 Ille
2886 566 3076 614 autem
3101 561 3234 616 dicit
3261 578 3275 616 :
3302 563 3578 618 Adducite
3595 580 3714 618 eum
3737 563 3793 617 ad

550 654 704 710 aliud
730 653 883 725 quod
911 653 1014 708 tibi
1043 651 1375 723 relinquam.
1407 651 1476 706 Et
1503 667 1630 704 cum
1647 651 1750 706 hoc
1774 652 2022 716 dixisset,
2055 669 2145 705 ex-
2227 663 2337 712 me,
2368 654 2426 703 et
2443 665 2546 718 ego
2567 665 2696 703 eum
2711 647 2864 702 vobis
2891 649 3180 704 ordinabo.
3201 651 3343 705 Cum
3365 669 3498 722 ergo
3519 669 3643 706 cum
3667 667 3796 721 mag-

548 743 699 798 cedit
725 743 847 798 sine
878 741 1048 808 febre,
1081 757 1208 796 cum
1261 744 1410 794 esset
1458 756 1736 794 annorum
1761 741 2139 812 septuaginta,
2224 752 2298 790 no
2327 737 2534 792 auxilio
2574 737 2808 791 ivissent
2846 737 2917 791 ad
2966 755 3095 792 eum
3137 741 3728 810 comprehendendum,
3755 741 3792 794 is

544 831 786 888 Domino
808 831 1212 887 commendans
1238 829 1520 900 spiritum.
1556 829 1733 893 Quem
1764 847 1891 884 cum
1920 847 2021 900 ego
2051 847 2144 885 cu-
2225 840 2526 881 conversus
2555 833 2642 881 est
2660 826 2720 882 in
2749 825 2962 897 fugam.
2995 828 3134 881 Cum
3153 827 3380 884 vidisset
3408 835 3597 885 autem
3617 847 3673 885 se
3691 832 3791 901 jam

544 937 757 976 rassem
791 919 920 990 (28),
946 924 1004 975 et
1030 919 1220 973 linteis
1259 918 1436 972 sancti
1469 935 1670 989 corpus
1701 919 2052 974 involvissem
2085 923 2144 974 et
2225 931 2347 968 esse
2376 916 2863 986 comprehensum,
2895 921 3050 971 stans
3080 933 3174 972 eos
3199 919 3452 989 rogabat.
3481 919 3621 976 Cum
3645 919 3685 973 ii
3706 935 3792 974 au-

545 1009 950 1082 deposuissem,
983 1009 1188 1066 recessi
1227 1024 1261 1062 a
1302 1007 1622 1073 solitudine,
1653 1024 1831 1079 usque
1872 1009 1943 1062 ad
1993 1008 2142 1062 diem
2221 1007 2339 1056 tem
2373 1020 2486 1058 non
2518 1010 2803 1076 parerent,
2831 1005 3044 1075 juravit
3070 1022 3238 1060 senex
3268 1023 3328 1061 se
3356 1024 3476 1062 rem
3509 1025 3620 1062 non
3645 1009 3795 1063 suscio

542 1099 742 1156 mortis
771 1115 996 1154 mecum
1037 1097 1252 1152 habens
1300 1097 1454 1151 illam
1493 1103 1762 1168 sportam.
1797 1097 1900 1152 Hic
1928 1098 2140 1152 Pambo
2223 1107 2376 1162 pere,
2415 1110 2598 1164 neque
2625 1109 2789 1165 posse
2819 1094 3009 1164 egredi
3055 1111 3087 1148 e
3129 1095 3450 1150 solitudine.
3483 1095 3588 1152 Ubi
3619 1103 3791 1152 autem

539 1203 667 1243 cum
702 1194 852 1244 esset
879 1187 1188 1242 moriturus
1213 1227 1226 1252 ,
1269 1185 1326 1240 in
1354 1185 1479 1257 ipsa
1516 1186 1656 1239 hora
1697 1203 1977 1253 excessus,
2011 1204 2140 1241 eum
2221 1196 2334 1235 non
2363 1181 2652 1250 cedebant,
2687 1182 2822 1254 ipsis
2851 1183 3188 1251 videntibus,
3214 1192 3437 1256 arrepto
3476 1185 3662 1241 forﬁce
3679 1187 3795 1241 sini-

536 1275 1031 1332 circumstantibus
1043 1275 1272 1346 Origeni
1283 1273 1610 1346 presbytero
1622 1291 1983 1330 acoeconomo
2003 1275 2130 1346 (‘29),
2221 1275 2398 1324 stram
2428 1287 2624 1326 aurem
2655 1271 2759 1326 Sibi
2797 1271 3032 1326 abSCidit
3073 1273 3144 1327 δά
3183 1273 3359 1330 imum
3388 1291 3585 1346 usque.
3616 1276 3694 1330 eis
3719 1276 3794 1330 ἀί·

536 1370 596 1420 et
622 1366 924 1421 Ammonio
945 1365 1080 1419 viris
1101 1363 1342 1436 inclytis,
1367 1369 1426 1418 et
1442 1364 1672 1434 reliquis
1691 1365 1978 1432 fratribus,
2001 1365 2136 1419 dici-
2217 1375 2349 1413 cens
2387 1379 2398 1413 :
2432 1361 2595 1416 Nunc
2623 1361 2923 1432 intelligite
2952 1361 3074 1416 ﬁeri
3104 1378 3216 1416 non
3257 1380 3419 1434 posse
3457 1370 3522 1419 ut
3554 1381 3655 1436 ego
3677 1367 3793 1420 ﬁam

533 1457 631 1509 tur
657 1455 763 1510 hoc
791 1455 996 1510 dixisse
1030 1473 1042 1508 :
1073 1454 1149 1508 Ex
1172 1469 1282 1524 quo
1306 1453 1432 1507 veni
1462 1453 1521 1507 in
1543 1453 1692 1508 hunc
1717 1454 1899 1508 locum
1932 1455 2130 1509 solitu-
2215 1449 2363 1518 quod
2386 1466 2476 1504 me
2503 1449 2721 1520 cogitis.
2753 1467 2880 1504 cum
2909 1450 2996 1505 lex
3024 1451 3318 1522 prohibeat
3349 1469 3420 1507 ne
3449 1455 3518 1508 ad
3546 1455 3791 1509 sacerdo-

533 1541 700 1610 dinis,
732 1548 790 1598 et
834 1560 1022 1598 meam
1069 1542 1334 1596 aediﬁcavi
1364 1542 1580 1608 cellam,
1631 1548 1687 1596 et
1721 1543 1814 1596 hic
1862 1543 2126 1608 habitavi,
2216 1537 2360 1592 tium
2402 1539 2745 1610 provehatur
2771 1539 2818 1594 is
2847 1540 2936 1594 cui
2967 1547 3100 1594 sunt
3126 1557 3291 1595 aures
3317 1549 3633 1614 amputatae.
3665 1544 3794 1598 Cum

532 1632 722 1687 nullus
749 1633 857 1688 fuit
885 1632 1005 1687 dies
1036 1649 1146 1702 quo
1173 1647 1286 1685 non
1299 1630 1511 1702 aliquid
1540 1632 1724 1702 operis
1743 1631 1970 1686 fecerim
1991 1633 2130 1687 meis
2214 1625 2294 1680 Sic
2313 1643 2446 1698 ergo
2478 1644 2606 1682 eum
2633 1628 2994 1694 dimiSissent,
3017 1637 3386 1696 recesserunt.
3411 1636 3466 1685 et
3485 1631 3556 1686 ad
3584 1633 3785 1704 θρίεοο-

529 1720 790 1776 manibus
823 1739 834 1774 :
863 1737 966 1776 nec
997 1720 1228 1774 memini
1271 1737 1362 1774 me
1393 1720 1464 1774 ab
1497 1721 1685 1792 aliquo
1715 1738 1918 1792 panem
1950 1723 2128 1792 gratis
2148 1791 2173 1792 ί
2214 1731 2348 1786 pum
2390 1717 2674 1772 venientes
2716 1717 2835 1772 haec
2880 1717 2930 1772 ei
2968 1718 3382 1774 renuntiarunt.
3415 1721 3470 1775 Is
3511 1727 3697 1776 autem
3719 1723 3792 1777 eis

528 1809 725 1864 datum
765 1810 1101 1878 comedisse;
1133 1826 1236 1864 nec
1263 1827 1354 1864 me
1382 1809 1439 1864 in
1481 1811 1624 1864 hanc
1653 1791 1848 1865 horam
1895 1791 2192 1882 pmnitetB
2213 1804 2349 1858 diCit
2379 1823 2390 1858 ε
2427 1806 2554 1860 Haec
2585 1806 2672 1860 lex
2700 1806 2760 1861 in
2787 1823 2893 1862 usu
2913 1807 2988 1862 sit
3015 1809 3164 1878 apud
3191 1809 3431 1864 Judaos.
3453 1810 3587 1864 Mihi
3615 1817 3791 1866 autem

540 1902 594 1965 θ’
612 1905 729 1966 Io
758 1899 994 1970 alicujus
1039 1899 1332 1966 sermonis,
1363 1916 1530 1970 quem
1559 1899 1792 1954 dixerim
1817 1919 1830 1968 ;
1859 1907 1916 1954 et
1939 1901 2019 1955 sic
2058 1901 2128 1956 ad
2211 1893 2259 1948 si
2288 1895 2375 1948 vel
2402 1901 2727 1950 truncatum
2769 1895 3002 1950 naribus
3031 1897 3376 1952 adduxeritis
3406 1899 3501 1969 qui
3528 1899 3603 1954 sit
3640 1899 3792 1956 bonis

525 1987 707 2044 Deum
726 1989 945 2056 recedo,
974 1993 1040 2043 ut
1066 1988 1162 2060 qui
1198 2005 1302 2043 nec
1326 1988 1452 2060 pius
1483 1988 1710 2060 quidem
1741 2007 1806 2044 ac
1829 1990 2126 2060 religiosus
2209 1983 2478 2049 moribus,
2512 2001 2615 2056 ego
2644 2002 2774 2040 eum
2801 1984 3089 2040 ordinabo.
3127 1987 3336 2041 Ειιηῒεε
3367 2004 3498 2059 ergo
3519 2005 3644 2044 eum
3675 2007 3787 2045 rur-

525 2092 646 2132 esse
675 2078 962 2150 ceperim.
994 2078 1112 2132 Hoc
1147 2094 1370 2149 quoque
1400 2078 1468 2132 de
1489 2094 1555 2132 eo
1585 2077 1838 2133 ferebant
1865 2080 2124 2134 testimo-
2207 2089 2304 2126 sus
2332 2073 2626 2144 rogabant.
2645 2075 2786 2130 Cum
2807 2075 2926 2146 ipse
2950 2080 3140 2130 autem
3163 2091 3274 2130 non
3292 2083 3530 2147 pareret,
3552 2080 3788 2150 aggressi

528 2166 687 2222 nium
739 2167 952 2222 Christi
1000 2167 1144 2221 servi
1187 2167 1458 2238 Origenes
1487 2172 1545 2221 et
1583 2167 1934 2232 Ammonius,
1976 2169 2125 2240 quod
2206 2167 2340 2216 sunt
2369 2179 2499 2217 eum
2525 2163 2611 2218 vel
2637 2164 2691 2217 vi
2721 2164 3016 2219 adducere.
3050 2165 3104 2220 Is
3131 2171 3320 2220 autem
3350 2166 3432 2220 eis
3454 2168 3680 2237 juravit,
3707 2169 3784 2223 di-

519 2270 814 2326 nunquam
860 2257 931 2311 de
985 2272 1046 2310 re
1093 2255 1284 2327 aliqua
1321 2257 1718 2326 interrogatus,
1763 2273 1886 2328 qua:
1929 2259 2012 2312 vel
2051 2259 2122 2314 ad
2205 2267 2365 2306 cens:
2391 2251 2450 2306 Si
2479 2268 2569 2306 me
2599 2253 2910 2323 coegeritis,
2933 2253 3104 2308 etiam
3119 2254 3367 2324 linguam
3384 2271 3566 2310 meam
3585 2259 3785 2312 exscin-

519 2343 888 2416 Scripturam,
941 2345 1028 2399 vel
1073 2344 1144 2399 ad
1191 2345 1467 2400 actionem
1512 2346 1866 2416 negotiumve
1896 2347 2123 2418 aliquod
2205 2339 2356 2395 dam.
2379 2340 2458 2395 Εο
2486 2341 2677 2412 itaque
2696 2348 2824 2412 post
2851 2342 2970 2396 haec
2999 2343 3248 2408 dimiSSO,
3284 2351 3645 2400 recesserunt.
3673 2347 3788 2420 Hu-

517 2433 848 2504 pertineret,
865 2434 1058 2489 statim
1084 2434 1456 2506 responderit,
1477 2435 1573 2488 sed
1595 2434 1800 2488 dixerit
1826 2435 2120 2492 :Nondum
2198 2429 2294 2498 jus
2317 2429 2602 2483 Ammonii
2631 2429 2812 2484 fertur
2845 2430 2949 2485 hoc
2970 2431 3322 2486 miraculum.
3364 2433 3676 2505 Nunquam,
3701 2435 3780 2489 in-

515 2521 705 2577 ihveni
737 2523 885 2594 quod
913 2523 1312 2596 respondeam:
1341 2540 1486 2594 saepe
1516 2529 1703 2578 autem
1731 2523 2122 2595 praeterierant
2202 2517 2479 2588 quiunt,si
2496 2519 2720 2590 quando
2743 2519 2930 2590 turpis
2942 2520 3240 2592 voluptatis
3269 2523 3578 2578 carunculae
3607 2523 3784 2578 insur-

516 2615 635 2665 tres
660 2627 900 2678 menses,
927 2617 985 2666 et
1012 2628 1125 2666 non
1155 2611 1326 2666 dabat
1349 2628 1700 2682 responsum,
1721 2612 1944 2667 dicens:
1971 2614 2120 2667 Non-
2201 2607 2374 2660 rectio
2398 2609 2518 2677 ejus
2539 2623 2740 2678 corpus
2770 2608 2974 2662 invasit
3007 2609 3226 2680 corpori
3253 2627 3356 2664 suo
3385 2612 3656 2682 pepercit;
3688 2613 3782 2667 sed

517 2697 656 2752 dum
684 2699 1101 2770 comprehendi.
1133 2699 1270 2754 Tam
1295 2700 1644 2754 considerate
1662 2700 1888 2771 quidem
1913 2719 1978 2756 ex
2001 2702 2116 2757 Deo
2200 2694 2411 2748 ferrum
2433 2694 2677 2749 candens
2712 2695 2828 2750 suis
2875 2695 3143 2751 membris
3171 2697 3517 2765 admovebat,
3558 2701 3696 2756 adeo
3722 2707 3783 2756 ut

516 2783 690 2840 dabat
717 2802 1007 2857 responsa,
1031 2791 1096 2840 ut
1137 2803 1172 2840 ει
1208 2787 1324 2841 Deo
1371 2804 1500 2841 cum
1547 2788 1699 2842 omni
1732 2793 1884 2843 metu
1923 2806 2116 2844 omnes
2199 2789 2347 2836 esset
2376 2788 2527 2837 totus
2547 2784 2846 2839 ulceratus.
2886 2785 3020 2856 Ejus
3047 2791 3238 2841 autem
3267 2803 3463 2842 mensa
3482 2789 3608 2842 talis
3625 2790 3784 2845 fuita

514 2871 853 2944 acciperent.
868 2872 1172 2928 Dicebatur
1191 2873 1342 2927 enim
1363 2874 1509 2928 hanc
1533 2873 1798 2929 virtutem
1827 2873 1996 2930 etiam
2019 2894 2116 2930 su-
2193 2871 2489 2941 juventute
2517 2889 2694 2943 usque
2715 2873 2786 2927 ad
2811 2879 3068 2942 mortem,
3095 2876 3241 2946 quod
3265 2876 3450 2930 crudis
3470 2877 3678 2932 scilicet
3691 2896 3781 2934 ve—

514 2977 619 3033 pra
643 2978 918 3034 magnum
962 2962 1290 3028 Antonium,
1333 2967 1391 3017 et
1440 2980 1611 3034 super
1657 2981 1850 3019 omnes
1893 2971 2113 3020 sanctos
2197 2965 2475 3028 sceretur;
2510 2962 2649 3016 nihil
2678 2962 2826 3016 enim
2855 2979 3105 3034 unquam
3141 2965 3468 3020 comedebat
3493 2967 3638 3036 quod
3667 2968 3781 3038 igni

512 3051 845 3119 exercuisse,
879 3067 1082 3124 nempe
1102 3056 1167 3106 ut
1196 3051 1423 3107 essetin
1444 3053 1723 3124 loquendo
1744 3062 2040 3110 accuratus
2057 3060 2115 3110 et
2194 3048 2393 3104 fuisset
2432 3051 2743 3118 admotum,
2793 3059 2998 3123 Praeter
3043 3070 3265 3124 panem.
3305 3055 3478 3109 Vetus
3514 3061 3706 3112 autem
3729 3063 3786 3112 et

509 3141 808 3212 perfectus.
1671 3219 1679 3225 _
2127 3146 2172 3207 Ο
2193 3140 2410 3194 Novum
2439 3141 2862 3196 Testamentum
2890 3141 3110 3196 dicebat
3127 3143 3447 3198 memoriter
3477 3144 3580 3216 (3'2)
3607 3152 3704 3214 ;et
3729 3147 3784 3202 in

1117 3265 1352 3321 CAPUT
1402 3266 1500 3321 XI.
2191 3228 2482 3321 doctorum
2519 3231 2766 3321 virorum
2807 3231 3073 3302 Origenis
3099 3237 3157 3287 et
3183 3233 3424 3306 Didymi,
3454 3239 3511 3288 et
3536 3235 3708 3290 Pierii
3731 3243 3786 3291 et

1487 3306 1500 3320 ’
1523 3389 1558 3395 Α,
1573 3388 1615 3395 Α,
2192 3317 2463 3390 Stephani
2489 3320 2712 3391 scriptis
2732 3320 2814 3374 ita
2839 3327 2964 3376 erat
2989 3328 3258 3390 versatus,
3291 3328 3358 3377 ut
3373 3323 3622 3395 sexagies
3651 3342 3780 3381 ceu.

984 3391 1101 3444 Vita
1123 3391 1336 3445 abbatis
1363 3393 1490 3445 ριόν
1514 3388 1643 3462 (30).
2188 3388 2324 3462 ιθ,ῃᾷ
2353 3408 2528 3463 ωὶιιίει

2236 3424 2324 3462 ma
2353 3408 2533 3463 millia
2559 3425 2822 3464 versuum
2868 3411 3226 3481 percurrerit,
3268 3417 3332 3466 ut
3376 3413 3446 3467 de
3483 3429 3547 3468 eo
3594 3413 3780 3470 ferunt

579 3493 784 3550 Fertur
802 3499 994 3550 autem
1013 3500 1220 3566 printer
1241 3496 1354 3550 alia
1381 3496 1498 3551 haec
1525 3513 1750 3568 quoque
1767 3497 1912 3552 actio
1928 3498 2108 3552 sancti
2188 3497 2577 3552 testimonium
2591 3499 2780 3569 magni
2799 3515 3020 3572 quoque
3038 3501 3236 3556 Patres
3253 3501 3313 3556 in
3325 3501 3643 3558 solitudine.
3668 3504 3781 3560 Hu-

509 3581 780 3650 Pambon,
812 3583 960 3654 quod
994 3583 1144 3650 Pior,
1165 3584 1261 3654 qui
1285 3601 1342 3638 se
1364 3585 1424 3638 in
1452 3585 1566 3640 vita
1585 3585 1879 3640 exercebat
1909 3602 2106 3642 mona-
2184 3587 2280 3658 jus
2309 3592 2500 3642 autem
2536 3587 2796 3643 feruntur
2834 3589 3005 3643 etiam
3051 3591 3375 3662 prophetiae.
3404 3591 3648 3648 Tantum
3677 3609 3780 3649 au-

507 3671 668 3740 stica,
689 3672 762 3727 ad
791 3673 912 3744 ejus
943 3673 1141 3727 cellam
1176 3673 1478 3744 aliquando
1506 3675 1792 3741 accedens,
1817 3675 2106 3746 pr0prium
2187 3682 2305 3730 tem
2352 3675 2574 3731 valebat
2614 3677 2671 3732 in
2700 3678 3052 3733 consolandis
3091 3678 3355 3734 fratribus
3393 3680 3490 3751 qui
3525 3689 3696 3738 erant
3723 3683 3778 3737 in

505 3775 710 3833 panem
739 3761 962 3818 detulit.
995 3762 1140 3817 Cum
1163 3779 1294 3818 eum
1316 3769 1506 3818 autem
1528 3764 1780 3819 Pambon
1809 3766 2108 3836 reprehen-
2188 3766 2511 3834 solitudine,
2545 3773 2819 3838 quantum
2847 3767 2997 3822 ullus
3023 3767 3183 3823 alius.

505 3850 698 3919 disset,
730 3851 920 3906 dicens
952 3869 964 3905 :
999 3852 1114 3908 Cur
1151 3853 1256 3906 hoc
1300 3851 1522 3907 fecisti?
1572 3854 1864 3925 respondit
1899 3855 2062 3910 Prior
2088 3875 2100 3910 :
2260 3855 2377 3910 Hoc
2405 3855 2458 3909 ei
2495 3871 2597 3910 suo
2617 3856 2882 3927 suffragio
2911 3855 3195 3912 tribuebat
3225 3857 3509 3929 Evagrius,
3533 3861 3632 3932 qui
3653 3868 3774 3916 erat

503 3938 588 3996 Ne
615 3945 672 3994 te
691 3956 1008 4011 gravarem.
1043 3942 1242 4012 Itaque
1283 3942 1489 3997 tacitus
1535 3959 1664 3998 eum
1703 3943 1936 3998 dimisit.
1971 3945 2106 4000 Post
2185 3943 2272 3997 vir
2295 3943 2647 3998 discernendi
2667 3945 2718 3998 vi
2741 3945 3030 4016 praeditus,
3063 3963 3122 4000 se
3152 3946 3368 4002 nullum
3387 3948 3678 4005 hominem
3706 3951 3782 4005 vi-

503 4027 856 4100 aliquantum
878 4035 1068 4085 autem
1091 4031 1363 4102 temporis
1394 4032 1662 4086 accedens
1680 4049 1918 4102 magnus
1942 4034 2104 4088 Pam-
2185 4033 2330 4086 disse
2356 4034 2450 4104 qui
2487 4039 2636 4088 esset
2663 4034 2842 4104 magis
2863 4033 3188 4106 impatibilis
3219 4035 3350 4105 (33),
3376 4043 3434 4092 et
3459 4037 3686 4094 alienus
3713 4039 3781 4094 ab

499 4115 612 4172 bon
651 4118 724 4172 ad
751 4117 952 4174 cellam
995 4119 1143 4186 Pior,
1175 4136 1378 4192 panem
1409 4138 1572 4175 suum
1600 4138 1790 4176 secum
1821 4123 2101 4178 madefac-
2184 4121 2445 4178 omnibus
2470 4123 2645 4178 animi
2665 4123 3188 4195 perturbationibus
3208 4126 3388 4196 (Caute
3411 4129 3563 4200 lege).

499 4210 623 4261 tum
649 4207 857 4262 attulit.
889 4207 974 4262 Ab
989 4225 1056 4262 eo
1076 4214 1266 4264 autem
1289 4217 1537 4280 rogatus,
1567 4227 1812 4281 quanam
1833 4213 1902 4266 de
1931 4228 2102 4267 causa
2257 4213 2356 4266 Hic
2382 4217 2445 4266 in
2475 4213 2653 4268 Greco
2683 4217 2829 4267 textu
2854 4216 3102 4282 quaedam
3137 4221 3464 4285 sequuntur,
3483 4234 3608 4288 qua
3626 4235 3782 4274 versa

496 4311 706 4370 panem
730 4297 1014 4352 attulisset
1051 4297 1447 4366 madefactum,
1480 4299 1771 4371 respondit
1799 4301 2050 4357 Pambon
2082 4321 2094 4355 :
2181 4301 2339 4355 habes
2366 4304 2522 4372 apud
2553 4304 2917 4370 Heraclidem,
2949 4319 3066 4373 cap.
3091 4302 3152 4364 2.

497 4384 630 4442 Ideo
652 4387 942 4456 madefeci,
983 4403 1054 4442 ne
1083 4404 1184 4460 ego
1216 4405 1438 4460 quoque
1465 4395 1521 4444 te
1547 4406 1860 4460 gravarem.
2115 4466 2166 4525 D
2772 4427 3006 4484 CAPUT
3028 4427 3178 4484 ΧΠῙ,

1091 4513 1326 4570 CAPUT
1375 4515 1498 4570 XII.
2117 4513 2163 4525 ”’
2557 4553 2635 4608 Vit

2117 4513 2163 4525 κ
2557 4553 2673 4608 Vita
2698 4554 2918 4608 abbatis
2943 4555 3242 4624 Benjamin
3266 4551 3397 4624 (34).

501 4635 620 4694 Vita
646 4637 860 4693 abbatis
896 4636 914 4672 ί
943 4639 1234 4694 Ammoni-2'
1260 4636 1373 4709 (3|)
1398 4644 1446 4694 et
1477 4639 1732 4707 fratrum
1760 4641 1932 4696 simul
1962 4657 2089 4696 cum
2243 4659 2308 4714 In
2339 4659 2444 4714 hoc
2469 4665 2661 4714 monte
2689 4661 2889 4716 Nitriae
2917 4660 3026 4716 fuit
3047 4661 3134 4716 vi,
3159 4660 3523 4727 admirabilis,
3557 4663 3663 4734 qui
3684 4680 3777 4717 νο,

1135 4729 1434 4782 δονονίὺα-ςο
2170 4747 2406 4804 cabatur
2424 4749 2679 4820 Benjami

2236 4747 2406 4804 batur
2424 4749 2738 4820 Benjamin,
2760 4750 2856 4821 qui
2885 4755 3034 4806 recte
3063 4755 3119 4804 et
3140 4767 3209 4806 ex
3229 4751 3434 4806 virtute
3458 4729 3640 4806 vitain
3653 4753 3779 4822 egit

556 4831 910 4900 Ammonius,
943 4833 1039 4904 qui
1068 4832 1175 4888 fuit
1198 4833 1392 4904 magni
1421 4834 1632 4888 Pambo
1661 4834 1988 4908 discipulus,
2014 4837 2088 4891 si-
2169 4839 2332 4892 annis
2357 4838 2658 4909 octoginta.
2677 4839 2786 4904 Qui
2811 4855 2938 4894 cum
2965 4856 3184 4894 summe
3213 4840 3477 4895 virtutem
3489 4841 3780 4896 exercuis-

485 4921 607 4976 mul
629 4937 758 4976 cum
787 4921 966 4977 tribus
995 4922 1264 4978 fratribus
1291 4928 1348 4978 ct
1373 4922 1590 4978 duabus
1619 4925 1923 4991 sororibus,
1957 4943 2085 4982 cum
2167 4933 2272 4995 set,
2305 4928 2568 4998 dignatus
2589 4927 2896 4998 fuitgratia
2915 4929 3292 4998 curationum,
3313 4930 3452 4984 adeo
3465 4935 3530 4984 ut
3543 4931 3788 4986 cuicun-

482 5009 870 5082 pervenissent
893 5011 964 5066 ad
993 5028 1278 5066 summum
1307 5013 1534 5084 pietatis
1575 5029 1640 5067 ac
1667 5015 2083 5085 religionis,ve-
2168 5035 2276 5090 que
2290 5034 2491 5072 manus
2510 5017 2886 5089 imposuisset,
2905 5024 3004 5074 aut
3019 5019 3167 5090 quod
3195 5018 3556 5074 benedixerat
3576 5019 3782 5074 oleum

480 5106 690 5156 nerunt
708 5117 767 5155 in
797 5101 1176 5165 solitudinem,
1209 5115 1267 5156 et
1307 5119 1562 5157 seorsum
1591 5103 1846 5159 fecerunt
1866 5110 2083 5160 utrum-
2165 5107 2428 5172 dedisset,
2456 5107 2553 5178 qui
2582 5107 2872 5162 laborabat
2900 5107 3236 5163 liberaretur
3249 5108 3319 5163 ab
3347 5109 3500 5164 omni
3527 5110 3782 5181 aegritu-

479 5205 588 5262 que
618 5190 1044 5257 monasterium,
1062 5190 1310 5246 virorum
1331 5192 1542 5246 scilicet
1563 5197 1620 5246 et
1650 5193 1965 5261 mulierum,
2001 5195 2082 5250 ita
2163 5197 2314 5251 dine.
2341 5197 2444 5250 Hic
2469 5197 2562 5268 qui
2582 5203 2744 5252 tanta
2755 5197 2942 5268 gratia
2954 5198 3157 5268 dignus
3170 5198 3356 5252 fuerat
3373 5197 3625 5264 habitus,
3647 5206 3784 5254 octo

474 5285 542 5336 ut
553 5280 689 5336 satis
715 5297 980 5352 magnum
1003 5281 1378 5336 intercederet
1396 5282 1660 5354 spatium.
1683 5283 1958 5346 Quoniam
1983 5301 2079 5340 au-
2161 5285 2448 5341 mensibus
2477 5292 2610 5341 ante
2639 5286 2855 5341 obitum
2880 5287 2989 5342 fuit
3011 5287 3368 5360 hydropicus,
3401 5293 3460 5342 et
3489 5289 3621 5358 ejus
3645 5305 3784 5342 mr-

472 5373 589 5426 tem
618 5370 916 5442 insigniter
933 5371 1130 5426 doctus
1152 5376 1276 5425 erat
1303 5371 1552 5425 virorum
1583 5371 1828 5442 optimus
1843 5373 2076 5428 Ammo-
2159 5393 2264 5447 pus
2274 5392 2452 5447 usque
2473 5376 2613 5430 adeo
2624 5376 2912 5442 intumuit,
2924 5383 2988 5431 ut
3007 5383 3234 5450 propter
3247 5377 3465 5432 dolores
3487 5377 3784 5432 invenire-

471 5459 618 5528 nius,
645 5460 903 5532 quaedam
927 5459 1470 5515 civitasdesideravit
1493 5476 1619 5514 eum
1636 5459 1841 5516 habere
1861 5463 2074 5534 episco-
2160 5469 2254 5520 tur
2281 5465 2427 5520 alius
2455 5465 2559 5520 Job
2593 5465 2770 5520 nostri
2799 5466 3088 5538 temporis.
3132 5467 3274 5522 Cum
3311 5482 3414 5520 nos
3438 5471 3642 5522 autem
3676 5483 3780 5520 as-

468 5561 625 5622 pum.
657 5550 767 5617 Qui
802 5567 932 5606 cum
961 5549 1327 5607 accessissent
1347 5550 1418 5606 ad
1443 5549 1674 5608 beatum
1703 5551 2076 5611 Timotheum
2155 5555 2490 5627 sumpsisset
2518 5555 2818 5612 Dioscorus
2837 5556 3147 5629 episcopus,
3169 5557 3266 5630 qui
3292 5562 3427 5612 tunc
3453 5562 3583 5611 erat
3609 5571 3777 5630 pres-

539 5673 557 5710 ¹
588 5673 694 5732 Hic
718 5674 1054 5733 Ammonius
1081 5674 1191 5734 fuit
1226 5674 1564 5748 Origenista.
