3910 6376
121 387 263 448 1105

1384 392 1729 449 HISTORIA
1764 392 2140 450 LAUSIACA.

3258 397 3398 457 1106

109 513 281 586 byter
302 516 511 572 montis
539 516 754 582 Nitrize,
785 533 875 572 me
910 516 1142 589 inquam
1200 522 1257 572 et
1307 516 1536 572 beatum
1587 517 1789 577 Eva-A
1801 534 1953 588 ergo,
1993 520 2185 587 frater,
2216 521 2389 577 vitam
2414 523 2813 593 aggrediamur
2837 523 3226 590 monasticam,
3254 528 3321 579 ut
3341 527 3402 579 et

105 604 304 673 grium
330 610 385 670 1
406 613 438 669 |
461 611 511 671 α
532 606 668 661 dicit
685 606 845 661 nobis
870 625 880 660 :
915 608 1143 673 Adeste,
1173 607 1356 662 videte
1384 623 1587 661 novum
1619 606 1722 662 Job

108 691 207 762 qui
230 692 293 747 in
328 699 486 749 tanto
502 694 748 767 corporis
778 694 972 748 morbo
985 702 1040 749 et
1069 700 1226 749 tanto
1240 701 1460 757 tumore
1492 695 1723 749 immen-

105 797 233 834 sam
246 780 419 836 habet
446 784 778 853 patientiam
800 800 927 837 cum
950 785 1261 854 gratiarum
1284 784 1527 840 actione.
1556 786 1723 838 Acce-

103 869 313 924 dentes
344 887 477 941 ergo
492 872 731 926 vidimus
747 876 963 927 tantam
984 873 1189 926 molem
1218 874 1340 943 ejus
1369 872 1636 943 corporis,
1660 878 1725 926 ut

106 975 353 1029 parvum
384 961 506 1031 ejus
530 961 769 1031 digitum
790 978 902 1015 non
920 978 1211 1032 possemus
1228 962 1519 1033 complecti
1535 962 1722 1032 digitis

102 1048 362 1103 duarum
385 1065 677 1103 manuum.
699 1051 838 1104 Cum
859 1056 1047 1104 autem
1067 1049 1244 1107 morbi
1259 1051 1590 1121 gravitatem
1610 1067 1722 1105 non

107 1152 414 1207 possemus
449 1139 571 1192 lixis
614 1140 788 1193 oculis
823 1138 1292 1205 intueri,nostros
1309 1140 1496 1194 oculos
1512 1146 1724 1194 averte-

100 1225 336 1281 bamus.
379 1227 535 1282 Tunc
587 1228 725 1282 dicit
778 1227 939 1282 nobis
994 1228 1192 1282 beatus
1241 1229 1334 1282 ille
1382 1229 1715 1299 Benjamin:

101 1314 305 1381 Orate,
340 1315 461 1382 ﬁlii,
504 1332 574 1370 ne
602 1333 763 1371 meus
793 1318 1048 1371 internus
1066 1318 1231 1371 homo
1262 1317 1334 1371 sit
1362 1318 1716 1389 hydropicus.

96 1403 226 1457 Hoc
256 1404 410 1458 enim
437 1421 641 1475 corprs
660 1421 840 1477 neque
871 1423 997 1460 cum
1024 1405 1163 1460 bene
1184 1423 1243 1460 se
1289 1406 1539 1471 haberet,
1577 1407 1720 1461 mihi

99 1492 424 1563 quidquam
455 1493 682 1564 profuit,
721 1512 902 1565 neque
929 1512 1058 1549 cum
1087 1496 1251 1560 male,
1284 1512 1372 1548 me
1404 1496 1565 1549 lmsit.
1596 1496 1715 1550 Illis

94 1596 241 1651 ergo
268 1587 395 1636 octo
410 1582 697 1637 mensibus
710 1583 857 1638 facta
886 1590 972 1638 est
999 1584 1081 1638 illi
1110 1585 1247 1638 sella
1274 1584 1549 1639 latissima
1573 1584 1711 1659 (35),

93 1668 162 1723 in
197 1687 314 1741 qua
342 1671 574 1726 sedebat
598 1672 840 1739 assidue,
866 1679 930 1726 ut
952 1674 1047 1744 qui
1077 1689 1189 1727 non
1235 1680 1422 1744 posset
1466 1674 1526 1727 in
1573 1675 1713 1728 lecto

91 1758 459 1825 accumbere,
484 1766 714 1831 prOpter
736 1779 803 1815 ea
825 1779 946 1832 quae
962 1768 1094 1815 sunt
1107 1762 1354 1833 corporis
1375 1762 1708 1816 necessaria.

1805 607 1981 677 patris
2006 609 2181 663 nostri
2200 610 2475 664 lucremur
2500 610 2811 676 facultates,
2847 615 2905 665 et
2934 615 3156 665 nostras
3181 611 3399 667 animas

1804 713 1916 751 non
1946 698 2264 769 perdamus.
2280 699 2496 753 Placuit
2522 716 2654 769 ergo
2671 700 2925 769 utrisque
2945 715 3144 771 scopus
3157 700 3284 755 vitae
3304 716 3397 756 so-

1803 785 2020 853 litariae,
2056 788 2153 841 sed
2183 788 2393 842 inventi
2422 793 2555 843 sunt
2581 788 2725 843 alius
2769 788 2827 843 in
2855 788 2964 843 alio
2993 788 3396 861 discrepantes.

1806 874 1945 929 Cum
1963 876 2153 946 itaque
2182 877 2444 948 pecunias
2477 876 2817 943 divisissent,
2852 882 2910 931 et
2940 877 3155 948 reliqua
3188 878 3398 946 omnia,

1804 964 1952 1018 hunc
1975 965 2202 1036 quidem
2225 966 2330 1020 sibi
2353 982 2583 1037 scopum
2608 972 3039 1037 proposuerunt,
3057 972 3122 1021 ut
3140 967 3255 1023 Deo
3277 967 3400 1039 pla-

1805 1059 2014 1119 cerent,
2048 1054 2144 1108 sed
2175 1054 2391 1108 diverso
2413 1055 2538 1109 vita:
2558 1054 2835 1109 instituto.
2854 1056 3011 1110 Unus
3031 1056 3180 1111 enim
3212 1056 3403 1112 omnia

1803 1141 2147 1212 dispergens,
2170 1143 2325 1197 dedit
2349 1143 2721 1209 monasteriis,
2758 1148 2814 1198 et
2844 1144 3109 1210 ecclesiis,
3143 1148 3200 1199 et
3222 1150 3405 1201 custo-

1803 1230 1930 1290 diis,
1959 1237 2015 1284 et
2046 1248 2171 1285 cum
2186 1237 2365 1286 artem
2396 1231 2700 1296 didicisset,
2720 1248 2786 1286 ex
2816 1249 2927 1303 qua
2950 1232 3053 1287 sibi
3076 1250 3280 1304 panem
3309 1251 3404 1306 pa-

1802 1326 1973 1385 raret,
2007 1320 2390 1374 exercitationi
2411 1336 2639 1390 operam
2665 1319 2834 1374 dabat
2864 1326 2921 1375 et
2956 1322 3219 1377 orationi.
3247 1323 3405 1379 Alter

1802 1414 1990 1462 autem
2005 1410 2126 1478 ejus
2151 1409 2289 1463 nihil
2309 1408 2589 1479 dispersit,
2619 1409 2716 1462 sed
2749 1409 2893 1463 facto
2914 1408 3017 1463 sibi
3040 1412 3401 1478 monasterio,

1800 1504 1856 1551 et
1883 1497 2074 1569 paucis
2097 1498 2401 1569 assumptis
2446 1497 2713 1552 fratribus
2757 1497 3061 1568 quemlibet
3097 1498 3406 1571 excipiebat

1797 1587 2101 1658 hospitem,
2126 1587 2432 1658 quemlibet
2458 1586 2691 1641 curabat
2718 1592 3010 1658 mgrotum,
3040 1589 3293 1659 quemvis
3321 1605 3404 1644 se-

1796 1690 1923 1728 nem
1962 1675 2260 1742 retinebat,
2303 1674 2476 1729 cuivis
2526 1677 2763 1747 pauperi
2808 1675 3008 1743 dabat;
3052 1676 3295 1732 Sabbato
3348 1684 3404 1734 et

1798 1762 2108 1830 Dominica,
2139 1770 2255 1819 tres
2275 1769 2375 1819 aut
2404 1769 2607 1835 quator
2634 1781 2858 1819 mensas
2879 1769 3153 1832 statuens,
3180 1782 3275 1821 eos
3307 1766 3406 1838 qui

91 1848 249 1902 Cum
275 1854 467 1902 autem
482 1849 764 1904 laboraret
786 1851 889 1904 hoc
927 1850 1121 1905 morbo
1146 1850 1565 1917 immedicabili,
1592 1867 1712 1905 me-
1734 1833 1780 1893 B
1800 1858 1961 1907 erant
1989 1853 2151 1924 egeni
2183 1833 2512 1923 excipiebat.
2548 1854 2665 1907 Hoc
2695 1854 2861 1907 modo
2878 1853 3048 1909 vitam
3079 1870 3240 1909 suam
3261 1833 3398 1911 con-

89 1934 350 1991 debatur
364 1936 490 1990 aliis
504 1937 601 2008 qui
614 1938 949 1993 tenebantur
963 1938 1249 2009 quibusvis
1261 1938 1615 2007 regritudinib
1623 1956 1686 1992 us
1698 1977 1710 1994 .

86 2025 502 2080 Necessarium
520 2027 711 2097 itaque
729 2027 882 2093 duxi,
905 2027 1162 2081 morbum
1179 2028 1348 2097 hujus
1361 2027 1537 2081 sancti
1555 2044 1718 2098 expo-

86 2130 257 2180 nere,
292 2130 363 2168 ne
388 2114 548 2169 nobis
570 2116 817 2171 alienum
849 2116 1122 2184 videatur,
1158 2117 1204 2170 si
1239 2117 1370 2170 viris
1408 2117 1578 2187 justis
1620 2116 1719 2170 ali-

86 2203 227 2274 quis
257 2220 421 2258 casus
450 2205 685 2259 accidat.
720 2206 954 2276 Egregio
981 2223 1114 2277 ergo
1159 2206 1255 2259 illo
1302 2206 1417 2259 viro
1462 2210 1706 2272 mortuo,

87 2290 395 2346 sublatum
421 2298 507 2347 est
523 2293 696 2347 limen
729 2294 857 2349 ostii
879 2300 934 2349 et
956 2300 1161 2366 postes,
1200 2300 1264 2349 ut
1291 2299 1479 2365 posset
1506 2311 1709 2367 corpus

84 2380 292 2434 efferri
321 2397 387 2434 ex
417 2381 577 2440 cella.
611 2382 794 2436 Tanta
824 2388 945 2437 erat
972 2384 1149 2437 moles
1178 2383 1425 2454 corporis
1463 2382 1610 2437 beati
1650 2388 1709 2437 et
1746 2422 1757 2429 .

82 2468 302 2541 inclyti
320 2471 498 2541 patris
525 2471 842 2543 Benjamin.

697 2596 931 2650 CAPUT
958 2596 1103 2650 XIV.

91 2719 227 2772 Vita
247 2719 535 2788 Apollonii
559 2718 663 2790 (36)
687 2724 786 2789 qui
813 2722 1312 2789 cognominabatur
1338 2714 1435 2772 ἀπὸ
1466 2740 1701 2792 πραγμα-

428 2816 630 2873 τευτῶν,
664 2811 722 2863 id
751 2814 825 2862 est
852 2826 886 2863 α
922 2812 1372 2877 negotiatoribus.

156 2911 411 2977 Quidam
465 2915 793 2986 Apollonius
848 2915 1073 2970 nomine
1129 2910 1227 2967 ἀπὸ
1282 2921 1689 2986 πραγματευτῶν,

72 3000 138 3054 id
171 3006 285 3067 est,
322 3018 357 3056 a
384 3003 845 3074 negotiatoribus,
890 3021 1016 3058 cum
1047 3004 1256 3058 mundo
1292 3004 1690 3071 renuntiasset,

71 3095 135 3144 et
170 3096 436 3146 montem
471 3093 666 3147 Nitriae
694 3093 1024 3157 habitasset,
1060 3099 1115 3147 et
1142 3110 1244 3146 nec
1269 3098 1450 3147 artem
1479 3092 1693 3147 discere

1797 1942 2053 2012 sumpsit.
2085 1941 2370 1996 Ambobus
2393 1947 2583 1995 autem
2616 1942 2873 2009 mortuis,
2904 1942 3133 1997 diversa:
3162 1942 3404 1999 beatitu-

1798 2029 1957 2083 dines
1987 2030 2241 2101 utrisque
2271 2029 2552 2085 dabantur
2580 2047 2614 2085 a
2634 2030 2921 2098 fratribus,
2939 2035 3135 2102 utpote
3152 2031 3300 2103 quod
3321 2048 3405 2088 es-

1800 2124 1928 2173 sent
1959 2119 2170 2173 inventi
2192 2118 2356 2173 ambo
2377 2120 2583 2173 virtute
2630 2119 2858 2190 perfecti
2891 2138 2902 2172 :
2934 2125 2991 2174 et
3018 2120 3142 2175 aliis
3172 2121 3400 2193 quidem

1793 2206 2049 2278 placebat
2077 2208 2191 2262 vita
2224 2209 2364 2278 ejus,
2409 2208 2504 2279 qui
2535 2208 2953 2262 renuntiaverat
2983 2226 2997 2276 ;
3023 2208 3148 2263 aliis
3174 2225 3300 2264 vero
3329 2226 3396 2267 ea

1793 2312 1915 2366 quae
1945 2296 2395 2351 communicabat
2432 2296 2687 2351 omnibus
2722 2296 3036 2366 egentibus.
3067 2286 3208 2353 Cum
3262 2314 3396 2370 ergo

1790 2384 1939 2438 inter
1976 2385 2177 2440 fratres
2212 2385 2500 2439 incidisset
2544 2385 2847 2452 contentio,
2907 2388 3137 2457 propter
3190 2386 3394 2442 horum

1788 2471 2082 2528 beatorum
2128 2474 2412 2528 diversum
2449 2473 2575 2528 vitae
2640 2473 2984 2540 institutum,
3034 2479 3091 2528 et
3144 2475 3389 2531 maxime

1784 2568 2016 2633 prepter
2042 2563 2237 2617 laudes
2253 2563 2521 2630 diversas,
2550 2562 2763 2617 vadunt
2794 2562 2866 2616 ad
2886 2561 3114 2618 beatum
3151 2562 3383 2633 Pambo,

1786 2655 1843 2703 et
1899 2651 1970 2704 ad
2024 2668 2153 2705 eum
2211 2650 2482 2715 referunt,
2514 2655 2579 2705 ut
2630 2651 2699 2704 de
2746 2650 2851 2705 hac
2889 2667 2951 2705 re
3026 2652 3383 2722 respondeat,

1783 2739 2031 2794 volentes
2060 2740 2201 2794 scire
2221 2746 2484 2794 utranam
2514 2739 2587 2794 sit
2615 2739 2815 2793 melior
2834 2739 2964 2794 vitae
2991 2739 3156 2795 ratio.
3190 2738 3246 2795 Is
3284 2757 3383 2797 au-

1781 2834 1898 2882 tem
1926 2829 2007 2883 eis
2036 2829 2204 2883 dicit:
2228 2828 2464 2899 Utrique
2492 2832 2625 2881 sunt
2651 2827 2880 2898 perfecti
2897 2827 3047 2899 apud
3065 2828 3267 2884 Deum.
3297 2829 3383 2885 A1-

1780 2922 1868 2971 ter
1889 2917 2117 2988 quidem
2138 2917 2360 2972 functus
2382 2922 2467 2971 est
2516 2932 2750 2970 munere
2777 2915 3034 2983 Abrahae,
3060 2916 3151 2988 qui
3187 2934 3382 2974 omnes

1775 3004 2079 3077 excipiebat
2105 3006 2280 3072 ;alter
2309 3022 2436 3059 vero
2480 3005 2724 3076 suscepit
2753 3004 3140 3060 firmissimum
3171 3009 3227 3060 et
3255 3021 3384 3062 con-

1774 3094 2189 3148 stantissimum
2209 3094 2391 3149 zelum
2414 3093 2547 3148 Elia:
2576 3093 2880 3165 prophetae,
2905 3098 2970 3147 ut
2985 3093 3092 3147 Deo
3110 3093 3377 3163 placeret.

67 3190 308 3259 posset,
339 3199 444 3237 nec
476 3182 711 3248 litteras,
748 3182 895 3253 quod
917 3187 1079 3236 aetate
1113 3188 1260 3235 esset
1287 3187 1596 3252 provectus,
1622 3181 1699 3235 vi-
1717 3187 1757 3245 Ο
1780 3183 1850 3236 Et
1876 3199 2003 3237 cum
2033 3183 2129 3237 alii
2150 3183 2377 3253 quidem
2417 3182 2468 3236 ei
2497 3182 2748 3236 dicerent
2772 3196 2782 3229 :
2810 3181 3099 3246 Quomodo
3123 3181 3245 3235 ﬁeri
3278 3198 3377 3254 po-

65 3275 231 3348 ginti
268 3272 435 3326 annis
464 3270 665 3342 quibus
684 3271 817 3325 vivit
843 3271 902 3325 in
930 3277 1140 3336 monte,
1161 3272 1306 3324 hanc
1326 3269 1522 3324 habuit
1537 3287 1695 3324 exer-

66 3364 439 3420 citationem.
489 3360 617 3415 Suis
656 3360 908 3431 pecuniis
938 3366 994 3414 et
1040 3360 1155 3414 suis
1200 3358 1484 3413 laboribus
1506 3375 1697 3415 emens

63 3451 440 3510 Alexandriae
470 3466 603 3503 vasa
634 3449 850 3503 medica
879 3466 1045 3503 omne
1082 3465 1260 3518 genus
1277 3446 1400 3517 (37),
1425 3448 1695 3503 universae

64 3539 439 3599 fraternitati
468 3555 536 3592 ea
573 3538 967 3609 suppeditabat
996 3538 1065 3591 ad
1092 3536 1314 3591 morbos
1347 3556 1358 3590 :
1397 3543 1454 3591 et
1497 3537 1699 3591 licebat

62 3646 214 3687 eum
243 3628 437 3682 videre
459 3644 493 3680 a
511 3626 826 3697 primaluce
849 3642 1025 3696 usque
1050 3626 1119 3679 ad
1140 3626 1338 3680 horam
1359 3641 1566 3679 nonam
1591 3625 1703 3679 dis-

62 3723 416 3777 currentem
446 3715 703 3770 obeundo
750 3715 1109 3781 monasteria,
1157 3719 1212 3768 et
1257 3714 1466 3768 ostium
1513 3713 1697 3783 ingrc-

61 3811 361 3874 dientem,
380 3810 437 3861 et
455 3804 727 3859 visentem
749 3821 883 3858 num
904 3804 1028 3875 quis
1044 3803 1693 3858 decumberet.Portabat

60 3905 281 3954 autem
314 3911 478 3951 uvam
501 3910 743 3965 passam,
777 3894 925 3947 mala
954 3893 1177 3963 punica,
1196 3910 1314 3959 ova,
1351 3908 1552 3963 panem
1573 3891 1688 3945 sili-

55 3990 337 4061 gineum,
375 3990 431 4038 et
451 4000 517 4038 ea
538 3983 739 4054 quibus
769 3999 907 4054 opus
930 3982 1136 4036 habent
1157 3982 1373 4052 aegroti.
1400 3983 1554 4035 Hanc
1580 3980 1687 4035 sibi

56 4076 470 4135 conferentem
500 4073 713 4128 invenit
727 4072 851 4126 vitae
877 4072 1152 4126 rationem
1172 4087 1349 4142 usque
1379 4071 1450 4124 ad
1468 4070 1687 4125 senium

57 4164 301 4224 Christi
321 4179 540 4218 servus.
570 4162 677 4226 Qui
707 4178 836 4216 cum
866 4166 1011 4214 esset
1041 4160 1369 4223 moriturus,
1400 4160 1559 4213 alteri
1581 4158 1687 4212 sibi

58 4255 257 4314 simili
277 4269 383 4307 sua
403 4251 629 4323 reliquit
642 4250 856 4316 frivola,
876 4266 1077 4319 rogans
1107 4266 1234 4303 eum
1252 4255 1316 4302 ut
1338 4248 1486 4302 idem
1508 4247 1688 4302 obiret

56 4340 489 4402 ministerium.
513 4342 658 4395 Nam
687 4355 814 4393 cum
829 4338 1072 4409 quinque
1091 4338 1265 4391 millia
1284 4338 1691 4392 monachorum

55 4437 242 4491 illum
270 4436 525 4487 montem
554 4428 825 4493 habitent,
862 4428 962 4481 tali
987 4443 1209 4498 quoque
1241 4444 1380 4498 Opus
1414 4432 1500 4481 est
1525 4443 1689 4482 cura-

54 4526 258 4590 tione,
285 4519 437 4592 quod
459 4519 531 4573 sit
555 4519 711 4573 locus
742 4518 1014 4571 desertus.

553 4639 813 4696 CAPITA
839 4640 937 4694 XV
959 4639 1046 4695 ET
1074 4640 1221 4694 XVI.

531 4767 647 4819 Vita
677 4768 864 4820 Pa‘csii
884 4770 929 4819 et
953 4767 1109 4821 Isaia:
1133 4762 1263 4835 (38).

134 4873 527 4934 AliiPaaesius
554 4872 797 4927 etIsaias
826 4872 1053 4929 nomine
1070 4872 1300 4926 fuerunt
1340 4871 1559 4937 fratres,
1594 4887 1688 4942 pa-

54 4976 159 5027 tre
176 4970 504 5021 mercatore
533 4961 829 5034 Hispanico
861 4960 1101 5031 (30),qui
1130 4961 1356 5032 quidem
1382 4978 1508 5015 cum
1530 4966 1691 5031 pater

56 5071 283 5115 eorum
317 5057 465 5107 esset
488 5058 762 5117 mortuus,
788 5050 1097 5104 diviserunt
1126 5051 1417 5104 facultates
1440 5066 1578 5120 quas
1594 5050 1691 5103 ha-

52 5143 301 5201 bebant
324 5138 385 5191 in
414 5136 711 5191 mobilibus
743 5155 758 5190 :
786 5135 845 5189 in
875 5136 1120 5189 nummis
1177 5136 1402 5205 quidem
1444 5135 1690 5205 quinque

55 5230 284 5295 millia,
320 5227 379 5281 in
410 5226 650 5280 vestibus
680 5230 870 5279 autem
888 5229 947 5278 et
978 5224 1150 5278 servis
1181 5241 1302 5294 quae
1331 5223 1555 5277 inventa
1579 5223 1693 5277 fue-

55 5326 231 5379 rant.
297 5316 347 5371 Ii
374 5315 524 5370 inter
551 5331 611 5369 se
641 5313 1041 5379 deliberarunt,
1080 5319 1136 5366 et
1166 5312 1272 5366 sibi
1316 5312 1686 5379 consulentes,

55 5405 382 5467 dicebant:
409 5403 702 5468 Quodnam
728 5401 851 5455 vita
878 5401 978 5455 iter
1002 5400 1402 5470 ingrediemur,
1425 5416 1456 5452 ο
1478 5398 1692 5453 frater?

57 5502 127 5557 Si
162 5506 538 5553 exerceamus
558 5496 935 5546 mercaturam
964 5506 1130 5560 quam
1152 5494 1311 5560 pater
1330 5492 1522 5542 noster
1537 5503 1693 5542 exer-

54 5589 217 5654 cuit,
248 5599 361 5639 nos
382 5581 763 5653 relinquemus
791 5579 915 5633 aliis
936 5583 1157 5632 nostros
1187 5577 1426 5643 labores,
1460 5582 1517 5631 et
1546 5577 1689 5631 forte

60 5676 253 5737 ncide
272 5688 409 5749 mus
437 5670 496 5727 in
526 5668 779 5744 pericula
809 5668 896 5723 vel
923 5668 1211 5723 latronum
1238 5666 1326 5723 vel
1354 5665 1546 5731 maris.
1576 5665 1693 5737 Age

1779 3276 1908 3336 test,
1936 3271 2042 3336 dic,
2073 3287 2412 3342 quaesumus,
2437 3269 2597 3324 nobis
2626 3269 2795 3341 pedes
2816 3273 2943 3324 tuos
2968 3268 3377 3339 attingentibus

1780 3357 1910 3427 (40),
1938 3365 2003 3413 ut
2032 3361 2091 3413 hi
2121 3360 2235 3413 sint
2263 3359 2523 3430 aequales.
2550 3360 2803 3429 Cumque
2828 3357 2923 3412 alii
2949 3357 3374 3414 exercitatorem

1778 3448 2104 3518 praeferrent
2119 3453 2175 3502 et
2194 3448 2444 3501 dicerent
2462 3465 2472 3499 :
2497 3448 2844 3516 Przeceptum
2862 3444 3113 3517 implevit
3140 3462 3374 3517 evange-

1778 3536 1964 3601 licum,
1979 3543 2044 3591 ut
2054 3538 2150 3608 qui
2171 3537 2361 3591 omnia
2375 3536 2684 3590 vendiderit
2698 3541 2755 3589 et
2772 3534 2990 3589 dederit
3009 3534 3367 3606 pauperibus,

1782 3632 1946 3680 noctu
1979 3633 2033 3681 et
2052 3626 2147 3680 diu
2170 3641 2530 3696 perseverans
2556 3625 2615 3678 in
2645 3623 3008 3691 orationibus,
3040 3639 3262 3679 crucem
3286 3622 3370 3679 fe-

1775 3732 1925 3782 rens,
1959 3721 2016 3769 et
2041 3732 2280 3785 sequens
2311 3716 2662 3769 Servatorem
2689 3732 2701 3782 ;
2734 3718 2931 3768 contra
2955 3718 3146 3768 autem
3174 3712 3271 3767 alii
3296 3711 3366 3768 de

1774 3805 1950 3858 altero
1970 3804 2388 3869 contenderent,
2422 3803 2670 3857 dicentes
2697 3819 2709 3854 :
2743 3802 2863 3868 Hic,
2897 3800 3255 3855 obsecramus
3284 3806 3359 3866 te,

1770 3897 1853 3946 tot
1886 3899 1942 3946 et
1984 3892 2120 3945 talia
2148 3891 2358 3945 viscera
2404 3890 2650 3945 ostendit
2697 3889 2757 3944 in
2794 3905 2988 3944 omnes
3021 3893 3269 3960 egentes,
3300 3893 3367 3944 ut

1770 3981 1949 4036 exiret
1979 3986 2035 4034 et
2054 3981 2272 4034 sederet
2298 3980 2357 4033 in
2386 3979 2488 4034 viis
2521 3979 2710 4049 regiis,
2745 3983 2801 4031 et
2829 3977 2924 4049 qui
2962 3982 3125 4032 erant
3168 3976 3363 4031 afflicti

1769 4069 2074 4138 colligeret,
2109 4073 2165 4122 et
2192 4085 2355 4139 opem
2383 4067 2556 4121 ferret
2587 4085 2599 4134 ;
2624 4069 2761 4122 ’118
2780 4082 2962 4135 neque
2990 4066 3171 4121 solum
3200 4081 3363 4120 suam

1771 4158 2041 4212 recreavit
2066 4157 2330 4224 animam,
2356 4156 2454 4211 sed
2492 4156 2663 4210 etiam
2703 4156 2961 4221 aliorum,
2994 4159 3231 4225 aegrotos
3263 4170 3363 4209 cu-

1770 4264 1922 4312 rans,
1954 4252 2011 4300 ct
2034 4247 2113 4301 eis
2142 4247 2281 4301 dans
2307 4244 2601 4301 auxilium.
2633 4242 2703 4317 Et
2737 4243 2871 4297 dicit
2895 4241 3092 4297 beatus
3110 4240 3321 4297 Pambo
3344 4259 3358 4296 :

1770 4337 1985 4391 Rursus
2013 4335 2169 4389 vobis
2197 4335 2378 4389 dicam
2412 4353 2423 4386 :
2459 4332 2623 4387 ambo
2642 4337 2774 4387 sunt
2800 4347 2964 4403 pares
2990 4331 3141 4402 apud
3170 4330 3360 4385 Domi-

1770 4442 1926 4492 num,
1949 4425 2247 4494 unicuique
2285 4428 2473 4477 autem
2503 4427 2750 4475 vestrum
2780 4420 2849 4474 de
2879 4419 2948 4473 iis
2996 4418 3357 4477 satisfaciam.

1702 4506 1869 4569 DHic
1903 4514 1949 4567 si
1988 4530 2100 4567 non
2128 4528 2306 4583 usque
2342 4512 2480 4565 adeo
2519 4528 2578 4563 se
2613 4508 2968 4573 exercuisset,
2997 4523 3112 4561 non
3165 4506 3363 4561 fuisset

1764 4603 1968 4672 dignus
1990 4607 2054 4657 ut
2072 4601 2230 4655 illum
2249 4598 2487 4654 bonitati
2508 4598 2657 4652 illius
2682 4611 3084 4667 compararem.
3113 4594 3212 4650 Ille
3240 4610 3361 4649 rur-

1765 4711 1861 4749 sus
1881 4694 1977 4765 qui
2025 4692 2313 4748 recreabat
2339 4708 2404 4746 ac
2428 4689 2714 4746 reﬁciebat
2766 4688 3034 4760 hospites,
3066 4692 3125 4742 et
3170 4686 3362 4758 egenis

1767 4782 2148 4847 ministrabat,
2167 4786 2424 4836 ostensus
2455 4778 2786 4834 estDomino
2814 4794 2914 4850 pro
2943 4775 3152 4832 viribus
3180 4792 3363 4848 aequa-

1770 4872 1858 4925 lis.
1893 4873 2018 4941 Ipse
2068 4869 2217 4923 enim
2251 4869 2425 4922 dixit:
2453 4868 2566 4938 Ego
2594 4883 2707 4920 non
2737 4866 2864 4920 veni
2906 4864 3232 4933 ministrari,
3265 4863 3364 4920 sed

1770 4956 2089 5010 ministrare
2109 4954 2323 5022 (Matth.
2355 4954 2473 5023 xx).
2506 4952 2610 5006 Hic
2640 4968 2772 5021 ergo
2799 4950 3057 5005 minister
3084 4950 3189 5005 etsi
3217 4950 3365 5004 vide-

1773 5044 1936 5099 batur
1955 5042 2161 5097 habere
2189 5058 2329 5095 onus
2354 5058 2419 5095 ex
2470 5038 2680 5106 labore,
2711 5043 2960 5094 attamen
2992 5056 3057 5094 ex
3076 5039 3197 5110 ipso
3224 5053 3364 5108 quo-

1772 5151 1881 5205 que
1910 5132 2107 5187 habuit
2131 5129 2555 5185 recreationem.
2593 5130 2923 5200 Exspectate
2953 5132 3140 5182 autem
3170 5126 3365 5197 paulu-

1772 5223 1909 5288 lum,
1942 5229 2006 5276 ut
2031 5238 2064 5274 a
2093 5221 2206 5275 Deo
2227 5236 2447 5291 quoque
2478 5218 2546 5271 de
2576 5218 2663 5271 his
2682 5217 2917 5271 habeam
2946 5214 3359 5280 revelationem,

1773 5318 1833 5366 et
1857 5315 2051 5382 postea
2078 5309 2265 5363 scietis
2284 5324 2411 5361 cum
2438 5307 2722 5361 veneritis.
2748 5304 3089 5360 Intermissis
3108 5319 3241 5373 ergo
3265 5300 3365 5357 ali-

1774 5398 2118 5472 quotdiebus
2135 5396 2516 5462 redierunt,de
2528 5395 2615 5449 his
2632 5394 2900 5464 Magnum
2913 5391 3071 5446 illum
3081 5396 3361 5462 rogantes.

1775 5490 1954 5543 Senex
1984 5492 2169 5541 autem
2194 5485 2483 5558 respondit
2499 5484 2628 5545 illis,
2643 5482 2863 5535 dicens:
2887 5482 3033 5535 Ante
3059 5481 3229 5534 Deum
3259 5476 3367 5546 (41)

1774 5576 1926 5631 vobis
1955 5577 2153 5647 loquor
2182 5594 2194 5642 ;
2225 5574 2337 5629 vidi
2383 5578 2649 5644 utrosque
2711 5569 2878 5625 simul
2922 5574 3135 5626 stantes
3188 5568 3247 5622 in
3276 5582 3370 5640 pa-

1774 5665 1981 5721 radiso.
