3910 6378
543 399 677 463 1107

1119 530 1353 588 CAPUT
1379 529 1552 587 XVII.

970 676 1082 729 Vita
1094 676 1586 743 Macariijunioris
1605 670 1731 744 (42).

612 799 852 865 Quidam
881 803 1044 854 aetate
1059 798 1271 869 junior,
1293 798 1520 853 nomine
1541 797 1836 863 Macarius,
1869 796 2059 850 decem
2080 800 2138 850 et

541 894 665 944 octo
679 905 855 943 annos
868 894 1053 953 natus,
1075 904 1202 943 cum
1220 888 1440 942 luderet
1457 903 1585 941 cum
1609 886 1727 941 suis
1737 885 2046 957 sequalibus
2065 885 2137 939 ad

540 978 725 1033 lacum
757 977 853 1048 qui
882 977 1086 1031 dicitur
1103 977 1300 1044 Maria,
1321 993 1552 1048 pascens
1564 992 1764 1047 pecora
1779 975 1984 1029 caedem
2009 973 2138 1028 fecit

539 1066 994 1121 involuntariam.
1022 1067 1077 1121 Is
1101 1082 1227 1121 cum
1242 1066 1455 1121 nemini
1485 1066 1592 1119 hoc
1619 1064 1874 1130 dixisset,
1906 1063 2058 1118 venit
2076 1064 2135 1118 in

538 1156 918 1222 solitudinem,
938 1162 994 1210 et
1010 1172 1074 1210 eo
1090 1155 1361 1228 processit
1380 1160 1536 1209 metu
1550 1158 1608 1208 et
1626 1154 1729 1209 Dei
1742 1159 1800 1207 et
1818 1153 2130 1219 hominum,

538 1250 604 1301 ut
631 1262 745 1300 non
778 1244 1018 1299 senserit
1044 1262 1103 1299 se
1129 1244 1308 1299 tribus
1338 1244 1500 1298 annis
1528 1243 1804 1297 mansisse
1841 1242 1961 1296 sine
1989 1248 2135 1296 tecto

539 1335 602 1389 in
629 1334 950 1389 solitudine.
990 1334 1093 1388 Est
1146 1339 1336 1388 autem
1388 1332 1488 1387 illa
1532 1336 1683 1386 terra
1732 1331 1907 1397 arida,
1965 1331 2133 1402 idque

539 1422 726 1478 sciunt
766 1439 980 1490 omnes,
1002 1427 1119 1476 tam
1149 1422 1245 1494 qui
1263 1422 1552 1477 auditione
1575 1426 1929 1492 acceperunt,
1963 1436 2130 1492 quam

539 1511 638 1584 qui
654 1528 719 1566 ex
738 1512 861 1583 ipsa
879 1512 1459 1583 noruntexperientia.
1472 1510 1581 1565 Hic
1603 1510 1721 1582 ipse
1738 1509 2014 1566 Macarius
2028 1509 2134 1563 sibi

539 1605 737 1673 postea
755 1600 1049 1655 aedificavit
1065 1601 1319 1655 cellulam
1346 1619 1358 1666 ;
1374 1606 1431 1655 et
1444 1617 1569 1654 cum
1583 1599 1641 1654 in
1663 1616 1731 1653 ea
1747 1599 1973 1653 vixisset
1994 1598 2134 1653 alios

537 1689 736 1761 viginti
765 1695 822 1743 et
842 1690 1089 1761 quinque
1109 1705 1303 1755 annos,
1336 1695 1496 1744 tanta
1510 1689 1695 1759 gratia
1714 1688 1918 1759 dignus
1944 1694 2029 1742 est
2039 1689 2136 1742 ha-

540 1777 706 1843 bitus,
739 1783 804 1833 ut
829 1778 1129 1832 solitudine
1168 1776 1278 1846 (43)
1327 1777 1636 1832 delectatus
1681 1777 1994 1848 despiceret
2020 1777 2136 1830 daa-

1643 404 1737 460 DE
1772 403 1962 461 VITIS
2000 401 2297 459 PATRUM
2334 400 2550 457 LIBER
2584 401 2735 458 V111.

2148 530 2201 589 Α
2219 526 2393 599 exegi,
2415 533 2473 583 et
2498 544 2647 583 nunc
2673 526 2799 582 veni
2825 531 2890 583 ut
2916 530 2973 581 te
3000 542 3065 581 ex
3084 526 3187 581 hac
3207 542 3430 598 quoque
3447 525 3789 598 fugem.Cum

3668 400 3788 459 “(B

2216 633 2349 687 ergo
2364 617 2712 687 cognovisset
2729 616 2928 671 beatus
2938 617 3251 671 Nathanael
3261 632 3321 671 se
3348 616 3524 671 fuisse
3561 616 3786 683 illusum,

2216 722 2472 760 reversus
2502 712 2589 760 est
2629 706 2700 760 ad
2726 706 2968 777 primam
2996 706 3193 761 cellam
3223 727 3236 766 :
3263 710 3320 760 et
3356 704 3541 776 spatio
3580 705 3790 774 triginta

2217 801 2433 866 septem
2462 811 2740 850 annorum
2777 811 2891 849 non
2918 800 3005 850 est
3023 810 3280 866 egressus
3299 799 3460 848 extra
3476 793 3644 863 fores,
3674 811 3791 850 oon-

2217 884 2453 939 tendens
2476 901 2603 938 cum
2632 883 2904 950 daemone,
2936 884 3033 954 qui
3058 888 3145 937 tot
3163 889 3220 937 et
3247 887 3406 937 tanta
3436 883 3490 936 ei
3514 882 3715 937 fecerat
3737 890 3793 938 ut

2218 990 2347 1027 eum
2374 978 2599 1043 cogeret
2609 990 2673 1027 ex
2683 973 2824 1027 cella
2845 972 3034 1043 egredi
3040 978 3134 1042 ,ut
3154 988 3226 1026 ne
3245 988 3311 1026 ea
3329 987 3565 1026 narrare
3586 971 3794 1043 quidem

2216 1062 2399 1116 liceat.
2421 1063 2605 1133 Atque
2618 1062 2767 1115 inter
2784 1066 2985 1116 caetera
3003 1060 3226 1132 quidem
3241 1060 3346 1115 hoc
3361 1060 3712 1115 machinatus
3720 1066 3797 1115 est

2218 1151 2491 1206 bonorum
2529 1151 2811 1218 inimicus,
2844 1166 3044 1222 nempe
3073 1154 3139 1205 ut
3176 1166 3303 1204 eum
3319 1148 3527 1220 probro
3548 1166 3615 1203 ac
3639 1149 3796 1204 dede-

2217 1257 2345 1296 core
2373 1239 2638 1307 afficeret,
2671 1240 2742 1294 ad
2772 1241 2893 1311 ejus
2923 1238 3364 1311 abrumpendum
3392 1238 3730 1293 institutum.

2285 1330 2425 1384 Cum
2453 1334 2667 1401 septem
2696 1329 2874 1383 sancti
2903 1328 3148 1400 episcopi
3166 1332 3423 1382 sanctum
3461 1327 3793 1395 invisissent,

2214 1424 2315 1473 aut
2333 1435 2398 1473 ex
2414 1419 2515 1473 Dei
2543 1417 2913 1489 providentia.
2942 1421 3043 1472 aut
3055 1416 3490 1488 exsuggestione
3514 1416 3666 1471 illius
3690 1422 3798 1471 ten-

2214 1508 2464 1574 tationis,
2497 1524 2626 1563 eum
2664 1506 3069 1579 propemodum
3099 1505 3415 1561 deturbavit
3436 1521 3472 1558 a
3499 1506 3795 1577 proposito.

2216 1598 2357 1652 Cum
2378 1597 2528 1651 enim
2556 1596 2802 1667 episcopi
2825 1601 3123 1667 postquam
3150 1611 3277 1650 eum
3290 1594 3631 1661 invisissent,
3661 1611 3798 1649 oras-

2216 1692 2360 1752 sent,
2392 1691 2449 1740 et
2467 1691 2593 1757 post
2621 1685 2932 1740 orationem
2955 1684 3190 1751 exirent,
3210 1701 3280 1739 ne
3303 1701 3563 1755 gressum
3583 1684 3798 1755 quidem

2215 1791 2391 1829 unum
2415 1775 2572 1845 pedis
2594 1791 2690 1829 eos
2718 1774 3017 1829 comitatus
3039 1780 3128 1828 est
3159 1773 3241 1827 vir
3259 1774 3541 1843 egregius,
3561 1790 3635 1827 ne
3652 1774 3799 1827 daret

536 1883 750 1922 mones.
794 1867 908 1937 Ego
933 1883 1063 1921 cum
1102 1883 1168 1921 eo
1193 1871 1445 1921 versatus
1473 1866 1639 1936 longo
1660 1847 1935 1937 tempore,
1957 1864 2027 1919 ab
2065 1881 2131 1919 eo
2149 1847 2195 1907 Β
2213 1864 2397 1919 locum
2415 1864 2643 1918 inimico
2672 1863 2967 1919 bonorum.
3002 1862 3065 1918 Ei
3084 1879 3218 1933 ergo
3233 1862 3428 1917 dicunt
3449 1862 3676 1917 diaconi
3697 1862 3798 1933 epi-

535 1955 704 2010 didici
735 1956 1009 2027 quomodo
1020 1956 1220 2010 atfecta
1247 1961 1396 2010 esset
1422 1956 1545 2025 ejus
1571 1954 1714 2009 ratio
1741 1953 1811 2008 ob
1838 1960 2126 2025 peccatum

535 2044 721 2100 cedis.
748 2043 981 2099 Dicebat
1004 2049 1214 2109 autem,
1242 2049 1465 2098 tantum
1494 2043 1689 2098 abesse
1709 2048 1774 2098 ut
1801 2043 2035 2108 doleret,
2068 2048 2131 2097 ut

534 2133 705 2188 etiam
737 2133 951 2204 gratias
980 2137 1174 2203 ageret
1202 2132 1273 2187 de
1319 2132 1553 2187 crimine
1582 2132 1767 2187 caedis.
1794 2132 1927 2187 Fuit
1980 2132 2131 2186 enim

533 2223 711 2278 caedes
723 2222 1099 2277 involuntaria
1114 2221 1251 2275 mihi
1263 2238 1429 2276 causa
1442 2221 1658 2276 salutis.
1673 2220 1905 2277 Dicebat
1916 2227 2126 2288 autem,

534 2328 603 2366 ex
634 2311 938 2382 Scripturis
980 2312 1218 2365 atterens
1280 2311 1668 2365 testimonium
1722 2310 1906 2375 caedis,
1941 2328 2064 2382 quae
2097 2327 2133 2364 a

531 2416 738 2471 magno
766 2400 868 2455 Dei
888 2416 1047 2455 servo
1075 2400 1266 2471 Moyse
1294 2399 1440 2454 facta
1465 2399 1572 2455 fuit
1596 2400 1654 2454 in
1692 2401 1951 2471 Egypto.
1983 2400 2133 2471 quod

531 2489 640 2544 nisi
660 2494 890 2561 propter
902 2489 1011 2543 caad
1020 2506 1128 2556 em,
1146 2495 1202 2542 et
1226 2494 1440 2543 metum
1458 2490 1594 2543 Phan
1608 2490 1785 2555 aonis,
1806 2506 1919 2543 non
1930 2488 2133 2560 dignus

530 2576 757 2631 habitus
785 2576 984 2631 fuisset
1012 2578 1224 2648 Moyses
1253 2576 1467 2631 visione
1494 2576 1737 2643 Domini,
1771 2583 1829 2632 et
1854 2582 2011 2631 tanto
2040 2577 2136 2631 do-

532 2681 626 2731 no,
642 2670 700 2719 et
728 2665 1136 2736 conscriptione
1159 2670 1481 2719 sanctorum
1495 2666 1845 2736 cloquiorum
1862 2665 2124 2736 Spiritus.

533 2754 680 2808 Nam
706 2770 835 2807 cum
865 2754 1155 2825 effugisset
1177 2771 1241 2808 ex
1257 2754 1778 2825 Egyptomervenit
1794 2754 1852 2808 in
1881 2760 2130 2809 montem

538 2841 692 2897 Sina.
727 2841 856 2896 Haec
876 2846 1064 2895 autem
1079 2841 1204 2895 dico
1234 2858 1349 2895 non
1370 2840 1629 2896 muniens
1651 2842 1795 2895 viam
1826 2842 1897 2897 ad
1922 2843 2130 2897 caedem

536 2930 783 3002 aliquam
808 2971 821 2998 ,
850 2930 948 2985 sed
993 2930 1179 3001 potius
1209 2930 1507 2985 ostendens
1529 2948 1651 2985 esse
1680 2932 1849 2985 etiam
1896 2932 2131 2986 virtutes

534 3036 657 3092 qua;
710 3019 970 3073 oriuntur
998 3035 1063 3074 ex
1115 3036 1266 3086 casu,
1300 3020 1521 3090 quando
1567 3036 1680 3074 non
1713 3021 1827 3074 vult
1855 3020 1980 3091 quis
2032 3037 2134 3075 sua

533 3099 736 3180 sponte
760 3108 831 3162 ad
851 3107 1061 3163 bonum
1089 3109 1367 3163 accedere.
1403 3107 1483 3162 Ex
1504 3108 1801 3164 virtutibus
1832 3109 1981 3164 enim
2010 3110 2132 3164 alite

2212 1970 2507 2025 500porum
2525 1972 2536 2006 :
2553 1951 2803 2024 Superbe
2822 1958 2880 2006 te
2906 1952 3075 2022 geris,
3094 1969 3127 2005 ο
3148 1951 3338 2018 abbas,
3366 1952 3463 2024 qui
3494 1969 3610 2007 non
3638 1952 3797 2007 dedu-

2211 2043 2290 2096 cis
2335 2043 2644 2113 episcopos.
2686 2043 2741 2097 Is
2781 2058 2909 2096 vero
2943 2041 3079 2095 dicit
3130 2040 3211 2095 eis
3247 2042 3397 2112 :Ego
3436 2045 3495 2095 et
3548 2041 3795 2096 dominos

2212 2148 2366 2185 meos
2378 2131 2661 2202 episcopos
2700 2131 2841 2197 colo,
2856 2135 2913 2185 et
2931 2147 3156 2185 omnem
3170 2131 3382 2185 clerum
3394 2130 3611 2185 honoro
3631 2149 3646 2193 ;
3662 2148 3799 2185 sum-

2213 2236 2321 2291 que
2351 2237 2454 2290 ego
2479 2226 2736 2291 peccator
2763 2220 3014 2274 omnium
3038 2219 3331 2274 hominum
3350 2219 3702 2290 peripsema:
3724 2219 3805 2273 his

2213 2314 2403 2363 autem
2434 2309 2692 2363 omnibus
2722 2314 2780 2363 et
2799 2308 2902 2364 toti
2934 2308 3074 2375 vitae,
3107 2307 3328 2380 quodin
3356 2324 3448 2361 me
3463 2314 3569 2375 est,
3606 2325 3802 2379 propo-

2213 2397 2321 2452 sito
2336 2414 2460 2452 sum
2488 2403 2539 2463 3'
2558 2403 2597 2462 ι
2608 2402 2674 2462 9
2688 2402 2965 2452 mortuus.
2984 2398 3099 2467 Ego
3114 2397 3264 2452 enim
3277 2397 3455 2452 habeo
3475 2414 3707 2469 scopum
3723 2414 3805 2451 oc-

2214 2487 2447 2552 cultum,
2478 2502 2648 2557 quem
2675 2486 2781 2541 scit
2815 2485 3086 2541 Dominus
3127 2487 3224 2557 qui
3253 2486 3406 2541 novit
3446 2486 3666 2541 occulta
3698 2487 3801 2540 mei

2215 2576 2416 2642 cordis,
2459 2592 2560 2630 cur
2588 2592 2683 2630 eos
2702 2592 2817 2630 non
2843 2592 2970 2630 sum
2994 2575 3311 2630 comitatus.

2287 2666 2428 2719 Cum
2457 2682 2592 2736 ergo
2618 2664 2707 2719 hic
2735 2681 2957 2736 quoque
2988 2669 3145 2719 actus
3166 2680 3278 2719 non
3307 2662 3670 2719 successisset
3696 2664 3806 2719 da-

2213 2754 2588 2821 moni,rursus
2600 2754 2771 2808 talem
2783 2753 3020 2825 suscipit
3030 2754 3501 2824 figuram.Novem
3521 2753 3803 2808 mensibus

2212 2848 2343 2898 ante
2369 2843 2768 2897 dormitioncm
2782 2842 3006 2897 athletae
3020 2842 3449 2897 transformatus
3469 2847 3556 2897 est
3582 2842 3641 2896 in
3668 2860 3803 2914 pue-

2214 2948 2341 2986 rum
2370 2932 2666 2986 duodecim
2685 2948 2862 2986 annos
2882 2936 3097 2995 natum,
3121 2936 3388 3003 tanquam
3420 2936 3681 3002 agentem
3705 2932 3808 2985 asi-

2214 3038 2350 3076 num
2378 3037 2583 3093 panem
2611 3021 2669 3075 in
2700 3026 2892 3093 sporta
2927 3021 3216 3075 ferentem.
3240 3020 3347 3085 Qui
3369 3037 3506 3091 puer
3528 3036 3656 3074 cum
3688 3037 3807 3075 sero

2216 3126 2442 3181 vespere
2460 3114 2609 3164 esset
2636 3126 2808 3181 prope
2836 3110 3052 3182 cellam,
3080 3108 3385 3163 simulabat
3408 3108 3673 3163 cecidisse
3700 3108 3808 3162 asi-

535 3197 763 3269 quidem
800 3202 935 3252 sunt
963 3214 1085 3268 quae
1114 3186 1179 3251 ex
1205 3198 1492 3252 voluntate
1524 3202 1582 3252 et
1636 3213 1704 3253 ex
1760 3204 1954 3253 nostro
2010 3198 2195 3281 ani-0
2216 3216 2375 3263 num,
2406 3205 2463 3253 et
2482 3215 2541 3252 se
2560 3198 2801 3252 clamare
2824 3197 3015 3253 :Abba
3033 3198 3364 3264 Nathanael,
3385 3198 3653 3252 miserere
3680 3199 3809 3261 mei,

533 3286 613 3341 mi
641 3286 900 3342 instituto
956 3287 1424 3359 proficiscuntur;
1454 3287 1577 3342 aliae
1607 3304 1737 3343 vero
1766 3304 1888 3360 qum
1908 3305 1973 3343 ex
2002 3304 2135 3344 casu

535 3386 861 3431 nascuntur.

1101 3466 1335 3521 CAPUT
1365 3465 1565 3521 XVIII.

962 3555 1080 3608 Vita
1108 3555 1321 3609 abbatis
1351 3554 1687 3609 Nathanael.

610 3642 690 3697 Ex
719 3641 998 3697 veteribus
1043 3643 1252 3698 sanctis
1286 3642 1395 3697 fuit
1423 3642 1651 3714 quidam
1696 3641 1859 3708 alius,
1893 3643 2138 3714 Optimus

540 3731 751 3786 Christi
789 3731 1019 3798 athleta,
1050 3732 1279 3786 nomine
1300 3732 1636 3787 Nathanael.
1652 3732 1791 3786 Eum
1817 3749 1918 3804 ego
1931 3750 2043 3787 non
2060 3732 2139 3787 of-

536 3820 690 3876 fendi
706 3820 766 3875 in
778 3837 944 3875 carne
966 3839 979 3889 ;
994 3821 1303 3876 dormierat
1314 3822 1466 3875 enim
1487 3821 1805 3892 quindecim
1835 3822 1997 3878 annis
2008 3829 2139 3879 ante

540 3926 733 3966 meum
763 3910 1065 3965 adventum
1090 3910 1150 3965 in
1174 3915 1440 3965 montem.
1473 3912 1615 3965 Cum
1643 3918 1833 3966 autem
1853 3913 1913 3967 in
1944 3930 2038 3968 eos
2057 3913 2142 3967 in-

543 3999 803 4054 cidissem
831 3999 927 4070 qui
955 4015 1081 4053 cum
1093 3999 1199 4053 hoc
1228 4004 1419 4054 sancto
1448 4016 1507 4055 se
1527 4007 1910 4069 exercuerant,
1942 4008 2000 4056 et
2018 4002 2141 4057 fue-

542 4092 673 4142 rant
688 4087 740 4141 ei
759 4093 1010 4158 tempore
1037 4088 1297 4158 aequales,
1312 4088 1380 4143 de
1401 4087 1503 4142 viri
1522 4088 1998 4144 virtutelubenter
2017 4106 2143 4145 sum

546 4192 642 4230 eos
657 4175 987 4230 sciscitatus.
1001 4176 1140 4230 Mihi
1160 4182 1352 4230 autem
1369 4177 1418 4247 ej
1427 4194 1492 4230 us
1513 4193 1733 4248 quoque
1743 4179 1937 4233 cellam
1962 4184 2145 4233 osten-

546 4264 770 4331 derunt,
803 4264 862 4318 in
891 4280 1003 4336 qua
1027 4264 1215 4319 nullus
1239 4265 1423 4319 adhuc
1449 4264 1686 4335 habitat,
1702 4267 1850 4337 quod
1879 4268 1954 4322 sit
1980 4273 2144 4323 terra:

550 4352 817 4408 habitatas
828 4353 1212 4425 propinquior.
1229 4354 1330 4408 llle
1344 4354 1494 4408 enim
1514 4353 1856 4411 beatustunc
1868 4373 1991 4411 eam
2010 4373 2143 4411 con-

551 4442 943 4515 didit,quando
964 4443 1079 4497 rari
1101 4443 1325 4498 fuerant
1344 4444 1714 4499 anachoreta.
1746 4446 2009 4501 Narravit
2037 4463 2143 4500 au-

2219 3293 2277 3343 et
2304 3288 2527 3359 porrige
2541 3286 2678 3341 mihi
2692 3303 2942 3341 manum.
2968 3287 3068 3342 Ille
3087 3292 3276 3342 autem
3290 3286 3499 3341 audivit
3508 3287 3706 3358 utique
3724 3304 3811 3341 vo-

2218 3393 2338 3431 cem
2363 3376 2557 3448 pueri;
2589 3382 2647 3431 et
2667 3381 2860 3448 aperto
2872 3375 3014 3431 ostio
3035 3376 3206 3442 cella,
3228 3380 3382 3430 stans
3407 3375 3560 3430 intus
3586 3374 3640 3429 ei
3672 3375 3813 3429 dice-

2218 3464 2348 3520 bat:
2387 3466 2523 3530 Quis
2578 3482 2656 3531 es,
2684 3470 2741 3520 et
2774 3465 2909 3536 quid
2957 3464 3040 3519 vis
3084 3464 3189 3519 tibi
3223 3464 3469 3519 faciam?
3494 3464 3813 3536 Respondet

2218 3555 2443 3609 daemon
2470 3572 2481 3607 :
2507 3555 2623 3625 Ego
2644 3571 2768 3609 sum
2791 3555 2960 3625 hujus
3005 3554 3266 3610 monachi
3302 3552 3575 3620 minister,
3600 3558 3663 3607 et
3698 3552 3811 3607 fero

2220 3660 2414 3715 panes,
2444 3644 2710 3715 quoniam
2723 3649 2995 3714 estagape
3024 3642 3240 3698 tuinoti
3267 3642 3561 3709 fratris;et
3595 3643 3812 3696 crasil-

2221 3733 2536 3787 lucescente
2556 3732 2798 3788 Sabbato
2819 3749 2957 3804 opus
2974 3737 3062 3787 est
3083 3730 3471 3786 oblationibus.
3493 3731 3652 3801 Rogo
3683 3747 3812 3801 ergo

2221 3826 2280 3876 te
2308 3838 2379 3876 ne
2407 3838 2497 3875 me
2508 3822 2801 3893 despicias,
2814 3837 2884 3876 ne
2903 3821 3135 3876 devorer
3154 3820 3224 3876 ab
3245 3820 3474 3892 hymnis.
3496 3820 3642 3874 Sunt
3662 3820 3813 3874 enim

2223 3911 2436 3983 hyaenae
2464 3911 2524 3965 in
2544 3911 2629 3966 his
2656 3911 2808 3966 locis.
2831 3912 2998 3967 Stans
3018 3927 3150 3981 ergo
3170 3914 3361 3965 mutus
3371 3909 3570 3964 beatus
3596 3910 3815 3965 Natha-

2224 4001 2372 4068 nael,
2396 4018 2509 4073 prae
2525 4000 2741 4071 ingenti
2761 4000 2882 4071 ejus
2901 3999 3283 4054 misericordia
3305 3998 3817 4070 caligabatcontur-

2225 4089 2389 4145 batus
2408 4089 2733 4155 visceribus,
2765 4095 2823 4144 et
2851 4087 3150 4161 reputabat
3167 4088 3313 4160 apud
3341 4104 3400 4143 se
3419 4088 3551 4159 quid
3586 4088 3816 4151 faceret,

2225 4179 2416 4235 dicens
2441 4198 2453 4232 :
2475 4180 2591 4233 Aut
2610 4179 2862 4234 futurum
2876 4183 2962 4233 est
2982 4183 3045 4232 ut
3061 4177 3441 4249 transgrediar
3462 4177 3814 4235 mandatum.

2226 4275 2368 4324 auta
2382 4268 2667 4340 proposito
2689 4267 2958 4322 excidam.
2974 4268 3176 4321 Postea
3189 4267 3283 4338 pia
3300 4266 3447 4338 apud
3466 4283 3524 4320 se
3546 4272 3817 4336 reputans

2226 4357 2563 4428 cognitione,
2582 4356 2751 4412 dixit:
2779 4355 2982 4411 Melius
3015 4361 3101 4411 est
3112 4372 3181 4410 ne
3192 4355 3513 4410 labefactem
3532 4360 3619 4410 tot
3637 4372 3817 4409 anno-

2225 4464 2351 4502 rum
2373 4446 2717 4518 prOpositum
2730 4445 2801 4501 ad
2825 4446 3131 4517 ignominia
3141 4445 3492 4500 afﬁciendum
3511 4450 3573 4499 et
3596 4445 3820 4499 vincen-

472 4578 479 4585 .
548 4536 665 4586 tem
678 4532 817 4586 mihi
834 4532 1114 4603 egregiam
1130 4534 1252 4603 ejus
1265 4532 1721 4589 exercitationem
1745 4553 1757 4602 ;
1778 4551 1981 4606 nempe
1994 4534 2141 4605 quod
2158 4534 2205 4592 D
2225 4536 2360 4591 dum
2381 4535 2687 4591 diabolum.
2711 4536 2853 4591 Cum
2870 4535 3062 4606 itaque
3078 4534 3379 4590 Dominum
3398 4539 3677 4604 rogasset,
3690 4534 3822 4588 dicit

549 4626 767 4676 tantam
799 4621 1063 4676 habuerit
1088 4622 1148 4675 in
1172 4623 1313 4676 cella
1353 4622 1735 4689 tolerantiam,
1764 4629 1829 4678 ut
1855 4640 2145 4695 nunquam
2227 4642 2401 4697 puero
2423 4625 2518 4696 qui
2537 4641 2666 4679 cum
2685 4641 2751 4679 eo
2786 4624 3121 4696 loquebatur
3150 4643 3162 4678 :
3194 4623 3357 4691 Audi,
3388 4639 3546 4695 puer,
3573 4627 3679 4677 aut
3700 4623 3822 4694 qui-

551 4708 797 4764 dimotus
809 4710 884 4764 sit
908 4726 944 4763 a
962 4710 1264 4781 proposito.
1293 4712 1433 4765 Cum
1456 4711 1525 4765 ab
1548 4711 1709 4767 initio
1736 4712 1934 4767 fuisset
1954 4713 2147 4767 illusus
2228 4732 2446 4786 cunque
2461 4714 2557 4769 sis.
2577 4714 2756 4768 Credo
2785 4713 2845 4768 in
2858 4715 3033 4769 Deum
3054 4729 3217 4784 quem
3232 4713 3368 4777 colo,
3389 4712 3483 4783 qui
3496 4711 3825 4766 dominatur

552 4798 870 4864 adaemone,
896 4799 991 4870 qui
1018 4815 1212 4853 omnes
1232 4799 1435 4865 illudit,
1460 4801 1555 4872 qui
1579 4817 1708 4856 eum
1736 4801 1849 4856 labi
1868 4802 2147 4857 feceratin
2182 4813 2191 4818 '
2230 4803 2404 4858 cuivis
2441 4803 2683 4874 spiritui,
2734 4803 2883 4873 quod
2922 4802 2969 4856 si
2993 4801 3199 4856 auxilio
3228 4816 3418 4856 revera
3447 4816 3633 4870 egeas,
3679 4801 3826 4855 Deus

555 4887 868 4942 socordiam
896 4887 1137 4942 etanimi
1165 4905 1482 4957 maerorem,
1509 4896 1567 4944 et
1588 4907 1716 4945 eum
1744 4907 1775 4944 e
1797 4892 1934 4945 cella
1957 4908 2150 4962 exege-
2230 4892 2532 4959 tibimittet
2549 4892 2820 4947 auxilium
2848 4911 2862 4959 ;
2884 4897 2941 4947 et
2958 4908 3139 4963 neque
3156 4890 3387 4963 hyaenae,
3409 4905 3591 4959 neque
3609 4889 3828 4961 aliquid

556 4982 647 5031 rat
669 4977 834 5043 (visus
859 4982 946 5031 est
972 4978 1121 5031 enim
1144 4992 1265 5047 esse
1294 4978 1471 5033 tristis
1510 4983 1567 5034 et
1585 4980 1772 5034 animo
1792 4980 1923 5051 angi
1943 4981 2003 5035 in
2032 4980 2149 5052 pri-
2233 4982 2386 5037 aliud
2405 4981 2667 5036 tibimale
2685 4981 2875 5048 faciet;
2907 4981 2994 5035 sin
3008 4986 3197 5035 autem
3219 4996 3277 5034 es
3290 4978 3544 5045 tentatio,
3570 4978 3685 5033 hoc
3698 4995 3830 5050 quo-

557 5082 653 5121 ma
667 5066 851 5133 cella),
866 5065 1018 5121 illinc
1034 5066 1223 5138 itaque
1243 5068 1528 5135 recedens,
1545 5069 1836 5123 aediﬁcavit
1845 5069 2013 5123 aliam
2030 5086 2153 5140 pro-

558 5155 912 5228 pinquiorem
934 5173 1095 5227 pago.
1113 5156 1416 5227 Postquam
1437 5174 1570 5228 ergo
1599 5158 1831 5229 perfecit
1854 5159 2072 5224 cellam,
2097 5164 2154 5213 et

557 5246 616 5301 in
641 5262 706 5301 ea
724 5245 996 5300 habitavit
1009 5250 1123 5300 tres
1143 5246 1229 5300 vel
1249 5252 1492 5318 quatuor
1510 5248 1969 5314 menses,accedit
1981 5254 2149 5304 noctu

559 5334 777 5390 daemon
805 5341 1063 5391 tauream
1084 5340 1279 5390 tenens
1307 5335 1453 5390 sicut
1479 5334 1723 5401 lictores,
1747 5352 1859 5406 prae
1888 5354 1947 5391 se
1966 5337 2152 5393 ferens

563 5425 802 5496 speciem
840 5425 1033 5480 militis
1062 5425 1263 5497 pannis
1295 5425 1497 5487 induti,
1533 5430 1591 5479 et
1616 5429 1815 5479 taurea
1847 5427 1948 5493 (44)
1984 5428 2155 5482 edens

564 5515 850 5586 strepitus.
884 5514 988 5570 Cui
1030 5531 1349 5581 succensus,
1382 5514 1524 5568 dixit
1568 5513 1766 5570 beatus
1791 5517 2107 5572 Nathanael
2138 5541 2151 5575 :

569 5602 705 5665 Quis
730 5608 793 5657 tu
825 5620 885 5658 es
913 5604 1009 5675 qui
1037 5603 1155 5658 haec
1182 5603 1318 5657 facis
1345 5603 1404 5657 in
1451 5619 1576 5657 meo
1608 5603 1851 5675 hospitio
1882 5606 2156 5662 ?Daemon

2233 5088 2341 5143 que
2367 5072 2517 5126 Deus
2536 5070 2676 5124 mihi
2689 5070 2890 5125 exhinc
2911 5071 3032 5141 jam
3052 5067 3333 5135 revelabit,
3360 5073 3416 5122 et
3451 5067 3644 5121 clauso
3675 5068 3828 5122 cella:

2234 5160 2377 5213 ostio
2407 5164 2495 5213 est
2520 5157 2825 5229 ingressus.
2858 5158 3078 5213 Pudore
3102 5162 3290 5212 autem
3327 5156 3555 5210 allectus
3603 5154 3830 5209 dzemon

2235 5248 2383 5319 quod
2414 5248 2497 5302 sic
2519 5264 2740 5319 quoque
2770 5252 2917 5302 esset
2942 5246 3135 5313 victus,
3156 5246 3434 5300 resolutus
3461 5249 3548 5298 est
3571 5244 3632 5298 in
3653 5243 3833 5298 turbi-

2236 5354 2382 5403 nem,
2434 5336 2771 5408 onagrisque
2815 5335 3219 5391 exsultantibus
3266 5352 3330 5389 ac
3384 5332 3740 5404 fugientibus
3780 5338 3831 5385 et

2235 5427 2533 5497 strepitum
2565 5425 2859 5480 edentibus
2880 5425 3240 5488 assimilatus,
3262 5424 3342 5478 sic
3368 5422 3610 5477 evanuit.

2309 5517 2426 5570 Hoc
2461 5515 2570 5570 fuit
2608 5520 2891 5570 certamen
2925 5513 3074 5569 beati
3103 5512 3434 5579 Nathanael,
3468 5517 3522 5565 et
3550 5512 3638 5566 hae
3704 5520 3831 5565 sunt

2238 5603 2473 5659 virtutes
2502 5605 2624 5674 ejus
2645 5602 3073 5671 exercitationis,
3105 5607 3162 5657 et
3188 5618 3375 5674 pugna
3403 5600 3610 5656 invicta
3638 5600 3830 5655 adver-

569 5696 756 5746 autem
787 5692 1111 5763 respondit:
1139 5692 1253 5762 Ego
1271 5708 1394 5748 sum
1413 5692 1508 5764 qui
1528 5696 1584 5747 te
1604 5708 1669 5749 ex
1699 5698 1796 5749 tua
1824 5695 2008 5766 prima
2020 5696 2159 5751 cella
2241 5710 2336 5749 sus
2364 5693 2777 5761 adversarium;
2804 5698 2861 5749 et
2889 5693 2980 5749 hic
3008 5693 3130 5765 ejus
3157 5688 3389 5748 celebris
3417 5690 3541 5746 vita
3578 5690 3734 5745 ﬁnis.
