3910 6374
187 358 338 416 1109

640 482 901 539 CAPITA
936 481 1064 537 XIX
1102 480 1190 535 ET
1225 480 1345 535 XX.

191 632 319 686 Vita
361 630 572 683 abbatis
620 628 860 682 Macarii
898 626 1157 693 Egyptiz‘,
1206 629 1254 676 et
1288 623 1525 676 Macariz
1556 619 1799 674 Alcman-

831 716 927 768 dri
933 716 994 767 ni
1027 713 1152 781 (45).

262 846 599 901 Sanctorum
627 846 683 895 et
700 839 1105 895 immortalium
1122 839 1352 892 Patrum
1364 836 1439 897 ,Μ
1445 836 1615 890 acarii
1630 836 1793 906 [Egy-

175 935 298 1007 ptii
327 939 385 989 et
414 932 643 988 Macarii
688 929 1050 985 Alexandrini
1104 929 1283 995 (Ruf/1,
1334 931 1372 981 ι.
1419 941 1479 989 II,
1506 943 1551 979 c.
1581 925 1671 991 28,
1696 924 1793 995 ‘29)

181 1023 548 1095 egregiorum
577 1026 634 1075 et
652 1020 986 1074 invictorum
1014 1018 1376 1081 athletarum,
1398 1017 1644 1069 honestae
1666 1014 1791 1068 vitae

177 1111 523 1177 certamina,
548 1126 670 1181 quas
699 1114 831 1163 sunt
855 1108 1035 1161 multa
1063 1113 1119 1161 et
1149 1123 1371 1175 magna,
1407 1111 1463 1159 et
1492 1104 1791 1158 incredulis

176 1218 365 1274 prope
384 1199 749 1265 incredibilia,
777 1204 833 1253 et
851 1213 1083 1252 narrare
1104 1213 1299 1250 vereor
1325 1201 1382 1249 et
1398 1194 1617 1266 scriptis
1633 1210 1787 1248 man-

175 1293 345 1357 dare,
374 1307 444 1345 ne
472 1293 615 1344 torte
644 1289 755 1344 mei
782 1294 1052 1359 tanquam
1084 1286 1368 1340 n‘endacis
1409 1287 1508 1339 fiat
1550 1284 1780 1338 mentio.

175 1380 352 1446 Quod
379 1385 566 1434 autem
579 1380 728 1433 Deus
753 1378 951 1449 perdat
971 1392 1165 1430 omnes
1192 1376 1284 1446 qui
1307 1376 1613 1446 loquuntur
1634 1388 1787 1427 men-

173 1470 410 1525 dacium
438 1472 610 1540 (Psal.
642 1472 719 1534 v),
752 1468 885 1521 licet
911 1470 1103 1538 aperte
1132 1465 1318 1519 videre
1351 1469 1543 1518 sancto
1575 1463 1784 1534 Spiritu

174 1557 611 1629 pronuntiante.

256 1665 399 1719 Cum
421 1680 523 1734 ego
540 1679 673 1733 ergo
693 1678 794 1733 per
812 1660 912 1716 Dei
927 1660 1169 1731 gratiam
1192 1676 1304 1714 non
1326 1658 1587 1723 mentiar,
1606 1657 1784 1711 homi-

172 1770 320 1809 num
344 1752 665 1807 fidelissime
678 1753 879 1816 Lause,
898 1767 968 1804 ne
987 1750 1063 1803 sis
1085 1765 1306 1820 quoque
1328 1748 1446 1820 ipse
1464 1747 1783 1801 incredulus

171 1844 251 1897 de
264 1844 497 1897 Patrum
514 1838 935 1906 certaminibus;
961 1839 1055 1893 sed
1076 1838 1317 1907 gloriare
1334 1838 1516 1908 potius
1536 1837 1593 1890 in
1610 1852 1781 1889 aemu-
1803 1825 1849 1885 Β

171 1931 393 1986 latione
419 1929 828 1985 exercitationis
858 1945 1050 1983 eorum
1083 1928 1178 1999 qui
1214 1943 1343 1981 vere
1372 1932 1504 1981 sunt
1526 1925 1774 1992 Macarii,

170 2021 291 2075 hoc
320 2026 405 2075 est
432 2020 600 2074 beati.

249 2130 437 2199 Atque
456 2128 670 2199 primus
692 2126 917 2198 quidem
931 2125 1141 2180 Christi
1163 2124 1395 2191 athleta,
1420 2123 1645 2179 nomine
1662 2124 1775 2178 Ma-

171 2218 387 2282 carius,
408 2222 530 2271 erat
550 2233 755 2287 genere
775 2215 1069 2286 {Egyptius
1091 2235 1103 2281 ;
1129 2213 1406 2268 secundus
1428 2219 1616 2267 autem
1644 2218 1776 2267 aita-

170 2313 258 2372 te,
274 2308 373 2362 sed
389 2308 447 2361 in
465 2307 535 2361 iis
550 2324 671 2378 quae
693 2312 825 2360 sunt
845 2305 1246 2359 monachorum
1262 2302 1777 2375 praecipua,primas

168 2402 372 2469 partes
409 2396 686 2461 obtinens,
720 2395 815 2466 qui
862 2395 979 2466 ipse
1013 2411 1234 2466 quoque
1264 2392 1567 2447 vocabatur
1598 2393 1777 2446 Maca-

163 2486 314 2553 rius,
348 2492 473 2541 erat
509 2485 938 2551 Alexandrinus,
971 2484 1067 2555 qui
1098 2482 1372 2537 vendebat
1400 2482 1651 2535 bellaria.

246 2594 321 2648 Et
346 2594 591 2665 primum
615 2593 841 2663 quidem
864 2591 1103 2646 narrabo
1117 2592 1349 2645 virtutes
1370 2590 1598 2644 Macarii
1613 2590 1777 2660 [Egy-

1475 348 1819 407 HISTORIA
1854 348 2229 406 LAUSIACA.

1808 475 1862 535 A
1876 480 2066 546 posset
2085 476 2256 546 figere
2280 475 2538 547 digitum.
2572 476 2703 532 Hac
2730 481 2818 532 est
2841 475 3138 549 prophetia
3151 475 3332 532 sancti
3359 476 3476 532 Ma-

3334 344 3475 407 1110

1879 580 2035 620 081⁸11.

1949 654 2029 706 Ac
2052 653 2120 707 de
2142 653 2263 709 cibo
2292 655 2520 726 quidem
2546 660 2605 710 et
2622 656 2846 727 potione
2883 670 3362 725 supervacaneum
3382 660 3473 711 est

1878 742 2081 808 dicere,
2097 760 2224 798 cum
2254 761 2357 799 nec
2381 745 2530 816 apud
2560 762 2654 799 eos
2673 744 3018 799 socordiores
3052 745 3356 800 monachos
3371 744 3470 816 qui

1875 837 2009 886 sunt
2036 837 2195 888 extra
2228 834 2466 888 inveniri
2495 839 2683 899 νει)
2704 834 2880 904 possit
2908 833 3201 903 ingluvies,
3226 839 3326 889 aut
3352 835 3471 889 ulla

1874 921 2015 975 citra
2035 922 2311 976 delectum
2345 929 2403 977 et
2422 923 2723 977 discrimen
2750 923 2969 977 vivendi
2998 923 3143 977 ratio
3182 923 3293 977 alia
3313 922 3383 977 ab
3399 922 3469 977 iis

1874 1010 1971 1081 qui
2000 1017 2134 1065 sunt
2160 1011 2217 1064 in
2245 1011 2355 1065 illis
2384 1012 2538 1076 locis,
2572 1029 2699 1066 cum
2726 1017 2957 1083 propter
2998 1012 3247 1083 inopiam
3275 1027 3467 1067 rerum

1874 1100 2338 1166 necessariarum,
2366 1106 2486 1155 tum
2515 1101 2682 1155 etiam
2705 1109 2933 1173 propter
2962 1101 3142 1157 zelum
3171 1100 3268 1173 qui
3295 1106 3380 1155 est
3407 1101 3466 1155 in

1867 1188 2067 1254 Deum,
2114 1205 2451 1260 unoquoque
2489 1190 2859 1245 contendente
2896 1191 3116 1246 vincere
3148 1190 3467 1262 proximum

1867 1277 2102 1331 diversis
2123 1277 2247 1331 vita}
2271 1278 2559 1333 institutis.

1938 1367 2019 1420 De
2066 1366 2178 1421 alia
2207 1373 2397 1421 autem
2427 1368 2825 1422 exercitatione
2864 1367 3102 1422 caelestis
3140 1368 3310 1439 hujus
3337 1367 3461 1434 viri,

1871 1455 2099 1510 Macarii
2127 1455 2377 1526 inquam,
2404 1456 2695 1511 dicebatur
2721 1456 2811 1510 hic
2838 1463 3069 1511 sanctus
3091 1473 3213 1511 esse
3242 1457 3464 1511 assidue

1865 1544 1924 1598 in
1954 1545 2177 1610 exstasi,
2212 1550 2269 1598 et
2292 1546 2494 1616 majori
2515 1550 2767 1616 tempore
2787 1562 2914 1600 cum
2934 1547 3050 1601 Deo
3067 1546 3276 1601 versari
3295 1562 3463 1617 quam

1865 1634 2035 1703 hujus
2063 1634 2257 1687 mundi
2288 1633 2452 1688 rebus
2483 1635 2742 1705 occupari
2771 1633 2882 1703 (46)
2912 1654 2924 1702 ;
2979 1637 3140 1707 cujus
3188 1634 3359 1689 etiam
3388 1634 3464 1690 fe-

1866 1728 2071 1777 runtur
2100 1723 2326 1777 diversa
2352 1723 2642 1777 miracula.
3018 1764 3028 1783 .

1936 1812 2231 1882 [Egyptius
2259 1812 2488 1882 quidam
2517 1811 2848 1867 libidinosus
2874 1814 3061 1881 (Ruf/1,
3095 1816 3135 1867 ι.
3169 1826 3231 1880 II,
3263 1830 3309 1867 ο.
3341 1810 3458 1883 28),

1860 1907 2055 1971 captus
2088 1916 2279 1955 amore
2309 1901 2600 1971 cujusdam
2620 1902 2870 1957 mulieris
2890 1902 3169 1972 ingenuae,
3195 1918 3317 1973 quae
3339 1901 3459 1957 viro

1861 1996 2148 2060 nupserat,
2173 2006 2300 2043 cum
2330 2006 2441 2044 non
2465 1996 2655 2061 posset
2683 2006 2810 2044 eam
2829 1990 3080 2045 inescare
3107 1996 3338 2062 propter
3353 2006 3454 2062 pu-

1860 2079 2108 2133 dicitiam
2129 2085 2185 2133 et
2197 2079 2511 2133 castitatem
2525 2096 2659 2149 erga
2671 2081 2964 2150 conjugem
2979 2076 3452 2149 virginitatis(47l,

1860 2172 2119 2223 convenit
2138 2170 2425 2241 improbus
2447 2170 2932 2241 praestigiatorem,
2946 2170 3138 2223 dicens
3161 2188 3172 2223 :
3197 2170 3312 2224 Aut
3330 2185 3456 2224 eam

1859 2258 2032 2311 incita
2060 2263 2126 2311 ut
2153 2275 2242 2312 me
2263 2264 2540 2322 amet,aut
2558 2265 2680 2313 arte
2699 2264 2800 2313 tua
2821 2259 2975 2313 effice
2992 2260 3194 2329 utejus
3216 2258 3455 2314 maritus

1860 2362 1983 2400 eam
2000 2346 2418 2402 dimittat.Cum
2431 2363 2563 2417 ergo
2583 2348 2959 2418 priestigiator
2978 2347 3115 2402 satis
3129 2347 3200 2401 ab
3216 2363 3282 2403 eo
3302 2364 3455 2403 acce-

1857 2435 2048 2505 pisset,
2064 2452 2199 2490 usus
2224 2442 2309 2489 est
2337 2436 2454 2490 suis
2475 2436 2775 2507 praestigiis
2790 2442 2847 2491 et
2869 2436 3344 2491 incantationibus
3366 2441 3456 2505 ;et

1857 2540 1983 2578 cum
2014 2541 2127 2579 non
2144 2530 2331 2595 posset
2354 2526 2402 2595 ej
2411 2541 2475 2579 us
2486 2525 2741 2585 animum
2756 2541 2979 2580 movere
3001 2531 3063 2580 ut
3078 2525 3130 2579 ei
3149 2526 3453 2581 assentire-

1857 2618 1967 2676 tur.
1988 2613 2234 2669 efﬁcitut
2246 2614 2531 2668 videretur
2551 2631 2696 2684 equa
2713 2614 2783 2669 iis
2809 2615 2904 2686 qui
2917 2630 3043 2668 eam
3062 2613 3448 2669 intuebantur.

162 2682 298 2775 Ριξξι
325 2684 421 2775 QP}
450 2682 583 2737 Vix“
612 2682 918 2775 ηοηδείηέει
947 2698 1125 2775 θηᾼηοε
1156 2681 1424 2775 ίημίθβνοεο
1478 2681 1556 2734 Ex
1584 2679 1671 2733 his
1689 2773 1694 2775 _
1712 2680 1771 2733 in
1856 2702 1996 2756 Cum
2017 2719 2149 2773 ergo
2170 2703 2305 2756 foris
2322 2703 2568 2757 venisset
2584 2679 2706 2773 ejus
2722 2679 3202 2775 maritus,aspexit
3218 2719 3450 2758 uxorem

163 2772 478 2863 εοιίίυᾴξηθ
492 2788 670 2826 θάλησε
680 2771 1139 2863 δθκδείηίδοθψη
1153 2770 1387 2863 Wight“
1407 2785 1584 2863 annf’s
1606 2773 1773 2822 natus
1854 2808 2016 2847 suam
2045 2770 2104 2846 in
2124 2792 2304 2845 forma
2323 2808 2479 2861 equae
2496 2811 2508 2859 ;
2523 2770 2763 2863 cumque
2783 2792 2842 2846 in
2862 2809 2965 2847 suo
2978 2770 3120 2847 lecto
3141 2791 3447 2859 cubuisset,

161 2861 537 2954 asseadfsset,
571 2865 1019 2954 essetauestéte
1045 2860 1257 2954 δυηίοῗθ
1312 2865 1428 2954 ta"?
1466 2860 1774 2913 mlemnte"
1855 2882 2101 2936 alienum
2132 2882 2180 2936 ei
2198 2860 2491 2937 videbatur
2510 2860 2737 2953 quodin
2752 2898 2853 2936 suo
2869 2881 3038 2937 cubili
3055 2898 3201 2954 equa
3209 2883 3448 2953 jaceret.

160 2950 307 3006 tulit
324 2950 544 3043 labores
564 2949 976 3043 exercitationis
996 2948 1550 3043 totumdecennium,
1577 2954 1642 3043 ut
1658 2963 1773 3001 ma-
1853 2971 1977 3025 Flet
1996 2988 2128 3041 ergo
2157 2972 2279 3042 ejus
2300 2948 2556 3038 maritus;
2585 2977 2642 3025 et
2657 2971 2999 3026 lamentatur
3021 2948 3169 3043 quad
3183 2948 3304 3025 ram
3333 2986 3448 3026 non

156 3057 286 3131 ἔξω
314 3040 556 3111 quadam
577 3044 634 3093 et
660 3038 1084 3131 ίηείὲηίγάίὲξηυβ
1102 3037 1766 3131 Ῑῖῖλδίξιίθίωάίὲετθῖίοηξξ
1785 3099 1829 3131 ρ
1854 3037 2136 3128 inveniat;
2161 3037 2386 3131 etquod
2408 3037 2735 3114 existimans
2753 3076 2812 3115 se
2824 3037 3319 3131 alloqui-bestiam,
3354 3076 3447 3114 re-

155 3130 311 3184 adeo
350 3134 414 3184 ut
440 3134 733 3183 vocaretur
769 3129 1183 3198 παιδαριογέρων,
1226 3127 1283 3181 id
1322 3132 1422 3191 est,
1466 3126 1525 3181 in
1566 3099 2643 3220 pueriliCsponsum,n0;;ssequatur,
2670 3099 3047 3220 Pm;;r;;:l
3068 3099 3444 3219 ρῑιξῖἆξίυξ,

157 3223 334 3274 atate
349 3217 838 3308 δεηθκνηιιοηίθω
870 3217 1032 3308 cuius
1063 3234 1231 3288 quam
1258 3233 1357 3308 ΡΨ
1387 3222 1551 3308 at?“
1580 3216 1765 3299 PrOfe'
1847 3216 2012 3292 modo
2050 3254 2173 3291 eam
2204 3216 2455 3291 videbat-
2474 3216 2866 3292 irasci—Unde
2894 3216 3105 3307 _magis'
3132 3236 3446 3308 angebatur

156 3314 326 3363 cerat
351 3307 669 3362 virtutibus.
699 3309 839 3361 Cum
857 3307 1005 3361 enim
1025 3312 1175 3361 esset
1195 3306 1569 3396 quadraginta
1588 3321 1765 3358 annos
1847 3327 2054 3394 animo,
2078 3343 2205 3381 cum
2231 3326 2572 3396 intelligeret
2599 3341 2725 3379 eam
2746 3342 2866 3380 esse
2891 3306 3052 3381 sum
3069 3306 3322 3392 ποτέων
3345 3342 3439 3382 ω,

155 3402 354 3462 natus,
377 3402 434 3451 et
464 3401 795 3467 potestatem
828 3396 1041 3465 accepit
1068 3400 1263 3449 contra
1289 3394 1539 3465 spiritus,
1557 3399 1614 3447 et
1640 3410 1765 3463 gra-
1846 3416 2009 3470 riosis
2051 3421 2240 3469 autem
2283 3394 2575 3469 hominum
2612 3414 2828 3469 artibus
2876 3431 2996 3468 esse
3049 3419 3327 3475 mutatam
3380 3415 3442 3471 in

152 3486 311 3540 tiam
330 3486 704 3551 curationum,
730 3490 787 3538 et
812 3485 1070 3555 spiritum
1094 3484 1413 3538 futurorum
1445 3482 1762 3553 praedictio-
1846 3521 2069 3575 equam.
2104 3505 2204 3559 His
2235 3505 2303 3558 de
2334 3504 2516 3559 causis
2546 3503 2783 3558 accersit
2810 3503 2917 3557 vici
2962 3503 3339 3575 presbyteros,
3381 3510 3440 3560 et

153 3575 257 3630 nis
282 3592 294 3627 :
334 3575 537 3645 dignus
565 3591 786 3645 quoque
812 3579 897 3627 est
920 3573 1143 3627 habitus
1164 3572 1490 3626 honorando
1504 3571 1765 3625 sacerdo-
1846 3571 2076 3650 démum
2105 3594 2351 3659 adducit,
2384 3599 2439 3649 et
2468 3594 2549 3648 eis
2574 3610 2699 3647 eam
2718 3571 2999 3660 ostendit‘;
3030 3571 3253 3648 sed'nec
3281 3592 3323 3647 ii
3350 3609 3439 3648 co.

150 3664 267 3719 tio.
299 3664 438 3718 Cum
476 3680 541 3717 eo
571 3663 899 3717 habitarunt
928 3663 1038 3716 duo
1069 3662 1324 3732 discipuli
1353 3661 1411 3714 in
1441 3660 1643 3714 intima
1678 3676 1763 3714 so-

152 3752 424 3818 litudine,
448 3770 570 3823 quae
600 3757 827 3806 vocatur
853 3753 1013 3805 Scete
1038 3764 1049 3799 :
1070 3769 1135 3805 ex
1156 3750 1356 3821 quibus
1375 3766 1522 3804 unus
1535 3749 1760 3819 quidem

151 3846 294 3897 erat
312 3842 362 3896 ei
393 3842 666 3907 minister,
692 3840 787 3912 qui
808 3857 1029 3911 semper
1042 3857 1214 3911 prope
1236 3840 1418 3910 ipsum
1439 3837 1761 3892 invenieba-

148 3937 280 3999 tur,
313 3936 542 4002 propter
571 3947 665 3985 eos
695 3930 791 4001 qui
822 3930 1119 3985 veniebant
1140 3934 1203 3982 ut
1234 3932 1597 3994 curarentur;
1617 3927 1762 3980 alter

149 4025 357 4076 autem
389 4036 642 4073 seorsum
671 4019 904 4074 sedebat
932 4019 989 4072 in
1017 4019 1176 4072 cella.

232 4109 581 4181 Pi‘ocedente
593 4132 782 4180 autem
797 4132 1202 4196 tempore,cum
1216 4129 1441 4180 sanctus
1457 4124 1761 4196 perspicaci

150 4216 327 4273 oculo
348 4216 709 4287 pmvidisset,
734 4215 868 4270 dicit
889 4232 990 4269 suo
1012 4214 1495 4281 ministro,.loanni
1512 4213 1755 4280 nomine,

151 4305 263 4377 qui
294 4310 487 4375 postea
505 4305 683 4359 factus
714 4310 800 4359 est
819 4303 1010 4375 presb)
1023 4310 1111 4358 ter
1123 4304 1183 4358 in
1204 4304 1323 4358 loco
1341 4303 1518 4357 sancti
1533 4302 1761 4357 Macarii

1842 3689 2157 3755 gnoverunt
2176 3684 2553 3737 calamitatem
2570 3700 2693 3754 qua:
2713 3683 2765 3736 ei
2785 3681 3287 3737 acciderat.Tribus
3299 3698 3438 3753 ergo

1844 3773 2040 3827 diebus
2067 3789 2249 3843 neque
2277 3772 2469 3826 fenum
2492 3772 2736 3826 comedit
2753 3776 2819 3826 ut
2836 3788 2998 3842 equa,
3025 3786 3206 3841 neque
3232 3786 3435 3842 panem

1842 3868 1907 3916 ut
1930 3862 2117 3925 homo,
2136 3867 2374 3932 utroque
2390 3861 2659 3914 alimento
2688 3860 2920 3931 privata.
2935 3859 3185 3914 Tandem
3202 3864 3270 3913 ut
3286 3860 3437 3914 Deus

1841 3950 2267 4021 gloriﬁcaretur,
2304 3956 2360 4004 et
2399 3950 2685 4004 videretur
2728 3948 2905 4003 virtus
2956 3948 3136 4003 sancti
3189 3948 3432 4015 Macarii,

1843 4040 2161 4094 ascenditin
2172 4056 2266 4093 cor
2282 4038 2471 4093 mariti
2492 4040 2614 4108 ejus
2634 4038 2838 4092 ducere
2850 4054 2974 4091 eam
2994 4038 3052 4091 in
3075 4036 3433 4092 solitudinem

1842 4129 1914 4183 ad
1942 4134 2198 4183 sanctum
2228 4129 2408 4182 virum
2434 4147 2446 4195 ;
2470 4134 2529 4181 et
2554 4144 2683 4182 cum
2711 4144 2835 4182 eam
2866 4126 3106 4198 capistro
3126 4126 3358 4197 ligasset
3371 4131 3436 4180 ut

1843 4218 2313 4289 equam,duxitin
2342 4218 2721 4271 solitudinem.
2752 4217 2899 4271 Dum
2919 4221 3108 4271 autem
3136 4214 3435 4287 appropin-

1843 4314 2126 4379 quassent,
2136 4314 2415 4363 steterunt
2433 4308 2633 4362 fratres
2647 4323 2820 4378 prope
2839 4306 3037 4361 cellam
3056 4304 3235 4361 sancti
3257 4305 3435 4361 Maca-

154 4393 576 4466 (presbyteratu
590 4388 737 4449 enim
750 4394 955 4464 dignus
972 4392 1389 4448 fuerathabitus
1405 4410 1643 4462 magnus
1659 4396 1761 4446 lla-
1780 4456 1820 4468 _
1842 4397 1911 4450 rii
1938 4414 2065 4452 cum
2096 4399 2219 4468 ejus
2236 4398 2439 4451 marito
2459 4396 2878 4459 contendentes,
2912 4400 2971 4448 et
2989 4394 3238 4449 dicentes
3271 4412 3285 4448 :
3317 4394 3431 4450 Cur

149 4456 373 4552 gariusl
396 4502 407 4536 ε
440 4483 587 4537 Audi
604 4500 713 4545 me,
735 4456 910 4537 frater
923 4484 1185 4548 Joannes,
1215 4488 1273 4537 et
1299 4482 1381 4536 fer
1394 4456 1554 4552 aequo
1568 4481 1757 4536 animo
1778 4456 1827 4516 D
1841 4487 1950 4540 huc
1968 4456 2249 4541 adduicisti
2261 4487 2403 4541 hanc
2424 4502 2624 4556 equam
2636 4486 2661 4537 7
2690 4486 2743 4539 Is
2766 4456 2954 4538 autem
2981 4482 3116 4537 dicit
3141 4501 3154 4536 :
3178 4483 3253 4537 Ut
3268 4483 3431 4539 mise-

150 4588 351 4628 meam
381 4572 841 4637 admonitionem,
872 4589 1049 4642 eaque
1076 4572 1179 4626 tibi
1209 4571 1476 4643 proderit.
1500 4570 1759 4625 Tentaris

150 4662 337 4728 enim,
368 4661 570 4734 inquit,
586 4667 643 4717 et
669 4667 726 4716 te
751 4666 934 4715 tentat
952 4661 1183 4731 spiritus
1204 4660 1467 4715 avaritia}.
1493 4659 1584 4715 Sic
1604 4660 1756 4713 enim

150 4750 278 4806 vidi
295 4769 305 4803 :
329 4756 388 4805 et
405 4752 518 4807 scio
539 4753 688 4823 quod
708 4752 756 4806 si
772 4768 955 4805 meam
969 4767 1127 4821 aequo
1141 4751 1329 4804 animo
1341 4750 1537 4804 tuleris
1557 4750 1756 4803 adhor-

146 4840 454 4907 tationem,
482 4840 541 4894 in
568 4840 670 4895 Dei
694 4840 897 4895 timore
945 4838 1422 4893 consummaberis
1450 4844 1508 4893 et
1542 4839 1601 4891 in
1632 4839 1755 4908 ejus

146 4946 350 5003 Opere,
382 4934 439 4985 et
464 4930 525 4984 in
544 4930 653 4984 isto
681 4930 821 4995 loco,
853 4934 911 4982 et
935 4928 1275 4993 laudaberis,
1298 4932 1355 4982 et
1376 4928 1445 4982 ad
1476 4933 1637 4983 tuum
1665 4932 1754 4981 ta-

148 5020 525 5074 bernaculum
554 5036 666 5074 non
694 5018 1168 5089 appropinquabit
1187 5017 1491 5086 ﬂagellum.
1526 5016 1685 5080 Quod
1706 5016 1753 5071 si

144 5125 275 5164 non
329 5108 594 5170 audieris,
641 5108 700 5162 in
738 5113 796 5162 te
843 5107 1027 5161 veniet
1050 5106 1179 5160 finis
1211 5106 1362 5160 Giezi
1396 5106 1492 5175 (IV
1515 5107 1637 5174 Reg.
1670 5106 1746 5174 v),

144 5198 319 5268 cujus
338 5196 472 5251 vitio
494 5196 733 5252 laboras.
750 5196 1001 5266 Contigit
1016 5202 1204 5250 autem
1230 5200 1295 5249 ut
1313 5199 1504 5248 sancto
1524 5194 1749 5258 quidem

142 5303 268 5343 non
293 5286 568 5341 obedierit
595 5291 725 5357 post
749 5287 871 5356 ejus
893 5290 1151 5350 mortem,
1169 5285 1265 5338 sed
1286 5284 1561 5338 obedierit
1577 5284 1627 5337 ei
1651 5284 1748 5354 qui

141 5376 313 5433 Judae
338 5375 587 5446 alligavit
616 5376 881 5446 laqueum
911 5379 1141 5445 propter
1168 5374 1482 5427 avaritiam.
1518 5373 1586 5427 Et
1623 5378 1749 5443 post

140 5465 294 5521 alios
316 5464 635 5535 quindecim
665 5469 764 5518 aut
792 5464 985 5534 viginti
1006 5481 1202 5528 annos,
1227 5480 1353 5518 cum
1377 5462 1521 5517 bona
1544 5479 1748 5533 paupe-

140 5570 281 5611 rum
306 5552 412 5607 sibi
441 5558 786 5625 usurpasset,
810 5553 891 5607 ita
916 5552 1191 5607 laboravit
1211 5551 1547 5623 elephantia,
1562 5557 1747 5606 utnon

137 5634 498 5702 inveniretur
516 5642 735 5715 integer
753 5642 908 5699 locus
928 5643 987 5698 in
998 5644 1047 5714 ej
1055 5659 1120 5697 us
1140 5657 1394 5714 corpore,
1419 5640 1478 5695 in
1492 5656 1601 5713 quo
1621 5641 1747 5713 quis

1840 4575 2136 4629 ricordiam
2170 4580 2546 4645 consequatur
2566 4574 2745 4628 sancti
2772 4572 3042 4627 oratione.
3075 4571 3175 4626 Ille
3203 4587 3332 4626 vero
3346 4572 3429 4626 di-

1838 4669 1973 4717 cunt
2003 4664 2074 4717 ad
2102 4680 2228 4717 eum
2257 4682 2269 4716 :
2297 4663 2442 4727 Quid
2459 4662 2593 4717 mali
2611 4662 2813 4716 habet?
2832 4662 2932 4717 Ille
2950 4661 3031 4715 eis
3050 4661 3187 4716 dicit
3207 4678 3218 4714 :
3244 4660 3426 4725 Quam

1836 4752 2035 4807 videtis
2056 4770 2278 4824 equam,
2294 4769 2359 4806 ea
2389 4752 2596 4806 misera
2614 4757 2735 4806 erat
2762 4768 2901 4806 uxor
2923 4767 3077 4818 mea;
3109 4766 3292 4821 neque
3311 4750 3427 4805 scio

1838 4842 2308 4911 quemadmodum
2323 4847 2540 4896 mutata
2560 4841 2634 4895 sit
2653 4841 2709 4894 in
2729 4846 3016 4911 equam,et
3026 4841 3147 4911 jam
3168 4845 3426 4895 sunttres

1836 4930 1955 4984 dies
1972 4948 2037 4984 ex
2060 4947 2169 5000 quo
2191 4930 2331 4984 nihil
2352 4929 2610 4984 comedit.
2636 4929 2682 4985 Ii
2706 4934 2897 4983 autem
2919 4945 3047 4984 cum
3068 4930 3186 4985 haec
3214 4929 3426 4984 audiis-

1836 5025 1981 5085 sent,
2001 5020 2251 5075 referunt
2268 5020 2339 5074 ad
2359 5035 2579 5074 servum
2607 5019 2709 5073 Dei
2725 5019 3029 5074 Macarium
3051 5036 3117 5075 eo
3130 5021 3252 5091 jam
3270 5019 3423 5073 intus

1834 5125 1935 5179 pro
1964 5109 2061 5162 illa
2087 5113 2309 5173 orante;
2343 5107 2395 5161 ei
2438 5107 2588 5160 enim
2619 5108 2767 5161 Deus
2794 5108 3153 5174 revelaverat,
3187 5106 3322 5177 ipsis
3350 5105 3423 5160 ad

1833 5213 1962 5252 eum
1982 5196 2349 5263 venientibus;
2376 5202 2434 5250 et
2453 5196 2578 5250 ideo
2604 5196 2803 5251 orabat
2827 5202 2892 5251 ut
2918 5195 3022 5250 sibi
3042 5195 3422 5250 declararetur

1831 5302 1999 5340 causa
2022 5291 2248 5357 prOpter
2275 5301 2445 5356 quam
2470 5286 2575 5339 hoc
2600 5290 2877 5339 evenerat.
2903 5284 3209 5354 Respondit
3228 5288 3421 5340 autem

1830 5382 2056 5430 sanctus
2083 5377 2356 5431 Macarius
2384 5375 2651 5429 fratribus
2705 5374 2800 5445 qui
2848 5374 2898 5428 ei
2952 5374 3421 5429 renuntiaverunt

1830 5466 2129 5536 quemdam
2160 5466 2292 5519 illuc
2320 5481 2528 5535 equum
2554 5464 2866 5528 adduxisse,
2898 5462 3089 5517 dicens
3112 5480 3124 5515 :
3152 5462 3294 5534 Equi
3320 5479 3419 5518 vos

1831 5554 1983 5621 estis,
2018 5554 2113 5624 qui
2138 5554 2355 5609 habetis
2383 5568 2653 5623 equorum
2670 5551 2883 5615 oculos;
2917 5550 3014 5604 illa
3044 5551 3192 5605 enim
3220 5557 3307 5606 est
3332 5552 3416 5608 fe-

1828 5643 1983 5699 mina
2002 5643 2089 5699 .ita
2114 5648 2179 5699 ut
2207 5649 2293 5699 est
2316 5648 2525 5709 creata,
2547 5656 2661 5697 non
2678 5640 3094 5708 transformata,
3109 5641 3207 5697 sed
3227 5641 3308 5699 sic
3330 5659 3418 5701 so.
