3910 6374
461 322 591 383 Illi

1528 331 1623 387 DE
1659 331 1850 391 vms
1886 298 2185 391 puum
2218 334 2435 393 uena
2468 334 2621 393 vm.

3588 334 3722 393 1112

454 453 574 510 lum
601 466 880 527 apparens
908 454 1084 511 oculis
1112 470 1308 512 eorum
1344 457 1442 529 qui
1483 463 1618 515 sunt
1642 460 1881 533 decepti.
1911 461 2046 526 Quae
2062 466 2112 525 Α
2199 463 2334 517 Dico
2354 468 2543 518 autem
2573 467 2829 519 sanctum
2840 460 3722 533 MacariumAlexandrinum,qui

458 560 583 598 cum
598 560 745 598 esset
758 544 1016 612 adducta,
1034 561 1352 617 aquamque
1366 545 1758 616 benedixisset,
1775 556 1833 605 et
1851 550 1909 605 in
1929 552 2051 621 ejus

457 632 620 687 nudae
640 638 810 704 caput
826 632 1322 706 infudisset,super
1334 637 1383 707 ej
1391 653 1457 691 us
1473 643 1643 709 caput
1660 645 1745 692 est
1760 645 2046 710 precatus;

456 721 760 793 statimque
800 722 982 776 ell'ecit
1013 728 1078 778 ut
1113 724 1373 780 omnibus
1408 726 1725 782 videntibus
1768 728 2054 784 videretur

456 810 686 866 femina.
718 811 863 866 Cum
892 816 1081 866 autem
1106 813 1369 883 jussisset
1391 814 1443 869 ei
1472 815 1658 870 cibum
1680 816 1888 883 afferri,
1919 817 2053 872 fecit

456 904 519 955 ut
545 900 887 965 comederet,
913 906 971 956 et
999 917 1125 956 eam
1152 901 1230 957 sic
1256 908 1507 958 curatam
1548 904 1762 959 dimisit
1788 922 1914 960 cum
1947 922 2051 960 suo

456 988 681 1055 marito,
712 989 828 1044 Deo
859 994 1091 1060 agentes
1111 991 1339 1061 gratias.
1377 992 1513 1047 Eam
1544 999 1732 1048 autem
1757 994 2054 1050 admonuit

456 1077 541 1131 vir
577 1078 698 1143 Dei,
738 1078 819 1133 sic
842 1079 1033 1134 dicens
1063 1099 1075 1134 :
1109 1081 1414 1152 Nunquam
1458 1082 1752 1138 ecclesiam
1802 1084 2047 1149 deseras,

455 1183 747 1239 nunquam
760 1167 1043 1224 abstineas
1055 1185 1089 1223 a
1099 1170 1494 1225 communione
1514 1172 1723 1227 Christi
1738 1189 2053 1227 sacramen-

2132 558 2255 607 erat
2268 552 2562 624 presbyter
2570 569 2765 607 earum
2786 567 2908 624 quae
2926 552 3192 606 dicuntur
3210 551 3585 607 Cellarum.In
3606 550 3725 622 qui-

2132 640 2234 696 bus
2257 642 2423 697 Cellis
2443 660 2546 712 ego
2562 658 2762 696 novem
2781 657 2958 695 annos
2975 639 3251 707 habitans,
3285 657 3353 695 ex
3377 639 3581 711 quibus
3610 643 3725 694 tres

2133 747 2310 786 annos
2340 748 2560 786 mecum
2580 731 2717 785 vixit
2748 730 2842 785 ille
2870 728 3164 797 Macarius,
3197 729 3257 784 in
3281 730 3473 801 quiete
3501 729 3721 794 sedens,

2133 822 2255 891 ejus
2284 820 2511 891 quidem
2543 819 2767 891 optimae
2796 818 3013 873 vivendi
3055 818 3290 873 rationis
3335 818 3449 872 alia
3497 818 3724 888 quidem

2132 910 2243 964 vidi
2272 926 2443 980 opera
2478 914 2535 964 et
2563 909 2746 979 signa,
2779 908 2891 963 alia
2916 924 3046 962 vero
3076 907 3243 963 didici
3271 907 3342 962 ab
3370 906 3441 962 iis
3469 906 3569 979 qui
3594 922 3725 962 cum

2134 1015 2199 1054 eo
2229 999 2502 1054 vixerunt.

2204 1089 2259 1143 Is
2288 1104 2419 1143 cum
2443 1087 2592 1159 apud
2621 1104 2890 1159 magnum
2915 1087 3093 1142 virum
3106 1091 3165 1141 et
3175 1087 3399 1141 Patrem
3415 1084 3725 1140 Antonium

2135 1178 2338 1232 electos
2354 1177 2555 1249 palmae
2572 1193 2761 1231 ramos
2770 1177 3017 1243 vidisset,
3046 1192 3185 1248 quos
3212 1176 3332 1248 ipse
3350 1175 3722 1241 laboraverat,

455 1261 664 1311 torum.
696 1258 826 1312 Haec
847 1258 999 1312 enim
1018 1258 1122 1313 tibi
1138 1259 1480 1322 acciderunt.
1504 1262 1653 1331 quod
1663 1264 1785 1332 jam
1802 1262 2050 1333 quinque
2133 1266 2297 1338 petiit
2312 1265 2382 1320 ab
2396 1282 2461 1321 eo
2480 1282 2656 1321 unum
2667 1266 3021 1338 manipulum
3034 1282 3320 1321 ramorum
3342 1264 3728 1337 palmae.Dixit

455 1344 824 1401 hebdomadis
837 1362 953 1403 non
973 1348 1256 1403 accessisti
1273 1348 1345 1403 ad
1363 1348 1702 1406 intemerata
1721 1352 1898 1407 nostri
1921 1353 2051 1408 Scr-
2132 1362 2323 1411 autem
2351 1354 2404 1410 ei
2431 1355 2711 1410 Antonius
2734 1375 2747 1409 :
2769 1355 3050 1427 Scriptum
3079 1359 3166 1409 est
3183 1373 3197 1407 :
3217 1355 3343 1410 Non
3371 1354 3729 1426 concupisces

455 1435 666 1491 ultoris
683 1441 1055 1491 sacramenta-
2136 1462 2226 1501 res
2262 1445 2501 1517 proximi
2524 1444 2609 1499 tui
2628 1447 2802 1517 \Deut.
2839 1451 2959 1505 vn).
2992 1445 3062 1499 Et
3090 1460 3217 1499 cum
3241 1444 3304 1498 id
3332 1444 3517 1499 solum
3554 1442 3726 1497 dixis-

527 1524 656 1578 Alia
684 1529 771 1578 est
799 1525 943 1579 actio
980 1541 1198 1596 magna;
1235 1527 1358 1596 ejus
1386 1527 1817 1583 exercitationis.
1849 1530 2053 1599 Magno
2135 1540 2239 1602 set,
2272 1535 2414 1589 rami
2444 1551 2638 1589 omnes
2667 1533 2858 1589 statim
2886 1539 3159 1605 tanquam
3186 1532 3256 1587 ab
3284 1532 3414 1604 igne
3442 1532 3729 1588 torrefacti

456 1612 585 1670 vitae
613 1630 728 1669 suae
758 1620 1011 1687 tempore
1030 1632 1066 1669 a
1083 1616 1225 1670 cella
1242 1616 1414 1672 suain
1437 1616 1733 1672 dimidium
1753 1634 1930 1689 usque
1944 1625 2056 1674 sta-
2137 1630 2287 1680 sunt.
2305 1625 2465 1690 Quod
2488 1625 2713 1697 quidem
2732 1641 2860 1680 cum
2873 1624 3105 1679 vidisset
3133 1623 3427 1685 Antonius,
3448 1622 3589 1676 dixit
3614 1622 3730 1677 Ma-

457 1702 613 1758 dium
630 1703 843 1758 fodiens
861 1705 1495 1771 cuniculum,summam
1512 1707 2052 1779 eﬂ‘ecitspeluncam;
2138 1714 2288 1770 cario
2326 1733 2338 1769 :
2381 1715 2519 1770 Ecce
2560 1714 2803 1785 Spiritus
2844 1718 3071 1768 sanctus
3119 1712 3391 1784 requievit
3435 1728 3607 1783 super
3650 1715 3726 1779 te,

458 1796 515 1849 et
541 1792 590 1847 si
618 1793 841 1864 quando
870 1794 1187 1865 complures
1210 1795 1262 1849 ei
1292 1801 1481 1850 essent
1500 1796 1742 1863 molesti,
1778 1798 1993 1852 occulte
2024 1797 2117 1857 eB
2139 1804 2359 1875 erisque
2383 1803 2524 1858 mihi
2552 1804 2813 1875 deinceps
2835 1804 3014 1859 haeres
3042 1818 3294 1857 mearum
3326 1801 3617 1855 virtutum.

459 1897 563 1937 sua
586 1883 726 1937 cella
744 1882 1056 1953 egrediens,
1082 1883 1199 1939 ibat
1217 1884 1276 1939 in
1314 1885 1660 1956 speluncam,
1694 1903 1876 1957 neque
1906 1887 2057 1957 quis-

458 1988 627 2044 quam
652 1988 785 2027 eum
803 1972 1138 2028 inveniebat.
1161 1974 1427 2029 Narravit
1444 1980 1634 2029 autem
1646 1975 1807 2030 nobis
1827 1977 2056 2048 quidam

460 2078 526 2118 ex
553 2061 822 2117 studiosis
851 2063 974 2132 ejus
995 2062 1299 2134 discipulis,
1333 2063 1483 2134 quod
1508 2065 1773 2119 recedens
1792 2082 1970 2137 usque
1986 2067 2057 2121 ad

459 2151 785 2222 speluncam
813 2168 915 2222 per
940 2152 1277 2218 cuniculum,
1321 2152 1541 2208 dicebat
1581 2154 1778 2224 viginti
1816 2162 2059 2227 quatuor

459 2240 771 2308 orationes;
805 2246 863 2296 et
889 2242 1130 2309 rediens,
1161 2242 1418 2297 totidem.

530 2330 611 2385 De
640 2346 707 2385 eo
728 2330 863 2385 exiit
882 2330 1051 2395 fama,
1071 2332 1219 2402 quod
1238 2336 1523 2387 mortuum
1550 2332 1837 2387 suscitavit
1870 2334 2052 2401 (Ruf/1,

463 2422 501 2474 ι.
527 2433 588 2485 n,
624 2436 668 2474 ο.
702 2418 820 2489 ‘28);
853 2425 917 2475 ut
949 2420 1316 2492 persuaderet
1342 2421 1606 2476 heretico
1628 2422 1724 2493 qui
1753 2438 1864 2478 non
1893 2424 2060 2478 conﬁ-

461 2508 687 2564 tebatur
707 2526 829 2564 esse
848 2510 1317 2566 resurrectionem
1349 2527 1666 2582 corporum.
1697 2512 1766 2567 Et
1792 2511 1900 2567 fuit
1923 2529 2059 2567 con-

462 2603 619 2653 stans
648 2598 765 2654 haec
792 2598 943 2654 fama
961 2599 1021 2654 in
1035 2599 1358 2655 solitudine.

535 2688 623 2742 Ad
652 2688 800 2743 hunc
827 2694 1084 2743 sanctum
1112 2688 1387 2743 adductus
1404 2694 1491 2745 est
1510 2690 1814 2761 aliquando
1831 2706 1865 2745 a
1878 2696 2060 2746 matre

464 2777 697 2849 propria
719 2778 1064 2833 lamentante
1093 2778 1416 2833 adolescens
1445 2779 1543 2850 qui
1570 2779 1875 2835 vexabatur
1894 2796 1927 2834 a
1951 2781 2060 2836 dae-

467 2883 653 2933 mone,
689 2883 724 2921 a
760 2867 978 2922 duobus
1023 2867 1469 2923 adolescentibus
1506 2884 1571 2923 ex
1618 2874 1856 2940 utraque
1899 2875 2061 2941 parte

467 2956 820 3012 constrictus.
846 2958 1009 3012 Hunc
1037 2963 1226 3012 autem
1251 2957 1332 3012 ita
1354 2957 1585 3012 vexabat
1606 2957 1844 3013 daemon.
1868 2958 2061 3014 Trium

467 3046 784 3102 modiorum
812 3063 986 3118 panes
1002 3053 1298 3118 postquam
1319 3047 1671 3113 comedisset,
1703 3052 1761 3102 et
1779 3049 2062 3120 amphorte

2208 1893 2353 1948 Hinc
2381 1909 2577 1948 rursus
2603 1910 2732 1948 eum
2775 1892 2990 1947 invenit
3017 1891 3273 1946 diabolus
3307 1891 3368 1945 in
3404 1889 3725 1956 solitudine,

2138 1998 2369 2054 corpore
2395 1982 2553 2036 valde
2582 1981 2905 2052 defatigato,
2930 1987 2987 2035 et
3004 1980 3141 2035 dicit
3181 1980 3251 2034 ad
3280 1996 3442 2035 eum:
3476 1979 3610 2033 Ecce
3641 1995 3729 2033 ac-

2138 2071 2333 2142 cepisti
2357 2071 2602 2142 gratiam
2615 2070 2851 2124 Antonii
2870 2089 2884 2140 ;
2906 2086 3007 2124 cur
3025 2086 3138 2123 non
3168 2069 3343 2123 uteris
3371 2068 3722 2134 auctoritate,

2138 2165 2195 2214 et
2217 2176 2251 2213 a
2278 2160 2393 2214 Deo
2414 2160 2558 2232 petis
2580 2158 2762 2214 cibum
2788 2164 2847 2214 et
2862 2159 3007 2213 vires
3040 2159 3111 2213 ad
3130 2159 3237 2213 iter
3261 2156 3724 2229 ingrediendum?

2139 2250 2193 2304 Is
2220 2255 2410 2305 autem
2438 2248 2575 2303 dicit
2603 2249 2674 2303 ad
2700 2265 2831 2304 eum
2864 2267 2875 2303 :
2909 2248 3100 2302 Virtus
3120 2264 3246 2302 mea
3264 2248 3451 2302 etlaus
3469 2262 3592 2301 mea
3618 2245 3727 2300 Do-

2139 2338 2349 2402 minus,
2383 2343 2445 2393 tu
2492 2342 2683 2392 autem
2728 2354 2798 2392 ne
2835 2338 3137 2392 tentaveris
3163 2352 3383 2391 servum
3419 2336 3539 2391 Dei.
3570 2334 3725 2389 Facit

2140 2444 2273 2499 ergo
2296 2426 2551 2483 diabolus
2588 2432 2653 2482 ut
2697 2427 2749 2481 ei
2791 2427 3127 2499 phantasma
3165 2430 3449 2497 appareat,
3481 2424 3725 2481 camelus

2142 2534 2313 2572 onera
2340 2517 2599 2587 bajulans
2630 2522 2688 2571 et
2732 2532 2926 2570 errans
2958 2532 3059 2588 per
3102 2514 3482 2582 solitudinem,
3517 2513 3726 2568 habens

2142 2607 2333 2663 omnia
2360 2606 2431 2660 ad
2455 2623 2621 2661 usum
2643 2605 2980 2660 necessaria.
3012 2603 3119 2670 Qui
3144 2621 3271 2658 cum
3299 2604 3525 2659 vidisset
3548 2604 3729 2659 Maca-

2141 2695 2307 2761 rium,
2341 2712 2515 2767 prope
2542 2711 2672 2750 eum
2698 2695 2927 2750 assedit.
2961 2696 3015 2749 Is
3052 2699 3241 2749 autem
3269 2693 3576 2765 suspicatus
3605 2707 3730 2746 esse

2142 2786 2495 2857 phantasma,
2520 2784 2666 2839 sicut
2684 2789 2825 2851 erat,
2848 2783 3101 2838 constitit
3113 2783 3184 2838 ad
3197 2783 3468 2838 orandum
3487 2801 3500 2850 ;
3526 2781 3575 2836 is
3596 2797 3729 2836 vero

2140 2874 2398 2946 protinus
2416 2891 2449 2928 a
2469 2879 2621 2928 terra
2646 2872 2750 2928 fuit
2774 2873 3089 2945 absorptus.

2213 2964 2530 3035 Aliquando
2551 2980 2745 3019 rursus
2764 2963 2918 3018 venit
2935 2964 3027 3017 hic
3038 2962 3311 3018 Macarius
3328 2961 3730 3018 Alexandrinus

2144 3053 2214 3108 ad
2235 3070 2502 3124 magnum
2518 3052 2825 3108 Macarium
2841 3052 2936 3123 qui
2948 3058 3069 3107 erat
3080 3053 3138 3107 in
3155 3051 3415 3109 Scete.Et
3426 3067 3548 3106 cum
3563 3051 3730 3107 ambo

469 3137 639 3193 unius
668 3136 960 3192 Cilicensis
990 3136 1103 3206 (48)
1134 3152 1337 3208 aquam
1370 3135 1620 3204 bibisset,
1662 3142 1901 3209 utraque
1931 3149 2117 3213 θνα-(ζ
2143 3148 2332 3198 essent
2360 3143 2551 3198 Nilum
2579 3141 3197 3208 transmissuri,accidit
3215 3146 3281 3195 ut
3294 3141 3397 3213 ipsi
3426 3141 3732 3196 maximum

469 3234 648 3296 ctans,
674 3226 826 3282 cibos
841 3225 1153 3281 resolvebat
1170 3226 1229 3280 in
1249 3242 1531 3297 vaporem.
1552 3226 1637 3281 Ab
1658 3242 1723 3281 eo
1743 3227 1914 3294 enim,
1948 3244 2062 3283 non

470 3334 630 3374 secus
658 3333 723 3372 ac
748 3317 878 3389 igne
907 3314 1381 3371 consumebantur
1399 3332 1522 3387 quae
1550 3316 1873 3371 comederat
1893 3322 1951 3372 et
1982 3316 2062 3379 bi-

470 3413 649 3468 berat.
673 3413 773 3467 Est
798 3412 950 3466 enim
989 3412 1126 3466 ordo
1160 3427 1384 3482 quoque
1402 3411 1719 3466 daemonum
1742 3411 1838 3482 qui
1857 3410 2065 3466 dicitur

470 3502 687 3573 igneus.
703 3503 849 3556 Sunt
860 3500 1010 3556 enim
1030 3500 1348 3555 demonum
1369 3516 1589 3571 quoque
1608 3501 1753 3555 sicut
1770 3501 2065 3556 hominum

474 3591 819 3655 differentiae,
865 3606 978 3645 non
1004 3594 1224 3645 mutata
1257 3589 1519 3655 essentia,
1552 3606 1747 3644 verum
1778 3591 2065 3645 voluntate

473 3681 754 3737 distincta.
780 3679 882 3734 Hic
901 3695 1033 3750 ergo
1048 3678 1373 3734 adolescens
1388 3695 1515 3733 cum
1529 3679 1580 3733 ei
1600 3684 1783 3734 mater
1801 3696 1914 3734 non
1936 3696 2067 3751 sup-

472 3770 770 3842 peditaret,
793 3785 939 3840 saepe
957 3785 1062 3823 sua
1074 3767 1403 3823 comedebat
1414 3773 1851 3835 excrementa,et
1864 3770 2064 3824 lotium

472 3858 715 3915 bibebat.
756 3859 951 3913 Flente
982 3874 1115 3929 ergo
1144 3859 1266 3929 ejus
1294 3863 1494 3925 matre,
1518 3863 1575 3913 et
1603 3858 1846 3913 alienam
1862 3858 1951 3913 sui
1965 3857 2066 3913 filii

474 3952 747 4004 merente
768 3947 1167 4015 calamitatem,
1194 3952 1253 4002 et
1278 3953 1535 4001 sanctum
1564 3947 1723 4002 valde
1752 3946 2068 4002 obtestante

476 4043 535 4092 et
550 4042 804 4109 rogante,
832 4036 993 4091 illum
1032 4036 1309 4108 accipiens
1340 4036 1578 4092 invictus
1617 4036 1826 4091 Christi
1854 4037 2069 4091 athleta

472 4128 770 4191 Macarius,
803 4127 1035 4198 supplex
1065 4142 1167 4197 pro
1198 4143 1264 4180 eo
1292 4127 1471 4181 Deum
1500 4126 1695 4180 oravit.
1729 4127 1864 4180 Post
1890 4142 2068 4181 unum

477 4222 667 4272 autem
683 4221 783 4270 aut
800 4215 1041 4277 alterum
1057 4214 1453 4280 diem,remisit
1464 4215 1686 4269 damon
1694 4214 2067 4269 vexationem.

2144 3238 2448 3305 pontonem
2479 3232 2933 3303 ingrederentur;
2956 3231 3016 3286 in
3037 3247 3200 3303 quem
3218 3229 3452 3302 ingressi
3470 3235 3599 3286 sunt
3614 3230 3734 3285 duo

2144 3322 2359 3377 tribuni
2390 3338 2518 3377 cum
2547 3338 2753 3393 magno
2781 3321 2930 3376 fastu
2961 3326 3020 3376 et
3045 3326 3337 3393 apparatu,
3369 3326 3425 3375 et
3454 3320 3548 3393 qui
3575 3319 3734 3375 intus

2145 3411 2419 3467 haberent
2436 3411 2672 3466 rhedam
2700 3416 2878 3466 totam
2907 3427 3139 3477 aeneam,
3174 3415 3231 3465 et
3249 3426 3420 3481 equos
3436 3409 3604 3464 frenis
3628 3426 3735 3465 au-

2145 3501 2276 3568 reis,
2300 3506 2358 3556 et
2384 3501 2655 3571 quosdam
2685 3517 2780 3555 eos
2798 3500 3070 3572 stipantes
3107 3500 3331 3566 milites,
3360 3499 3641 3563 satellites,
3674 3505 3735 3554 et

2145 3607 2350 3663 pueros
2378 3590 2673 3662 torquibus
2707 3595 2765 3645 et
2781 3590 2967 3645 aureis
2986 3589 3138 3645 zonis
3167 3589 3732 3659 ornatos.Postquam

2147 3698 2280 3752 ergo
2295 3679 2508 3735 tribuni
2528 3680 2789 3735 viderunt
2809 3680 2959 3750 ipsos
2974 3678 3252 3735 veteribus
3273 3678 3471 3751 pannis
3481 3678 3730 3744 indutos,

2148 3776 2205 3826 et
2233 3769 2491 3825 sedentes
2518 3769 2577 3824 in
2606 3769 2833 3840 angulo,
2871 3768 3141 3824 humilem
3162 3768 3316 3822 illam
3333 3773 3389 3822 et
3410 3773 3635 3822 tenuem
3654 3767 3737 3822 vi-

2146 3860 2311 3915 vendi
2338 3858 2617 3914 rationem
2644 3857 2868 3913 beatam
2890 3858 3253 3929 judicabant;
3276 3873 3421 3912 unus
3450 3862 3637 3912 autem
3665 3873 3735 3911 ex

2147 3948 2283 4021 ipsis
2310 3947 2551 4003 tribunis
2571 3948 2717 4002 dixit
2733 3948 2804 4002 ad
2823 3948 2973 4019 ipsos
3000 3965 3011 4001 :
3033 3947 3190 4002 Beati
3207 3946 3340 4002 estis
3358 3963 3452 4000 vos
3469 3946 3561 4018 qui
3575 3962 3737 4001 mun-

2148 4039 2283 4093 dum
2303 4036 2933 4109 illuditis.Respondens
2962 4040 3151 4092 autem
3168 4036 3459 4103 Macarius,
3489 4035 3584 4107 qui
3612 4041 3738 4090 erat

2148 4127 2416 4194 urbanus,
2440 4126 2583 4181 dixit
2602 4126 2654 4181 ei
2686 4144 2698 4180 :
2730 4127 2846 4181 Nos
2873 4126 3097 4197 quidem
3124 4126 3393 4181 mundum
3434 4125 3735 4194 illusimus,

2150 4233 2246 4272 vos
2276 4222 2466 4271 autem
2494 4216 2674 4271 illusit
2696 4216 2961 4271 mundus.
2995 4215 3150 4271 Scias
3178 4220 3368 4270 autem
3403 4220 3460 4269 te
3494 4231 3606 4269 non
3632 4219 3738 4269 tua

476 4307 634 4362 Tunc
651 4321 786 4375 ergo
805 4304 943 4358 dicit
952 4303 1120 4358 matri
1140 4303 1508 4358 adolescentis
1523 4309 1751 4359 sanctus
1767 4305 2066 4360 Macarius:
2151 4311 2350 4378 sponte
2379 4306 2484 4360 hoc
2500 4305 2723 4372 dixisse,
2747 4305 2844 4359 sed
2866 4304 3212 4377 prophetice:
3233 4303 3396 4359 ambo
3420 4304 3569 4359 enim
3578 4320 3738 4359 voca-

483 4400 604 4462 θ’
615 4402 656 4461 ι
677 4395 963 4460 Quantum
977 4394 1061 4448 vis
1073 4398 1139 4448 ut
1149 4393 1300 4448 ﬁlius
1313 4398 1445 4448 tuus
1462 4394 1751 4449 comedat?
1763 4395 1866 4449 Illa
1880 4400 2070 4450 autem
2152 4412 2283 4451 mur
2300 4395 2549 4462 Macarii,
2591 4395 2696 4449 hoc
2722 4399 2826 4461 est,
2858 4394 3027 4450 beati.
3050 4395 3104 4449 Is
3132 4399 3320 4449 autem
3341 4395 3461 4464 ejus
3477 4409 3737 4449 sermone

476 4485 784 4557 respondit,
817 4483 1040 4539 dicens:
1084 4483 1239 4555 Rogo
1265 4488 1340 4547 te,
1360 4482 1497 4554 jube
1518 4499 1646 4538 eum
1673 4483 1855 4539 solum
1878 4501 2064 4539 come-
2082 4477 2132 4534 D
2153 4490 2538 4557 compunctus,
2570 4500 2697 4539 cum
2727 4484 2958 4539 domum
2992 4483 3251 4549 venisset,
3295 4489 3478 4538 vestes
3506 4499 3731 4551 exuens,

477 4577 610 4632 dere
638 4576 831 4631 decem
852 4574 1023 4630 libras
1066 4575 1247 4646 panis.
1281 4574 1417 4629 Eam
1445 4578 1635 4629 autem
1659 4573 1972 4647 increpans,
2004 4580 2071 4631 ut

478 4682 600 4738 quae
625 4665 864 4721 nimium
888 4664 1123 4731 dixerat,
1157 4663 1297 4719 dixit
1323 4681 1335 4717 :
1371 4663 1418 4719 Ο
1449 4662 1670 4730 mulier,
1705 4681 1806 4719 cur
1844 4664 1951 4720 hoc
1979 4665 2068 4720 di-

477 4754 641 4810 xisti?
661 4755 914 4825 Cumque
934 4758 1151 4824 septem
1181 4752 1301 4807 dies
1332 4758 1548 4807 orasset
1572 4770 1698 4808 cum
1723 4754 1964 4825 jejunio,
1980 4770 2070 4809 ex-

478 4844 642 4916 pulso
666 4842 737 4897 ab
761 4858 827 4897 eo
856 4842 1167 4914 pernicioso
1192 4842 1444 4897 daemone
1472 4842 1756 4913 ingluviei,
1780 4844 2073 4898 constituit

480 4932 533 4987 ei
558 4932 816 4987 vescendi
837 4932 1113 4986 rationem
1132 4932 1204 4987 ad
1226 4936 1339 4986 tres
1350 4948 1529 5004 usque
1542 4932 1713 4987 libras
1735 4932 1915 5004 panis,
1931 4950 2072 5004 quas

480 5022 707 5078 deberet
730 5021 851 5093 ipse
864 5020 1155 5076 comedere
1175 5020 1222 5075 si
1244 5026 1592 5093 operaretur.
1618 5022 1759 5076 Cum
1779 5022 1884 5075 hoc
1905 5022 2071 5076 modo

480 5111 578 5167 Dei
605 5111 792 5183 gratia
811 5127 1049 5183 puerum
1070 5110 1447 5178 emundasset,
1467 5127 1597 5165 eum
1618 5111 1786 5165 matri
1806 5111 2068 5165 reddidit.

552 5203 667 5257 Has
701 5217 794 5259 res
822 5200 1180 5255 admirabiles
1217 5205 1272 5256 et
1317 5206 1522 5272 praeter
1565 5200 1883 5271 opinionem
1941 5200 2073 5255 fecit

480 5292 630 5347 Deus
645 5306 745 5363 per
760 5297 1013 5346 sanctum
1031 5289 1868 5360 Macarium,cujusimmortalis
1880 5289 2072 5345 anima

459 5396 462 5411 '
482 5396 631 5436 nunc
660 5384 746 5435 est
763 5397 889 5435 cum
911 5379 1145 5451 angelis.
1164 5380 1306 5434 Eum
1331 5395 1436 5448 ego
1455 5394 1568 5433 non
1588 5378 1840 5439 conveni,
1856 5377 2073 5433 obierat

481 5469 630 5524 enim
646 5484 795 5524 anno
814 5475 1115 5540 antequam
1147 5484 1250 5539 ego
1269 5468 1594 5537 ingrederer
1609 5467 1665 5521 in
1686 5466 2066 5522 solitudinem.

486 5557 731 5612 Conveni
759 5563 946 5613 autem
968 5573 1097 5613 eum
1117 5557 1212 5628 qui
1232 5562 1355 5611 erat
1370 5557 1492 5627 ejus
1508 5556 1692 5611 socius
1717 5555 1774 5611 in
1791 5557 1919 5611 ﬁdei
1941 5574 2073 5629 ope-

485 5643 657 5711 ribus,
686 5650 744 5701 et
764 5646 913 5702 idem
933 5645 1249 5701 venerabile
1272 5661 1478 5701 nomen
1500 5646 1647 5717 quod
1662 5646 1785 5717 ipse
1807 5645 2067 5701 habebat.

2150 4574 2359 4645 delegit
2381 4574 2552 4629 vitam
2578 4590 2747 4645 agere
2774 4573 3104 4641 solitariam,
3134 4573 3340 4629 multas
3363 4572 3570 4628 faciens
3596 4572 3738 4627 elec-

2149 4680 2433 4737 mosynas.

2222 4754 2435 4808 Rursus
2462 4770 2590 4808 cum
2620 4753 2922 4825 aliquando
2952 4752 3218 4824 cupiisset
3240 4751 3386 4807 vesci
3408 4751 3528 4806 uvis
3547 4766 3736 4806 recen-

2151 4841 2301 4897 tibus
2325 4842 2699 4914 perbellisque
2727 4843 2798 4897 ad
2829 4860 2888 4897 se
2904 4841 3108 4908 missis,
3127 4841 3424 4897 ostendens
3452 4840 3737 4896 continen-

2151 4932 2309 4999 tiam,
2341 4949 2436 4986 eas
2466 4932 2617 4987 misit
2650 4932 2722 4987 ad
2761 4932 2935 4986 alium
2968 4931 3202 4985 fratrem
3240 4930 3603 4994 laborantem,
3638 4929 3735 5001 qui

2152 5020 2272 5093 ipse
2301 5038 2521 5093 quoque
2537 5038 2673 5075 uvas
2700 5018 3072 5076 desiderabat.
3103 5020 3357 5085 Quicum
3381 5035 3474 5074 eas
3499 5018 3737 5091 accepis-

2153 5116 2257 5175 set,
2290 5116 2347 5165 et
2375 5127 2578 5181 magna
2607 5111 2839 5165 affectus
2864 5116 3012 5165 esset
3026 5110 3241 5177 laetitia,
3259 5125 3420 5164 suam
3437 5109 3617 5163 celare
3639 5124 3735 5163 vo-

2151 5200 2271 5255 lens
2300 5200 2723 5266 continentiam,
2748 5216 2844 5255 eas
2860 5199 3015 5254 misit
3036 5199 3107 5268 ad
3136 5199 3311 5254 alium
3338 5198 3566 5253 fratrem
3588 5196 3737 5252 labo-

2151 5294 2389 5356 rantem,
2423 5290 2518 5362 qui
2541 5290 2661 5361 ipse
2682 5305 2903 5361 quoque
2924 5305 3053 5344 eum
3074 5286 3258 5344 cibum
3273 5292 3576 5360 appeteret.
3595 5288 3735 5343 Cum

2151 5379 2244 5433 ille
2265 5396 2486 5451 quoque
2518 5379 2839 5451 accepisset,
2872 5395 3067 5434 rursus
3094 5378 3199 5433 hoc
3230 5378 3415 5450 ipsum
3452 5377 3597 5443 fecit,
3631 5376 3736 5431 etsi

2152 5468 2272 5540 ipse
2299 5469 2457 5524 valde
2473 5469 2620 5523 vesci
2639 5474 2885 5540 cuperet.
2903 5469 3203 5539 Postquam
3234 5473 3422 5522 autem
3439 5467 3510 5521 ad
3530 5467 3734 5522 multos

2150 5558 2353 5612 fratres
2380 5558 2582 5613 deinde
2609 5562 2884 5613 venerunt
2910 5573 3047 5625 uvae,
3088 5573 3216 5613 cum
3245 5557 3432 5612 nullus
3462 5556 3544 5611 eis
3586 5555 3732 5612 vesci

2152 5646 2433 5714 voluisset,
2464 5652 2782 5719 postremus
2807 5646 2904 5720 qui
2931 5662 3025 5703 eas
3059 5651 3365 5719 acceperat,
3400 5662 3496 5703 eas
3538 5661 3731 5703 rursus
