3910 6386
144 370 301 431 4M3
1420 358 1762 419 HISTORIA
1800 357 2178 424 LAUSIACA.
3294 373 3429 433 1114

141 496 310 552 misit
363 495 433 551 ad
460 493 787 559 Macarium,
821 498 1094 563 tanquam
1122 503 1395 560 magnum
1434 486 1487 542 ei
1523 485 1735 541 donum
1753 482 1970 560 Aapud
2000 492 2373 548 Pharaonem.
2394 493 2468 548 Ut
2485 493 2581 564 qui
2600 508 2733 563 ergo
2759 492 2856 548 illo
2874 491 3000 549 vitae
3029 508 3145 549 suae
3175 497 3428 566 tempore

143 581 419 653 largiens.
438 579 545 645 Qui
567 595 696 634 cum
723 593 845 632 rem
870 576 1085 631 curiose
1113 574 1479 646 inquisiisset,
1500 571 1748 627 admira-
1830 579 2133 635 maximam
2162 582 2221 636 in
2240 584 2476 654 Egypto
2505 582 2778 637 haberent
2798 588 3157 654 potestatem,
3174 590 3428 640 constru-

143 676 267 737 tus,
292 676 351 725 et
368 671 482 725 Deo
511 668 649 723 actis
674 666 872 737 gratiis
904 665 972 721 ob
988 670 1205 719 tantam
1236 679 1433 717 eorum
1461 661 1749 717 continen-
1829 676 2032 724 xerunt
2060 671 2198 726 illud
2246 688 2389 742 opus
2433 690 2499 727 ex
2537 672 2815 743 lapidibus
2860 674 3153 743 quadratis
3202 673 3335 742 (50),
3370 680 3430 730 et

142 760 316 826 tiam,
344 775 415 814 ηε
436 758 558 829 ipse
583 756 811 827 quidem
843 772 907 808 ex
940 754 1008 807 iis
1040 753 1270 808 tandem
1307 750 1567 806 comedit
1837 774 2002 813 suum
2023 759 2139 814 illic
2159 760 2415 815 fecerunt
2427 762 2942 829 monimentum;et
2957 779 3086 816 cum
3102 763 3294 818 multis
3314 764 3429 819 illic

225 850 414 919 Atque
438 848 554 901 haec
582 845 807 917 quidem
837 849 923 898 est
938 843 1128 913 magni
1154 842 1384 897 Macarii
1405 840 1748 908 exercitatio,
1835 848 1959 903 auri
1989 849 2400 921 deposuissent,
2433 858 2491 906 et
2514 868 2682 906 omne
2708 869 2887 923 genus
2916 851 3144 907 arbores
3172 854 3425 924 plantas-

148 954 329 1008 quam
360 953 462 1007 ego
493 940 549 990 et
575 934 740 989 multi
768 939 1025 988 accurate
1049 931 1198 1003 apud
1226 931 1411 1001 ipsum
1433 929 1751 984 didicimus.
1834 944 1980 1004 sent,
2003 940 2306 995 maximum
2334 958 2555 1013 quoque
2585 948 2818 1014 puteum
2847 959 3005 1014 aqua;
3029 942 3319 1009 foderunt;
3343 948 3431 998 est

150 1026 216 1081 Si
250 1025 402 1097 quod
424 1041 564 1096 opus
586 1022 1004 1077 exercitationis
1024 1021 1269 1091 aliquem
1287 1036 1537 1091 unquam
1558 1018 1752 1073 fecisse
1835 1027 1983 1082 enim
2012 1028 2168 1084 locus
2210 1031 2474 1086 humidus
2502 1032 2640 1102 (51),
2665 1033 2795 1086 Haec
2823 1038 3012 1087 autem
3052 1033 3243 1087 omnia
3287 1032 3429 1088 face-

146 1114 356 1181 audiit,
392 1113 620 1168 omnino
640 1112 699 1167 id
725 1111 992 1166 ardenter
1022 1110 1220 1165 effecit.

1850 1122 1986 1182 funt,
2017 1129 2308 1189 sperantes
2332 1125 2459 1191 post
2486 1138 2652 1175 suum
2674 1121 2803 1176 hinc
2827 1122 3135 1177 discessum
3150 1121 3262 1176 frui
3291 1120 3430 1177 deli-

228 1204 373 1260 Cum
389 1202 459 1257 ab
481 1200 766 1272 aliquibus
792 1198 1537 1265 audiisset,Tabennesi0t88
1549 1214 1651 1269 per
1669 1202 1752 1252 t0-
1834 1205 1934 1260 ciis
1953 1206 2012 1260 in
2032 1206 2128 1261 illo
2146 1209 2427 1279 paradiso.
2443 1210 2691 1264 Tandem
2708 1226 2840 1280 ergo
2858 1211 3125 1280 quoniam
3145 1209 3431 1266 nesciebat

151 1299 282 1350 tam
308 1292 799 1364 quadragesimam
838 1291 997 1346 nulla
1025 1306 1086 1343 re
1119 1289 1259 1344 vesci
1287 1306 1409 1360 quae
1447 1288 1564 1359 igni
1606 1290 1754 1341 esset
1832 1294 1978 1349 viam
2001 1312 2123 1367 quae
2143 1297 2213 1350 ad
2225 1313 2354 1352 eum
2376 1298 2531 1353 ducit
2546 1300 2901 1365 hortum,Dei
2919 1316 3111 1354 servus
3129 1299 3424 1369 Macarius,

148 1383 409 1449 admota,
440 1381 642 1436 statuit
676 1380 767 1434 hic
795 1385 1023 1434 sanctus
1053 1384 1271 1449 septem
1300 1378 1462 1432 annis
1494 1376 1634 1431 nihil
1655 1392 1750 1431 ϐο·-
1833 1385 2157 1455 conjectura
2176 1387 2418 1457 quadam
2434 1387 2774 1459 sequebatur
2798 1393 2971 1454 astra,
2990 1394 3047 1442 et
3075 1388 3224 1442 sicut
3242 1393 3429 1444 nauta

148 1472 385 1527 medere
422 1471 570 1543 quod
598 1486 700 1541 per
727 1470 916 1539 ignem
944 1468 1256 1534 transisset,
1290 1473 1347 1522 et
1392 1472 1509 1521 toto
1534 1466 1630 1520 i110
1660 1482 1749 1520 se-
1834 1474 1930 1544 qui
1957 1475 2352 1531 transmittunt
2375 1477 2574 1543 maria,
2591 1482 2770 1531 totam
2790 1477 3035 1548 pervasit
3046 1482 3272 1531 sanctus
3294 1477 3435 1532 soli-

149 1561 393 1633 ptennio
413 1560 554 1615 nihil
570 1559 818 1630 gustavit
835 1564 1039 1630 praeter
1062 1558 1236 1612 cruda
1255 1558 1411 1611 olera
1426 1556 1512 1611 vel
1552 1555 1599 1610 si
1629 1572 1751 1626 quae
1835 1563 2087 1617 tudinem
2116 1583 2128 1631 ;
2152 1570 2348 1620 etcum
2367 1565 2582 1637 aliquot
2591 1566 2764 1621 etiam
2779 1566 3083 1637 accepisset
3101 1566 3428 1633 arundines,

149 1651 305 1706 forte
324 1649 631 1704 invenisset
649 1648 935 1719 legumina
955 1648 1298 1702 bumectata.
1328 1646 1471 1700 Cum
1491 1645 1595 1699 hoc
1616 1661 1752 1715 ergo
1834 1667 2005 1706 unam
2032 1653 2232 1708 statuit
2256 1654 2317 1709 in
2348 1671 2686 1726 unoquoque
2716 1655 3039 1722 milliari,ut
3064 1672 3167 1727 per
3185 1671 3253 1709 ea
3269 1655 3434 1725 signa

146 1744 307 1795 recte
324 1738 567 1805 vixisset,
591 1742 929 1809 aspernatus
952 1742 1037 1790 est
1055 1736 1199 1790 hanc
1213 1734 1432 1789 vivendi
1451 1734 1745 1787 rationem.
1776 1747 2133 1814 “remearet,
2164 1743 2307 1798 Cum
2330 1760 2463 1814 ergo
2500 1743 2652 1798 intra
2679 1759 2879 1798 novem
2910 1744 3030 1797 dies
3065 1748 3243 1798 totam
3272 1744 3431 1799 illam

148 1827 357 1883 Audiit
377 1793 567 1883 autem
597 1793 678 1881 ab.
699 1827 885 1897 aliquo
916 1825 1024 1880 alio
1050 1825 1141 1879 hic
1183 1824 1585 1879 monachorum
1618 1822 1759 1894 opti-
1774 1793 1825 1856 Β
1837 1793 3427 1904 ρρὶῖὲῌέίέέξειέᾎὶίὶιᾶξῐῖιὶεἱιῖζεέἷεξέοῖῥῖιοᾘέῖιιἐπὶιῖιῖὸᾶᾆῖ

150 1933 307 1984 mus,
331 1914 480 1987 quod
501 1916 730 1987 quidam
762 1915 1068 1970 monachus
1096 1912 1638 1968 comedebatlibram
1663 1927 1756 1983 pa-

1850 1919 2170 1975 succedente
2198 1927 2359 1975 nocte
2379 1938 2579 1993 parum
2598 1921 2848 1976 dormiit.
2873 1921 3144 1977 Immanis
3166 1938 3294 1976 vero
3315 1921 3429 1976 daa-

146 2006 264 2061 nis.
299 2006 476 2070 Quem
507 2006 822 2071 aemulatus,
844 2004 1012 2074 fregit
1036 2004 1185 2074 quod
1207 2001 1449 2057 habebat
1478 2000 1755 2056 buccella-
1836 2026 1969 2064 mon
1998 2010 2094 2081 qui
2142 2027 2362 2081 semper
2396 2011 2726 2065 adversatur
2751 2010 2961 2065 Christi
3004 2010 3250 2076 athletis,
3299 2026 3430 2065 cum

149 2100 305 2161 tum,
344 2100 402 2149 et
430 2094 667 2150 immisit
703 2094 763 2148 in
792 2094 1070 2164 lagenam,
1113 2097 1368 2147 statuens
1398 2091 1754 2146 solummodo
1836 2100 2152 2169 collegisset
2195 2116 2388 2154 omnes
2431 2101 2557 2171 illas
2608 2100 2930 2167 arundines,
2969 2100 3280 2154 dormiente
3309 2100 3431 2154 Ma-

150 2188 383 2239 tantum
400 2184 1002 2255 comedere.quantum
1023 2198 1226 2237 manus
1252 2183 1373 2251 ejus
1402 2197 1628 2236 sursum
1649 2182 1754 2235 fer—
1835 2189 2004 2255 cario,
2040 2194 2096 2244 et
2124 2189 2346 2245 circiter
2386 2191 2458 2246 ed
2493 2206 2669 2245 unum
2707 2190 2953 2260 lapidem
2999 2207 3034 2243 ιι
3078 2189 3427 2244 monimento

150 2279 264 2328 ret.
285 2274 483 2344 Magna
502 2279 589 2327 est
605 2278 794 2327 autem
817 2273 934 2327 haec
952 2273 1011 2326 in
1031 2271 1325 2326 tractando
1338 2286 1570 2341 corpore
1596 2286 1755 2341 aspe-
1836 2278 1906 2332 ad
1937 2278 2061 2347 ejus
2106 2284 2277 2350 caput
2301 2280 2601 2350 posuisset,
2648 2279 2907 2346 recessit;
2942 2285 3243 2350 postquam
3294 2293 3429 2347 ergo

148 2363 319 2417 ritas.
352 2362 570 2417 Festive
612 2362 764 2416 enim
792 2361 953 2417 nobis
984 2360 1253 2416 narrabat
1285 2381 1296 2414 :
1332 2361 1502 2415 Plura
1525 2359 1754 2431 quidem
1837 2368 2098 2434 surrexit,
2148 2367 2363 2422 invenit
2413 2369 2704 2439 colligatus
2756 2368 3060 2423 arundines
3117 2384 3259 2437 quas
3310 2367 3430 2438 ipse

149 2452 342 2507 frusta
362 2449 850 2523 apprehendebam
870 2456 1071 2517 πω
1087 2451 1184 2504 sed
1197 2467 1311 2505 non
1328 2449 1547 2504 sinebat
1559 2449 1756 2504 efferre
1838 2457 2037 2511 ﬁxerat
2064 2456 2211 2527 signi
2238 2473 2425 2512 causa.
2456 2458 2715 2512 Fortasse
2738 2463 2929 2512 autem
2952 2457 3058 2511 hoc
3079 2472 3303 2528 quoque
3322 2455 3433 2510 fuit

153 2540 233 2597 οι)
259 2540 580 2612 angustiam
598 2538 1249 2595 foraminis.Publicanus
1269 2539 1418 2594 enim
1439 2556 1597 2593 meus
1618 2536 1757 2592 mihi
1838 2546 1939 2599 Dei
1978 2545 2271 2617 permissio
2301 2546 2373 2600 ad
2400 2547 2675 2617 majorem
2706 2547 2829 2617 ejus
2856 2546 3334 2611 exercitationem,
3367 2550 3433 2600 ut

154 2647 279 2686 non
300 2629 663 2702 permittebat
691 2630 920 2685 omnino
945 2629 1110 2684 vesci.
1145 2630 1313 2684 Totos
1341 2646 1475 2699 ergo
1501 2635 1619 2684 tres
1652 2646 1756 2684 an-
1838 2651 1952 2689 non
1979 2640 2231 2706 speraret
2248 2635 2308 2689 in
2327 2635 2717 2701 arundinibus,
2745 2636 2843 2690 sed
2868 2636 2927 2690 in
2955 2634 3056 2690 Dei
3082 2634 3287 2706 gratia,
3311 2650 3434 2705 qua;

153 2736 267 2775 nos
290 2720 437 2774 hanc
459 2719 1388 2790 exercuitcontinentiam,quatuor
1406 2720 1490 2773 vel
1510 2719 1758 2790 quinque
1839 2741 1941 2795 per
1959 2724 2276 2779 columnam
2305 2725 2469 2779 nubis
2489 2725 2719 2779 deduxit
2742 2724 2919 2779 Israel
2942 2724 3317 2795 quadraginta
3338 2739 3436 2777 an-

154 2809 360 2865 uncias
393 2810 708 2876 comedens,
751 2814 809 2864 et
830 2826 1036 2881 aquam
1065 2826 1190 2880 qua":
1240 2809 1320 2862 eis
1354 2809 1754 2879 responderet;
1839 2814 1928 2867 nis
1955 2814 2013 2868 in
2041 2814 2277 2868 terribili
2304 2814 2402 2868 illa
2419 2814 2739 2868 solitudine.
2772 2814 3005 2869 Dicebat
3034 2818 3226 2868 autem
3256 2813 3437 2867 Maca-

157 2899 276 2954 olei
302 2904 494 2953 autem
522 2898 829 2954 sextarium
850 2904 969 2954 toto
999 2914 1147 2953 anno
1177 2897 1541 2953 consumebat
1563 2898 1621 2952 in
1651 2897 1756 2952 ali-
1841 2903 1988 2957 rius:
2022 2905 2161 2958 Cum
2199 2904 2429 2975 propius
2466 2904 2673 2958 accessi
2692 2904 2761 2957 ad
2780 2903 2919 2958 illud
2935 2903 3439 2968 monimentum,ex

154 2994 440 3044 mentum.
1842 3009 1907 3047 eo
1930 2994 2140 3063 egressi
2157 2993 2295 3047 mihi
2307 2994 2753 3048 occurreruntad
2770 2992 3130 3064 septuaginta
3155 2992 3437 3047 daemones

233 3078 366 3132 Alia
383 3078 613 3133 athletae
630 3078 973 3133 exercitatio.
1003 3079 1216 3133 Statuit
1240 3078 1548 3133 indomitus
1571 3075 1663 3131 hic
1675 3078 1762 3131 vir
1784 3151 1813 3153 ω
1841 3082 2010 3135 variis
2052 3082 2247 3137 formis
2280 3081 2531 3153 praediti;
2574 3081 2673 3136 alii
2710 3081 2939 3152 quidem
2968 3081 3297 3144 clamantes,
3337 3077 3436 3132 alii

155 3184 431 3224 somnum
459 3184 745 3240 superare.
763 3169 980 3223 Etenim
1009 3168 1270 3224 utilitatis
1301 3170 1486 3239 gratia
1505 3170 1609 3224 hoc
1630 3169 1749 3241 ipse
1768 3151 1817 3216 α
1847 3187 1976 3225 vero
1998 3151 2333 3237 exsilientes,
2363 3170 2460 3225 alii
2490 3186 2620 3225 vero
2648 3151 2775 3224 cum
2792 3185 2995 3239 magno
3021 3168 3250 3223 fremitu
3269 3167 3329 3221 in
3348 3183 3440 3222 me

154 3257 420 3313 narravit
448 3275 460 3311 :
486 3258 641 3313 Totis
668 3257 867 3328 viginti
894 3258 1093 3312 diebus
1118 3263 1177 3312 et
1213 3259 1471 3313 noctibus
1497 3276 1609 3313 non
1635 3276 1762 3313 sum

154 3352 381 3402 tectum
400 3346 705 3418 ingressus,
744 3353 810 3402 ut
828 3356 1089 3402 somnum
1110 3348 1408 3414 vincerem,
1443 3365 1570 3402 cum
1591 3348 1763 3403 inter-

158 3437 267 3492 diu
297 3436 525 3509 quidem
547 3442 686 3492 aestu
715 3438 990 3503 arderem,
1025 3443 1195 3494 noctu
1232 3455 1362 3493 vero
1391 3440 1581 3509 algore
1610 3438 1761 3510 rige-

159 3543 310 3582 rem.
336 3526 495 3591 Quod
514 3527 641 3592 nisi,
674 3526 982 3598 inquiebat.
1001 3532 1212 3581 tectum
1243 3544 1423 3582 essem
1450 3528 1758 3599 ingressus,

164 3622 229 3672 et
258 3633 456 3672 somno
480 3633 616 3672 usus
640 3633 840 3684 essem,
868 3617 950 3671 ita
972 3617 1109 3671 mihi
1132 3624 1255 3672 erat
1270 3619 1578 3673 arefactum
1607 3636 1765 3674 cere—

159 3708 357 3773 brum,
389 3711 455 3760 ut
482 3706 745 3777 deinceps
772 3712 967 3776 ageret
992 3707 1051 3761 in
1082 3707 1376 3762 exstasim:
1429 3713 1487 3762 et
1515 3708 1664 3779 quod
1695 3709 1766 3763 ad

160 3811 264 3850 me
293 3782 519 3865 quidem
547 3794 767 3861 attinet,
800 3795 904 3849 vici
941 3812 1201 3850 somnum
1229 3815 1242 3863 ;
1285 3796 1434 3867 quod
1474 3803 1666 3852 autem
1694 3798 1766 3852 ad

160 3887 438 3940 naturam
461 3899 602 3953 opus
625 3883 947 3951 habentem,
976 3884 1027 3938 ei
1051 3885 1194 3939 cessi
1226 3886 1266 3937 ¹.

247 3973 312 4028 Ei
322 3971 622 4044 aliquando
632 3973 846 4027 molesti
852 3990 943 4027 am
956 3973 1207 4028 exhibuit
1216 3974 1445 4045 spiritus
1456 3974 1769 4031 fornicatio-

167 4062 264 4117 nis
278 4060 406 4129 (49;;
427 4067 483 4116 et
499 4066 634 4116 tunc
648 4063 1038 4117 condemnavit
1070 4064 1317 4134 seipsum
1336 4064 1531 4119 sedere
1553 4066 1769 4120 nudum

168 4169 275 4208 sex
295 4167 516 4206 menses
541 4151 601 4205 in
621 4152 826 4222 palude
865 4152 1072 4218 Scetes,
1104 4169 1227 4223 quae
1254 4158 1341 4207 est
1367 4153 1426 4208 in
1451 4160 1608 4209 vasta
1642 4156 1771 4209 soli-

166 4240 393 4306 tudine,
424 4240 485 4295 in
511 4256 623 4311 qua
662 4245 900 4311 possunt
933 4241 1141 4295 culices
1185 4243 1272 4296 vel
1300 4244 1551 4298 sauciare
1596 4246 1771 4315 pelles

170 4345 464 4401 aprorum,
491 4334 557 4383 ut
576 4329 673 4400 qui
701 4330 817 4384 sint
835 4346 991 4401 aeque
1020 4331 1212 4401 magni
1243 4337 1307 4385 ut
1325 4349 1522 4404 vespae,
1547 4333 1688 4388 adeo
1708 4340 1774 4389 ut

165 4421 234 4474 in
264 4423 383 4474 toto
405 4420 784 4490 ejuS'corpore
811 4419 1097 4473 inﬁxerint
1120 4421 1369 4488 aculeos;
1411 4428 1477 4476 ut
1516 4423 1772 4478 nonnulli

1846 3260 2145 3314 stridentes
2165 3259 2446 3325 dentibus,
2480 3259 2576 3313 alii
2603 3275 2735 3313 vero
2766 3263 3036 3329 tanquam
3065 3257 3214 3312 corvi
3242 3257 3437 3312 volan-

1844 3354 1950 3415 tes,
1980 3348 2265 3403 audebant
2288 3365 2413 3402 meo
2429 3348 2607 3402 vultui
2628 3348 2920 3411 insultare,
2954 3346 3204 3401 dicentes
3233 3363 3245 3399 :
3288 3345 3438 3410 Quid

1844 3438 1943 3504 vis,
1977 3438 2203 3504 Macari,
2236 3437 2472 3492 tentatio
2491 3437 2892 3492 monachorum
2914 3436 2942 3490 ‘I
2962 3436 3097 3508 quid
3121 3436 3193 3490 ad
3221 3451 3323 3489 nos
3351 3450 3440 3489 ac-

1847 3527 2104 3582 ccssisti?
2151 3544 2225 3581 an
2253 3543 2365 3581 non
2394 3543 2496 3581 nos
2525 3543 2747 3597 quoque
2772 3526 3019 3597 aliquem
3053 3542 3119 3579 ex
3149 3525 3438 3579 monachis

1845 3616 2164 3670 vexavimus
2182 3618 2210 3667 ?
2241 3616 2374 3680 Quae
2393 3621 2592 3669 nostra
2610 3620 2760 3683 sunt,
2780 3621 2845 3670 tu
2866 3631 2992 3669 cum
3021 3614 3136 3669 tuis
3161 3613 3439 3669 similibus

1848 3706 1962 3760 illic
1991 3706 2182 3772 habes,
2211 3722 2413 3778 nempe
2455 3706 2832 3771 solitudinem,
2863 3710 2920 3760 et
2936 3703 3089 3758 illinc
3108 3708 3330 3758 nostros
3352 3718 3443 3757 co-

1846 3802 2047 3867 gnatos
2076 3795 2382 3865 fugavistis.
2418 3795 2572 3850 Nihil
2599 3800 2684 3849 est
2705 3794 2865 3849 nobis
2902 3798 3089 3848 tecum
3120 3807 3437 3847 commune.

1850 3885 1996 3949 Quid
2015 3886 2137 3939 loca
2155 3890 2346 3939 nostra
2367 3884 2584 3938 invadis
2601 3884 2625 3937 ’I
2644 3885 2935 3955 Tanquam
2952 3882 3443 3947 anachoreta,con-

1849 3980 2039 4029 tentus
2067 3979 2188 4028 esto
2209 3973 2531 4027 solitudine.
2564 3971 2671 4037 Qui
2692 3972 2843 4026 hunc
2860 3972 3045 4026 locum
3069 3970 3439 4036 aediﬁcarunt,

1850 4081 1980 4119 eum
2006 4064 2164 4119 nobis
2192 4064 2573 4135 assignarunt;
2597 4079 2711 4117 non
2735 4068 2893 4133 potes
2915 4061 3006 4116 hic
3024 4076 3272 4115 manere.
3297 4058 3444 4124 Quid

1850 4155 2053 4226 quaeris
2064 4155 2281 4225 ingredi
2298 4156 2356 4208 in
2384 4155 2528 4207 hanc
2539 4152 2968 4224 possessionem,
2994 4151 3053 4205 in
3075 4166 3243 4222 quam
3254 4151 3445 4205 nullus

1854 4261 1921 4299 ex
1948 4244 2083 4298 vivis
2125 4242 2445 4298 hominibus
2493 4247 2581 4296 est
2607 4243 2915 4313 ingressus,
2944 4257 3011 4294 ex
3040 4255 3150 4311 quo
3178 4238 3448 4295 fratribus

1856 4334 1953 4404 qui
1973 4334 2078 4388 hoc
2096 4334 2469 4388 condiderunt
2487 4339 2621 4387 sunt
2634 4332 2842 4386 anobis
2856 4332 2947 4385 hic
2962 4330 3121 4385 factae
3141 4329 3444 4399 exsequiae.

1856 4419 1925 4473 Et
1951 4435 2078 4473 cum
2099 4420 2278 4473 multa
2296 4419 2478 4472 adhuc
2496 4416 2794 4473 turbarent
2815 4421 2872 4470 et
2889 4415 3226 4469 insultarent
3244 4414 3449 4469 demo-

1792 4467 1846 4530 D

169 4507 620 4564 existimaverint
642 4523 772 4563 eum
794 4524 915 4563 esse
934 4507 1239 4579 leprosum.
1261 4511 1535 4566 Reversus
1557 4529 1691 4583 ergo
1710 4514 1768 4567 in
1795 4503 1846 4530 ¹¹
1858 4524 1978 4573 nes,
2001 4507 2141 4561 dixit
2155 4508 2236 4563 eis
2246 4513 2472 4561 sanctus
2490 4505 2764 4561 Macarius
2788 4520 2799 4554 :
2822 4503 3116 4574 Ingrediar
3128 4507 3370 4569 tantum,
3388 4506 3449 4557 et

167 4613 341 4654 suam
368 4597 630 4652 cellulam
655 4602 784 4668 post
817 4614 912 4652 sex
945 4614 1184 4665 menses,
1223 4616 1288 4654 ex
1316 4616 1446 4655 voce
1484 4602 1769 4673 cognitum

169 4693 264 4743 est
291 4702 422 4743 eum
451 4703 573 4741 esse
592 4686 885 4742 dominum
907 4687 1233 4743 Macarium.

248 4778 307 4832 Is
331 4776 509 4849 cupiit
532 4776 854 4848 aliquando,
897 4782 964 4831 ut
990 4776 1110 4848 ipse
1138 4777 1299 4832 nobis
1326 4780 1595 4844 narravit,
1620 4781 1771 4851 quod

168 4867 236 4922 in
266 4866 448 4921 hortis
480 4871 620 4933 erat,
654 4865 873 4937 ingredi
921 4866 1354 4934 monimentum,
1389 4870 1538 4939 quod
1567 4869 1774 4925 dicitur

165 4954 479 5026 κηποτάφιον
524 4956 703 5009 Janne
741 4960 799 5009 et
835 4955 1103 5022 Mambre,
1146 4973 1440 5027 magorum
1479 4959 1574 5029 qui
1611 4965 1773 5014 erant

167 5050 435 5115 tempore
454 5043 785 5111 Pharaonis,
818 5049 883 5099 ut
900 5044 958 5099 id
986 5045 1218 5112 videret,
1242 5048 1327 5101 vel
1358 5047 1530 5101 etiam
1553 5053 1616 5102 ut
1643 5065 1772 5103 con-

167 5132 395 5188 veniret
423 5149 519 5188 eos
547 5134 644 5205 qui
670 5134 784 5189 illic
811 5140 942 5190 sunt
962 5136 1261 5190 daemones.
1296 5137 1597 5192 Dicebatur
1618 5138 1769 5193 enim

167 5221 473 5296 plurimos,
516 5239 722 5295 eosque
770 5223 1159 5292 ferocissimos,
1189 5226 1249 5280 in
1284 5242 1350 5280 eo
1378 5227 1498 5281 loco
1540 5227 1609 5281 ab
1658 5220 1769 5282 illis

168 5312 482 5369 collocatos
516 5329 637 5367 esse
665 5313 947 5368 daemones
976 5330 1077 5385 per
1114 5314 1338 5369 infamis
1383 5317 1521 5370 artis
1572 5332 1768 5372 eorum

169 5402 589 5459 excellentiam.
616 5403 735 5457 Hoc
756 5407 946 5458 autem
968 5404 1376 5460 monimentum
1404 5407 1613 5462 factum
1640 5413 1726 5462 est
1740 5424 1775 5462 a

168 5494 201 5549 J
207 5507 360 5548 anne
380 5497 437 5546 et
458 5491 711 5547 Mambre
736 5492 1124 5565 fratribus,qui
1140 5502 1370 5566 propter
1384 5498 1615 5568 magica:
1635 5499 1774 5553 artis

168 5582 573 5640 excellentiam
602 5582 815 5654 primas
844 5589 1033 5654 partes
1067 5583 1350 5641 habebant
1384 5586 1482 5641 illo
1519 5593 1773 5660 tempore

1850 4596 2132 4662 videbo,et
2153 4596 2285 4650 hinc
2313 4596 2591 4649 recedam.
2614 4593 2888 4649 Dixerunt
2909 4597 3099 4646 autem
3114 4591 3397 4645 daemones
3425 4608 3440 4644 :

1854 4687 1973 4740 Hoc
1999 4684 2159 4740 nobis
2181 4686 2445 4756 promitte
2465 4683 2525 4737 in
2553 4688 2655 4738 tua
2683 4680 3040 4737 conscientia.
3073 4680 3220 4735 Dicit
3247 4684 3441 4734 autem

1853 4776 2058 4831 Christi
2100 4792 2310 4840 servus,
2346 4774 2465 4827 Hoc
2499 4772 2720 4827 faciam.
2766 4772 3060 4826 Daemones
3089 4774 3281 4824 autem
3314 4786 3447 4823 eva-

1852 4871 2112 4921 nuerunt.
2142 4864 2495 4934 Ingrediente
2520 4867 2711 4916 autem
2739 4878 2805 4915 eo
2826 4860 2881 4914 in
2904 4860 3251 4932 paradisum,
3274 4859 3328 4914 ei
3357 4875 3446 4914 oc-

1854 4956 2032 5011 currit
2052 4954 2308 5009 diabolus
2335 4968 2462 5008 cum
2492 4951 2687 5006 stricta
2714 4951 3060 5022 rhompbzea,
3083 4950 3135 5004 ei
3150 4949 3441 5004 minitans.

1853 5047 1940 5101 Ad
1968 5061 2134 5117 quem
2161 5045 2307 5098 hanc
2328 5058 2521 5097 vocem
2555 5040 2847 5112 respondit
2875 5046 3103 5095 sanctus
3126 5038 3394 5095 Macarius
3424 5055 3439 5091 :

1849 5138 1935 5192 Tu
1962 5135 2119 5189 venis
2147 5134 2216 5188 ad
2249 5150 2339 5188 me
2359 5132 2418 5187 in
2448 5132 2643 5187 stricta
2660 5130 3017 5202 rhomphaaa;
3050 5134 3107 5183 et
3126 5145 3231 5198 ego
3250 5132 3445 5182 contra

1850 5232 1907 5281 te
1935 5225 2223 5297 ingrediar
2242 5223 2299 5278 in
2330 5222 2558 5278 nomine
2588 5220 2813 5276 Domini
2830 5219 3083 5285 sabaoth,
3117 5218 3176 5271 in
3206 5217 3326 5271 acie
3343 5215 3448 5271 Dei

1857 5316 2356 5385 Israel.Ingressus
2376 5318 2586 5379 autem,
2603 5309 3013 5380 contemplatus
3029 5322 3155 5361 sum
3172 5306 3448 5372 omnia,in

1856 5405 2057 5478 quibus
2111 5404 2299 5459 inveni
2345 5404 2516 5458 etiam
2559 5402 2761 5457 cadum
2791 5414 3008 5453 aeneum
3038 5401 3234 5451 catena
3263 5396 3447 5451 ferrea

1854 5495 2197 5566 pendentem
2243 5510 2307 5547 ex
2337 5498 2526 5565 puteo,
2550 5493 2669 5561 jam
2688 5494 2939 5559 tempore
2959 5491 3371 5556 consumptum,
3387 5490 3445 5541 et

1853 5585 2099 5639 fructum
2120 5584 2398 5639 malorum
2428 5581 2759 5654 punicorum
2778 5593 2901 5651 qua
2929 5575 3068 5633 nihil
3094 5575 3247 5632 intus
3270 5575 3443 5632 habe-

247 5707 267 5743 ¹
304 5706 409 5764 Hic
455 5704 843 5781 paragraphus
878 5704 1060 5761 variat
1102 5705 1164 5764 in
1215 5706 1424 5766 Graeco.
1468 5710 1567 5768 Est
1603 5717 1669 5770 ut
1702 5713 1764 5771 in
1794 5709 2107 5777 Heraclide,
2134 5724 2254 5781 cap.
2282 5705 2335 5761 6.
