3910 6368
543 341 682 405 1115
1639 343 1735 400 DE
1768 342 1958 401 VITIS
1995 341 2118 400 PA']

2203 339 2294 400 ΗΜ
2327 337 2544 396 LIBER
2577 335 2729 394 VIII.
3658 339 3765 399 lll6

538 462 925 531 bant,fuerant
952 463 1104 519 enim
1123 463 1368 521 arefacta
1385 481 1422 521 a
1444 466 1580 534 sole,
1609 471 1668 522 et
1681 469 1925 540 plurima
1951 485 2126 525 aurea
2142 473 2193 531 Α
2211 462 2721 539 quadringentiviri
2732 477 2915 534 usque
2925 461 2986 517 in
2994 461 3331 519 hodiernum
3343 462 3767 538 diem.Ingressus

539 553 790 610 donaria.
825 554 963 608 Cum
995 560 1222 610 sanctus
1243 572 1376 626 ergo
1411 560 1594 622 I328
1625 557 1780 612 illinc
1813 559 2136 613 recessisset
2220 563 2468 628 estergo.
2488 555 2630 610 Cum
2650 557 2840 608 autem
2856 552 3214 624 praeteriisset
3231 553 3578 624 aliquantum
3591 560 3766 630 tempo-

536 641 746 714 absque
775 643 1022 698 tumultu
1049 649 1106 697 et
1135 644 1277 698 citra
1315 645 1474 699 illam
1517 647 2018 717 perturbationem,
2050 664 2135 702 re-
2215 647 2314 712 ris,
2347 645 2573 700 advenit
2601 642 3065 714 quadragesima;
3091 648 3149 696 et
3169 642 3310 696 vidit
3327 659 3494 698 senex
3531 645 3766 702 Macarius

538 747 732 786 versus
771 736 859 786 est
887 748 988 802 per
1013 732 1213 802 viginti
1234 733 1355 788 dies
1383 733 1442 788 in
1462 751 1622 789 suam
1643 737 1861 790 cellam.
2215 749 2676 806 unumquemque
2695 731 3002 801 suscepisse
3026 730 3277 785 diversas
3290 731 3506 786 vivendi
3527 733 3766 789 rationes:

607 821 747 874 Cum
764 825 955 876 autem
977 821 1311 877 defecissent
1325 840 1498 895 panes
1517 829 1574 878 et
1585 841 1732 896 aqua
1743 841 1919 896 quam
1940 831 2132 896 porta-
2215 824 2393 878 alium
2425 823 2652 894 quidem
2693 819 2984 876 comedere
3019 836 3250 890 vespere
3273 839 3287 886 ;
3319 821 3493 875 alium
3521 838 3640 877 vero
3666 831 3765 894 post

531 908 712 976 bat,in
725 927 932 981 magna
951 918 1075 966 erat
1087 912 1408 968 afflictione.
1436 913 1655 984 Viginti
1675 915 1825 969 enim
1845 915 2136 970 diebusin-
2217 912 2357 966 duos
2385 911 2524 976 dies,
2554 911 2728 964 alium
2758 914 2886 980 post
2913 908 3160 979 quinque
3187 926 3200 974 ;
3237 908 3411 963 alium
3433 915 3578 963 stare
3604 917 3770 981 perto-

529 999 793 1070 grediens
818 1017 920 1071 per
933 1001 1322 1068 solitudinem,
1341 1008 1405 1056 ut
1426 1003 1703 1070 existimo,
1732 1005 1875 1058 nihil
1907 1005 2136 1059 omnino
2216 1006 2332 1054 tam
2364 1005 2606 1063 noctem,
2636 998 2883 1052 interdiu
2912 1014 3040 1052 vero
3061 997 3255 1052 sedere
3283 997 3354 1052 ad
3375 1015 3532 1068 opus.
3559 1000 3670 1070 Ipse
3689 1017 3767 1056 au-

533 1088 798 1158 gustavit,
811 1094 876 1143 ut
893 1089 1066 1144 etiam
1089 1107 1179 1144 res
1199 1091 1464 1146 ostendit.
1477 1092 1737 1148 Fortasse
1751 1099 1942 1148 autem
1955 1099 2137 1148 tenta-
2215 1094 2332 1143 tem
2353 1105 2481 1143 cum
2502 1088 2718 1159 aliquot
2740 1087 2942 1158 palmae
2970 1103 3156 1140 ramos
3171 1085 3275 1140 sibi
3296 1087 3770 1149 madefecissehste-

533 1175 704 1232 batur
715 1194 938 1249 quoque
952 1179 1334 1234 intolerantia.
1344 1181 1410 1234 Et
1427 1197 1554 1235 cum
1565 1183 1685 1252 jam
1699 1199 1900 1254 parum
1915 1183 2137 1238 abesset
2215 1178 2287 1232 tit
2315 1178 2372 1232 in
2394 1193 2507 1232 uno
2529 1177 2755 1248 angulo,
2787 1182 2844 1230 et
2873 1176 3049 1230 donec
3069 1175 3443 1246 quadraginta
3459 1175 3578 1230 dies
3592 1177 3770 1248 impleti

533 1266 672 1338 quin
692 1267 1209 1335 collaberetur,visa
1224 1275 1310 1324 est
1329 1269 1380 1324 ei
1403 1271 1656 1340 quaedam
1677 1273 1876 1342 puellae
1890 1273 2132 1344 speciem
2215 1274 2424 1334 essent,
2477 1272 2535 1322 et
2567 1267 2885 1321 advenisset
2917 1266 3150 1332 Pascha,
3182 1281 3294 1320 non
3322 1267 3559 1337 sumpsit
3578 1283 3765 1337 panem,

534 1371 650 1427 prae
677 1373 738 1410 se
769 1356 975 1424 ferens,
1011 1363 1075 1412 ut
1104 1358 1225 1429 ipse
1245 1358 1532 1426 narrabat,
1567 1361 1778 1415 munda
1805 1361 1956 1416 linea
1980 1367 2132 1417 veste
2213 1374 2327 1412 non
2344 1373 2568 1428 aquam,
2582 1373 2694 1410 non
2713 1371 2862 1426 genu
2883 1354 3054 1421 ﬂexit,
3075 1371 3187 1409 non
3210 1354 3372 1419 sedit,
3391 1371 3504 1410 non
3524 1355 3764 1420 accubuit,

534 1443 734 1500 induta
754 1451 812 1501 et
828 1450 1026 1501 tenens
1044 1463 1246 1502 urnam
1263 1465 1410 1519 aqua
1425 1448 1729 1504 stillantem
1751 1464 1762 1498 :
1795 1467 1962 1522 quem
1981 1452 2132 1506 dice-
2213 1446 2354 1502 nihil
2370 1446 2521 1501 aliud
2539 1445 2788 1517 gustavit
2818 1449 3020 1516 praeter
3038 1459 3217 1516 pauca
3249 1444 3423 1498 cruda
3453 1443 3690 1498 crambes
3709 1445 3770 1499 fo-

534 1531 636 1588 bat
663 1535 943 1590 Macarius
971 1535 1214 1591 abfuisse
1243 1536 1312 1591 ab
1335 1554 1400 1592 eo
1429 1539 1649 1592 circiter
1667 1556 1843 1594 unum
1863 1541 2128 1596 stadium.
2213 1535 2438 1607 lia,quaa
2453 1535 2711 1590 sumebat
2733 1534 2824 1588 die
2844 1533 3155 1600 Dominico,
3169 1538 3233 1587 ut
3251 1533 3536 1588 videretur
3553 1533 3770 1588 comede-

533 1623 642 1688 Qui
666 1627 782 1678 tres
811 1625 930 1680 dies
961 1625 1247 1696 ingressus
1267 1632 1352 1681 est
1362 1644 1486 1682 eam
1501 1628 1694 1683 videns
1709 1646 1834 1684 cum
1850 1647 1996 1685 urna
2011 1637 2136 1687 tan-
2216 1641 2297 1690 re.
2329 1629 2388 1679 et
2407 1641 2522 1679 non
2554 1623 2824 1678 incideret
2851 1623 2911 1677 in
2933 1627 3292 1692 arrogantem
3313 1622 3383 1676 de
3403 1639 3463 1676 se
3487 1623 3769 1694 persuasio-

533 1728 700 1784 quam
731 1718 996 1779 stantem,
1029 1720 1086 1768 et
1113 1731 1243 1768 eum
1271 1721 1686 1786 provocantem,
1712 1733 1824 1772 non
1852 1720 2132 1776 valentem
2147 1753 2195 1814 B
2215 1729 2380 1778 nem;
2413 1718 2470 1768 ei
2497 1713 2545 1768 Si
2575 1713 2799 1784 quando
2820 1711 3303 1814 egrediebatur_ad
3325 1711 3536 1814 aliquid
3556 1727 3773 1766 1180888³·

531 1817 657 1856 eam
686 1802 937 1873 assequi:
957 1820 1056 1874 spe
1074 1809 1263 1858 autem
1285 1803 1531 1871 bibendi,
1551 1806 1724 1860 trium
1743 1807 1964 1863 dierum
1981 1809 2132 1864 labo-
2147 1799 2195 1814 ”
2213 1803 2381 1867 rium,
2405 1803 2516 1856 Cito
2537 1817 2734 1857 rursus
2761 1801 3098 1872 ingrediens,
3130 1799 3316 1854 Stabat
3335 1801 3406 1854 ad
3434 1817 3591 1872 opus.
3606 1817 3764 1855 0811011

530 1906 652 1944 rem
679 1891 903 1945 fortiter
921 1892 1523 1965 sustinuit.Postquam
1549 1896 1812 1966 apparuit
1827 1899 2128 1954 multitudo
2211 1891 2489 1963 aperiens.
2513 1891 2610 1945 sed
2632 1897 2788 1946 Stans
2816 1891 3058 1956 SileniiO,
3079 1890 3220 1944 nihil
3249 1890 3402 1944 aliud
3430 1890 3633 1945 faeiens
3651 1906 3766 1961 Prie-

527 1976 882 2046 bubalarum,
904 1997 968 2034 ex
991 1980 1194 2052 quibus
1213 1999 1327 2037 una
1346 1983 1505 2038 stetit
1533 2001 1598 2038 ex
1621 1985 1855 2040 adverso
1873 1987 1996 2057 ejus
2025 1988 2128 2042 ha-
2210 1985 2466 2052 terquam
2499 1980 2785 2034 silentium
2808 1980 2868 2034 in
2896 1980 3062 2034 corde
3082 1995 3362 2045 exercens,
3386 1983 3444 2034 et
3459 1979 3660 2034 faciens
3674 1995 3770 2033 ora-

539 2067 678 2123 bens
700 2068 980 2138 vitulum;
1014 2075 1148 2125 sunt
1173 2071 1322 2126 enim
1351 2073 1543 2127 multae
1572 2073 1630 2128 in
1660 2074 1770 2128 illis
1798 2075 1950 2130 locis.
1969 2077 2038 2131 Et
2066 2083 2132 2132 ut
2209 2071 2442 2136 tionem,
2485 2075 2543 2123 et
2583 2085 2771 2123 ramos
2801 2069 3000 2141 palmae
3035 2083 3274 2140 operans
3297 2084 3435 2139 quos
3472 2067 3698 2124 habebat
3721 2067 3764 2121 in

531 2157 752 2212 dicebat
786 2157 948 2212 nobis
976 2159 1274 2226 Macarius,
1311 2159 1452 2214 uber
1481 2163 1604 2232 ejus
1630 2163 1773 2217 lacte
1812 2164 2040 2230 fluebat,
2073 2171 2132 2220 et.
2210 2158 2488 2213 manibus.
2515 2159 2658 2214 Cum
2684 2165 2876 2213 autem
2901 2159 3018 2213 haec
3032 2158 3303 2212 vidissent
3323 2173 3519 2212 omnes
3541 2157 3767 2212 exemita-

537 2245 784 2318 desuper
807 2248 998 2302 sonuit
1017 2265 1120 2302 vox
1146 2249 1197 2304 ei
1225 2249 1449 2304 dicens:
1475 2252 1914 2318 Macari,accede
1937 2255 2007 2308 ad
2030 2255 2130 2308 bu-
2208 2253 2361 2302 tores
2390 2248 2544 2302 illius
2565 2248 2906 2312 monasterii,
2929 2247 3260 2301 seditionem
3276 2245 3588 2301 eXCitarunt
3606 2246 3767 2300 advel“-

531 2330 738 2399 balam,
774 2337 831 2387 et
849 2334 1074 2388 lactare.
1111 2334 1251 2389 Cum
1287 2351 1439 2405 ergo,
1465 2335 1668 2408 inquit,
1691 2337 1762 2392 ad
1792 2355 1917 2392 eam
1947 2355 2129 2394 acces-
2209 2353 2304 2390 sus
2316 2353 2478 2391 suum
2495 2337 2819 2408 praefectum
2841 2354 2853 2390 :
2873 2337 3166 2391 Undenam
3187 2335 3346 2390 nobis
3359 2335 3632 2390 adduxisti
3647 2335 3766 2389 hunc

529 2419 729 2476 sissem
772 2426 830 2476 et
854 2423 1096 2477 Iactatus
1125 2440 1326 2490 essem,
1376 2425 1516 2479 mihi
1554 2426 1791 2480 suffecit.
1836 2428 1910 2482 Ut
1936 2433 2126 2483 autem
2208 2426 2492 2480 hominem
2509 2425 2628 2480 sine
2647 2441 2813 2480 carne
2835 2426 2904 2480 ad
2926 2425 3105 2480 nostri
3121 2424 3766 2480 condemnationem?Ant

527 2511 804 2581 majorem
829 2511 1072 2582 gratiam
1093 2513 1924 2579 ostenderetDominus,docens
1941 2533 2126 2572 meam
2209 2531 2338 2570 eum
2371 2515 2500 2570 hinc
2529 2515 2688 2586 ejice,
2713 2520 2830 2580 aut,
2859 2520 2926 2569 ut
2955 2515 3114 2577 scias,
3143 2531 3246 2569 nos
3275 2529 3471 2569 omnes
3499 2515 3625 2568 hinc
3647 2529 3768 2568 rece-

535 2599 1055 2671 parvitatem,jubet
1066 2600 1330 2656 bubalam
1344 2619 1432 2657 me
1445 2604 1603 2674 sequi
1617 2620 1796 2676 usque
1817 2606 1888 2660 ad
1905 2607 2118 2663 cellam.
2207 2605 2410 2658 dimus.
2429 2605 2572 2659 Cum
2597 2604 2717 2658 haec
2731 2609 2922 2658 autem
2942 2620 2978 2658 a
2994 2603 3259 2658 fratribus
3278 2604 3550 2659 audiisset
3562 2617 3766 2672 magnus

529 2687 634 2742 Illa
661 2704 790 2743 vero
819 2705 1021 2760 parens
1052 2690 1238 2760 jussui
1265 2697 1459 2746 secuta
1489 2698 1592 2756 est,
1629 2709 1719 2747 me
1748 2693 1976 2764 quidem
2007 2697 2124 2750 lac-
2207 2692 2561 2758 Pachomius,
2597 2692 2666 2746 de
2697 2707 2762 2745 eo
2792 2697 2878 2746 est
2907 2691 3237 2747 sciscitatus.
3254 2692 3325 2747 Et
3351 2708 3480 2746 cum
3510 2691 3765 2745 didicisset

527 2781 672 2843 tans,
707 2794 873 2833 suum
900 2783 1088 2833 autem
1119 2795 1231 2834 non
1261 2780 1565 2835 admittens
1584 2781 1845 2837 vitulum.
2207 2782 2330 2852 ejus
2359 2782 2486 2836 vita:
2517 2781 2745 2852 agendae
2774 2781 3074 2848 rationem,
3109 2782 3286 2836 Deum
3317 2782 3536 2852 rogavit
3549 2785 3610 2834 ut
3631 2780 3677 2834 ei
3701 2795 3767 2833 re-

599 2866 918 2938 Aliquando
935 2883 1128 2922 rursus
1148 2885 1275 2922 cum
1295 2875 1528 2940 puteum
1552 2870 1768 2925 foderet
1792 2872 1883 2926 hic
1902 2873 1990 2927 vir
2006 2874 2123 2928 vir-
2209 2870 2487 2924 velaretur
2514 2871 2776 2941 quisnam
2803 2870 2896 2924 sit.
2912 2869 3243 2925 Revelatum
3264 2875 3350 2924 est
3375 2874 3568 2924 autem
3593 2869 3642 2922 ei
3660 2883 3764 2922 eum

526 2959 650 3012 tute
677 2956 967 3028 praeditus,
1013 2957 1085 3012 ad
1122 2959 1456 3013 recreandos
1501 2961 1804 3015 monachos
1839 2962 1906 3030 (is
1935 2969 2126 3018 autem
2208 2975 2329 3013 esse
2360 2959 2667 3014 Macarium
2693 2959 3050 3014 monachum.
3081 2960 3235 3014 Tunc
3257 2960 3379 3030 ejus
3405 2974 3633 3013 manum
3658 2973 3762 3029 pre-

528 3049 649 3100 erat
665 3061 839 3117 prope
859 3045 992 3100 folia
1019 3051 1078 3100 et
1103 3053 1391 3102 sarmenta
1419 3048 1532 3102 illic
1556 3050 1756 3121 posital
1797 3068 2018 3106 morsus
2040 3060 2123 3107 est
2149 3114 2182 3121 _
2208 3047 2404 3102 hendit
2432 3064 2669 3120 magnus
2697 3049 3054 3115 Pachomius,
3076 3053 3134 3102 et
3161 3064 3291 3102 eum
3315 3047 3464 3102 foras
3495 3047 3696 3112 educit;
3721 3051 3764 3099 et

533 3133 604 3189 ab
632 3114 823 3206 aspide
853 3141 964 3195 (est
991 3140 1180 3190 autem
1210 3142 1544 3192 venenatum
1585 3145 1643 3193 et
1672 3139 1969 3195 exitiosum
1998 3142 2116 3196 ani—
2140 3114 2184 3178 ο
2207 3153 2337 3192 cum
2367 3137 2689 3192 deduxisset
2717 3137 2775 3192 in
2805 3138 3033 3192 domum
3061 3137 3292 3192 oratorii
3321 3136 3415 3192 ubi
3453 3141 3542 3192 est
3585 3152 3691 3200 ara,
3717 3139 3761 3188 et

529 3224 690 3296 mal),
721 3223 916 3278 ambas
955 3224 1143 3280 fauces
1182 3226 1393 3298 aspidis
1423 3229 1851 3298 apprehendens
1891 3237 2120 3286 sanctus

525 3312 800 3368 ambabus
827 3313 1108 3382 manibus,
1136 3330 1261 3369 eam
1284 3315 1600 3387 discerpsit,
1633 3317 1825 3374 dicens
1849 3334 1862 3368 :
1892 3320 2034 3374 Cum
2063 3326 2120 3375 te

524 3417 638 3457 non
664 3401 910 3457 misisset
935 3403 1208 3459 Dominus
1229 3421 1408 3472 meus,
1428 3407 1708 3476 quomodo
1737 3408 1809 3462 ad
1829 3425 1921 3464 me
1948 3425 2121 3464 ausus

524 3507 585 3545 es
614 3491 881 3546 accedere
895 3491 921 3544 ?

595 3581 735 3636 Cum
757 3581 876 3652 ipse
896 3597 1091 3637 rursus
1118 3599 1358 3654 magnus
1385 3584 1656 3640 audiisset
1676 3585 1954 3642 Macarius
1969 3588 2117 3658 quod

523 3667 797 3724 haberent
823 3671 1154 3742 praeclarum
1183 3671 1308 3727 vitae
1335 3671 1659 3728 institutum
1670 3674 2112 3743 Tabennesiotaa,

521 3763 675 3815 veste
705 3765 942 3827 mutata,
962 3766 1019 3816 et
1035 3763 1618 3834 assumptomundano
1645 3763 1838 3819 habitu
1849 3765 2113 3836 operarii,

522 3849 706 3922 spatio
743 3849 1061 3907 quindecim
1101 3851 1320 3906 dierum
1352 3853 1606 3923 pervenit
1632 3853 1996 3920 Thebaidem,
2035 3853 2118 3909 in-

519 3955 746 4009 gressus
766 3955 867 4011 per
886 3940 1346 3996 solitudinem.Et
1364 3958 1491 3996 cum
1509 3942 1750 3997 venisset
1767 3942 1825 3996 in
1841 3948 2120 3998 monaste-

520 4027 668 4083 rium
688 4027 1475 4102 Tabennesiotarum,qumsiit
1490 4047 1685 4086 eorum
1705 4032 2117 4087 archimandri-

521 4117 903 4182 tam,nomine
919 4117 1304 4187 Pachomium,
1325 4119 1504 4174 virum
1523 4136 1579 4190 pi
1593 4119 2002 4188 obatissimum,
2020 4121 2116 4192 qui

526 4209 585 4259 et
611 4206 858 4276 gratiam
886 4205 1132 4261 habebat
1169 4207 1556 4278 propheticam
1587 4211 1680 4276 (De
1697 4225 1754 4263 eo
1781 4211 1960 4276 infra,
1993 4227 2110 4280 cap.

525 4291 639 4366 38),
680 4295 770 4349 cui
812 4295 1040 4366 quidem
1085 4302 1278 4351 sancto
1319 4302 1455 4352 tunc
1483 4297 1764 4353 revelatus
1791 4315 1904 4354 non
1929 4299 2118 4354 fuerat

523 4400 764 4456 magnus
793 4385 1090 4440 Macarius.
1113 4387 1255 4441 Cum
1285 4403 1419 4457 ergo
1444 4403 1573 4442 eum
1596 4388 1962 4457 convenisset,
1981 4389 2118 4444 dicit

2203 3232 2352 3282 esset
2379 3228 2683 3298 amplexus,
2718 3227 2771 3282 ei
2814 3227 2950 3282 dicit
2976 3245 2988 3281 :
3021 3227 3324 3292 Adesdum,
3355 3225 3665 3281 venerande
3688 3240 3759 3278 se-

2201 3331 2326 3370 nex.
2355 3317 2440 3371 Tu
2469 3333 2530 3371 es
2559 3316 2852 3382 Macarius,
2876 3321 2934 3372 et
2953 3332 3044 3371 me
3071 3315 3127 3370 id
3146 3315 3356 3371 celasti.
3379 3315 3572 3370 Multis
3590 3313 3760 3369 abhinc

2203 3405 2371 3460 annis
2395 3405 2545 3476 cupii
2573 3410 2630 3460 te
2657 3407 2846 3461 videre
2873 3421 3003 3461 cum
3033 3405 3103 3460 de
3128 3410 3186 3460 te
3213 3404 3488 3460 audirem.
3521 3405 3637 3474 Ago
3675 3400 3758 3456 tibi

2199 3493 2434 3564 gratias,
2457 3495 2607 3565 quod
2637 3495 2784 3550 filios
2803 3511 2956 3550 meos
2977 3493 3281 3564 subegeris,
3306 3509 3377 3548 ne
3403 3510 3464 3548 se
3487 3494 3693 3564 jactent
3718 3496 3761 3544 et

2201 3584 2498 3655 magnifice
2524 3583 2978 3656 circumspiciant
3002 3589 3232 3656 propter
3255 3599 3413 3638 suam
3444 3580 3762 3638 exercitatio-

2200 3689 2348 3728 nem.
2382 3674 2537 3744 Rogo
2571 3689 2704 3744 ergo
2734 3679 2811 3740 te,
2827 3673 3023 3728 recede
3041 3673 3101 3727 in
3119 3673 3303 3726 locum
3319 3678 3502 3738 tuum,
3519 3688 3618 3726 nos
3637 3669 3761 3724 enim

2199 3762 2336 3817 satis
2363 3763 2672 3820 aedificasti.
2690 3767 2747 3816 et
2767 3778 2867 3816 ora
2893 3779 2994 3834 pro
3022 3760 3202 3816 nobis.
3225 3763 3380 3817 Tunc
3395 3761 3468 3816 ab
3491 3760 3611 3834 ipso
3623 3773 3760 3828 roga-

2199 3854 2312 3915 tus,
2336 3856 2394 3905 et
2410 3867 2540 3906 eum
2561 3849 2821 3905 omnibus
2835 3850 3102 3905 fratribus
3119 3849 3426 3915 orantibus,
3442 3850 3526 3904 sic
3541 3846 3757 3904 recessit.

2277 3944 2458 4005 σοιιι
2478 3939 2796 4010 Aliquando
2818 3955 3014 3994 rursus
3037 3939 3289 3994 narravit
3303 3937 3467 3993 nobis
3479 3939 3572 3993 hic
3589 3938 3667 3992 vir
3679 3936 3758 3990 im-

2199 4028 2445 4100 patibilis
2477 4047 2488 4082 :
2514 4028 2748 4092 Quando
2777 4034 2927 4084 recte
2953 4028 3251 4099 gessissem
3274 4043 3500 4082 omnem
3528 4027 3649 4081 vitae
3665 4039 3758 4078 mo-

2197 4117 2424 4172 nasticae
2452 4117 2682 4187 agendas
2711 4117 3009 4183 rationem,
3038 4121 3174 4172 tunc
3197 4116 3324 4171 veni
3351 4115 3422 4170 ad
3438 4115 3594 4170 aliud
3619 4111 3756 4185 spiri-

2195 4206 2309 4260 tale
2357 4206 2716 4261 desiderium.
2749 4207 2934 4262 Statui
2977 4207 3129 4261 enim
3166 4205 3410 4278 quinque
3449 4205 3572 4260 dies
3606 4203 3756 4258 solum

2197 4300 2446 4350 mentem
2473 4312 2658 4352 meam
2675 4295 2758 4350 ita
2785 4311 3136 4368 componere,
3176 4300 3241 4350 ut
3269 4311 3304 4349 a
3328 4295 3441 4349 Deo
3473 4293 3634 4348 avelli
3666 4304 3754 4344 non

2199 4389 2406 4455 posset,
2441 4391 2499 4439 et
2525 4384 2668 4439 nihil
2691 4385 2848 4440 aliud
2874 4385 3102 4440 omnino
3139 4383 3430 4455 cogitaret.
3472 4383 3546 4438 Et
3571 4397 3686 4436 cum
3711 4377 3754 4430 id

524 4474 576 4529 ei
605 4475 884 4530 Macarius
909 4488 921 4524 :
953 4475 1066 4532 Oro
1086 4481 1161 4541 te,
1197 4477 1418 4548 suscipe
1446 4493 1556 4541 me,
1611 4493 1818 4548 quaeso,
1852 4478 1913 4533 in
1953 4471 2180 4534 tuumD
2200 4475 2350 4546 apud
2381 4491 2471 4528 me
2499 4475 2844 4542 statuissem,
2876 4473 3050 4529 clausi
3073 4489 3258 4527 meam
3285 4472 3480 4527 cellam
3515 4477 3573 4525 et
3596 4469 3754 4524 aulam

522 4565 949 4631 monasterium,
986 4570 1053 4620 ut
1073 4565 1208 4620 fiam
1235 4566 1562 4621 monachus.
1602 4567 1750 4622 Dicit
1783 4567 1834 4622 ei
1877 4584 2116 4638 magnus

521 4653 856 4709 Pachomius
887 4671 902 4706 ε
930 4655 1055 4709 Non
1077 4659 1234 4726 potes
1262 4655 1524 4727 deinceps
1549 4655 1673 4711 fieri
1694 4657 2002 4712 monachus
2019 4657 2116 4728 qui

524 4742 602 4798 sis
622 4747 741 4798 tam
762 4748 1055 4816 provectus
1069 4749 1254 4811 aetate,
1273 4761 1388 4800 non
1412 4751 1571 4817 potes
1589 4752 1648 4800 te
1667 4762 1923 4802 exercere
1947 4764 1960 4800 :
1985 4751 2120 4802 sunt

523 4831 726 4887 fratres
755 4833 853 4904 qui
881 4849 940 4887 se
963 4839 1224 4888 exercent
1247 4850 1283 4888 a
1301 4835 1618 4903 juventute,
1633 4840 1691 4890 et
1709 4834 1958 4890 laborem
1981 4835 2119 4890 tole-

523 4926 672 4977 rant.
703 4923 788 4977 Tu
818 4927 1006 4978 autem
1037 4923 1097 4977 in
1127 4923 1232 4978 hac
1250 4929 1414 4978 aetate
1434 4939 1547 4978 non
1576 4929 1734 4995 potes
1767 4924 1912 4978 ferre
1940 4929 2119 4980 tenta-

522 5011 710 5066 tiones
738 5011 1172 5066 exercitationis.
1206 5013 1536 5079 Oﬂenderis,
1555 5019 1614 5068 et
1646 5013 1845 5080 exibis,
1870 5019 1926 5068 et
1957 5013 2118 5068 nobis

524 5100 904 5156 maledices.N
906 5117 1048 5172 eque
1067 5117 1197 5156 eum
1227 5101 1442 5172 accepit
1459 5118 1560 5156 nec
1578 5101 1759 5175 primo
1779 5103 1889 5170 die,
1912 5119 2016 5158 nec
2029 5119 2119 5157 se-

525 5191 708 5246 cundo
723 5207 901 5262 usque
931 5190 1002 5245 ad
1028 5195 1243 5261 septem
1273 5191 1412 5246 dies.
1433 5192 1534 5246 Ille
1559 5208 1688 5247 vero
1712 5191 1820 5246 fuit
1833 5197 2114 5258 constans,

527 5295 765 5336 manens
789 5281 1039 5352 jejunus.
1060 5281 1262 5336 Postea
1289 5285 1479 5336 autem
1509 5281 1645 5336 dicit
1665 5281 1716 5335 ei
1747 5298 1916 5336 senex
1942 5282 2124 5336 Maca-

527 5369 648 5426 rius
679 5389 692 5424 :
721 5370 952 5441 Suscipe
981 5385 1092 5438 me,
1107 5369 1270 5438 abba,
1295 5370 1483 5426 et'nisi
1507 5371 1838 5442 jejunavero
1860 5375 1918 5425 et
1941 5371 2123 5426 fecero

531 5473 597 5514 ea
617 5475 742 5530 qua;
762 5459 870 5531 ipsi
885 5475 1076 5530 opera,
1092 5458 1228 5529 jube
1249 5475 1341 5514 me
1357 5459 1484 5531 ejici
1511 5476 1577 5514 ex
1597 5461 1956 5516 monasterio.
1986 5461 2126 5516 Per-

533 5548 734 5603 suadet
765 5547 1034 5603 fratribus
1063 5539 1303 5620 magnus
1330 5549 1669 5604 Pachomius
1685 5553 1751 5605 ut
1769 5566 1898 5605 eum
1926 5549 2127 5605 admit-

537 5639 678 5692 tant.
711 5637 811 5693 Est
836 5642 1027 5694 autem
1054 5637 1224 5694 unius
1263 5638 1592 5696 monasterii
1622 5644 1949 5710 conventus,
1971 5640 2127 5697 mille

2197 4563 2560 4629 extrinsecus,
2590 4568 2654 4619 ut
2681 4563 2821 4618 nulli
2845 4563 3038 4618 darem
3076 4577 3425 4633 responsum.
3458 4561 3531 4615 Et
3548 4557 3670 4614 steti
3691 4556 3756 4610 in-

2197 4653 2410 4724 cipiens
2447 4669 2484 4706 a
2518 4652 2764 4706 secunda
2791 4658 2850 4707 et
2880 4652 3057 4706 menti
3087 4667 3225 4706 mea
3263 4649 3612 4722 praecipiens,
3640 4651 3689 4700 et
3711 4643 3751 4696 ei

2198 4741 2389 4797 dicens
2418 4761 2430 4796 :
2461 4741 2602 4796 Vide
2621 4758 2692 4796 ne
2719 4741 3025 4796 descendas
3041 4740 3110 4795 de
3134 4739 3304 4794 caelis.
3323 4737 3507 4793 Habes
3534 4734 3750 4808 angelos.

2199 4831 2782 4902 archangelos,omnes
2796 4845 3068 4901 supernas
3086 4832 3406 4901 potestates,
3421 4825 3696 4880 cherubim
3711 4825 3754 4874 et

2199 4919 2503 4990 seraphim,
2549 4920 2732 4974 Deum
2761 4920 2963 4974 horum
2995 4919 3246 4972 omnium
3287 4917 3624 4973 effectorem.
3653 4909 3750 4967 Illic

2199 5025 2442 5074 versare,
2472 5025 2545 5063 ne
2581 5007 2684 5064 sub
2710 5009 2878 5064 ccelos
2905 5006 3278 5071 desoenderis,
3320 5021 3390 5060 ne
3426 5002 3676 5060 incideris
3707 4998 3753 5052 in

2200 5098 2516 5154 mundanas
2535 5097 3072 5169 cogitationes.Cum
3091 5097 3232 5151 duos
3247 5088 3754 5165 autem,inquit,dies

2201 5193 2260 5244 et
2277 5189 2417 5243 duas
2441 5193 2633 5242 noctes
2653 5203 3114 5258 perseverassem,
3128 5185 3210 5239 ita
3225 5183 3436 5238 irritavi
3452 5182 3749 5238 daemonem.

2203 5284 2270 5334 ut
2289 5278 2407 5349 ipse
2426 5278 2589 5332 fieret
2613 5278 2844 5331 flamma
2858 5275 3090 5346 ignis,et
3100 5272 3322 5328 combui
3335 5279 3451 5328 cret
3461 5269 3644 5326 omnia
3655 5279 3752 5338 que

2205 5367 2482 5423 habebam
2509 5367 2565 5422 in
2585 5367 2742 5433 cella,
2771 5365 2911 5420 adeo
2931 5370 2998 5420 ut
3012 5364 3183 5419 etiam
3204 5367 3407 5427 stores,
3426 5375 3597 5432 supra
3615 5369 3752 5428 quam

2207 5457 2444 5524 stabam,
2481 5456 2611 5527 igne
2643 5455 2885 5521 arderet,
2920 5459 2977 5508 et
3014 5453 3094 5508 sic
3142 5469 3232 5507 me
3261 5466 3480 5523 quoque
3511 5445 3754 5503 existima-

2207 5563 2328 5603 rem
2344 5551 2526 5602 totum
2544 5543 3162 5615 conﬂagmre.Tandem
3173 5542 3374 5596 timore
3385 5539 3610 5594 affectus
3617 5531 3752 5589 tertio

2208 5637 2300 5694 die
2324 5636 2519 5694 destiti
2545 5635 2616 5691 ab
2645 5636 2751 5692 hoc
2773 5633 3079 5707 proposito,
3114 5647 3244 5689 cum
3277 5645 3388 5686 non
3417 5640 3633 5701 possem
3657 5635 3752 5678 am-
