  <div class='ocr_page' id='page_1' title='image "/cluster/home/n/w/nwhite01/storage/ocr_20150623/73/umn.31951002477366m/564.png"; bbox 0 0 3910 6442; ppageno 0'>
   <div class='ocr_carea' id='block_1_1' title="bbox 263 443 414 501">
    <p class='ocr_par' dir='ltr' id='par_1_1' title="bbox 263 443 414 501">
     <span class='ocr_line' id='line_1_1' title="bbox 263 443 414 501; baseline 0.02 -3"><span class='ocrx_word' id='word_1_1' title='bbox 263 443 414 501; x_wconf 80' lang='grc'>1117</span> 
     </span>
    </p>
   </div>
   <div class='ocr_carea' id='block_1_2' title="bbox 1526 431 2279 491">
    <p class='ocr_par' dir='ltr' id='par_1_2' title="bbox 1526 431 2279 491">
     <span class='ocr_line' id='line_1_2' title="bbox 1526 431 2279 491; baseline -0.005 -2"><span class='ocrx_word' id='word_1_2' title='bbox 1526 431 1869 491; x_wconf 82' lang='lat' dir='ltr'>HISTORIA</span> <span class='ocrx_word' id='word_1_3' title='bbox 1906 431 2279 487; x_wconf 76' lang='lat' dir='ltr'>LAUSIACA.</span> 
     </span>
    </p>
   </div>
   <div class='ocr_carea' id='block_1_3' title="bbox 3393 422 3534 482">
    <p class='ocr_par' dir='ltr' id='par_1_3' title="bbox 3393 422 3534 482">
     <span class='ocr_line' id='line_1_3' title="bbox 3393 422 3534 482; baseline -0.007 0"><span class='ocrx_word' id='word_1_4' title='bbox 3393 422 3534 482; x_wconf 78' lang='grc'>1118</span> 
     </span>
    </p>
   </div>
   <div class='ocr_carea' id='block_1_4' title="bbox 260 549 3536 639">
    <p class='ocr_par' dir='ltr' id='par_1_4' title="bbox 260 549 3536 639">
     <span class='ocr_line' id='line_1_4' title="bbox 260 549 3536 639; baseline -0.005 -17"><span class='ocrx_word' id='word_1_5' title='bbox 260 568 418 639; x_wconf 90' lang='lat' dir='ltr'>plius</span> <span class='ocrx_word' id='word_1_6' title='bbox 434 572 682 624; x_wconf 84' lang='lat' dir='ltr'>mentem</span> <span class='ocrx_word' id='word_1_7' title='bbox 701 581 884 620; x_wconf 83' lang='lat' dir='ltr'>meam</span> <span class='ocrx_word' id='word_1_8' title='bbox 908 569 1100 618; x_wconf 91' lang='lat' dir='ltr'>tenere</span> <span class='ocrx_word' id='word_1_9' title='bbox 1118 560 1577 626; x_wconf 89' lang='lat' dir='ltr'>indivulsam,sed</span> <span class='ocrx_word' id='word_1_10' title='bbox 1597 557 1858 613; x_wconf 87' lang='lat' dir='ltr'>descendi</span> <span class='ocrx_word' id='word_1_11' title='bbox 1872 558 1924 616; x_wconf 89' lang='lat' dir='ltr'><strong>A</strong></span> <span class='ocrx_word' id='word_1_12' title='bbox 1942 573 2070 611; x_wconf 92' lang='lat' dir='ltr'>cum</span> <span class='ocrx_word' id='word_1_13' title='bbox 2096 557 2348 611; x_wconf 86' lang='lat' dir='ltr'>unxisset</span> <span class='ocrx_word' id='word_1_14' title='bbox 2365 556 2486 611; x_wconf 92' lang='lat' dir='ltr'>oleo</span> <span class='ocrx_word' id='word_1_15' title='bbox 2514 560 2734 622; x_wconf 87' lang='lat' dir='ltr'>sancto;</span> <span class='ocrx_word' id='word_1_16' title='bbox 2759 560 2817 610; x_wconf 91' lang='lat' dir='ltr'>et</span> <span class='ocrx_word' id='word_1_17' title='bbox 2851 569 2978 609; x_wconf 91' lang='lat' dir='ltr'>cum</span> <span class='ocrx_word' id='word_1_18' title='bbox 3005 567 3211 623; x_wconf 89' lang='lat' dir='ltr'>aquam</span> <span class='ocrx_word' id='word_1_19' title='bbox 3227 549 3536 606; x_wconf 79' lang='lat' dir='ltr'>infudisset</span> 
     </span>
    </p>
   </div>
   <div class='ocr_carea' id='block_1_5' title="bbox 259 650 1861 728">
    <p class='ocr_par' dir='ltr' id='par_1_5' title="bbox 259 650 1861 728">
     <span class='ocr_line' id='line_1_5' title="bbox 259 650 1861 728; baseline -0.007 -17"><span class='ocrx_word' id='word_1_20' title='bbox 259 658 338 712; x_wconf 85' lang='lat' dir='ltr'>ad</span> <span class='ocrx_word' id='word_1_21' title='bbox 365 659 534 728; x_wconf 75' lang='lat' dir='ltr'>hujus</span> <span class='ocrx_word' id='word_1_22' title='bbox 549 655 743 711; x_wconf 91' lang='lat' dir='ltr'>mundi</span> <span class='ocrx_word' id='word_1_23' title='bbox 770 653 1292 724; x_wconf 83' lang='lat' dir='ltr'>contemplationem</span> <span class='ocrx_word' id='word_1_24' title='bbox 1312 669 1325 719; x_wconf 92' lang='lat'>;</span> <span class='ocrx_word' id='word_1_25' title='bbox 1347 651 1460 704; x_wconf 90' lang='lat' dir='ltr'>Deo</span> <span class='ocrx_word' id='word_1_26' title='bbox 1479 650 1713 703; x_wconf 78' lang='lat' dir='ltr'>fortasse</span> <span class='ocrx_word' id='word_1_27' title='bbox 1732 664 1861 718; x_wconf 91' lang='lat' dir='ltr'>per-</span> 
     </span>
    </p>
   </div>
   <div class='ocr_carea' id='block_1_6' title="bbox 258 737 1760 813">
    <p class='ocr_par' dir='ltr' id='par_1_6' title="bbox 258 737 1760 813">
     <span class='ocr_line' id='line_1_6' title="bbox 258 737 1760 813; baseline -0.007 -13"><span class='ocrx_word' id='word_1_28' title='bbox 258 747 544 813; x_wconf 78' lang='lat' dir='ltr'>mittente,</span> <span class='ocrx_word' id='word_1_29' title='bbox 577 762 647 800; x_wconf 92' lang='lat' dir='ltr'>ne</span> <span class='ocrx_word' id='word_1_30' title='bbox 675 745 779 798; x_wconf 91' lang='lat' dir='ltr'>hoc</span> <span class='ocrx_word' id='word_1_31' title='bbox 801 742 939 796; x_wconf 89' lang='lat' dir='ltr'>mihi</span> <span class='ocrx_word' id='word_1_32' title='bbox 959 746 1318 812; x_wconf 82' lang='lat' dir='ltr'>reputaretur</span> <span class='ocrx_word' id='word_1_33' title='bbox 1339 740 1396 793; x_wconf 91' lang='lat' dir='ltr'>in</span> <span class='ocrx_word' id='word_1_34' title='bbox 1417 737 1760 809; x_wconf 89' lang='lat' dir='ltr'>superbiam.</span> 
     </span>
    </p>
   </div>
   <div class='ocr_carea' id='block_1_7' title="bbox 334 826 1859 906">
    <p class='ocr_par' dir='ltr' id='par_1_7' title="bbox 334 826 1859 906">
     <span class='ocr_line' id='line_1_7' title="bbox 334 826 1859 906; baseline -0.008 -16"><span class='ocrx_word' id='word_1_35' title='bbox 334 837 452 906; x_wconf 87' lang='lat' dir='ltr'>Ego</span> <span class='ocrx_word' id='word_1_36' title='bbox 482 835 552 889; x_wconf 90' lang='lat' dir='ltr'>ad</span> <span class='ocrx_word' id='word_1_37' title='bbox 592 850 722 888; x_wconf 90' lang='lat' dir='ltr'>eum</span> <span class='ocrx_word' id='word_1_38' title='bbox 743 832 950 886; x_wconf 80' lang='lat' dir='ltr'>accessi</span> <span class='ocrx_word' id='word_1_39' title='bbox 969 828 1546 900; x_wconf 88' lang='lat' dir='ltr'>aliquando,etinveni</span> <span class='ocrx_word' id='word_1_40' title='bbox 1565 832 1722 880; x_wconf 81' lang='lat' dir='ltr'>extra</span> <span class='ocrx_word' id='word_1_41' title='bbox 1735 826 1859 895; x_wconf 85' lang='lat' dir='ltr'>ejus</span> 
     </span>
    </p>
   </div>
   <div class='ocr_carea' id='block_1_8' title="bbox 255 915 1859 994">
    <p class='ocr_par' dir='ltr' id='par_1_8' title="bbox 255 915 1859 994">
     <span class='ocr_line' id='line_1_8' title="bbox 255 915 1859 994; baseline -0.009 -15"><span class='ocrx_word' id='word_1_42' title='bbox 255 925 459 978; x_wconf 92' lang='lat' dir='ltr'>cellam</span> <span class='ocrx_word' id='word_1_43' title='bbox 487 926 769 994; x_wconf 87' lang='lat' dir='ltr'>jacentem</span> <span class='ocrx_word' id='word_1_44' title='bbox 799 920 1096 992; x_wconf 82' lang='lat' dir='ltr'>quemdam</span> <span class='ocrx_word' id='word_1_45' title='bbox 1121 917 1412 988; x_wconf 83' lang='lat' dir='ltr'>cujusdam</span> <span class='ocrx_word' id='word_1_46' title='bbox 1443 917 1547 969; x_wconf 86' lang='lat' dir='ltr'>vici</span> <span class='ocrx_word' id='word_1_47' title='bbox 1573 915 1859 987; x_wconf 85' lang='lat' dir='ltr'>presbyte-</span> 
     </span>
    </p>
   </div>
   <div class='ocr_carea' id='block_1_9' title="bbox 252 1003 1860 1081">
    <p class='ocr_par' dir='ltr' id='par_1_9' title="bbox 252 1003 1860 1081">
     <span class='ocr_line' id='line_1_9' title="bbox 252 1003 1860 1081; baseline -0.006 -17"><span class='ocrx_word' id='word_1_48' title='bbox 252 1027 409 1075; x_wconf 91' lang='lat' dir='ltr'>rum,</span> <span class='ocrx_word' id='word_1_49' title='bbox 433 1012 518 1081; x_wconf 91' lang='lat' dir='ltr'>cuj</span> <span class='ocrx_word' id='word_1_50' title='bbox 529 1028 592 1064; x_wconf 90' lang='lat' dir='ltr'>us</span> <span class='ocrx_word' id='word_1_51' title='bbox 603 1015 770 1080; x_wconf 84' lang='lat' dir='ltr'>caput</span> <span class='ocrx_word' id='word_1_52' title='bbox 789 1009 868 1061; x_wconf 91' lang='lat' dir='ltr'>ita</span> <span class='ocrx_word' id='word_1_53' title='bbox 883 1013 1005 1061; x_wconf 89' lang='lat' dir='ltr'>erat</span> <span class='ocrx_word' id='word_1_54' title='bbox 1033 1023 1261 1060; x_wconf 89' lang='lat' dir='ltr'>exesum</span> <span class='ocrx_word' id='word_1_55' title='bbox 1288 1005 1526 1059; x_wconf 90' lang='lat' dir='ltr'>amorbo</span> <span class='ocrx_word' id='word_1_56' title='bbox 1545 1005 1639 1074; x_wconf 87' lang='lat' dir='ltr'>qui</span> <span class='ocrx_word' id='word_1_57' title='bbox 1653 1003 1860 1057; x_wconf 90' lang='lat' dir='ltr'>dicitur</span> 
     </span>
    </p>
   </div>
   <div class='ocr_carea' id='block_1_10' title="bbox 252 1093 1856 1167">
    <p class='ocr_par' dir='ltr' id='par_1_10' title="bbox 252 1093 1856 1167">
     <span class='ocr_line' id='line_1_10' title="bbox 252 1093 1856 1167; baseline -0.006 -14"><span class='ocrx_word' id='word_1_58' title='bbox 252 1115 478 1164; x_wconf 84' lang='lat' dir='ltr'>cancer,</span> <span class='ocrx_word' id='word_1_59' title='bbox 513 1105 576 1152; x_wconf 93' lang='lat' dir='ltr'>ut</span> <span class='ocrx_word' id='word_1_60' title='bbox 604 1099 774 1152; x_wconf 86' lang='lat' dir='ltr'>etiam</span> <span class='ocrx_word' id='word_1_61' title='bbox 811 1097 998 1167; x_wconf 87' lang='lat' dir='ltr'>ipsum</span> <span class='ocrx_word' id='word_1_62' title='bbox 1025 1113 1089 1149; x_wconf 88' lang='lat' dir='ltr'>os</span> <span class='ocrx_word' id='word_1_63' title='bbox 1120 1101 1304 1149; x_wconf 90' lang='lat' dir='ltr'>totum</span> <span class='ocrx_word' id='word_1_64' title='bbox 1332 1099 1629 1164; x_wconf 88' lang='lat' dir='ltr'>appareret</span> <span class='ocrx_word' id='word_1_65' title='bbox 1648 1093 1706 1146; x_wconf 92' lang='lat' dir='ltr'>in</span> <span class='ocrx_word' id='word_1_66' title='bbox 1730 1107 1856 1145; x_wconf 89' lang='lat' dir='ltr'>ver-</span> 
     </span>
    </p>
   </div>
   <div class='ocr_carea' id='block_1_11' title="bbox 251 1180 1858 1255">
    <p class='ocr_par' dir='ltr' id='par_1_11' title="bbox 251 1180 1858 1255">
     <span class='ocr_line' id='line_1_11' title="bbox 251 1180 1858 1255; baseline -0.006 -13"><span class='ocrx_word' id='word_1_67' title='bbox 251 1187 386 1242; x_wconf 87' lang='lat' dir='ltr'>tice.</span> <span class='ocrx_word' id='word_1_68' title='bbox 403 1188 457 1242; x_wconf 89' lang='lat' dir='ltr'>Is</span> <span class='ocrx_word' id='word_1_69' title='bbox 478 1187 712 1241; x_wconf 91' lang='lat' dir='ltr'>accessit</span> <span class='ocrx_word' id='word_1_70' title='bbox 723 1185 794 1240; x_wconf 88' lang='lat' dir='ltr'>ad</span> <span class='ocrx_word' id='word_1_71' title='bbox 823 1186 1011 1255; x_wconf 85' lang='lat' dir='ltr'>ipsum</span> <span class='ocrx_word' id='word_1_72' title='bbox 1039 1189 1103 1238; x_wconf 92' lang='lat' dir='ltr'>ut</span> <span class='ocrx_word' id='word_1_73' title='bbox 1130 1189 1440 1248; x_wconf 78' lang='lat' dir='ltr'>curaretur,</span> <span class='ocrx_word' id='word_1_74' title='bbox 1478 1199 1578 1236; x_wconf 92' lang='lat' dir='ltr'>nec</span> <span class='ocrx_word' id='word_1_75' title='bbox 1607 1197 1735 1234; x_wconf 89' lang='lat' dir='ltr'>eum</span> <span class='ocrx_word' id='word_1_76' title='bbox 1757 1180 1858 1233; x_wconf 90' lang='lat' dir='ltr'>ad-</span> 
     </span>
    </p>
   </div>
   <div class='ocr_carea' id='block_1_12' title="bbox 253 1271 1851 1345">
    <p class='ocr_par' dir='ltr' id='par_1_12' title="bbox 253 1271 1851 1345">
     <span class='ocr_line' id='line_1_12' title="bbox 253 1271 1851 1345; baseline -0.004 -17"><span class='ocrx_word' id='word_1_77' title='bbox 253 1275 523 1329; x_wconf 82' lang='lat' dir='ltr'>mittebat</span> <span class='ocrx_word' id='word_1_78' title='bbox 541 1275 611 1329; x_wconf 93' lang='lat' dir='ltr'>ad</span> <span class='ocrx_word' id='word_1_79' title='bbox 637 1275 996 1345; x_wconf 87' lang='lat' dir='ltr'>colloquium.</span> <span class='ocrx_word' id='word_1_80' title='bbox 1029 1273 1238 1343; x_wconf 80' lang='lat' dir='ltr'>Rogavi</span> <span class='ocrx_word' id='word_1_81' title='bbox 1256 1276 1443 1326; x_wconf 90' lang='lat' dir='ltr'>autem</span> <span class='ocrx_word' id='word_1_82' title='bbox 1474 1287 1624 1336; x_wconf 89' lang='lat' dir='ltr'>eum,</span> <span class='ocrx_word' id='word_1_83' title='bbox 1643 1271 1851 1324; x_wconf 90' lang='lat' dir='ltr'>dicens:</span> 
     </span>
    </p>
   </div>
   <div class='ocr_carea' id='block_1_13' title="bbox 250 1363 1852 1434">
    <p class='ocr_par' dir='ltr' id='par_1_13' title="bbox 250 1363 1852 1434">
     <span class='ocr_line' id='line_1_13' title="bbox 250 1363 1852 1434; baseline -0.001 -18"><span class='ocrx_word' id='word_1_84' title='bbox 250 1363 528 1418; x_wconf 88' lang='lat' dir='ltr'>Miserere</span> <span class='ocrx_word' id='word_1_85' title='bbox 557 1364 726 1434; x_wconf 88' lang='lat' dir='ltr'>hujus</span> <span class='ocrx_word' id='word_1_86' title='bbox 757 1363 966 1428; x_wconf 90' lang='lat' dir='ltr'>miseri,</span> <span class='ocrx_word' id='word_1_87' title='bbox 991 1369 1049 1416; x_wconf 93' lang='lat' dir='ltr'>et</span> <span class='ocrx_word' id='word_1_88' title='bbox 1085 1363 1281 1416; x_wconf 79' lang='lat' dir='ltr'>saltem</span> <span class='ocrx_word' id='word_1_89' title='bbox 1310 1363 1381 1416; x_wconf 90' lang='lat' dir='ltr'>da</span> <span class='ocrx_word' id='word_1_90' title='bbox 1409 1363 1460 1416; x_wconf 91' lang='lat' dir='ltr'>ei</span> <span class='ocrx_word' id='word_1_91' title='bbox 1500 1377 1852 1432; x_wconf 84' lang='lat' dir='ltr'>responsum.</span> 
     </span>
    </p>
   </div>
   <div class='ocr_carea' id='block_1_14' title="bbox 249 1448 1853 1521">
    <p class='ocr_par' dir='ltr' id='par_1_14' title="bbox 249 1448 1853 1521">
     <span class='ocr_line' id='line_1_14' title="bbox 249 1448 1853 1521; baseline -0.003 -15"><span class='ocrx_word' id='word_1_92' title='bbox 249 1452 311 1506; x_wconf 90' lang='lat' dir='ltr'>Is</span> <span class='ocrx_word' id='word_1_93' title='bbox 343 1468 471 1506; x_wconf 91' lang='lat' dir='ltr'>vero</span> <span class='ocrx_word' id='word_1_94' title='bbox 507 1453 648 1505; x_wconf 90' lang='lat' dir='ltr'>mihi</span> <span class='ocrx_word' id='word_1_95' title='bbox 685 1452 992 1521; x_wconf 87' lang='lat' dir='ltr'>respondit,</span> <span class='ocrx_word' id='word_1_96' title='bbox 1039 1450 1230 1505; x_wconf 91' lang='lat' dir='ltr'>dicens</span> <span class='ocrx_word' id='word_1_97' title='bbox 1259 1470 1269 1504; x_wconf 93' lang='lat'>:</span> <span class='ocrx_word' id='word_1_98' title='bbox 1305 1451 1406 1504; x_wconf 91' lang='lat' dir='ltr'>Est</span> <span class='ocrx_word' id='word_1_99' title='bbox 1453 1449 1716 1519; x_wconf 90' lang='lat' dir='ltr'>indignus</span> <span class='ocrx_word' id='word_1_100' title='bbox 1757 1448 1853 1518; x_wconf 89' lang='lat' dir='ltr'>qui</span> 
     </span>
    </p>
   </div>
   <div class='ocr_carea' id='block_1_15' title="bbox 247 1537 1852 1606">
    <p class='ocr_par' dir='ltr' id='par_1_15' title="bbox 247 1537 1852 1606">
     <span class='ocr_line' id='line_1_15' title="bbox 247 1537 1852 1606; baseline -0.002 -12"><span class='ocrx_word' id='word_1_101' title='bbox 247 1546 503 1606; x_wconf 80' lang='lat' dir='ltr'>curetur,</span> <span class='ocrx_word' id='word_1_102' title='bbox 526 1541 696 1595; x_wconf 90' lang='lat' dir='ltr'>missa</span> <span class='ocrx_word' id='word_1_103' title='bbox 721 1545 808 1594; x_wconf 90' lang='lat' dir='ltr'>est</span> <span class='ocrx_word' id='word_1_104' title='bbox 823 1541 973 1594; x_wconf 90' lang='lat' dir='ltr'>enim</span> <span class='ocrx_word' id='word_1_105' title='bbox 991 1541 1061 1593; x_wconf 92' lang='lat' dir='ltr'>ad</span> <span class='ocrx_word' id='word_1_106' title='bbox 1081 1556 1208 1593; x_wconf 90' lang='lat' dir='ltr'>eum</span> <span class='ocrx_word' id='word_1_107' title='bbox 1224 1540 1339 1594; x_wconf 81' lang='lat' dir='ltr'>haec</span> <span class='ocrx_word' id='word_1_108' title='bbox 1363 1555 1398 1592; x_wconf 91' lang='lat' dir='ltr'>a</span> <span class='ocrx_word' id='word_1_109' title='bbox 1423 1539 1661 1593; x_wconf 91' lang='lat' dir='ltr'>Domino</span> <span class='ocrx_word' id='word_1_110' title='bbox 1685 1537 1852 1591; x_wconf 90' lang='lat' dir='ltr'>disci-</span> 
     </span>
    </p>
   </div>
   <div class='ocr_carea' id='block_1_16' title="bbox 247 1627 1854 1700">
    <p class='ocr_par' dir='ltr' id='par_1_16' title="bbox 247 1627 1854 1700">
     <span class='ocr_line' id='line_1_16' title="bbox 247 1627 1854 1700; baseline -0.001 -18"><span class='ocrx_word' id='word_1_111' title='bbox 247 1629 426 1700; x_wconf 90' lang='lat' dir='ltr'>plina.</span> <span class='ocrx_word' id='word_1_112' title='bbox 457 1631 618 1694; x_wconf 85' lang='lat' dir='ltr'>Quod</span> <span class='ocrx_word' id='word_1_113' title='bbox 639 1630 686 1683; x_wconf 92' lang='lat' dir='ltr'>si</span> <span class='ocrx_word' id='word_1_114' title='bbox 706 1630 841 1683; x_wconf 83' lang='lat' dir='ltr'>velis</span> <span class='ocrx_word' id='word_1_115' title='bbox 857 1645 984 1683; x_wconf 91' lang='lat' dir='ltr'>eum</span> <span class='ocrx_word' id='word_1_116' title='bbox 1007 1629 1209 1694; x_wconf 89' lang='lat' dir='ltr'>curari,</span> <span class='ocrx_word' id='word_1_117' title='bbox 1233 1628 1507 1699; x_wconf 86' lang='lat' dir='ltr'>persuade</span> <span class='ocrx_word' id='word_1_118' title='bbox 1533 1627 1583 1680; x_wconf 91' lang='lat' dir='ltr'>ei</span> <span class='ocrx_word' id='word_1_119' title='bbox 1613 1633 1678 1680; x_wconf 91' lang='lat' dir='ltr'>ut</span> <span class='ocrx_word' id='word_1_120' title='bbox 1701 1627 1854 1681; x_wconf 90' lang='lat' dir='ltr'>dein-</span> 
     </span>
    </p>
   </div>
   <div class='ocr_carea' id='block_1_17' title="bbox 248 1718 1852 1788">
    <p class='ocr_par' dir='ltr' id='par_1_17' title="bbox 248 1718 1852 1788">
     <span class='ocr_line' id='line_1_17' title="bbox 248 1718 1852 1788; baseline -0.002 -16"><span class='ocrx_word' id='word_1_121' title='bbox 248 1734 386 1788; x_wconf 89' lang='lat' dir='ltr'>ceps</span> <span class='ocrx_word' id='word_1_122' title='bbox 415 1718 696 1772; x_wconf 85' lang='lat' dir='ltr'>abstineat</span> <span class='ocrx_word' id='word_1_123' title='bbox 716 1735 749 1772; x_wconf 91' lang='lat' dir='ltr'>a</span> <span class='ocrx_word' id='word_1_124' title='bbox 786 1718 1094 1772; x_wconf 88' lang='lat' dir='ltr'>ministerio</span> <span class='ocrx_word' id='word_1_125' title='bbox 1121 1725 1443 1771; x_wconf 89' lang='lat' dir='ltr'>sanctorum</span> <span class='ocrx_word' id='word_1_126' title='bbox 1471 1720 1852 1770; x_wconf 88' lang='lat' dir='ltr'>sacramento-</span> 
     </span>
    </p>
   </div>
   <div class='ocr_carea' id='block_1_18' title="bbox 246 1804 1852 1876">
    <p class='ocr_par' dir='ltr' id='par_1_18' title="bbox 246 1804 1852 1876">
     <span class='ocr_line' id='line_1_18' title="bbox 246 1804 1852 1876; baseline -0.002 -16"><span class='ocrx_word' id='word_1_127' title='bbox 246 1822 403 1860; x_wconf 84' lang='lat' dir='ltr'>rum.</span> <span class='ocrx_word' id='word_1_128' title='bbox 436 1807 555 1876; x_wconf 89' lang='lat' dir='ltr'>Ego</span> <span class='ocrx_word' id='word_1_129' title='bbox 597 1813 786 1861; x_wconf 89' lang='lat' dir='ltr'>autem</span> <span class='ocrx_word' id='word_1_130' title='bbox 820 1807 870 1860; x_wconf 90' lang='lat' dir='ltr'>ei</span> <span class='ocrx_word' id='word_1_131' title='bbox 899 1806 1022 1859; x_wconf 87' lang='lat' dir='ltr'>dico</span> <span class='ocrx_word' id='word_1_132' title='bbox 1055 1825 1067 1858; x_wconf 90' lang='lat'><strong>:</strong></span> <span class='ocrx_word' id='word_1_133' title='bbox 1112 1805 1507 1870; x_wconf 86' lang='lat' dir='ltr'>Quamobrem,</span> <span class='ocrx_word' id='word_1_134' title='bbox 1546 1805 1767 1875; x_wconf 77' lang='lat' dir='ltr'>quaeso?</span> <span class='ocrx_word' id='word_1_135' title='bbox 1799 1804 1852 1857; x_wconf 92' lang='lat' dir='ltr'>Is</span> 
     </span>
    </p>
   </div>
   <div class='ocr_carea' id='block_1_19' title="bbox 1944 644 3536 717">
    <p class='ocr_par' dir='ltr' id='par_1_19' title="bbox 1944 644 3536 717">
     <span class='ocr_line' id='line_1_19' title="bbox 1944 644 3536 717; baseline -0.004 -18"><span class='ocrx_word' id='word_1_136' title='bbox 1944 647 2208 717; x_wconf 83' lang='lat' dir='ltr'>praecepit</span> <span class='ocrx_word' id='word_1_137' title='bbox 2223 663 2292 700; x_wconf 92' lang='lat' dir='ltr'>ne</span> <span class='ocrx_word' id='word_1_138' title='bbox 2306 645 2678 716; x_wconf 83' lang='lat' dir='ltr'>quadraginta</span> <span class='ocrx_word' id='word_1_139' title='bbox 2705 644 2900 699; x_wconf 91' lang='lat' dir='ltr'>diebus</span> <span class='ocrx_word' id='word_1_140' title='bbox 2927 658 3126 697; x_wconf 88' lang='lat' dir='ltr'>carnes</span> <span class='ocrx_word' id='word_1_141' title='bbox 3144 645 3417 712; x_wconf 85' lang='lat' dir='ltr'>gustaret,</span> <span class='ocrx_word' id='word_1_142' title='bbox 3433 656 3536 694; x_wconf 91' lang='lat' dir='ltr'>nec</span> 
     </span>
    </p>
   </div>
   <div class='ocr_carea' id='block_1_20' title="bbox 1941 734 2769 802">
    <p class='ocr_par' dir='ltr' id='par_1_20' title="bbox 1941 734 2769 802">
     <span class='ocr_line' id='line_1_20' title="bbox 1941 734 2769 802; baseline -0.001 -14"><span class='ocrx_word' id='word_1_143' title='bbox 1941 735 2133 789; x_wconf 87' lang='lat' dir='ltr'>vinum</span> <span class='ocrx_word' id='word_1_144' title='bbox 2155 755 2167 802; x_wconf 93' lang='lat'>;</span> <span class='ocrx_word' id='word_1_145' title='bbox 2193 741 2250 789; x_wconf 92' lang='lat' dir='ltr'>et</span> <span class='ocrx_word' id='word_1_146' title='bbox 2278 735 2356 789; x_wconf 91' lang='lat' dir='ltr'>sic</span> <span class='ocrx_word' id='word_1_147' title='bbox 2381 751 2508 789; x_wconf 90' lang='lat' dir='ltr'>eum</span> <span class='ocrx_word' id='word_1_148' title='bbox 2537 734 2769 788; x_wconf 89' lang='lat' dir='ltr'>curavit.</span> 
     </span>
    </p>
   </div>
   <div class='ocr_carea' id='block_1_21' title="bbox 2012 817 3527 896">
    <p class='ocr_par' dir='ltr' id='par_1_21' title="bbox 2012 817 3527 896">
     <span class='ocr_line' id='line_1_21' title="bbox 2012 817 3527 896; baseline -0.007 -15"><span class='ocrx_word' id='word_1_149' title='bbox 2012 827 2152 881; x_wconf 87' lang='lat' dir='ltr'>Eum</span> <span class='ocrx_word' id='word_1_150' title='bbox 2168 825 2470 896; x_wconf 90' lang='lat' dir='ltr'>aliquando</span> <span class='ocrx_word' id='word_1_151' title='bbox 2481 820 3145 891; x_wconf 89' lang='lat' dir='ltr'>subieruntcogitationes</span> <span class='ocrx_word' id='word_1_152' title='bbox 3155 835 3307 872; x_wconf 67' lang='lat' dir='ltr'>vanae</span> <span class='ocrx_word' id='word_1_153' title='bbox 3317 817 3527 888; x_wconf 82' lang='lat' dir='ltr'>gloriae,</span> 
     </span>
    </p>
   </div>
   <div class='ocr_carea' id='block_1_22' title="bbox 1941 909 3531 986">
    <p class='ocr_par' dir='ltr' id='par_1_22' title="bbox 1941 909 3531 986">
     <span class='ocr_line' id='line_1_22' title="bbox 1941 909 3531 986; baseline -0.007 -16"><span class='ocrx_word' id='word_1_154' title='bbox 1941 933 2062 986; x_wconf 75' lang='lat' dir='ltr'>quae</span> <span class='ocrx_word' id='word_1_155' title='bbox 2088 933 2214 970; x_wconf 90' lang='lat' dir='ltr'>eum</span> <span class='ocrx_word' id='word_1_156' title='bbox 2234 933 2263 969; x_wconf 93' lang='lat' dir='ltr'>e</span> <span class='ocrx_word' id='word_1_157' title='bbox 2285 916 2424 968; x_wconf 89' lang='lat' dir='ltr'>cella.</span> <span class='ocrx_word' id='word_1_158' title='bbox 2445 913 2824 984; x_wconf 87' lang='lat' dir='ltr'>ejiciebant,et</span> <span class='ocrx_word' id='word_1_159' title='bbox 2833 909 3207 980; x_wconf 84' lang='lat' dir='ltr'>suggerebant</span> <span class='ocrx_word' id='word_1_160' title='bbox 3220 914 3283 962; x_wconf 94' lang='lat' dir='ltr'>ut</span> <span class='ocrx_word' id='word_1_161' title='bbox 3295 909 3531 961; x_wconf 86' lang='lat' dir='ltr'>honesto</span> 
     </span>
    </p>
   </div>
   <div class='ocr_carea' id='block_1_23' title="bbox 1939 995 3533 1075">
    <p class='ocr_par' dir='ltr' id='par_1_23' title="bbox 1939 995 3533 1075">
     <span class='ocr_line' id='line_1_23' title="bbox 1939 995 3533 1075; baseline -0.006 -17"><span class='ocrx_word' id='word_1_162' title='bbox 1939 1005 2168 1060; x_wconf 83' lang='lat' dir='ltr'>concilio</span> <span class='ocrx_word' id='word_1_163' title='bbox 2195 1011 2250 1059; x_wconf 91' lang='lat' dir='ltr'>et</span> <span class='ocrx_word' id='word_1_164' title='bbox 2265 1006 2420 1075; x_wconf 87' lang='lat' dir='ltr'>justa</span> <span class='ocrx_word' id='word_1_165' title='bbox 2444 1004 2511 1057; x_wconf 90' lang='lat' dir='ltr'>de</span> <span class='ocrx_word' id='word_1_166' title='bbox 2540 1018 2707 1057; x_wconf 86' lang='lat' dir='ltr'>causa</span> <span class='ocrx_word' id='word_1_167' title='bbox 2734 1003 2972 1055; x_wconf 84' lang='lat' dir='ltr'>Romam</span> <span class='ocrx_word' id='word_1_168' title='bbox 2993 1003 3269 1070; x_wconf 86' lang='lat' dir='ltr'>pergeret,</span> <span class='ocrx_word' id='word_1_169' title='bbox 3312 1013 3412 1068; x_wconf 89' lang='lat' dir='ltr'>pro</span> <span class='ocrx_word' id='word_1_170' title='bbox 3442 995 3533 1048; x_wconf 89' lang='lat' dir='ltr'>be-</span> 
     </span>
    </p>
   </div>
   <div class='ocr_carea' id='block_1_24' title="bbox 1941 1086 3529 1163">
    <p class='ocr_par' dir='ltr' id='par_1_24' title="bbox 1941 1086 3529 1163">
     <span class='ocr_line' id='line_1_24' title="bbox 1941 1086 3529 1163; baseline -0.007 -15"><span class='ocrx_word' id='word_1_171' title='bbox 1941 1095 2139 1148; x_wconf 87' lang='lat' dir='ltr'>neﬁcio</span> <span class='ocrx_word' id='word_1_172' title='bbox 2167 1111 2360 1148; x_wconf 91' lang='lat' dir='ltr'>eorum</span> <span class='ocrx_word' id='word_1_173' title='bbox 2389 1093 2486 1163; x_wconf 88' lang='lat' dir='ltr'>qui</span> <span class='ocrx_word' id='word_1_174' title='bbox 2514 1090 2860 1161; x_wconf 65' lang='lat' dir='ltr'>aagrotabant</span> <span class='ocrx_word' id='word_1_175' title='bbox 2885 1108 2896 1155; x_wconf 86' lang='lat'>;</span> <span class='ocrx_word' id='word_1_176' title='bbox 2929 1089 3088 1142; x_wconf 81' lang='lat' dir='ltr'>valde</span> <span class='ocrx_word' id='word_1_177' title='bbox 3119 1087 3268 1140; x_wconf 90' lang='lat' dir='ltr'>enim</span> <span class='ocrx_word' id='word_1_178' title='bbox 3313 1086 3370 1138; x_wconf 92' lang='lat' dir='ltr'>in</span> <span class='ocrx_word' id='word_1_179' title='bbox 3400 1101 3529 1139; x_wconf 90' lang='lat' dir='ltr'>eum</span> 
     </span>
    </p>
   </div>
   <div class='ocr_carea' id='block_1_25' title="bbox 1941 1178 3527 1254">
    <p class='ocr_par' dir='ltr' id='par_1_25' title="bbox 1941 1178 3527 1254">
     <span class='ocr_line' id='line_1_25' title="bbox 1941 1178 3527 1254; baseline -0.006 -17"><span class='ocrx_word' id='word_1_180' title='bbox 1941 1183 2276 1254; x_wconf 87' lang='lat' dir='ltr'>operabatur</span> <span class='ocrx_word' id='word_1_181' title='bbox 2288 1182 2472 1253; x_wconf 89' lang='lat' dir='ltr'>gratia</span> <span class='ocrx_word' id='word_1_182' title='bbox 2483 1181 2747 1234; x_wconf 88' lang='lat' dir='ltr'>adversus</span> <span class='ocrx_word' id='word_1_183' title='bbox 2764 1179 3011 1250; x_wconf 89' lang='lat' dir='ltr'>spiritus.</span> <span class='ocrx_word' id='word_1_184' title='bbox 3022 1178 3324 1246; x_wconf 88' lang='lat' dir='ltr'>Postquam</span> <span class='ocrx_word' id='word_1_185' title='bbox 3338 1179 3527 1228; x_wconf 87' lang='lat' dir='ltr'>autem</span> 
     </span>
    </p>
   </div>
   <div class='ocr_carea' id='block_1_26' title="bbox 1939 1263 3530 1343">
    <p class='ocr_par' dir='ltr' id='par_1_26' title="bbox 1939 1263 3530 1343">
     <span class='ocr_line' id='line_1_26' title="bbox 1939 1263 3530 1343; baseline -0.007 -16"><span class='ocrx_word' id='word_1_186' title='bbox 1939 1273 2104 1343; x_wconf 91' lang='lat' dir='ltr'>longo</span> <span class='ocrx_word' id='word_1_187' title='bbox 2122 1278 2376 1343; x_wconf 91' lang='lat' dir='ltr'>tempore</span> <span class='ocrx_word' id='word_1_188' title='bbox 2397 1287 2507 1325; x_wconf 92' lang='lat' dir='ltr'>non</span> <span class='ocrx_word' id='word_1_189' title='bbox 2529 1269 2757 1333; x_wconf 89' lang='lat' dir='ltr'>obediit,</span> <span class='ocrx_word' id='word_1_190' title='bbox 2771 1268 2928 1321; x_wconf 84' lang='lat' dir='ltr'>valde</span> <span class='ocrx_word' id='word_1_191' title='bbox 2947 1265 3285 1336; x_wconf 88' lang='lat' dir='ltr'>agitabatur.</span> <span class='ocrx_word' id='word_1_192' title='bbox 3311 1263 3530 1318; x_wconf 90' lang='lat' dir='ltr'>Cadens</span> 
     </span>
    </p>
   </div>
   <div class='ocr_carea' id='block_1_27' title="bbox 1936 1352 3523 1427">
    <p class='ocr_par' dir='ltr' id='par_1_27' title="bbox 1936 1352 3523 1427">
     <span class='ocr_line' id='line_1_27' title="bbox 1936 1352 3523 1427; baseline -0.008 -11"><span class='ocrx_word' id='word_1_193' title='bbox 1936 1379 2065 1416; x_wconf 87' lang='lat' dir='ltr'>vero</span> <span class='ocrx_word' id='word_1_194' title='bbox 2093 1363 2151 1416; x_wconf 91' lang='lat' dir='ltr'>in</span> <span class='ocrx_word' id='word_1_195' title='bbox 2192 1361 2386 1414; x_wconf 90' lang='lat' dir='ltr'>limine</span> <span class='ocrx_word' id='word_1_196' title='bbox 2426 1360 2594 1423; x_wconf 83' lang='lat' dir='ltr'>cellae,</span> <span class='ocrx_word' id='word_1_197' title='bbox 2633 1358 2782 1411; x_wconf 85' lang='lat' dir='ltr'>foras</span> <span class='ocrx_word' id='word_1_198' title='bbox 2821 1357 2991 1427; x_wconf 89' lang='lat' dir='ltr'>pedes</span> <span class='ocrx_word' id='word_1_199' title='bbox 3033 1355 3238 1420; x_wconf 91' lang='lat' dir='ltr'>emisit,</span> <span class='ocrx_word' id='word_1_200' title='bbox 3268 1358 3325 1406; x_wconf 82' lang='lat' dir='ltr'>et</span> <span class='ocrx_word' id='word_1_201' title='bbox 3353 1352 3523 1406; x_wconf 91' lang='lat' dir='ltr'>dicit:</span> 
     </span>
    </p>
   </div>
   <div class='ocr_carea' id='block_1_28' title="bbox 1935 1440 3528 1514">
    <p class='ocr_par' dir='ltr' id='par_1_28' title="bbox 1935 1440 3528 1514">
     <span class='ocr_line' id='line_1_28' title="bbox 1935 1440 3528 1514; baseline -0.009 -7"><span class='ocrx_word' id='word_1_202' title='bbox 1935 1452 2164 1507; x_wconf 90' lang='lat' dir='ltr'>Trahite</span> <span class='ocrx_word' id='word_1_203' title='bbox 2193 1456 2250 1504; x_wconf 93' lang='lat' dir='ltr'>et</span> <span class='ocrx_word' id='word_1_204' title='bbox 2278 1449 2528 1514; x_wconf 91' lang='lat' dir='ltr'>vellite,o</span> <span class='ocrx_word' id='word_1_205' title='bbox 2557 1447 2859 1511; x_wconf 63' lang='lat' dir='ltr'>daamones,</span> <span class='ocrx_word' id='word_1_206' title='bbox 2897 1444 2943 1498; x_wconf 87' lang='lat' dir='ltr'>si</span> <span class='ocrx_word' id='word_1_207' title='bbox 2972 1443 3226 1514; x_wconf 90' lang='lat' dir='ltr'>potestis.</span> <span class='ocrx_word' id='word_1_208' title='bbox 3250 1443 3362 1510; x_wconf 83' lang='lat' dir='ltr'>Ego</span> <span class='ocrx_word' id='word_1_209' title='bbox 3379 1440 3528 1494; x_wconf 89' lang='lat' dir='ltr'>enim</span> 
     </span>
    </p>
   </div>
   <div class='ocr_carea' id='block_1_29' title="bbox 1935 1533 3530 1610">
    <p class='ocr_par' dir='ltr' id='par_1_29' title="bbox 1935 1533 3530 1610">
     <span class='ocr_line' id='line_1_29' title="bbox 1935 1533 3530 1610; baseline -0.008 -15"><span class='ocrx_word' id='word_1_210' title='bbox 1935 1557 2049 1596; x_wconf 92' lang='lat' dir='ltr'>non</span> <span class='ocrx_word' id='word_1_211' title='bbox 2070 1539 2208 1594; x_wconf 88' lang='lat' dir='ltr'>abeo</span> <span class='ocrx_word' id='word_1_212' title='bbox 2239 1539 2379 1593; x_wconf 89' lang='lat' dir='ltr'>meis</span> <span class='ocrx_word' id='word_1_213' title='bbox 2408 1536 2661 1610; x_wconf 89' lang='lat' dir='ltr'>pedibus,</span> <span class='ocrx_word' id='word_1_214' title='bbox 2687 1537 2887 1606; x_wconf 89' lang='lat' dir='ltr'>jurans</span> <span class='ocrx_word' id='word_1_215' title='bbox 2914 1533 3030 1586; x_wconf 84' lang='lat' dir='ltr'>fore</span> <span class='ocrx_word' id='word_1_216' title='bbox 3055 1536 3118 1585; x_wconf 92' lang='lat' dir='ltr'>ut</span> <span class='ocrx_word' id='word_1_217' title='bbox 3140 1533 3326 1602; x_wconf 85' lang='lat' dir='ltr'>jaceat</span> <span class='ocrx_word' id='word_1_218' title='bbox 3352 1545 3530 1600; x_wconf 91' lang='lat' dir='ltr'>usque</span> 
     </span>
    </p>
   </div>
   <div class='ocr_carea' id='block_1_30' title="bbox 1936 1618 3531 1699">
    <p class='ocr_par' dir='ltr' id='par_1_30' title="bbox 1936 1618 3531 1699">
     <span class='ocr_line' id='line_1_30' title="bbox 1936 1618 3531 1699; baseline -0.008 -16"><span class='ocrx_word' id='word_1_219' title='bbox 1936 1630 2006 1683; x_wconf 89' lang='lat' dir='ltr'>ad</span> <span class='ocrx_word' id='word_1_220' title='bbox 2036 1644 2347 1699; x_wconf 87' lang='lat' dir='ltr'>vesperam,</span> <span class='ocrx_word' id='word_1_221' title='bbox 2373 1632 2428 1680; x_wconf 91' lang='lat' dir='ltr'>et</span> <span class='ocrx_word' id='word_1_222' title='bbox 2448 1626 2557 1680; x_wconf 87' lang='lat' dir='ltr'>nisi</span> <span class='ocrx_word' id='word_1_223' title='bbox 2585 1641 2711 1678; x_wconf 89' lang='lat' dir='ltr'>eum</span> <span class='ocrx_word' id='word_1_224' title='bbox 2743 1622 3044 1686; x_wconf 85' lang='lat' dir='ltr'>excutiant,</span> <span class='ocrx_word' id='word_1_225' title='bbox 3078 1635 3191 1673; x_wconf 91' lang='lat' dir='ltr'>non</span> <span class='ocrx_word' id='word_1_226' title='bbox 3223 1635 3345 1672; x_wconf 83' lang='lat' dir='ltr'>esse</span> <span class='ocrx_word' id='word_1_227' title='bbox 3375 1618 3531 1671; x_wconf 86' lang='lat' dir='ltr'>audi-</span> 
     </span>
    </p>
   </div>
   <div class='ocr_carea' id='block_1_31' title="bbox 1933 1709 3528 1785">
    <p class='ocr_par' dir='ltr' id='par_1_31' title="bbox 1933 1709 3528 1785">
     <span class='ocr_line' id='line_1_31' title="bbox 1933 1709 3528 1785; baseline -0.006 -12"><span class='ocrx_word' id='word_1_228' title='bbox 1933 1725 2146 1774; x_wconf 91' lang='lat' dir='ltr'>turum.</span> <span class='ocrx_word' id='word_1_229' title='bbox 2173 1720 2314 1772; x_wconf 91' lang='lat' dir='ltr'>Cum</span> <span class='ocrx_word' id='word_1_230' title='bbox 2343 1722 2532 1771; x_wconf 90' lang='lat' dir='ltr'>autem</span> <span class='ocrx_word' id='word_1_231' title='bbox 2552 1715 2648 1769; x_wconf 91' lang='lat' dir='ltr'>diu</span> <span class='ocrx_word' id='word_1_232' title='bbox 2676 1713 3082 1785; x_wconf 90' lang='lat' dir='ltr'>procubuisset,</span> <span class='ocrx_word' id='word_1_233' title='bbox 3107 1709 3376 1770; x_wconf 85' lang='lat' dir='ltr'>surrexit;</span> <span class='ocrx_word' id='word_1_234' title='bbox 3401 1726 3528 1764; x_wconf 90' lang='lat' dir='ltr'>cum</span> 
     </span>
    </p>
   </div>
   <div class='ocr_carea' id='block_1_32' title="bbox 1937 1799 3523 1869">
    <p class='ocr_par' dir='ltr' id='par_1_32' title="bbox 1937 1799 3523 1869">
     <span class='ocr_line' id='line_1_32' title="bbox 1937 1799 3523 1869; baseline -0.007 -7"><span class='ocrx_word' id='word_1_235' title='bbox 1937 1825 2043 1862; x_wconf 86' lang='lat' dir='ltr'>nox</span> <span class='ocrx_word' id='word_1_236' title='bbox 2063 1812 2251 1862; x_wconf 88' lang='lat' dir='ltr'>autem</span> <span class='ocrx_word' id='word_1_237' title='bbox 2273 1803 2706 1865; x_wconf 80' lang='lat' dir='ltr'>adventasset,ei</span> <span class='ocrx_word' id='word_1_238' title='bbox 2727 1819 2922 1856; x_wconf 90' lang='lat' dir='ltr'>rursus</span> <span class='ocrx_word' id='word_1_239' title='bbox 2939 1800 3201 1855; x_wconf 82' lang='lat' dir='ltr'>exibuere</span> <span class='ocrx_word' id='word_1_240' title='bbox 3215 1799 3523 1869; x_wconf 85' lang='lat' dir='ltr'>negotium.</span> 
     </span>
    </p>
   </div>
   <div class='ocr_carea' id='block_1_33' title="bbox 243 1889 3524 1963">
    <p class='ocr_par' dir='ltr' id='par_1_33' title="bbox 243 1889 3524 1963">
     <span class='ocr_line' id='line_1_33' title="bbox 243 1889 3524 1963; baseline -0.009 4"><span class='ocrx_word' id='word_1_241' title='bbox 243 1909 384 1948; x_wconf 64' lang='lat' dir='ltr'>vero</span> <span class='ocrx_word' id='word_1_242' title='bbox 410 1893 543 1949; x_wconf 66' lang='grc' dir='ltr'>ἀίοίίῖ</span> <span class='ocrx_word' id='word_1_243' title='bbox 579 1913 590 1948; x_wconf 72' lang='grc'>³</span> <span class='ocrx_word' id='word_1_244' title='bbox 619 1895 923 1948; x_wconf 64' lang='lat' dir='ltr'>Fomicans</span> <span class='ocrx_word' id='word_1_245' title='bbox 954 1910 1174 1948; x_wconf 63' lang='lat' dir='ltr'>sacrum</span> <span class='ocrx_word' id='word_1_246' title='bbox 1205 1893 1423 1963; x_wconf 55' lang='lat' dir='ltr'>Peregit</span> <span class='ocrx_word' id='word_1_247' title='bbox 1447 1891 1844 1956; x_wconf 50' lang='lat' dir='ltr'>ministerium.</span> <span class='ocrx_word' id='word_1_248' title='bbox 1863 1895 1911 1956; x_wconf 93' lang='lat' dir='ltr'><strong>B</strong></span> <span class='ocrx_word' id='word_1_249' title='bbox 1937 1898 2142 1951; x_wconf 91' lang='lat' dir='ltr'>Etcum</span> <span class='ocrx_word' id='word_1_250' title='bbox 2166 1897 2404 1949; x_wconf 90' lang='lat' dir='ltr'>duorum</span> <span class='ocrx_word' id='word_1_251' title='bbox 2427 1893 2744 1947; x_wconf 86' lang='lat' dir='ltr'>modiorum</span> <span class='ocrx_word' id='word_1_252' title='bbox 2765 1896 3014 1961; x_wconf 87' lang='lat' dir='ltr'>sportam</span> <span class='ocrx_word' id='word_1_253' title='bbox 3035 1889 3321 1959; x_wconf 90' lang='lat' dir='ltr'>implesset</span> <span class='ocrx_word' id='word_1_254' title='bbox 3333 1903 3524 1952; x_wconf 88' lang='lat' dir='ltr'>arena,</span> 
     </span>
    </p>
   </div>
   <div class='ocr_carea' id='block_1_34' title="bbox 245 1979 1846 2052">
    <p class='ocr_par' dir='ltr' id='par_1_34' title="bbox 245 1979 1846 2052">
     <span class='ocr_line' id='line_1_34' title="bbox 245 1979 1846 2052; baseline -0.002 -16"><span class='ocrx_word' id='word_1_255' title='bbox 245 1987 311 2036; x_wconf 89' lang='lat' dir='ltr'>et</span> <span class='ocrx_word' id='word_1_256' title='bbox 337 1982 462 2036; x_wconf 88' lang='lat' dir='ltr'>ideo</span> <span class='ocrx_word' id='word_1_257' title='bbox 489 1982 817 2052; x_wconf 88' lang='lat' dir='ltr'>castigatur.</span> <span class='ocrx_word' id='word_1_258' title='bbox 850 1984 1011 2036; x_wconf 90' lang='lat' dir='ltr'>Nunc</span> <span class='ocrx_word' id='word_1_259' title='bbox 1035 1999 1167 2052; x_wconf 89' lang='lat' dir='ltr'>ergo</span> <span class='ocrx_word' id='word_1_260' title='bbox 1188 1982 1234 2035; x_wconf 90' lang='lat' dir='ltr'>si</span> <span class='ocrx_word' id='word_1_261' title='bbox 1255 1987 1408 2036; x_wconf 91' lang='lat' dir='ltr'>metu</span> <span class='ocrx_word' id='word_1_262' title='bbox 1437 1980 1672 2034; x_wconf 86' lang='lat' dir='ltr'>desistat</span> <span class='ocrx_word' id='word_1_263' title='bbox 1699 1979 1767 2032; x_wconf 92' lang='lat' dir='ltr'>ab</span> <span class='ocrx_word' id='word_1_264' title='bbox 1783 1996 1846 2032; x_wconf 95' lang='lat' dir='ltr'>eo</span> 
     </span>
    </p>
   </div>
   <div class='ocr_carea' id='block_1_35' title="bbox 245 2069 1850 2143">
    <p class='ocr_par' dir='ltr' id='par_1_35' title="bbox 245 2069 1850 2143">
     <span class='ocr_line' id='line_1_35' title="bbox 245 2069 1850 2143; baseline -0.003 -17"><span class='ocrx_word' id='word_1_265' title='bbox 245 2072 401 2143; x_wconf 91' lang='lat' dir='ltr'>quod</span> <span class='ocrx_word' id='word_1_266' title='bbox 419 2088 589 2126; x_wconf 90' lang='lat' dir='ltr'>ausus</span> <span class='ocrx_word' id='word_1_267' title='bbox 620 2078 706 2126; x_wconf 89' lang='lat' dir='ltr'>est</span> <span class='ocrx_word' id='word_1_268' title='bbox 728 2071 908 2126; x_wconf 84' lang='lat' dir='ltr'>facere</span> <span class='ocrx_word' id='word_1_269' title='bbox 936 2088 1037 2141; x_wconf 91' lang='lat' dir='ltr'>per</span> <span class='ocrx_word' id='word_1_270' title='bbox 1063 2075 1464 2141; x_wconf 84' lang='lat' dir='ltr'>contemptum,</span> <span class='ocrx_word' id='word_1_271' title='bbox 1497 2071 1646 2124; x_wconf 90' lang='lat' dir='ltr'>Deus</span> <span class='ocrx_word' id='word_1_272' title='bbox 1665 2069 1850 2139; x_wconf 90' lang='lat' dir='ltr'>ipsum</span> 
     </span>
    </p>
   </div>
   <div class='ocr_carea' id='block_1_36' title="bbox 245 2159 1847 2231">
    <p class='ocr_par' dir='ltr' id='par_1_36' title="bbox 245 2159 1847 2231">
     <span class='ocr_line' id='line_1_36' title="bbox 245 2159 1847 2231; baseline -0.003 -16"><span class='ocrx_word' id='word_1_273' title='bbox 245 2160 488 2215; x_wconf 89' lang='lat' dir='ltr'>curabit.</span> <span class='ocrx_word' id='word_1_274' title='bbox 512 2162 816 2231; x_wconf 88' lang='lat' dir='ltr'>Postquam</span> <span class='ocrx_word' id='word_1_275' title='bbox 842 2177 975 2229; x_wconf 88' lang='lat' dir='ltr'>ergo</span> <span class='ocrx_word' id='word_1_276' title='bbox 1007 2160 1120 2213; x_wconf 85' lang='lat' dir='ltr'>dixi</span> <span class='ocrx_word' id='word_1_277' title='bbox 1145 2159 1195 2212; x_wconf 89' lang='lat' dir='ltr'>ei</span> <span class='ocrx_word' id='word_1_278' title='bbox 1225 2160 1319 2230; x_wconf 91' lang='lat' dir='ltr'>qui</span> <span class='ocrx_word' id='word_1_279' title='bbox 1348 2159 1724 2229; x_wconf 83' lang='lat' dir='ltr'>affligebatur,</span> <span class='ocrx_word' id='word_1_280' title='bbox 1750 2159 1847 2227; x_wconf 92' lang='lat' dir='ltr'>ju-</span> 
     </span>
    </p>
   </div>
   <div class='ocr_carea' id='block_1_37' title="bbox 243 2246 1846 2319">
    <p class='ocr_par' dir='ltr' id='par_1_37' title="bbox 243 2246 1846 2319">
     <span class='ocr_line' id='line_1_37' title="bbox 243 2246 1846 2319; baseline -0.001 -17"><span class='ocrx_word' id='word_1_281' title='bbox 243 2249 556 2319; x_wconf 90' lang='lat' dir='ltr'>rejurando</span> <span class='ocrx_word' id='word_1_282' title='bbox 587 2255 674 2303; x_wconf 91' lang='lat' dir='ltr'>est</span> <span class='ocrx_word' id='word_1_283' title='bbox 703 2248 982 2319; x_wconf 91' lang='lat' dir='ltr'>pollicitus</span> <span class='ocrx_word' id='word_1_284' title='bbox 1027 2265 1086 2301; x_wconf 90' lang='lat' dir='ltr'>se</span> <span class='ocrx_word' id='word_1_285' title='bbox 1114 2264 1226 2302; x_wconf 91' lang='lat' dir='ltr'>non</span> <span class='ocrx_word' id='word_1_286' title='bbox 1273 2247 1514 2318; x_wconf 89' lang='lat' dir='ltr'>amplius</span> <span class='ocrx_word' id='word_1_287' title='bbox 1543 2246 1846 2300; x_wconf 87' lang='lat' dir='ltr'>sacerdotis</span> 
     </span>
    </p>
   </div>
   <div class='ocr_carea' id='block_1_38' title="bbox 241 2333 1842 2409">
    <p class='ocr_par' dir='ltr' id='par_1_38' title="bbox 241 2333 1842 2409">
     <span class='ocr_line' id='line_1_38' title="bbox 241 2333 1842 2409; baseline 0 -19"><span class='ocrx_word' id='word_1_288' title='bbox 241 2342 441 2409; x_wconf 88' lang='lat' dir='ltr'>partes</span> <span class='ocrx_word' id='word_1_289' title='bbox 471 2335 775 2390; x_wconf 90' lang='lat' dir='ltr'>obiturum.</span> <span class='ocrx_word' id='word_1_290' title='bbox 825 2337 981 2391; x_wconf 92' lang='lat' dir='ltr'>Tunc</span> <span class='ocrx_word' id='word_1_291' title='bbox 1020 2352 1148 2389; x_wconf 91' lang='lat' dir='ltr'>eum</span> <span class='ocrx_word' id='word_1_292' title='bbox 1197 2336 1431 2406; x_wconf 89' lang='lat' dir='ltr'>accepit,</span> <span class='ocrx_word' id='word_1_293' title='bbox 1465 2340 1522 2389; x_wconf 92' lang='lat' dir='ltr'>et</span> <span class='ocrx_word' id='word_1_294' title='bbox 1558 2334 1698 2388; x_wconf 88' lang='lat' dir='ltr'>dixit</span> <span class='ocrx_word' id='word_1_295' title='bbox 1742 2333 1793 2386; x_wconf 92' lang='lat' dir='ltr'>ei</span> <span class='ocrx_word' id='word_1_296' title='bbox 1829 2351 1842 2390; x_wconf 91' lang='lat'>:</span> 
     </span>
    </p>
   </div>
   <div class='ocr_carea' id='block_1_39' title="bbox 245 2422 1846 2495">
    <p class='ocr_par' dir='ltr' id='par_1_39' title="bbox 245 2422 1846 2495">
     <span class='ocr_line' id='line_1_39' title="bbox 245 2422 1846 2495; baseline -0.003 -15"><span class='ocrx_word' id='word_1_297' title='bbox 245 2424 522 2480; x_wconf 88' lang='lat' dir='ltr'>Credisne</span> <span class='ocrx_word' id='word_1_298' title='bbox 569 2441 690 2478; x_wconf 89' lang='lat' dir='ltr'>esse</span> <span class='ocrx_word' id='word_1_299' title='bbox 720 2425 898 2478; x_wconf 92' lang='lat' dir='ltr'>Deum</span> <span class='ocrx_word' id='word_1_300' title='bbox 930 2441 1095 2495; x_wconf 89' lang='lat' dir='ltr'>quem</span> <span class='ocrx_word' id='word_1_301' title='bbox 1139 2424 1280 2478; x_wconf 93' lang='lat' dir='ltr'>nihil</span> <span class='ocrx_word' id='word_1_302' title='bbox 1316 2424 1484 2478; x_wconf 84' lang='lat' dir='ltr'>latet?</span> <span class='ocrx_word' id='word_1_303' title='bbox 1526 2422 1846 2494; x_wconf 91' lang='lat' dir='ltr'>Respondet</span> 
     </span>
    </p>
   </div>
   <div class='ocr_carea' id='block_1_40' title="bbox 244 2512 1840 2583">
    <p class='ocr_par' dir='ltr' id='par_1_40' title="bbox 244 2512 1840 2583">
     <span class='ocr_line' id='line_1_40' title="bbox 244 2512 1840 2583; baseline -0.002 -15"><span class='ocrx_word' id='word_1_304' title='bbox 244 2514 347 2568; x_wconf 90' lang='lat' dir='ltr'>ille</span> <span class='ocrx_word' id='word_1_305' title='bbox 394 2532 404 2567; x_wconf 93' lang='lat'>:</span> <span class='ocrx_word' id='word_1_306' title='bbox 455 2514 716 2580; x_wconf 84' lang='lat' dir='ltr'>Maxime,</span> <span class='ocrx_word' id='word_1_307' title='bbox 750 2530 885 2583; x_wconf 89' lang='lat' dir='ltr'>rogo</span> <span class='ocrx_word' id='word_1_308' title='bbox 923 2519 998 2567; x_wconf 91' lang='lat' dir='ltr'>te.</span> <span class='ocrx_word' id='word_1_309' title='bbox 1032 2513 1243 2567; x_wconf 90' lang='lat' dir='ltr'>Deinde</span> <span class='ocrx_word' id='word_1_310' title='bbox 1273 2513 1325 2567; x_wconf 93' lang='lat' dir='ltr'>ei</span> <span class='ocrx_word' id='word_1_311' title='bbox 1354 2513 1488 2566; x_wconf 90' lang='lat' dir='ltr'>dicit</span> <span class='ocrx_word' id='word_1_312' title='bbox 1517 2512 1794 2566; x_wconf 88' lang='lat' dir='ltr'>Macarius</span> <span class='ocrx_word' id='word_1_313' title='bbox 1829 2529 1840 2564; x_wconf 90' lang='lat'><strong>:</strong></span> 
     </span>
    </p>
   </div>
   <div class='ocr_carea' id='block_1_41' title="bbox 246 2600 1847 2674">
    <p class='ocr_par' dir='ltr' id='par_1_41' title="bbox 246 2600 1847 2674">
     <span class='ocr_line' id='line_1_41' title="bbox 246 2600 1847 2674; baseline -0.002 -17"><span class='ocrx_word' id='word_1_314' title='bbox 246 2605 381 2658; x_wconf 90' lang='lat' dir='ltr'>Non</span> <span class='ocrx_word' id='word_1_315' title='bbox 393 2602 622 2674; x_wconf 89' lang='lat' dir='ltr'>potuisti</span> <span class='ocrx_word' id='word_1_316' title='bbox 638 2604 751 2656; x_wconf 91' lang='lat' dir='ltr'>Deo</span> <span class='ocrx_word' id='word_1_317' title='bbox 772 2603 1008 2656; x_wconf 89' lang='lat' dir='ltr'>illudere</span> <span class='ocrx_word' id='word_1_318' title='bbox 1032 2603 1055 2654; x_wconf 71' lang='grc' dir='ltr'><em>Ἰ</em></span> <span class='ocrx_word' id='word_1_319' title='bbox 1076 2602 1222 2656; x_wconf 89' lang='lat' dir='ltr'>Dicit</span> <span class='ocrx_word' id='word_1_320' title='bbox 1249 2601 1344 2655; x_wconf 92' lang='lat' dir='ltr'>ille</span> <span class='ocrx_word' id='word_1_321' title='bbox 1369 2620 1379 2654; x_wconf 94' lang='lat'><strong>:</strong></span> <span class='ocrx_word' id='word_1_322' title='bbox 1415 2602 1540 2655; x_wconf 90' lang='lat' dir='ltr'>Non</span> <span class='ocrx_word' id='word_1_323' title='bbox 1569 2600 1847 2671; x_wconf 88' lang='lat' dir='ltr'>potui,do-</span> 
     </span>
    </p>
   </div>
   <div class='ocr_carea' id='block_1_42' title="bbox 244 2690 1846 2760">
    <p class='ocr_par' dir='ltr' id='par_1_42' title="bbox 244 2690 1846 2760">
     <span class='ocr_line' id='line_1_42' title="bbox 244 2690 1846 2760; baseline -0.003 -13"><span class='ocrx_word' id='word_1_324' title='bbox 244 2692 406 2747; x_wconf 87' lang='lat' dir='ltr'>mine</span> <span class='ocrx_word' id='word_1_325' title='bbox 417 2691 514 2745; x_wconf 90' lang='lat' dir='ltr'>mi.</span> <span class='ocrx_word' id='word_1_326' title='bbox 535 2691 680 2745; x_wconf 89' lang='lat' dir='ltr'>Dicit</span> <span class='ocrx_word' id='word_1_327' title='bbox 704 2691 755 2745; x_wconf 90' lang='lat' dir='ltr'>ei</span> <span class='ocrx_word' id='word_1_328' title='bbox 768 2691 1043 2746; x_wconf 89' lang='lat' dir='ltr'>Macarius</span> <span class='ocrx_word' id='word_1_329' title='bbox 1063 2709 1072 2743; x_wconf 94' lang='lat'>:</span> <span class='ocrx_word' id='word_1_330' title='bbox 1096 2690 1153 2746; x_wconf 92' lang='lat' dir='ltr'>Si</span> <span class='ocrx_word' id='word_1_331' title='bbox 1180 2690 1434 2760; x_wconf 87' lang='lat' dir='ltr'>agnoscis</span> <span class='ocrx_word' id='word_1_332' title='bbox 1458 2696 1618 2744; x_wconf 91' lang='lat' dir='ltr'>tuum</span> <span class='ocrx_word' id='word_1_333' title='bbox 1650 2705 1846 2760; x_wconf 83' lang='lat' dir='ltr'>pecca-</span> 
     </span>
    </p>
   </div>
   <div class='ocr_carea' id='block_1_43' title="bbox 248 2778 1847 2851">
    <p class='ocr_par' dir='ltr' id='par_1_43' title="bbox 248 2778 1847 2851">
     <span class='ocr_line' id='line_1_43' title="bbox 248 2778 1847 2851; baseline -0.003 -15"><span class='ocrx_word' id='word_1_334' title='bbox 248 2788 400 2848; x_wconf 90' lang='lat' dir='ltr'>tum,</span> <span class='ocrx_word' id='word_1_335' title='bbox 425 2787 481 2835; x_wconf 90' lang='lat' dir='ltr'>et</span> <span class='ocrx_word' id='word_1_336' title='bbox 499 2781 600 2835; x_wconf 90' lang='lat' dir='ltr'>Dei</span> <span class='ocrx_word' id='word_1_337' title='bbox 636 2780 986 2851; x_wconf 89' lang='lat' dir='ltr'>disciplinam</span> <span class='ocrx_word' id='word_1_338' title='bbox 1018 2784 1246 2850; x_wconf 88' lang='lat' dir='ltr'>prepter</span> <span class='ocrx_word' id='word_1_339' title='bbox 1275 2796 1444 2850; x_wconf 90' lang='lat' dir='ltr'>quam</span> <span class='ocrx_word' id='word_1_340' title='bbox 1473 2780 1589 2833; x_wconf 86' lang='lat' dir='ltr'>haec</span> <span class='ocrx_word' id='word_1_341' title='bbox 1610 2778 1847 2844; x_wconf 89' lang='lat' dir='ltr'>subiisti,</span> 
     </span>
    </p>
   </div>
   <div class='ocr_carea' id='block_1_44' title="bbox 248 2867 1850 2940">
    <p class='ocr_par' dir='ltr' id='par_1_44' title="bbox 248 2867 1850 2940">
     <span class='ocr_line' id='line_1_44' title="bbox 248 2867 1850 2940; baseline -0.002 -17"><span class='ocrx_word' id='word_1_342' title='bbox 248 2869 557 2939; x_wconf 88' lang='lat' dir='ltr'>corrigitor</span> <span class='ocrx_word' id='word_1_343' title='bbox 577 2869 634 2923; x_wconf 91' lang='lat' dir='ltr'>in</span> <span class='ocrx_word' id='word_1_344' title='bbox 657 2876 962 2940; x_wconf 91' lang='lat' dir='ltr'>posterum.</span> <span class='ocrx_word' id='word_1_345' title='bbox 983 2869 1089 2931; x_wconf 88' lang='lat' dir='ltr'>Qui</span> <span class='ocrx_word' id='word_1_346' title='bbox 1114 2867 1397 2922; x_wconf 73' lang='lat' dir='ltr'>confessus</span> <span class='ocrx_word' id='word_1_347' title='bbox 1427 2872 1513 2921; x_wconf 88' lang='lat' dir='ltr'>est</span> <span class='ocrx_word' id='word_1_348' title='bbox 1539 2871 1850 2938; x_wconf 90' lang='lat' dir='ltr'>peccatum,</span> 
     </span>
    </p>
   </div>
   <div class='ocr_carea' id='block_1_45' title="bbox 247 2957 1853 3029">
    <p class='ocr_par' dir='ltr' id='par_1_45' title="bbox 247 2957 1853 3029">
     <span class='ocr_line' id='line_1_45' title="bbox 247 2957 1853 3029; baseline -0.003 -16"><span class='ocrx_word' id='word_1_349' title='bbox 247 2963 316 3013; x_wconf 90' lang='lat' dir='ltr'>et</span> <span class='ocrx_word' id='word_1_350' title='bbox 336 2959 635 3029; x_wconf 89' lang='lat' dir='ltr'>spopondit</span> <span class='ocrx_word' id='word_1_351' title='bbox 671 2975 730 3012; x_wconf 90' lang='lat' dir='ltr'>se</span> <span class='ocrx_word' id='word_1_352' title='bbox 761 2974 874 3012; x_wconf 89' lang='lat' dir='ltr'>non</span> <span class='ocrx_word' id='word_1_353' title='bbox 903 2957 1144 3028; x_wconf 86' lang='lat' dir='ltr'>amplius</span> <span class='ocrx_word' id='word_1_354' title='bbox 1169 2962 1744 3027; x_wconf 87' lang='lat' dir='ltr'>peccaturum,neque</span> <span class='ocrx_word' id='word_1_355' title='bbox 1771 2957 1853 3008; x_wconf 89' lang='lat' dir='ltr'>al-</span> 
     </span>
    </p>
   </div>
   <div class='ocr_carea' id='block_1_46' title="bbox 247 3045 1849 3116">
    <p class='ocr_par' dir='ltr' id='par_1_46' title="bbox 247 3045 1849 3116">
     <span class='ocr_line' id='line_1_46' title="bbox 247 3045 1849 3116; baseline -0.002 -15"><span class='ocrx_word' id='word_1_356' title='bbox 247 3047 366 3101; x_wconf 83' lang='lat' dir='ltr'>tari</span> <span class='ocrx_word' id='word_1_357' title='bbox 395 3047 866 3112; x_wconf 88' lang='lat' dir='ltr'>ministraturum,</span> <span class='ocrx_word' id='word_1_358' title='bbox 885 3047 982 3100; x_wconf 90' lang='lat' dir='ltr'>sed</span> <span class='ocrx_word' id='word_1_359' title='bbox 999 3051 1208 3100; x_wconf 88' lang='lat' dir='ltr'>sortem</span> <span class='ocrx_word' id='word_1_360' title='bbox 1229 3045 1426 3100; x_wconf 91' lang='lat' dir='ltr'>laicam</span> <span class='ocrx_word' id='word_1_361' title='bbox 1443 3046 1849 3116; x_wconf 90' lang='lat' dir='ltr'>amplexurum.</span> 
     </span>
    </p>
   </div>
   <div class='ocr_carea' id='block_1_47' title="bbox 1931 1975 3524 2054">
    <p class='ocr_par' dir='ltr' id='par_1_47' title="bbox 1931 1975 3524 2054">
     <span class='ocr_line' id='line_1_47' title="bbox 1931 1975 3524 2054; baseline -0.006 -16"><span class='ocrx_word' id='word_1_362' title='bbox 1931 1990 1988 2038; x_wconf 91' lang='lat' dir='ltr'>et</span> <span class='ocrx_word' id='word_1_363' title='bbox 2011 1983 2368 2054; x_wconf 88' lang='lat' dir='ltr'>imposuisset</span> <span class='ocrx_word' id='word_1_364' title='bbox 2397 1981 2664 2045; x_wconf 89' lang='lat' dir='ltr'>humeris,</span> <span class='ocrx_word' id='word_1_365' title='bbox 2687 1977 3026 2050; x_wconf 84' lang='lat' dir='ltr'>pervadebat</span> <span class='ocrx_word' id='word_1_366' title='bbox 3052 1982 3229 2030; x_wconf 90' lang='lat' dir='ltr'>totam</span> <span class='ocrx_word' id='word_1_367' title='bbox 3264 1975 3524 2029; x_wconf 90' lang='lat' dir='ltr'>solitudi-</span> 
     </span>
    </p>
   </div>
   <div class='ocr_carea' id='block_1_48' title="bbox 1931 2063 3531 2134">
    <p class='ocr_par' dir='ltr' id='par_1_48' title="bbox 1931 2063 3531 2134">
     <span class='ocr_line' id='line_1_48' title="bbox 1931 2063 3531 2134; baseline -0.007 -8"><span class='ocrx_word' id='word_1_368' title='bbox 1931 2090 2075 2128; x_wconf 91' lang='lat' dir='ltr'>nem.</span> <span class='ocrx_word' id='word_1_369' title='bbox 2103 2072 2246 2126; x_wconf 89' lang='lat' dir='ltr'>Huic</span> <span class='ocrx_word' id='word_1_370' title='bbox 2259 2070 2500 2124; x_wconf 90' lang='lat' dir='ltr'>occurrit</span> <span class='ocrx_word' id='word_1_371' title='bbox 2520 2067 2864 2122; x_wconf 90' lang='lat' dir='ltr'>Theosebius</span> <span class='ocrx_word' id='word_1_372' title='bbox 2880 2067 3399 2134; x_wconf 89' lang='lat' dir='ltr'>Cosmetor,genere</span> <span class='ocrx_word' id='word_1_373' title='bbox 3416 2063 3531 2116; x_wconf 88' lang='lat' dir='ltr'>An-</span> 
     </span>
    </p>
   </div>
   <div class='ocr_carea' id='block_1_49' title="bbox 1932 2149 3528 2227">
    <p class='ocr_par' dir='ltr' id='par_1_49' title="bbox 1932 2149 3528 2227">
     <span class='ocr_line' id='line_1_49' title="bbox 1932 2149 3528 2227; baseline -0.008 -11"><span class='ocrx_word' id='word_1_374' title='bbox 1932 2162 2241 2226; x_wconf 89' lang='lat' dir='ltr'>tiochenus,</span> <span class='ocrx_word' id='word_1_375' title='bbox 2266 2166 2322 2213; x_wconf 91' lang='lat' dir='ltr'>et</span> <span class='ocrx_word' id='word_1_376' title='bbox 2341 2159 2392 2212; x_wconf 91' lang='lat' dir='ltr'>ei</span> <span class='ocrx_word' id='word_1_377' title='bbox 2417 2158 2552 2212; x_wconf 87' lang='lat' dir='ltr'>dicit</span> <span class='ocrx_word' id='word_1_378' title='bbox 2575 2175 2585 2210; x_wconf 93' lang='lat'>:</span> <span class='ocrx_word' id='word_1_379' title='bbox 2619 2156 2762 2220; x_wconf 88' lang='lat' dir='ltr'>Quid</span> <span class='ocrx_word' id='word_1_380' title='bbox 2785 2159 2994 2227; x_wconf 89' lang='lat' dir='ltr'>portas,</span> <span class='ocrx_word' id='word_1_381' title='bbox 3015 2152 3192 2207; x_wconf 85' lang='lat' dir='ltr'>abba?</span> <span class='ocrx_word' id='word_1_382' title='bbox 3219 2152 3366 2206; x_wconf 92' lang='lat' dir='ltr'>Cede</span> <span class='ocrx_word' id='word_1_383' title='bbox 3387 2149 3528 2204; x_wconf 91' lang='lat' dir='ltr'>mihi</span> 
     </span>
    </p>
   </div>
   <div class='ocr_carea' id='block_1_50' title="bbox 1930 2239 3526 2314">
    <p class='ocr_par' dir='ltr' id='par_1_50' title="bbox 1930 2239 3526 2314">
     <span class='ocr_line' id='line_1_50' title="bbox 1930 2239 3526 2314; baseline -0.009 -9"><span class='ocrx_word' id='word_1_384' title='bbox 1930 2267 2093 2314; x_wconf 85' lang='lat' dir='ltr'>onus,</span> <span class='ocrx_word' id='word_1_385' title='bbox 2129 2256 2186 2304; x_wconf 90' lang='lat' dir='ltr'>et</span> <span class='ocrx_word' id='word_1_386' title='bbox 2205 2266 2274 2303; x_wconf 92' lang='lat' dir='ltr'>ne</span> <span class='ocrx_word' id='word_1_387' title='bbox 2297 2248 2527 2302; x_wconf 88' lang='lat' dir='ltr'>vexeris.</span> <span class='ocrx_word' id='word_1_388' title='bbox 2568 2247 2668 2301; x_wconf 92' lang='lat' dir='ltr'>Ille</span> <span class='ocrx_word' id='word_1_389' title='bbox 2689 2251 2879 2300; x_wconf 87' lang='lat' dir='ltr'>autem</span> <span class='ocrx_word' id='word_1_390' title='bbox 2909 2243 3081 2298; x_wconf 69' lang='lat' dir='ltr'>diiiit:</span> <span class='ocrx_word' id='word_1_391' title='bbox 3108 2243 3255 2295; x_wconf 88' lang='lat' dir='ltr'>Vexo</span> <span class='ocrx_word' id='word_1_392' title='bbox 3277 2257 3405 2294; x_wconf 90' lang='lat' dir='ltr'>eum</span> <span class='ocrx_word' id='word_1_393' title='bbox 3429 2239 3526 2310; x_wconf 89' lang='lat' dir='ltr'>qui</span> 
     </span>
    </p>
   </div>
   <div class='ocr_carea' id='block_1_51' title="bbox 1929 2330 3520 2405">
    <p class='ocr_par' dir='ltr' id='par_1_51' title="bbox 1929 2330 3520 2405">
     <span class='ocr_line' id='line_1_51' title="bbox 1929 2330 3520 2405; baseline -0.008 -11"><span class='ocrx_word' id='word_1_394' title='bbox 1929 2357 2020 2394; x_wconf 90' lang='lat' dir='ltr'>me</span> <span class='ocrx_word' id='word_1_395' title='bbox 2052 2345 2237 2405; x_wconf 52' lang='lat'>125</span> <span class='ocrx_word' id='word_1_396' title='bbox 2252 2342 2440 2404; x_wconf 83' lang='lat' dir='ltr'>vexat;</span> <span class='ocrx_word' id='word_1_397' title='bbox 2466 2353 2597 2391; x_wconf 89' lang='lat' dir='ltr'>nam</span> <span class='ocrx_word' id='word_1_398' title='bbox 2619 2351 2747 2390; x_wconf 91' lang='lat' dir='ltr'>cum</span> <span class='ocrx_word' id='word_1_399' title='bbox 2767 2334 2873 2388; x_wconf 91' lang='lat' dir='ltr'>sim</span> <span class='ocrx_word' id='word_1_400' title='bbox 2903 2333 3175 2387; x_wconf 88' lang='lat' dir='ltr'>remissus</span> <span class='ocrx_word' id='word_1_401' title='bbox 3198 2335 3254 2384; x_wconf 91' lang='lat' dir='ltr'>et</span> <span class='ocrx_word' id='word_1_402' title='bbox 3267 2330 3520 2400; x_wconf 85' lang='lat' dir='ltr'>ignavus,</span> 
     </span>
    </p>
   </div>
   <div class='ocr_carea' id='block_1_52' title="bbox 1929 2419 3524 2500">
    <p class='ocr_par' dir='ltr' id='par_1_52' title="bbox 1929 2419 3524 2500">
     <span class='ocr_line' id='line_1_52' title="bbox 1929 2419 3524 2500; baseline -0.008 -17"><span class='ocrx_word' id='word_1_403' title='bbox 1929 2428 2181 2500; x_wconf 88' lang='lat' dir='ltr'>suggerit</span> <span class='ocrx_word' id='word_1_404' title='bbox 2198 2427 2334 2481; x_wconf 93' lang='lat' dir='ltr'>mihi</span> <span class='ocrx_word' id='word_1_405' title='bbox 2365 2425 2860 2497; x_wconf 87' lang='lat' dir='ltr'>peregrinationes.</span> <span class='ocrx_word' id='word_1_406' title='bbox 2883 2423 3024 2477; x_wconf 92' lang='lat' dir='ltr'>Cum</span> <span class='ocrx_word' id='word_1_407' title='bbox 3059 2426 3248 2475; x_wconf 87' lang='lat' dir='ltr'>autem</span> <span class='ocrx_word' id='word_1_408' title='bbox 3283 2419 3379 2472; x_wconf 91' lang='lat' dir='ltr'>diu</span> <span class='ocrx_word' id='word_1_409' title='bbox 3400 2433 3524 2488; x_wconf 89' lang='lat' dir='ltr'>pro-</span> 
     </span>
    </p>
   </div>
   <div class='ocr_carea' id='block_1_53' title="bbox 1928 2511 3414 2586">
    <p class='ocr_par' dir='ltr' id='par_1_53' title="bbox 1928 2511 3414 2586">
     <span class='ocr_line' id='line_1_53' title="bbox 1928 2511 3414 2586; baseline -0.008 -14"><span class='ocrx_word' id='word_1_410' title='bbox 1928 2519 2210 2583; x_wconf 90' lang='lat' dir='ltr'>movisset,</span> <span class='ocrx_word' id='word_1_411' title='bbox 2237 2517 2524 2586; x_wconf 89' lang='lat' dir='ltr'>ingressus</span> <span class='ocrx_word' id='word_1_412' title='bbox 2554 2520 2638 2569; x_wconf 89' lang='lat' dir='ltr'>est</span> <span class='ocrx_word' id='word_1_413' title='bbox 2675 2515 2872 2568; x_wconf 90' lang='lat' dir='ltr'>cellam</span> <span class='ocrx_word' id='word_1_414' title='bbox 2896 2511 3135 2566; x_wconf 91' lang='lat' dir='ltr'>contrito</span> <span class='ocrx_word' id='word_1_415' title='bbox 3164 2525 3414 2580; x_wconf 89' lang='lat' dir='ltr'>corpore.</span> 
     </span>
    </p>
   </div>
   <div class='ocr_carea' id='block_1_54' title="bbox 2000 2600 3526 2670">
    <p class='ocr_par' dir='ltr' id='par_1_54' title="bbox 2000 2600 3526 2670">
     <span class='ocr_line' id='line_1_54' title="bbox 2000 2600 3526 2670; baseline -0.005 -10"><span class='ocrx_word' id='word_1_416' title='bbox 2000 2609 2017 2642; x_wconf 84' lang='grc'>¹</span> <span class='ocrx_word' id='word_1_417' title='bbox 2044 2607 2308 2660; x_wconf 89' lang='lat' dir='ltr'>Narravit</span> <span class='ocrx_word' id='word_1_418' title='bbox 2335 2612 2527 2660; x_wconf 84' lang='lat' dir='ltr'>autem</span> <span class='ocrx_word' id='word_1_419' title='bbox 2576 2604 2736 2658; x_wconf 89' lang='lat' dir='ltr'>nobis</span> <span class='ocrx_word' id='word_1_420' title='bbox 2770 2602 2876 2670; x_wconf 64' lang='lat'>(5?)</span> <span class='ocrx_word' id='word_1_421' title='bbox 2907 2600 3008 2655; x_wconf 88' lang='lat' dir='ltr'>Dei</span> <span class='ocrx_word' id='word_1_422' title='bbox 3060 2616 3283 2670; x_wconf 92' lang='lat' dir='ltr'>quoque</span> <span class='ocrx_word' id='word_1_423' title='bbox 3334 2615 3526 2653; x_wconf 89' lang='lat' dir='ltr'>servus</span> 
     </span>
    </p>
   </div>
   <div class='ocr_carea' id='block_1_55' title="bbox 1933 2687 3530 2768">
    <p class='ocr_par' dir='ltr' id='par_1_55' title="bbox 1933 2687 3530 2768">
     <span class='ocr_line' id='line_1_55' title="bbox 1933 2687 3530 2768; baseline -0.006 -17"><span class='ocrx_word' id='word_1_424' title='bbox 1933 2695 2304 2768; x_wconf 86' lang='lat' dir='ltr'>Paphnutius;</span> <span class='ocrx_word' id='word_1_425' title='bbox 2330 2694 2581 2766; x_wconf 74' lang='lat' dir='ltr'>praeclari</span> <span class='ocrx_word' id='word_1_426' title='bbox 2607 2694 2776 2763; x_wconf 88' lang='lat' dir='ltr'>hujus</span> <span class='ocrx_word' id='word_1_427' title='bbox 2805 2689 2984 2745; x_wconf 88' lang='lat' dir='ltr'>sancti</span> <span class='ocrx_word' id='word_1_428' title='bbox 3015 2688 3339 2759; x_wconf 89' lang='lat' dir='ltr'>discipulus,</span> <span class='ocrx_word' id='word_1_429' title='bbox 3380 2687 3530 2758; x_wconf 91' lang='lat' dir='ltr'>quod</span> 
     </span>
    </p>
   </div>
   <div class='ocr_carea' id='block_1_56' title="bbox 1935 2776 3523 2855">
    <p class='ocr_par' dir='ltr' id='par_1_56' title="bbox 1935 2776 3523 2855">
     <span class='ocr_line' id='line_1_56' title="bbox 1935 2776 3523 2855; baseline -0.007 -15"><span class='ocrx_word' id='word_1_430' title='bbox 1935 2802 2062 2840; x_wconf 91' lang='lat' dir='ltr'>cum</span> <span class='ocrx_word' id='word_1_431' title='bbox 2091 2785 2331 2855; x_wconf 88' lang='lat' dir='ltr'>quodam</span> <span class='ocrx_word' id='word_1_432' title='bbox 2362 2784 2453 2838; x_wconf 89' lang='lat' dir='ltr'>die</span> <span class='ocrx_word' id='word_1_433' title='bbox 2481 2783 2707 2837; x_wconf 89' lang='lat' dir='ltr'>sederet</span> <span class='ocrx_word' id='word_1_434' title='bbox 2733 2781 2791 2834; x_wconf 89' lang='lat' dir='ltr'>in</span> <span class='ocrx_word' id='word_1_435' title='bbox 2813 2780 2944 2833; x_wconf 91' lang='lat' dir='ltr'>aula</span> <span class='ocrx_word' id='word_1_436' title='bbox 2980 2783 3208 2833; x_wconf 90' lang='lat' dir='ltr'>sanctus</span> <span class='ocrx_word' id='word_1_437' title='bbox 3227 2776 3523 2844; x_wconf 88' lang='lat' dir='ltr'>Macarius,</span> 
     </span>
    </p>
   </div>
   <div class='ocr_carea' id='block_1_57' title="bbox 1936 2871 3532 2945">
    <p class='ocr_par' dir='ltr' id='par_1_57' title="bbox 1936 2871 3532 2945">
     <span class='ocr_line' id='line_1_57' title="bbox 1936 2871 3532 2945; baseline -0.007 -14"><span class='ocrx_word' id='word_1_438' title='bbox 1936 2881 1994 2931; x_wconf 92' lang='lat' dir='ltr'>et</span> <span class='ocrx_word' id='word_1_439' title='bbox 2022 2877 2198 2930; x_wconf 90' lang='lat' dir='ltr'>Deum</span> <span class='ocrx_word' id='word_1_440' title='bbox 2221 2875 2618 2945; x_wconf 90' lang='lat' dir='ltr'>alloqueretur,</span> <span class='ocrx_word' id='word_1_441' title='bbox 2652 2873 2852 2943; x_wconf 61' lang='lat' dir='ltr'>hymna</span> <span class='ocrx_word' id='word_1_442' title='bbox 2877 2874 3165 2940; x_wconf 89' lang='lat' dir='ltr'>acceptum</span> <span class='ocrx_word' id='word_1_443' title='bbox 3195 2883 3358 2922; x_wconf 91' lang='lat' dir='ltr'>suum</span> <span class='ocrx_word' id='word_1_444' title='bbox 3379 2871 3532 2921; x_wconf 86' lang='lat' dir='ltr'>catu-</span> 
     </span>
    </p>
   </div>
   <div class='ocr_carea' id='block_1_58' title="bbox 1938 2957 3527 3035">
    <p class='ocr_par' dir='ltr' id='par_1_58' title="bbox 1938 2957 3527 3035">
     <span class='ocr_line' id='line_1_58' title="bbox 1938 2957 3527 3035; baseline -0.007 -16"><span class='ocrx_word' id='word_1_445' title='bbox 1938 2965 2075 3030; x_wconf 89' lang='lat' dir='ltr'>lum,</span> <span class='ocrx_word' id='word_1_446' title='bbox 2109 2963 2205 3035; x_wconf 90' lang='lat' dir='ltr'>qui</span> <span class='ocrx_word' id='word_1_447' title='bbox 2231 2969 2352 3017; x_wconf 89' lang='lat' dir='ltr'>erat</span> <span class='ocrx_word' id='word_1_448' title='bbox 2369 2979 2564 3028; x_wconf 75' lang='lat' dir='ltr'>caecus,</span> <span class='ocrx_word' id='word_1_449' title='bbox 2599 2960 2790 3015; x_wconf 90' lang='lat' dir='ltr'>attulit</span> <span class='ocrx_word' id='word_1_450' title='bbox 2814 2960 2883 3013; x_wconf 92' lang='lat' dir='ltr'>ad</span> <span class='ocrx_word' id='word_1_451' title='bbox 2913 2963 3169 3013; x_wconf 91' lang='lat' dir='ltr'>sanctum</span> <span class='ocrx_word' id='word_1_452' title='bbox 3186 2957 3527 3023; x_wconf 87' lang='lat' dir='ltr'>Macarium;</span> 
     </span>
    </p>
   </div>
   <div class='ocr_carea' id='block_1_59' title="bbox 1936 3047 3523 3124">
    <p class='ocr_par' dir='ltr' id='par_1_59' title="bbox 1936 3047 3523 3124">
     <span class='ocr_line' id='line_1_59' title="bbox 1936 3047 3523 3124; baseline -0.006 -17"><span class='ocrx_word' id='word_1_453' title='bbox 1936 3059 1993 3106; x_wconf 92' lang='lat' dir='ltr'>et</span> <span class='ocrx_word' id='word_1_454' title='bbox 2021 3069 2151 3107; x_wconf 84' lang='lat' dir='ltr'>cum</span> <span class='ocrx_word' id='word_1_455' title='bbox 2177 3053 2359 3124; x_wconf 85' lang='lat' dir='ltr'>capite</span> <span class='ocrx_word' id='word_1_456' title='bbox 2388 3053 2669 3123; x_wconf 90' lang='lat' dir='ltr'>pulsasset</span> <span class='ocrx_word' id='word_1_457' title='bbox 2697 3050 2902 3105; x_wconf 87' lang='lat' dir='ltr'>ostium</span> <span class='ocrx_word' id='word_1_458' title='bbox 2937 3049 3098 3114; x_wconf 76' lang='lat' dir='ltr'>aulze,</span> <span class='ocrx_word' id='word_1_459' title='bbox 3139 3047 3394 3116; x_wconf 87' lang='lat' dir='ltr'>ingressa</span> <span class='ocrx_word' id='word_1_460' title='bbox 3421 3050 3523 3110; x_wconf 91' lang='lat' dir='ltr'>est,</span> 
     </span>
    </p>
   </div>
   <div class='ocr_carea' id='block_1_60' title="bbox 241 3133 3522 3209">
    <p class='ocr_par' dir='ltr' id='par_1_60' title="bbox 241 3133 3522 3209">
     <span class='ocr_line' id='line_1_60' title="bbox 241 3133 3522 3209; baseline -0.003 -13"><span class='ocrx_word' id='word_1_461' title='bbox 241 3136 465 3192; x_wconf 85' lang='lat' dir='ltr'>Deinde</span> <span class='ocrx_word' id='word_1_462' title='bbox 494 3137 574 3191; x_wconf 86' lang='lat' dir='ltr'>sic</span> <span class='ocrx_word' id='word_1_463' title='bbox 600 3142 824 3192; x_wconf 82' lang='lat' dir='ltr'>sanctus</span> <span class='ocrx_word' id='word_1_464' title='bbox 853 3136 905 3190; x_wconf 85' lang='lat' dir='ltr'>ei</span> <span class='ocrx_word' id='word_1_465' title='bbox 921 3151 1120 3190; x_wconf 82' lang='lat' dir='ltr'>manus</span> <span class='ocrx_word' id='word_1_466' title='bbox 1148 3135 1499 3206; x_wconf 75' lang='lat' dir='ltr'>imposuit,et</span> <span class='ocrx_word' id='word_1_467' title='bbox 1513 3133 1704 3205; x_wconf 81' lang='lat' dir='ltr'>paucis</span> <span class='ocrx_word' id='word_1_468' title='bbox 1735 3134 1850 3188; x_wconf 81' lang='lat' dir='ltr'>die-</span> <span class='ocrx_word' id='word_1_469' title='bbox 1882 3207 1894 3209; x_wconf 94' lang='lat'>_</span> <span class='ocrx_word' id='word_1_470' title='bbox 1935 3156 2001 3194; x_wconf 91' lang='lat' dir='ltr'>eo</span> <span class='ocrx_word' id='word_1_471' title='bbox 2032 3140 2215 3194; x_wconf 89' lang='lat' dir='ltr'>adhuc</span> <span class='ocrx_word' id='word_1_472' title='bbox 2244 3140 2492 3209; x_wconf 82' lang='lat' dir='ltr'>sedente,</span> <span class='ocrx_word' id='word_1_473' title='bbox 2516 3144 2572 3192; x_wconf 90' lang='lat' dir='ltr'>et</span> <span class='ocrx_word' id='word_1_474' title='bbox 2594 3136 3088 3209; x_wconf 87' lang='lat' dir='ltr'>projecitcatulum</span> <span class='ocrx_word' id='word_1_475' title='bbox 3101 3134 3172 3187; x_wconf 89' lang='lat' dir='ltr'>ad</span> <span class='ocrx_word' id='word_1_476' title='bbox 3193 3135 3315 3203; x_wconf 88' lang='lat' dir='ltr'>ejus</span> <span class='ocrx_word' id='word_1_477' title='bbox 3335 3133 3522 3203; x_wconf 86' lang='lat' dir='ltr'>pedes.</span> 
     </span>
    </p>
   </div>
   <div class='ocr_carea' id='block_1_61' title="bbox 247 3205 3529 3298">
    <p class='ocr_par' dir='ltr' id='par_1_61' title="bbox 247 3205 3529 3298">
     <span class='ocr_line' id='line_1_61' title="bbox 247 3205 3529 3298; baseline -0.005 -6"><span class='ocrx_word' id='word_1_478' title='bbox 247 3226 360 3280; x_wconf 75' lang='lat' dir='ltr'>bus</span> <span class='ocrx_word' id='word_1_479' title='bbox 388 3225 492 3280; x_wconf 59' lang='lat' dir='ltr'>filii:</span> <span class='ocrx_word' id='word_1_480' title='bbox 537 3232 783 3291; x_wconf 51' lang='lat' dir='ltr'>Curatius,</span> <span class='ocrx_word' id='word_1_481' title='bbox 819 3225 1116 3296; x_wconf 71' lang='lat' dir='ltr'>capillique</span> <span class='ocrx_word' id='word_1_482' title='bbox 1171 3224 1222 3278; x_wconf 71' lang='lat' dir='ltr'>ei</span> <span class='ocrx_word' id='word_1_483' title='bbox 1273 3229 1571 3278; x_wconf 67' lang='lat' dir='ltr'>creverunt</span> <span class='ocrx_word' id='word_1_484' title='bbox 1594 3229 1652 3277; x_wconf 73' lang='lat' dir='ltr'>Bt</span> <span class='ocrx_word' id='word_1_485' title='bbox 1680 3239 1850 3277; x_wconf 77' lang='lat' dir='ltr'>sanus</span> <span class='ocrx_word' id='word_1_486' title='bbox 1866 3207 1909 3268; x_wconf 69' lang='grc' dir='ltr'>ο</span> <span class='ocrx_word' id='word_1_487' title='bbox 1933 3231 2074 3285; x_wconf 88' lang='lat' dir='ltr'>Cum</span> <span class='ocrx_word' id='word_1_488' title='bbox 2096 3235 2288 3283; x_wconf 90' lang='lat' dir='ltr'>autem</span> <span class='ocrx_word' id='word_1_489' title='bbox 2316 3205 2621 3298; x_wconf 56' lang='lat' dir='ltr'>adcepisset</span> <span class='ocrx_word' id='word_1_490' title='bbox 2643 3205 2893 3280; x_wconf 82' lang='lat' dir='ltr'>catulum</span> <span class='ocrx_word' id='word_1_491' title='bbox 2917 3227 3143 3278; x_wconf 85' lang='lat' dir='ltr'>sanctus</span> <span class='ocrx_word' id='word_1_492' title='bbox 3166 3221 3529 3287; x_wconf 88' lang='lat' dir='ltr'>Macarius,et</span> 
     </span>
    </p>
   </div>
   <div class='ocr_carea' id='block_1_62' title="bbox 248 3313 1846 3384">
    <p class='ocr_par' dir='ltr' id='par_1_62' title="bbox 248 3313 1846 3384">
     <span class='ocr_line' id='line_1_62' title="bbox 248 3313 1846 3384; baseline -0.002 -15"><span class='ocrx_word' id='word_1_493' title='bbox 248 3316 486 3370; x_wconf 89' lang='lat' dir='ltr'>domum</span> <span class='ocrx_word' id='word_1_494' title='bbox 511 3315 676 3369; x_wconf 92' lang='lat' dir='ltr'>rediit</span> <span class='ocrx_word' id='word_1_495' title='bbox 696 3316 877 3369; x_wconf 91' lang='lat' dir='ltr'>Deum</span> <span class='ocrx_word' id='word_1_496' title='bbox 896 3314 1216 3384; x_wconf 85' lang='lat' dir='ltr'>gloriﬁcans</span> <span class='ocrx_word' id='word_1_497' title='bbox 1243 3332 1255 3380; x_wconf 85' lang='lat'>;</span> <span class='ocrx_word' id='word_1_498' title='bbox 1282 3313 1397 3383; x_wconf 86' lang='lat' dir='ltr'>egit</span> <span class='ocrx_word' id='word_1_499' title='bbox 1426 3318 1615 3367; x_wconf 91' lang='lat' dir='ltr'>autem</span> <span class='ocrx_word' id='word_1_500' title='bbox 1642 3328 1846 3382; x_wconf 86' lang='lat' dir='ltr'>magno</span> 
     </span>
    </p>
   </div>
   <div class='ocr_carea' id='block_1_63' title="bbox 251 3399 1003 3471">
    <p class='ocr_par' dir='ltr' id='par_1_63' title="bbox 251 3399 1003 3471">
     <span class='ocr_line' id='line_1_63' title="bbox 251 3399 1003 3471; baseline -0.003 -18"><span class='ocrx_word' id='word_1_501' title='bbox 251 3415 480 3471; x_wconf 78' lang='lat' dir='ltr'>quoque</span> <span class='ocrx_word' id='word_1_502' title='bbox 511 3399 748 3453; x_wconf 76' lang='lat' dir='ltr'>Macario</span> <span class='ocrx_word' id='word_1_503' title='bbox 775 3399 1003 3469; x_wconf 88' lang='lat' dir='ltr'>gratias.</span> 
     </span>
    </p>
   </div>
   <div class='ocr_carea' id='block_1_64' title="bbox 327 3485 1852 3557">
    <p class='ocr_par' dir='ltr' id='par_1_64' title="bbox 327 3485 1852 3557">
     <span class='ocr_line' id='line_1_64' title="bbox 327 3485 1852 3557; baseline -0.002 -16"><span class='ocrx_word' id='word_1_504' title='bbox 327 3487 432 3542; x_wconf 85' lang='lat' dir='ltr'>Hic</span> <span class='ocrx_word' id='word_1_505' title='bbox 448 3492 674 3542; x_wconf 90' lang='lat' dir='ltr'>sanctus</span> <span class='ocrx_word' id='word_1_506' title='bbox 703 3487 944 3541; x_wconf 89' lang='lat' dir='ltr'>habebat</span> <span class='ocrx_word' id='word_1_507' title='bbox 963 3487 1209 3541; x_wconf 89' lang='lat' dir='ltr'>diversas</span> <span class='ocrx_word' id='word_1_508' title='bbox 1229 3487 1395 3541; x_wconf 85' lang='lat' dir='ltr'>cellas</span> <span class='ocrx_word' id='word_1_509' title='bbox 1410 3505 1422 3554; x_wconf 88' lang='lat'>;</span> <span class='ocrx_word' id='word_1_510' title='bbox 1436 3503 1608 3542; x_wconf 89' lang='lat' dir='ltr'>unam</span> <span class='ocrx_word' id='word_1_511' title='bbox 1625 3485 1852 3557; x_wconf 89' lang='lat' dir='ltr'>quidem</span> 
     </span>
    </p>
   </div>
   <div class='ocr_carea' id='block_1_65' title="bbox 249 3575 1854 3647">
    <p class='ocr_par' dir='ltr' id='par_1_65' title="bbox 249 3575 1854 3647">
     <span class='ocr_line' id='line_1_65' title="bbox 249 3575 1854 3647; baseline -0.001 -16"><span class='ocrx_word' id='word_1_512' title='bbox 249 3577 317 3632; x_wconf 90' lang='lat' dir='ltr'>in</span> <span class='ocrx_word' id='word_1_513' title='bbox 347 3577 527 3643; x_wconf 89' lang='lat' dir='ltr'>Scete,</span> <span class='ocrx_word' id='word_1_514' title='bbox 553 3593 676 3647; x_wconf 62' lang='lat' dir='ltr'>qua</span> <span class='ocrx_word' id='word_1_515' title='bbox 701 3581 786 3630; x_wconf 90' lang='lat' dir='ltr'>est</span> <span class='ocrx_word' id='word_1_516' title='bbox 805 3575 1052 3629; x_wconf 90' lang='lat' dir='ltr'>interior</span> <span class='ocrx_word' id='word_1_517' title='bbox 1081 3576 1138 3628; x_wconf 91' lang='lat' dir='ltr'>in</span> <span class='ocrx_word' id='word_1_518' title='bbox 1169 3575 1490 3643; x_wconf 90' lang='lat' dir='ltr'>solitudine,</span> <span class='ocrx_word' id='word_1_519' title='bbox 1520 3580 1578 3629; x_wconf 92' lang='lat' dir='ltr'>et</span> <span class='ocrx_word' id='word_1_520' title='bbox 1599 3591 1769 3630; x_wconf 89' lang='lat' dir='ltr'>unam</span> <span class='ocrx_word' id='word_1_521' title='bbox 1795 3575 1854 3630; x_wconf 91' lang='lat' dir='ltr'>in</span> 
     </span>
    </p>
   </div>
   <div class='ocr_carea' id='block_1_66' title="bbox 247 3664 1847 3737">
    <p class='ocr_par' dir='ltr' id='par_1_66' title="bbox 247 3664 1847 3737">
     <span class='ocr_line' id='line_1_66' title="bbox 247 3664 1847 3737; baseline -0.001 -17"><span class='ocrx_word' id='word_1_522' title='bbox 247 3664 450 3737; x_wconf 89' lang='lat' dir='ltr'>Libya,</span> <span class='ocrx_word' id='word_1_523' title='bbox 487 3670 544 3719; x_wconf 91' lang='lat' dir='ltr'>et</span> <span class='ocrx_word' id='word_1_524' title='bbox 566 3681 738 3719; x_wconf 90' lang='lat' dir='ltr'>unam</span> <span class='ocrx_word' id='word_1_525' title='bbox 757 3665 816 3718; x_wconf 92' lang='lat' dir='ltr'>in</span> <span class='ocrx_word' id='word_1_526' title='bbox 837 3664 1043 3731; x_wconf 91' lang='lat' dir='ltr'>Celliis,</span> <span class='ocrx_word' id='word_1_527' title='bbox 1059 3670 1116 3719; x_wconf 90' lang='lat' dir='ltr'>et</span> <span class='ocrx_word' id='word_1_528' title='bbox 1140 3681 1311 3719; x_wconf 90' lang='lat' dir='ltr'>unam</span> <span class='ocrx_word' id='word_1_529' title='bbox 1341 3665 1401 3719; x_wconf 90' lang='lat' dir='ltr'>in</span> <span class='ocrx_word' id='word_1_530' title='bbox 1425 3670 1615 3718; x_wconf 90' lang='lat' dir='ltr'>monte</span> <span class='ocrx_word' id='word_1_531' title='bbox 1635 3664 1847 3719; x_wconf 72' lang='lat' dir='ltr'>Nitrize.</span> 
     </span>
    </p>
   </div>
   <div class='ocr_carea' id='block_1_67' title="bbox 251 3752 1855 3826">
    <p class='ocr_par' dir='ltr' id='par_1_67' title="bbox 251 3752 1855 3826">
     <span class='ocr_line' id='line_1_67' title="bbox 251 3752 1855 3826; baseline -0.001 -17"><span class='ocrx_word' id='word_1_532' title='bbox 251 3755 326 3809; x_wconf 91' lang='lat' dir='ltr'>Et</span> <span class='ocrx_word' id='word_1_533' title='bbox 351 3754 473 3809; x_wconf 68' lang='lat' dir='ltr'>aliae</span> <span class='ocrx_word' id='word_1_534' title='bbox 495 3754 722 3826; x_wconf 89' lang='lat' dir='ltr'>quidem</span> <span class='ocrx_word' id='word_1_535' title='bbox 753 3752 1021 3808; x_wconf 90' lang='lat' dir='ltr'>carebant</span> <span class='ocrx_word' id='word_1_536' title='bbox 1049 3754 1211 3818; x_wconf 91' lang='lat' dir='ltr'>ostio,</span> <span class='ocrx_word' id='word_1_537' title='bbox 1247 3754 1305 3806; x_wconf 92' lang='lat' dir='ltr'>in</span> <span class='ocrx_word' id='word_1_538' title='bbox 1335 3753 1536 3824; x_wconf 90' lang='lat' dir='ltr'>quibus</span> <span class='ocrx_word' id='word_1_539' title='bbox 1565 3753 1855 3808; x_wconf 89' lang='lat' dir='ltr'>dicebatur</span> 
     </span>
    </p>
   </div>
   <div class='ocr_carea' id='block_1_68' title="bbox 249 3844 1854 3917">
    <p class='ocr_par' dir='ltr' id='par_1_68' title="bbox 249 3844 1854 3917">
     <span class='ocr_line' id='line_1_68' title="bbox 249 3844 1854 3917; baseline 0 -19"><span class='ocrx_word' id='word_1_540' title='bbox 249 3845 454 3899; x_wconf 88' lang='lat' dir='ltr'>sedere</span> <span class='ocrx_word' id='word_1_541' title='bbox 481 3846 540 3899; x_wconf 88' lang='lat' dir='ltr'>in</span> <span class='ocrx_word' id='word_1_542' title='bbox 569 3846 1004 3917; x_wconf 89' lang='lat' dir='ltr'>quadragesima</span> <span class='ocrx_word' id='word_1_543' title='bbox 1031 3846 1089 3899; x_wconf 95' lang='lat' dir='ltr'>in</span> <span class='ocrx_word' id='word_1_544' title='bbox 1105 3844 1370 3910; x_wconf 90' lang='lat' dir='ltr'>tenebris,</span> <span class='ocrx_word' id='word_1_545' title='bbox 1389 3845 1501 3898; x_wconf 89' lang='lat' dir='ltr'>alia</span> <span class='ocrx_word' id='word_1_546' title='bbox 1521 3850 1712 3899; x_wconf 90' lang='lat' dir='ltr'>autem</span> <span class='ocrx_word' id='word_1_547' title='bbox 1732 3850 1854 3898; x_wconf 89' lang='lat' dir='ltr'>erat</span> 
     </span>
    </p>
   </div>
   <div class='ocr_carea' id='block_1_69' title="bbox 251 3933 1854 4006">
    <p class='ocr_par' dir='ltr' id='par_1_69' title="bbox 251 3933 1854 4006">
     <span class='ocr_line' id='line_1_69' title="bbox 251 3933 1854 4006; baseline -0.001 -18"><span class='ocrx_word' id='word_1_548' title='bbox 251 3934 569 4004; x_wconf 84' lang='lat' dir='ltr'>angustior,</span> <span class='ocrx_word' id='word_1_549' title='bbox 589 3934 648 3988; x_wconf 92' lang='lat' dir='ltr'>in</span> <span class='ocrx_word' id='word_1_550' title='bbox 669 3951 780 4005; x_wconf 89' lang='lat' dir='ltr'>qua</span> <span class='ocrx_word' id='word_1_551' title='bbox 795 3951 907 3990; x_wconf 89' lang='lat' dir='ltr'>non</span> <span class='ocrx_word' id='word_1_552' title='bbox 926 3939 1150 4006; x_wconf 86' lang='lat' dir='ltr'>poterat</span> <span class='ocrx_word' id='word_1_553' title='bbox 1167 3934 1367 4004; x_wconf 89' lang='lat' dir='ltr'>pedem</span> <span class='ocrx_word' id='word_1_554' title='bbox 1387 3933 1712 3998; x_wconf 87' lang='lat' dir='ltr'>extendere;</span> <span class='ocrx_word' id='word_1_555' title='bbox 1742 3933 1854 3987; x_wconf 88' lang='lat' dir='ltr'>alia</span> 
     </span>
    </p>
   </div>
   <div class='ocr_carea' id='block_1_70' title="bbox 253 4023 1852 4094">
    <p class='ocr_par' dir='ltr' id='par_1_70' title="bbox 253 4023 1852 4094">
     <span class='ocr_line' id='line_1_70' title="bbox 253 4023 1852 4094; baseline -0.001 -17"><span class='ocrx_word' id='word_1_556' title='bbox 253 4028 451 4078; x_wconf 85' lang='lat' dir='ltr'>autem</span> <span class='ocrx_word' id='word_1_557' title='bbox 480 4023 664 4090; x_wconf 89' lang='lat' dir='ltr'>latior,</span> <span class='ocrx_word' id='word_1_558' title='bbox 704 4024 764 4078; x_wconf 91' lang='lat' dir='ltr'>in</span> <span class='ocrx_word' id='word_1_559' title='bbox 791 4040 904 4094; x_wconf 90' lang='lat' dir='ltr'>qua</span> <span class='ocrx_word' id='word_1_560' title='bbox 936 4023 1298 4078; x_wconf 87' lang='lat' dir='ltr'>conveniebat</span> <span class='ocrx_word' id='word_1_561' title='bbox 1321 4039 1414 4077; x_wconf 91' lang='lat' dir='ltr'>eos</span> <span class='ocrx_word' id='word_1_562' title='bbox 1441 4023 1538 4093; x_wconf 88' lang='lat' dir='ltr'>qui</span> <span class='ocrx_word' id='word_1_563' title='bbox 1565 4023 1637 4076; x_wconf 89' lang='lat' dir='ltr'>ad</span> <span class='ocrx_word' id='word_1_564' title='bbox 1665 4023 1852 4094; x_wconf 90' lang='lat' dir='ltr'>ipsum</span> 
     </span>
    </p>
   </div>
   <div class='ocr_carea' id='block_1_71' title="bbox 252 4111 628 4167">
    <p class='ocr_par' dir='ltr' id='par_1_71' title="bbox 252 4111 628 4167">
     <span class='ocr_line' id='line_1_71' title="bbox 252 4111 628 4167; baseline 0.005 -3"><span class='ocrx_word' id='word_1_565' title='bbox 252 4111 628 4167; x_wconf 84' lang='lat' dir='ltr'>ventitabant.</span> 
     </span>
    </p>
   </div>
   <div class='ocr_carea' id='block_1_72' title="bbox 331 4201 1854 4273">
    <p class='ocr_par' dir='ltr' id='par_1_72' title="bbox 331 4201 1854 4273">
     <span class='ocr_line' id='line_1_72' title="bbox 331 4201 1854 4273; baseline 0 -17"><span class='ocrx_word' id='word_1_566' title='bbox 331 4201 437 4257; x_wconf 85' lang='lat' dir='ltr'>Hic</span> <span class='ocrx_word' id='word_1_567' title='bbox 453 4202 668 4257; x_wconf 77' lang='lat' dir='ltr'>curavit</span> <span class='ocrx_word' id='word_1_568' title='bbox 692 4207 910 4257; x_wconf 86' lang='lat' dir='ltr'>tantam</span> <span class='ocrx_word' id='word_1_569' title='bbox 940 4203 1360 4258; x_wconf 89' lang='lat' dir='ltr'>multitudinem</span> <span class='ocrx_word' id='word_1_570' title='bbox 1373 4218 1567 4257; x_wconf 89' lang='lat' dir='ltr'>eorum</span> <span class='ocrx_word' id='word_1_571' title='bbox 1582 4201 1676 4273; x_wconf 91' lang='lat' dir='ltr'>qui</span> <span class='ocrx_word' id='word_1_572' title='bbox 1689 4218 1854 4256; x_wconf 82' lang='lat' dir='ltr'>vexa--</span> 
     </span>
    </p>
   </div>
   <div class='ocr_carea' id='block_1_73' title="bbox 248 4291 1852 4352">
    <p class='ocr_par' dir='ltr' id='par_1_73' title="bbox 248 4291 1852 4352">
     <span class='ocr_line' id='line_1_73' title="bbox 248 4291 1852 4352; baseline 0.001 -8"><span class='ocrx_word' id='word_1_573' title='bbox 248 4291 463 4345; x_wconf 89' lang='lat' dir='ltr'>bantur</span> <span class='ocrx_word' id='word_1_574' title='bbox 489 4307 526 4345; x_wconf 88' lang='lat' dir='ltr'>a</span> <span class='ocrx_word' id='word_1_575' title='bbox 551 4292 914 4352; x_wconf 76' lang='lat' dir='ltr'>daemonibus,</span> <span class='ocrx_word' id='word_1_576' title='bbox 943 4297 1008 4346; x_wconf 94' lang='lat' dir='ltr'>ut</span> <span class='ocrx_word' id='word_1_577' title='bbox 1036 4307 1103 4346; x_wconf 88' lang='lat' dir='ltr'>ea</span> <span class='ocrx_word' id='word_1_578' title='bbox 1123 4309 1237 4346; x_wconf 90' lang='lat' dir='ltr'>non</span> <span class='ocrx_word' id='word_1_579' title='bbox 1270 4292 1433 4346; x_wconf 88' lang='lat' dir='ltr'>cadat</span> <span class='ocrx_word' id='word_1_580' title='bbox 1447 4292 1507 4346; x_wconf 89' lang='lat' dir='ltr'>in</span> <span class='ocrx_word' id='word_1_581' title='bbox 1524 4307 1852 4346; x_wconf 91' lang='lat' dir='ltr'>numerum.</span> 
     </span>
    </p>
   </div>
   <div class='ocr_carea' id='block_1_74' title="bbox 250 4381 1854 4452">
    <p class='ocr_par' dir='ltr' id='par_1_74' title="bbox 250 4381 1854 4452">
     <span class='ocr_line' id='line_1_74' title="bbox 250 4381 1854 4452; baseline 0 -17"><span class='ocrx_word' id='word_1_582' title='bbox 250 4381 400 4436; x_wconf 87' lang='lat' dir='ltr'>Cum</span> <span class='ocrx_word' id='word_1_583' title='bbox 428 4397 528 4435; x_wconf 90' lang='lat' dir='ltr'>nos</span> <span class='ocrx_word' id='word_1_584' title='bbox 559 4387 747 4435; x_wconf 87' lang='lat' dir='ltr'>autem</span> <span class='ocrx_word' id='word_1_585' title='bbox 768 4382 881 4434; x_wconf 90' lang='lat' dir='ltr'>illic</span> <span class='ocrx_word' id='word_1_586' title='bbox 907 4398 1175 4447; x_wconf 90' lang='lat' dir='ltr'>essemus,</span> <span class='ocrx_word' id='word_1_587' title='bbox 1208 4383 1363 4452; x_wconf 89' lang='lat' dir='ltr'>virgo</span> <span class='ocrx_word' id='word_1_588' title='bbox 1385 4381 1586 4436; x_wconf 90' lang='lat' dir='ltr'>nobilis</span> <span class='ocrx_word' id='word_1_589' title='bbox 1623 4387 1680 4434; x_wconf 91' lang='lat' dir='ltr'>et</span> <span class='ocrx_word' id='word_1_590' title='bbox 1702 4381 1854 4435; x_wconf 88' lang='lat' dir='ltr'>dives</span> 
     </span>
    </p>
   </div>
   <div class='ocr_carea' id='block_1_75' title="bbox 249 4470 1850 4535">
    <p class='ocr_par' dir='ltr' id='par_1_75' title="bbox 249 4470 1850 4535">
     <span class='ocr_line' id='line_1_75' title="bbox 249 4470 1850 4535; baseline -0.001 -10"><span class='ocrx_word' id='word_1_591' title='bbox 249 4471 498 4525; x_wconf 90' lang='lat' dir='ltr'>deducta</span> <span class='ocrx_word' id='word_1_592' title='bbox 513 4476 598 4525; x_wconf 90' lang='lat' dir='ltr'>est</span> <span class='ocrx_word' id='word_1_593' title='bbox 611 4471 680 4525; x_wconf 89' lang='lat' dir='ltr'>ad</span> <span class='ocrx_word' id='word_1_594' title='bbox 697 4487 825 4525; x_wconf 91' lang='lat' dir='ltr'>eum</span> <span class='ocrx_word' id='word_1_595' title='bbox 842 4487 872 4523; x_wconf 89' lang='lat' dir='ltr'>e</span> <span class='ocrx_word' id='word_1_596' title='bbox 890 4470 1287 4525; x_wconf 87' lang='lat' dir='ltr'>Thessalonica</span> <span class='ocrx_word' id='word_1_597' title='bbox 1304 4472 1364 4524; x_wconf 91' lang='lat' dir='ltr'>in</span> <span class='ocrx_word' id='word_1_598' title='bbox 1386 4470 1590 4525; x_wconf 85' lang='lat' dir='ltr'>ﬁnibus</span> <span class='ocrx_word' id='word_1_599' title='bbox 1604 4471 1850 4535; x_wconf 68' lang='lat' dir='ltr'>Achaiae,</span> 
     </span>
    </p>
   </div>
   <div class='ocr_carea' id='block_1_76' title="bbox 1932 3311 3530 3389">
    <p class='ocr_par' dir='ltr' id='par_1_76' title="bbox 1932 3311 3530 3389">
     <span class='ocr_line' id='line_1_76' title="bbox 1932 3311 3530 3389; baseline -0.003 -17"><span class='ocrx_word' id='word_1_600' title='bbox 1932 3319 2177 3389; x_wconf 86' lang='lat' dir='ltr'>spuisset</span> <span class='ocrx_word' id='word_1_601' title='bbox 2204 3318 2262 3370; x_wconf 89' lang='lat' dir='ltr'>in</span> <span class='ocrx_word' id='word_1_602' title='bbox 2292 3319 2413 3387; x_wconf 87' lang='lat' dir='ltr'>ejus</span> <span class='ocrx_word' id='word_1_603' title='bbox 2457 3316 2665 3380; x_wconf 91' lang='lat' dir='ltr'>oculos,</span> <span class='ocrx_word' id='word_1_604' title='bbox 2708 3313 2907 3378; x_wconf 87' lang='lat' dir='ltr'>oravit,</span> <span class='ocrx_word' id='word_1_605' title='bbox 2943 3317 3000 3366; x_wconf 92' lang='lat' dir='ltr'>et</span> <span class='ocrx_word' id='word_1_606' title='bbox 3035 3311 3226 3366; x_wconf 89' lang='lat' dir='ltr'>statim</span> <span class='ocrx_word' id='word_1_607' title='bbox 3268 3311 3424 3365; x_wconf 89' lang='lat' dir='ltr'>vidit.</span> <span class='ocrx_word' id='word_1_608' title='bbox 3455 3311 3530 3367; x_wconf 91' lang='lat' dir='ltr'>Et</span> 
     </span>
    </p>
   </div>
   <div class='ocr_carea' id='block_1_77' title="bbox 1933 3400 3523 3472">
    <p class='ocr_par' dir='ltr' id='par_1_77' title="bbox 1933 3400 3523 3472">
     <span class='ocr_line' id='line_1_77' title="bbox 1933 3400 3523 3472; baseline -0.005 -10"><span class='ocrx_word' id='word_1_609' title='bbox 1933 3424 2060 3462; x_wconf 90' lang='lat' dir='ltr'>cum</span> <span class='ocrx_word' id='word_1_610' title='bbox 2113 3412 2296 3460; x_wconf 87' lang='lat' dir='ltr'>mater</span> <span class='ocrx_word' id='word_1_611' title='bbox 2334 3421 2463 3460; x_wconf 90' lang='lat' dir='ltr'>eum</span> <span class='ocrx_word' id='word_1_612' title='bbox 2500 3404 2765 3458; x_wconf 87' lang='lat' dir='ltr'>lactasset</span> <span class='ocrx_word' id='word_1_613' title='bbox 2809 3407 2865 3456; x_wconf 91' lang='lat' dir='ltr'>et</span> <span class='ocrx_word' id='word_1_614' title='bbox 2907 3401 3228 3472; x_wconf 89' lang='lat' dir='ltr'>accepisset,</span> <span class='ocrx_word' id='word_1_615' title='bbox 3263 3400 3343 3454; x_wconf 87' lang='lat' dir='ltr'>ita</span> <span class='ocrx_word' id='word_1_616' title='bbox 3371 3401 3523 3456; x_wconf 85' lang='lat' dir='ltr'>exiit.</span> 
     </span>
    </p>
   </div>
   <div class='ocr_carea' id='block_1_78' title="bbox 1933 3489 3526 3564">
    <p class='ocr_par' dir='ltr' id='par_1_78' title="bbox 1933 3489 3526 3564">
     <span class='ocr_line' id='line_1_78' title="bbox 1933 3489 3526 3564; baseline -0.005 -13"><span class='ocrx_word' id='word_1_617' title='bbox 1933 3497 2034 3551; x_wconf 93' lang='lat' dir='ltr'>Die</span> <span class='ocrx_word' id='word_1_618' title='bbox 2065 3501 2253 3550; x_wconf 88' lang='lat' dir='ltr'>autem</span> <span class='ocrx_word' id='word_1_619' title='bbox 2284 3492 2539 3564; x_wconf 90' lang='lat' dir='ltr'>sequenti</span> <span class='ocrx_word' id='word_1_620' title='bbox 2578 3493 2784 3562; x_wconf 89' lang='lat' dir='ltr'>pellem</span> <span class='ocrx_word' id='word_1_621' title='bbox 2825 3506 3044 3563; x_wconf 81' lang='lat' dir='ltr'>magnae</span> <span class='ocrx_word' id='word_1_622' title='bbox 3082 3489 3198 3544; x_wconf 93' lang='lat' dir='ltr'>ovis</span> <span class='ocrx_word' id='word_1_623' title='bbox 3235 3489 3428 3543; x_wconf 89' lang='lat' dir='ltr'>attulit</span> <span class='ocrx_word' id='word_1_624' title='bbox 3455 3489 3526 3543; x_wconf 90' lang='lat' dir='ltr'>ad</span> 
     </span>
    </p>
   </div>
   <div class='ocr_carea' id='block_1_79' title="bbox 1934 3578 3523 3649">
    <p class='ocr_par' dir='ltr' id='par_1_79' title="bbox 1934 3578 3523 3649">
     <span class='ocr_line' id='line_1_79' title="bbox 1934 3578 3523 3649; baseline -0.006 -8"><span class='ocrx_word' id='word_1_625' title='bbox 1934 3591 2187 3640; x_wconf 88' lang='lat' dir='ltr'>sanctum</span> <span class='ocrx_word' id='word_1_626' title='bbox 2203 3583 2509 3638; x_wconf 87' lang='lat' dir='ltr'>Macarium</span> <span class='ocrx_word' id='word_1_627' title='bbox 2530 3599 2542 3649; x_wconf 88' lang='lat'>;</span> <span class='ocrx_word' id='word_1_628' title='bbox 2579 3587 2635 3634; x_wconf 92' lang='lat' dir='ltr'>et</span> <span class='ocrx_word' id='word_1_629' title='bbox 2655 3597 2782 3635; x_wconf 90' lang='lat' dir='ltr'>cum</span> <span class='ocrx_word' id='word_1_630' title='bbox 2804 3584 3029 3634; x_wconf 89' lang='lat' dir='ltr'>sanctus</span> <span class='ocrx_word' id='word_1_631' title='bbox 3049 3578 3280 3632; x_wconf 89' lang='lat' dir='ltr'>vidisset</span> <span class='ocrx_word' id='word_1_632' title='bbox 3300 3578 3523 3649; x_wconf 90' lang='lat' dir='ltr'>pellem,</span> 
     </span>
    </p>
   </div>
   <div class='ocr_carea' id='block_1_80' title="bbox 1934 3667 3527 3744">
    <p class='ocr_par' dir='ltr' id='par_1_80' title="bbox 1934 3667 3527 3744">
     <span class='ocr_line' id='line_1_80' title="bbox 1934 3667 3527 3744; baseline -0.004 -15"><span class='ocrx_word' id='word_1_633' title='bbox 1934 3675 2053 3729; x_wconf 80' lang='lat' dir='ltr'>haec</span> <span class='ocrx_word' id='word_1_634' title='bbox 2082 3675 2221 3728; x_wconf 85' lang='lat' dir='ltr'>dixit</span> <span class='ocrx_word' id='word_1_635' title='bbox 2265 3673 2475 3744; x_wconf 67' lang='lat' dir='ltr'>hyaenae</span> <span class='ocrx_word' id='word_1_636' title='bbox 2508 3670 2839 3725; x_wconf 89' lang='lat' dir='ltr'>:Undenam</span> <span class='ocrx_word' id='word_1_637' title='bbox 2890 3668 3034 3722; x_wconf 89' lang='lat' dir='ltr'>hanc</span> <span class='ocrx_word' id='word_1_638' title='bbox 3071 3667 3380 3734; x_wconf 88' lang='lat' dir='ltr'>habuisses,</span> <span class='ocrx_word' id='word_1_639' title='bbox 3418 3668 3527 3723; x_wconf 86' lang='lat' dir='ltr'>nisi</span> 
     </span>
    </p>
   </div>
   <div class='ocr_carea' id='block_1_81' title="bbox 1934 3757 3526 3833">
    <p class='ocr_par' dir='ltr' id='par_1_81' title="bbox 1934 3757 3526 3833">
     <span class='ocr_line' id='line_1_81' title="bbox 1934 3757 3526 3833; baseline -0.004 -15"><span class='ocrx_word' id='word_1_640' title='bbox 1934 3781 2093 3819; x_wconf 91' lang='lat' dir='ltr'>ovem</span> <span class='ocrx_word' id='word_1_641' title='bbox 2122 3763 2359 3833; x_wconf 88' lang='lat' dir='ltr'>alicujus</span> <span class='ocrx_word' id='word_1_642' title='bbox 2391 3759 2756 3814; x_wconf 80' lang='lat' dir='ltr'>devorasses?</span> <span class='ocrx_word' id='word_1_643' title='bbox 2794 3758 2953 3822; x_wconf 91' lang='lat' dir='ltr'>Quod</span> <span class='ocrx_word' id='word_1_644' title='bbox 2991 3774 3122 3827; x_wconf 90' lang='lat' dir='ltr'>ergo</span> <span class='ocrx_word' id='word_1_645' title='bbox 3154 3757 3526 3828; x_wconf 87' lang='lat' dir='ltr'>proficiscitur</span> 
     </span>
    </p>
   </div>
   <div class='ocr_carea' id='block_1_82' title="bbox 1933 3845 3526 3924">
    <p class='ocr_par' dir='ltr' id='par_1_82' title="bbox 1933 3845 3526 3924">
     <span class='ocr_line' id='line_1_82' title="bbox 1933 3845 3526 3924; baseline -0.006 -16"><span class='ocrx_word' id='word_1_646' title='bbox 1933 3854 2003 3908; x_wconf 92' lang='lat' dir='ltr'>ab</span> <span class='ocrx_word' id='word_1_647' title='bbox 2032 3853 2258 3924; x_wconf 84' lang='lat' dir='ltr'>injuria,</span> <span class='ocrx_word' id='word_1_648' title='bbox 2290 3869 2391 3922; x_wconf 90' lang='lat' dir='ltr'>ego</span> <span class='ocrx_word' id='word_1_649' title='bbox 2407 3867 2441 3904; x_wconf 90' lang='lat' dir='ltr'>a</span> <span class='ocrx_word' id='word_1_650' title='bbox 2458 3857 2514 3904; x_wconf 90' lang='lat' dir='ltr'>te</span> <span class='ocrx_word' id='word_1_651' title='bbox 2537 3866 2653 3904; x_wconf 91' lang='lat' dir='ltr'>non</span> <span class='ocrx_word' id='word_1_652' title='bbox 2674 3847 2902 3919; x_wconf 89' lang='lat' dir='ltr'>accipio.</span> <span class='ocrx_word' id='word_1_653' title='bbox 2925 3847 3138 3917; x_wconf 71' lang='lat' dir='ltr'>Hyaana</span> <span class='ocrx_word' id='word_1_654' title='bbox 3157 3852 3347 3900; x_wconf 88' lang='lat' dir='ltr'>autem</span> <span class='ocrx_word' id='word_1_655' title='bbox 3368 3845 3526 3899; x_wconf 89' lang='lat' dir='ltr'>humi</span> 
     </span>
    </p>
   </div>
   <div class='ocr_carea' id='block_1_83' title="bbox 1932 3934 3528 4012">
    <p class='ocr_par' dir='ltr' id='par_1_83' title="bbox 1932 3934 3528 4012">
     <span class='ocr_line' id='line_1_83' title="bbox 1932 3934 3528 4012; baseline -0.006 -16"><span class='ocrx_word' id='word_1_656' title='bbox 1932 3943 2198 3998; x_wconf 89' lang='lat' dir='ltr'>inclinato</span> <span class='ocrx_word' id='word_1_657' title='bbox 2225 3941 2424 4012; x_wconf 91' lang='lat' dir='ltr'>capite,</span> <span class='ocrx_word' id='word_1_658' title='bbox 2473 3956 2622 4010; x_wconf 90' lang='lat' dir='ltr'>genu</span> <span class='ocrx_word' id='word_1_659' title='bbox 2653 3936 2911 3992; x_wconf 79' lang='lat' dir='ltr'>flectebat</span> <span class='ocrx_word' id='word_1_660' title='bbox 2940 3936 3009 3990; x_wconf 90' lang='lat' dir='ltr'>ad</span> <span class='ocrx_word' id='word_1_661' title='bbox 3040 3936 3209 4006; x_wconf 90' lang='lat' dir='ltr'>pedes</span> <span class='ocrx_word' id='word_1_662' title='bbox 3235 3934 3432 3999; x_wconf 88' lang='lat' dir='ltr'>sancti,</span> <span class='ocrx_word' id='word_1_663' title='bbox 3470 3939 3528 3988; x_wconf 88' lang='lat' dir='ltr'>et</span> 
     </span>
    </p>
   </div>
   <div class='ocr_carea' id='block_1_84' title="bbox 1933 4023 3524 4104">
    <p class='ocr_par' dir='ltr' id='par_1_84' title="bbox 1933 4023 3524 4104">
     <span class='ocr_line' id='line_1_84' title="bbox 1933 4023 3524 4104; baseline -0.006 -17"><span class='ocrx_word' id='word_1_664' title='bbox 1933 4032 2175 4104; x_wconf 89' lang='lat' dir='ltr'>ponebat</span> <span class='ocrx_word' id='word_1_665' title='bbox 2201 4031 2423 4103; x_wconf 89' lang='lat' dir='ltr'>pellem.</span> <span class='ocrx_word' id='word_1_666' title='bbox 2448 4031 2573 4100; x_wconf 90' lang='lat' dir='ltr'>Ipse</span> <span class='ocrx_word' id='word_1_667' title='bbox 2602 4032 2793 4082; x_wconf 88' lang='lat' dir='ltr'>autem</span> <span class='ocrx_word' id='word_1_668' title='bbox 2819 4025 2870 4080; x_wconf 91' lang='lat' dir='ltr'>ei</span> <span class='ocrx_word' id='word_1_669' title='bbox 2901 4024 3144 4079; x_wconf 88' lang='lat' dir='ltr'>dicebat:</span> <span class='ocrx_word' id='word_1_670' title='bbox 3171 4023 3292 4078; x_wconf 87' lang='lat' dir='ltr'>Dixi</span> <span class='ocrx_word' id='word_1_671' title='bbox 3306 4039 3394 4077; x_wconf 91' lang='lat' dir='ltr'>me</span> <span class='ocrx_word' id='word_1_672' title='bbox 3411 4039 3524 4078; x_wconf 90' lang='lat' dir='ltr'>non</span> 
     </span>
    </p>
   </div>
   <div class='ocr_carea' id='block_1_85' title="bbox 1934 4113 3525 4193">
    <p class='ocr_par' dir='ltr' id='par_1_85' title="bbox 1934 4113 3525 4193">
     <span class='ocr_line' id='line_1_85' title="bbox 1934 4113 3525 4193; baseline -0.007 -15"><span class='ocrx_word' id='word_1_673' title='bbox 1934 4127 2312 4193; x_wconf 88' lang='lat' dir='ltr'>accepturum,</span> <span class='ocrx_word' id='word_1_674' title='bbox 2336 4118 2448 4173; x_wconf 92' lang='lat' dir='ltr'>nisi</span> <span class='ocrx_word' id='word_1_675' title='bbox 2474 4117 2749 4189; x_wconf 89' lang='lat' dir='ltr'>juraveris</span> <span class='ocrx_word' id='word_1_676' title='bbox 2784 4121 2841 4169; x_wconf 90' lang='lat' dir='ltr'>te</span> <span class='ocrx_word' id='word_1_677' title='bbox 2869 4131 2982 4169; x_wconf 92' lang='lat' dir='ltr'>non</span> <span class='ocrx_word' id='word_1_678' title='bbox 3012 4113 3252 4185; x_wconf 88' lang='lat' dir='ltr'>amplius</span> <span class='ocrx_word' id='word_1_679' title='bbox 3288 4113 3525 4167; x_wconf 78' lang='lat' dir='ltr'>offensu-</span> 
     </span>
    </p>
   </div>
   <div class='ocr_carea' id='block_1_86' title="bbox 1936 4204 3528 4284">
    <p class='ocr_par' dir='ltr' id='par_1_86' title="bbox 1936 4204 3528 4284">
     <span class='ocr_line' id='line_1_86' title="bbox 1936 4204 3528 4284; baseline -0.006 -16"><span class='ocrx_word' id='word_1_680' title='bbox 1936 4231 2058 4268; x_wconf 90' lang='lat' dir='ltr'>ram</span> <span class='ocrx_word' id='word_1_681' title='bbox 2086 4207 2736 4284; x_wconf 90' lang='lat' dir='ltr'>pauperes,comedendo</span> <span class='ocrx_word' id='word_1_682' title='bbox 2763 4223 2958 4260; x_wconf 90' lang='lat' dir='ltr'>eorum</span> <span class='ocrx_word' id='word_1_683' title='bbox 2984 4221 3135 4258; x_wconf 87' lang='lat' dir='ltr'>oves.</span> <span class='ocrx_word' id='word_1_684' title='bbox 3167 4204 3269 4258; x_wconf 89' lang='lat' dir='ltr'>Illa</span> <span class='ocrx_word' id='word_1_685' title='bbox 3296 4219 3426 4258; x_wconf 88' lang='lat' dir='ltr'>vero</span> <span class='ocrx_word' id='word_1_686' title='bbox 3456 4204 3528 4258; x_wconf 91' lang='lat' dir='ltr'>ad</span> 
     </span>
    </p>
   </div>
   <div class='ocr_carea' id='block_1_87' title="bbox 1933 4296 3528 4372">
    <p class='ocr_par' dir='ltr' id='par_1_87' title="bbox 1933 4296 3528 4372">
     <span class='ocr_line' id='line_1_87' title="bbox 1933 4296 3528 4372; baseline -0.007 -15"><span class='ocrx_word' id='word_1_687' title='bbox 1933 4303 2041 4356; x_wconf 94' lang='lat' dir='ltr'>hoc</span> <span class='ocrx_word' id='word_1_688' title='bbox 2069 4316 2290 4372; x_wconf 91' lang='lat' dir='ltr'>quoque</span> <span class='ocrx_word' id='word_1_689' title='bbox 2311 4299 2494 4370; x_wconf 91' lang='lat' dir='ltr'>capite</span> <span class='ocrx_word' id='word_1_690' title='bbox 2513 4314 2613 4352; x_wconf 84' lang='lat' dir='ltr'>suo</span> <span class='ocrx_word' id='word_1_691' title='bbox 2635 4296 2851 4361; x_wconf 90' lang='lat' dir='ltr'>annuit,</span> <span class='ocrx_word' id='word_1_692' title='bbox 2875 4300 2940 4350; x_wconf 91' lang='lat' dir='ltr'>ut</span> <span class='ocrx_word' id='word_1_693' title='bbox 2970 4311 3091 4366; x_wconf 81' lang='lat' dir='ltr'>quae</span> <span class='ocrx_word' id='word_1_694' title='bbox 3120 4299 3312 4348; x_wconf 89' lang='lat' dir='ltr'>sancto</span> <span class='ocrx_word' id='word_1_695' title='bbox 3343 4309 3528 4347; x_wconf 91' lang='lat' dir='ltr'>assen-</span> 
     </span>
    </p>
   </div>
   <div class='ocr_carea' id='block_1_88' title="bbox 1934 4382 3524 4455">
    <p class='ocr_par' dir='ltr' id='par_1_88' title="bbox 1934 4382 3524 4455">
     <span class='ocr_line' id='line_1_88' title="bbox 1934 4382 3524 4455; baseline -0.004 -10"><span class='ocrx_word' id='word_1_696' title='bbox 1934 4392 2137 4446; x_wconf 89' lang='lat' dir='ltr'>tiretur</span> <span class='ocrx_word' id='word_1_697' title='bbox 2166 4388 2433 4444; x_wconf 89' lang='lat' dir='ltr'>Macario.</span> <span class='ocrx_word' id='word_1_698' title='bbox 2487 4389 2641 4442; x_wconf 91' lang='lat' dir='ltr'>Tunc</span> <span class='ocrx_word' id='word_1_699' title='bbox 2696 4384 2910 4455; x_wconf 89' lang='lat' dir='ltr'>accepit</span> <span class='ocrx_word' id='word_1_700' title='bbox 2959 4384 3162 4454; x_wconf 89' lang='lat' dir='ltr'>pellem</span> <span class='ocrx_word' id='word_1_701' title='bbox 3191 4382 3261 4437; x_wconf 88' lang='lat' dir='ltr'>ab</span> <span class='ocrx_word' id='word_1_702' title='bbox 3307 4383 3524 4454; x_wconf 78' lang='lat' dir='ltr'>hyaena.</span> 
     </span>
    </p>
   </div>
   <div class='ocr_carea' id='block_1_89' title="bbox 1935 4468 3528 4533">
    <p class='ocr_par' dir='ltr' id='par_1_89' title="bbox 1935 4468 3528 4533">
     <span class='ocr_line' id='line_1_89' title="bbox 1935 4468 3528 4533; baseline -0.006 -2"><span class='ocrx_word' id='word_1_703' title='bbox 1935 4477 2108 4530; x_wconf 81' lang='lat' dir='ltr'>Beata</span> <span class='ocrx_word' id='word_1_704' title='bbox 2134 4481 2322 4530; x_wconf 84' lang='lat' dir='ltr'>autem</span> <span class='ocrx_word' id='word_1_705' title='bbox 2353 4473 2561 4529; x_wconf 90' lang='lat' dir='ltr'>Christi</span> <span class='ocrx_word' id='word_1_706' title='bbox 2599 4472 2806 4526; x_wconf 89' lang='lat' dir='ltr'>ancilla</span> <span class='ocrx_word' id='word_1_707' title='bbox 2847 4470 3090 4524; x_wconf 89' lang='lat' dir='ltr'>Melania</span> <span class='ocrx_word' id='word_1_708' title='bbox 3118 4469 3258 4523; x_wconf 89' lang='lat' dir='ltr'>dixit</span> <span class='ocrx_word' id='word_1_709' title='bbox 3275 4468 3434 4533; x_wconf 90' lang='lat' dir='ltr'>mihi,</span> <span class='ocrx_word' id='word_1_710' title='bbox 3468 4484 3528 4522; x_wconf 91' lang='lat' dir='ltr'>se</span> 
     </span>
    </p>
   </div>
   <div class='ocr_carea' id='block_1_90' title="bbox 253 4557 3530 4635">
    <p class='ocr_par' dir='ltr' id='par_1_90' title="bbox 253 4557 3530 4635">
     <span class='ocr_line' id='line_1_90' title="bbox 253 4557 3530 4635; baseline 0 -23"><span class='ocrx_word' id='word_1_711' title='bbox 253 4575 386 4629; x_wconf 64' lang='lat' dir='ltr'>quae</span> <span class='ocrx_word' id='word_1_712' title='bbox 398 4559 591 4613; x_wconf 90' lang='lat' dir='ltr'>multis</span> <span class='ocrx_word' id='word_1_713' title='bbox 605 4559 767 4614; x_wconf 89' lang='lat' dir='ltr'>annis</span> <span class='ocrx_word' id='word_1_714' title='bbox 777 4559 1061 4614; x_wconf 89' lang='lat' dir='ltr'>laborarat</span> <span class='ocrx_word' id='word_1_715' title='bbox 1072 4559 1334 4631; x_wconf 87' lang='lat' dir='ltr'>paralysi.</span> <span class='ocrx_word' id='word_1_716' title='bbox 1346 4561 1502 4614; x_wconf 90' lang='lat' dir='ltr'>Hanc</span> <span class='ocrx_word' id='word_1_717' title='bbox 1514 4565 1643 4614; x_wconf 90' lang='lat' dir='ltr'>ante</span> <span class='ocrx_word' id='word_1_718' title='bbox 1655 4560 1853 4613; x_wconf 89' lang='lat' dir='ltr'>cellam</span> <span class='ocrx_word' id='word_1_719' title='bbox 1871 4557 1920 4617; x_wconf 93' lang='lat' dir='ltr'>D</span> <span class='ocrx_word' id='word_1_720' title='bbox 1935 4566 2088 4620; x_wconf 86' lang='lat' dir='ltr'>illam</span> <span class='ocrx_word' id='word_1_721' title='bbox 2119 4565 2319 4635; x_wconf 90' lang='lat' dir='ltr'>pellem</span> <span class='ocrx_word' id='word_1_722' title='bbox 2346 4562 2621 4632; x_wconf 88' lang='lat' dir='ltr'>accepisse</span> <span class='ocrx_word' id='word_1_723' title='bbox 2635 4577 2668 4614; x_wconf 90' lang='lat' dir='ltr'>a</span> <span class='ocrx_word' id='word_1_724' title='bbox 2695 4559 2937 4614; x_wconf 90' lang='lat' dir='ltr'>Macario</span> <span class='ocrx_word' id='word_1_725' title='bbox 2967 4558 3080 4623; x_wconf 89' lang='lat' dir='ltr'>illo,</span> <span class='ocrx_word' id='word_1_726' title='bbox 3106 4558 3255 4628; x_wconf 90' lang='lat' dir='ltr'>quod</span> <span class='ocrx_word' id='word_1_727' title='bbox 3286 4558 3530 4628; x_wconf 89' lang='lat' dir='ltr'>appella-</span> 
     </span>
    </p>
   </div>
   <div class='ocr_carea' id='block_1_91' title="bbox 251 4648 1856 4719">
    <p class='ocr_par' dir='ltr' id='par_1_91' title="bbox 251 4648 1856 4719">
     <span class='ocr_line' id='line_1_91' title="bbox 251 4648 1856 4719; baseline 0.001 -17"><span class='ocrx_word' id='word_1_728' title='bbox 251 4663 416 4702; x_wconf 84' lang='lat' dir='ltr'>suam</span> <span class='ocrx_word' id='word_1_729' title='bbox 440 4650 764 4719; x_wconf 88' lang='lat' dir='ltr'>projectam,</span> <span class='ocrx_word' id='word_1_730' title='bbox 782 4649 1166 4704; x_wconf 89' lang='lat' dir='ltr'>misericordia</span> <span class='ocrx_word' id='word_1_731' title='bbox 1183 4654 1513 4712; x_wconf 89' lang='lat' dir='ltr'>commotus,</span> <span class='ocrx_word' id='word_1_732' title='bbox 1527 4648 1724 4718; x_wconf 89' lang='lat' dir='ltr'>viginti</span> <span class='ocrx_word' id='word_1_733' title='bbox 1743 4649 1856 4703; x_wconf 90' lang='lat' dir='ltr'>die-</span> 
     </span>
    </p>
   </div>
   <div class='ocr_carea' id='block_1_92' title="bbox 247 4736 1856 4807">
    <p class='ocr_par' dir='ltr' id='par_1_92' title="bbox 247 4736 1856 4807">
     <span class='ocr_line' id='line_1_92' title="bbox 247 4736 1856 4807; baseline 0.002 -17"><span class='ocrx_word' id='word_1_734' title='bbox 247 4736 360 4791; x_wconf 91' lang='lat' dir='ltr'>bus</span> <span class='ocrx_word' id='word_1_735' title='bbox 388 4753 604 4807; x_wconf 87' lang='lat' dir='ltr'>ungens</span> <span class='ocrx_word' id='word_1_736' title='bbox 633 4739 754 4792; x_wconf 93' lang='lat' dir='ltr'>oleo</span> <span class='ocrx_word' id='word_1_737' title='bbox 785 4745 976 4792; x_wconf 91' lang='lat' dir='ltr'>sancto</span> <span class='ocrx_word' id='word_1_738' title='bbox 1011 4740 1128 4792; x_wconf 92' lang='lat' dir='ltr'>suis</span> <span class='ocrx_word' id='word_1_739' title='bbox 1158 4738 1436 4805; x_wconf 90' lang='lat' dir='ltr'>manibus,</span> <span class='ocrx_word' id='word_1_740' title='bbox 1469 4744 1526 4792; x_wconf 91' lang='lat' dir='ltr'>et</span> <span class='ocrx_word' id='word_1_741' title='bbox 1562 4755 1747 4804; x_wconf 90' lang='lat' dir='ltr'>orans,</span> <span class='ocrx_word' id='word_1_742' title='bbox 1771 4756 1856 4793; x_wconf 88' lang='lat' dir='ltr'>sa-</span> 
     </span>
    </p>
   </div>
   <div class='ocr_carea' id='block_1_93' title="bbox 249 4827 1855 4899">
    <p class='ocr_par' dir='ltr' id='par_1_93' title="bbox 249 4827 1855 4899">
     <span class='ocr_line' id='line_1_93' title="bbox 249 4827 1855 4899; baseline 0.002 -19"><span class='ocrx_word' id='word_1_743' title='bbox 249 4842 391 4880; x_wconf 86' lang='lat' dir='ltr'>nam</span> <span class='ocrx_word' id='word_1_744' title='bbox 405 4827 623 4882; x_wconf 90' lang='lat' dir='ltr'>remisit</span> <span class='ocrx_word' id='word_1_745' title='bbox 642 4828 700 4881; x_wconf 91' lang='lat' dir='ltr'>in</span> <span class='ocrx_word' id='word_1_746' title='bbox 717 4845 875 4882; x_wconf 87' lang='lat' dir='ltr'>suam</span> <span class='ocrx_word' id='word_1_747' title='bbox 896 4828 1340 4892; x_wconf 64' lang='lat' dir='ltr'>civitatem.Quae</span> <span class='ocrx_word' id='word_1_748' title='bbox 1351 4845 1476 4882; x_wconf 92' lang='lat' dir='ltr'>cum</span> <span class='ocrx_word' id='word_1_749' title='bbox 1493 4828 1726 4899; x_wconf 92' lang='lat' dir='ltr'>pedibus</span> <span class='ocrx_word' id='word_1_750' title='bbox 1739 4828 1855 4883; x_wconf 91' lang='lat' dir='ltr'>suis</span> 
     </span>
    </p>
   </div>
   <div class='ocr_carea' id='block_1_94' title="bbox 252 4916 1779 4989">
    <p class='ocr_par' dir='ltr' id='par_1_94' title="bbox 252 4916 1779 4989">
     <span class='ocr_line' id='line_1_94' title="bbox 252 4916 1779 4989; baseline 0.001 -21"><span class='ocrx_word' id='word_1_751' title='bbox 252 4916 598 4981; x_wconf 89' lang='lat' dir='ltr'>recessisset,</span> <span class='ocrx_word' id='word_1_752' title='bbox 623 4918 693 4972; x_wconf 90' lang='lat' dir='ltr'>ad</span> <span class='ocrx_word' id='word_1_753' title='bbox 718 4923 942 4972; x_wconf 85' lang='lat' dir='ltr'>sanctos</span> <span class='ocrx_word' id='word_1_754' title='bbox 963 4919 1244 4989; x_wconf 89' lang='lat' dir='ltr'>copiosam</span> <span class='ocrx_word' id='word_1_755' title='bbox 1256 4918 1408 4977; x_wconf 83' lang='lat' dir='ltr'>misit</span> <span class='ocrx_word' id='word_1_756' title='bbox 1422 4917 1779 4972; x_wconf 89' lang='lat' dir='ltr'>oblationem.</span> 
     </span>
    </p>
   </div>
   <div class='ocr_carea' id='block_1_95' title="bbox 327 5005 1853 5079">
    <p class='ocr_par' dir='ltr' id='par_1_95' title="bbox 327 5005 1853 5079">
     <span class='ocr_line' id='line_1_95' title="bbox 327 5005 1853 5079; baseline 0.003 -21"><span class='ocrx_word' id='word_1_757' title='bbox 327 5005 417 5059; x_wconf 90' lang='lat' dir='ltr'>Me</span> <span class='ocrx_word' id='word_1_758' title='bbox 445 5012 634 5061; x_wconf 90' lang='lat' dir='ltr'>autem</span> <span class='ocrx_word' id='word_1_759' title='bbox 655 5013 926 5076; x_wconf 82' lang='lat' dir='ltr'>praesente</span> <span class='ocrx_word' id='word_1_760' title='bbox 949 5009 1221 5062; x_wconf 89' lang='lat' dir='ltr'>adductus</span> <span class='ocrx_word' id='word_1_761' title='bbox 1243 5013 1326 5062; x_wconf 91' lang='lat' dir='ltr'>est</span> <span class='ocrx_word' id='word_1_762' title='bbox 1347 5008 1416 5062; x_wconf 92' lang='lat' dir='ltr'>ad</span> <span class='ocrx_word' id='word_1_763' title='bbox 1437 5024 1566 5062; x_wconf 89' lang='lat' dir='ltr'>eum</span> <span class='ocrx_word' id='word_1_764' title='bbox 1585 5024 1727 5078; x_wconf 90' lang='lat' dir='ltr'>puer</span> <span class='ocrx_word' id='word_1_765' title='bbox 1758 5007 1853 5079; x_wconf 89' lang='lat' dir='ltr'>qui</span> 
     </span>
    </p>
   </div>
   <div class='ocr_carea' id='block_1_96' title="bbox 250 5095 1858 5168">
    <p class='ocr_par' dir='ltr' id='par_1_96' title="bbox 250 5095 1858 5168">
     <span class='ocr_line' id='line_1_96' title="bbox 250 5095 1858 5168; baseline 0.002 -20"><span class='ocrx_word' id='word_1_766' title='bbox 250 5095 561 5151; x_wconf 79' lang='lat' dir='ltr'>vexabatur</span> <span class='ocrx_word' id='word_1_767' title='bbox 589 5113 623 5149; x_wconf 92' lang='lat' dir='ltr'>a</span> <span class='ocrx_word' id='word_1_768' title='bbox 647 5097 867 5168; x_wconf 88' lang='lat' dir='ltr'>spiritu.</span> <span class='ocrx_word' id='word_1_769' title='bbox 893 5096 956 5151; x_wconf 90' lang='lat' dir='ltr'>Ei</span> <span class='ocrx_word' id='word_1_770' title='bbox 987 5103 1177 5150; x_wconf 90' lang='lat' dir='ltr'>autem</span> <span class='ocrx_word' id='word_1_771' title='bbox 1216 5113 1447 5151; x_wconf 90' lang='lat' dir='ltr'>manum</span> <span class='ocrx_word' id='word_1_772' title='bbox 1475 5098 1770 5168; x_wconf 89' lang='lat' dir='ltr'>imponens</span> <span class='ocrx_word' id='word_1_773' title='bbox 1798 5098 1858 5152; x_wconf 92' lang='lat' dir='ltr'>in</span> 
     </span>
    </p>
   </div>
   <div class='ocr_carea' id='block_1_97' title="bbox 255 5185 1859 5258">
    <p class='ocr_par' dir='ltr' id='par_1_97' title="bbox 255 5185 1859 5258">
     <span class='ocr_line' id='line_1_97' title="bbox 255 5185 1859 5258; baseline 0.001 -18"><span class='ocrx_word' id='word_1_774' title='bbox 255 5185 468 5257; x_wconf 90' lang='lat' dir='ltr'>capite,</span> <span class='ocrx_word' id='word_1_775' title='bbox 497 5190 555 5240; x_wconf 90' lang='lat' dir='ltr'>et</span> <span class='ocrx_word' id='word_1_776' title='bbox 582 5185 869 5240; x_wconf 87' lang='lat' dir='ltr'>sinistram</span> <span class='ocrx_word' id='word_1_777' title='bbox 903 5202 1074 5258; x_wconf 88' lang='lat' dir='ltr'>supra</span> <span class='ocrx_word' id='word_1_778' title='bbox 1101 5203 1214 5252; x_wconf 91' lang='lat' dir='ltr'>cor,</span> <span class='ocrx_word' id='word_1_779' title='bbox 1245 5187 1442 5241; x_wconf 91' lang='lat' dir='ltr'>tandiu</span> <span class='ocrx_word' id='word_1_780' title='bbox 1473 5186 1651 5240; x_wconf 88' lang='lat' dir='ltr'>oravit</span> <span class='ocrx_word' id='word_1_781' title='bbox 1679 5187 1859 5242; x_wconf 84' lang='lat' dir='ltr'>donec</span> 
     </span>
    </p>
   </div>
   <div class='ocr_carea' id='block_1_98' title="bbox 251 5274 1855 5348">
    <p class='ocr_par' dir='ltr' id='par_1_98' title="bbox 251 5274 1855 5348">
     <span class='ocr_line' id='line_1_98' title="bbox 251 5274 1855 5348; baseline 0.001 -19"><span class='ocrx_word' id='word_1_782' title='bbox 251 5274 483 5329; x_wconf 84' lang='lat' dir='ltr'>fecisset</span> <span class='ocrx_word' id='word_1_783' title='bbox 509 5274 694 5345; x_wconf 88' lang='lat' dir='ltr'>ipsum</span> <span class='ocrx_word' id='word_1_784' title='bbox 724 5275 967 5346; x_wconf 87' lang='lat' dir='ltr'>pendere</span> <span class='ocrx_word' id='word_1_785' title='bbox 999 5276 1057 5330; x_wconf 92' lang='lat' dir='ltr'>in</span> <span class='ocrx_word' id='word_1_786' title='bbox 1087 5292 1235 5330; x_wconf 90' lang='lat' dir='ltr'>aere.</span> <span class='ocrx_word' id='word_1_787' title='bbox 1269 5277 1560 5347; x_wconf 89' lang='lat' dir='ltr'>Tanquam</span> <span class='ocrx_word' id='word_1_788' title='bbox 1579 5282 1706 5332; x_wconf 92' lang='lat' dir='ltr'>uter</span> <span class='ocrx_word' id='word_1_789' title='bbox 1723 5293 1855 5348; x_wconf 90' lang='lat' dir='ltr'>ergo</span> 
     </span>
    </p>
   </div>
   <div class='ocr_carea' id='block_1_99' title="bbox 256 5364 1858 5438">
    <p class='ocr_par' dir='ltr' id='par_1_99' title="bbox 256 5364 1858 5438">
     <span class='ocr_line' id='line_1_99' title="bbox 256 5364 1858 5438; baseline 0.001 -20"><span class='ocrx_word' id='word_1_790' title='bbox 256 5379 402 5436; x_wconf 90' lang='lat' dir='ltr'>puer</span> <span class='ocrx_word' id='word_1_791' title='bbox 419 5364 667 5428; x_wconf 82' lang='lat' dir='ltr'>inﬂatus,</span> <span class='ocrx_word' id='word_1_792' title='bbox 688 5365 1127 5431; x_wconf 89' lang='lat' dir='ltr'>adeointumuit,</span> <span class='ocrx_word' id='word_1_793' title='bbox 1151 5372 1213 5420; x_wconf 91' lang='lat' dir='ltr'>ut</span> <span class='ocrx_word' id='word_1_794' title='bbox 1235 5371 1384 5420; x_wconf 90' lang='lat' dir='ltr'>esset</span> <span class='ocrx_word' id='word_1_795' title='bbox 1405 5366 1631 5421; x_wconf 89' lang='lat' dir='ltr'>maximi</span> <span class='ocrx_word' id='word_1_796' title='bbox 1654 5366 1858 5438; x_wconf 82' lang='lat' dir='ltr'>ponde-</span> 
     </span>
    </p>
   </div>
   <div class='ocr_carea' id='block_1_100' title="bbox 255 5453 1857 5527">
    <p class='ocr_par' dir='ltr' id='par_1_100' title="bbox 255 5453 1857 5527">
     <span class='ocr_line' id='line_1_100' title="bbox 255 5453 1857 5527; baseline 0.003 -19"><span class='ocrx_word' id='word_1_797' title='bbox 255 5453 360 5508; x_wconf 88' lang='lat' dir='ltr'>ris.</span> <span class='ocrx_word' id='word_1_798' title='bbox 388 5453 464 5507; x_wconf 91' lang='lat' dir='ltr'>Et</span> <span class='ocrx_word' id='word_1_799' title='bbox 489 5470 617 5508; x_wconf 92' lang='lat' dir='ltr'>cum</span> <span class='ocrx_word' id='word_1_800' title='bbox 651 5458 880 5524; x_wconf 89' lang='lat' dir='ltr'>repente</span> <span class='ocrx_word' id='word_1_801' title='bbox 901 5455 1283 5521; x_wconf 86' lang='lat' dir='ltr'>exclamasset,</span> <span class='ocrx_word' id='word_1_802' title='bbox 1313 5472 1414 5527; x_wconf 88' lang='lat' dir='ltr'>per</span> <span class='ocrx_word' id='word_1_803' title='bbox 1439 5472 1631 5512; x_wconf 90' lang='lat' dir='ltr'>omnes</span> <span class='ocrx_word' id='word_1_804' title='bbox 1659 5475 1857 5513; x_wconf 90' lang='lat' dir='ltr'>sensus</span> 
     </span>
    </p>
   </div>
   <div class='ocr_carea' id='block_1_101' title="bbox 258 5542 1856 5614">
    <p class='ocr_par' dir='ltr' id='par_1_101' title="bbox 258 5542 1856 5614">
     <span class='ocr_line' id='line_1_101' title="bbox 258 5542 1856 5614; baseline 0.004 -17"><span class='ocrx_word' id='word_1_805' title='bbox 258 5559 467 5614; x_wconf 89' lang='lat' dir='ltr'>aquam</span> <span class='ocrx_word' id='word_1_806' title='bbox 484 5542 701 5610; x_wconf 89' lang='lat' dir='ltr'>emisit;</span> <span class='ocrx_word' id='word_1_807' title='bbox 723 5548 778 5597; x_wconf 89' lang='lat' dir='ltr'>et</span> <span class='ocrx_word' id='word_1_808' title='bbox 795 5559 926 5597; x_wconf 91' lang='lat' dir='ltr'>cum</span> <span class='ocrx_word' id='word_1_809' title='bbox 950 5561 1146 5598; x_wconf 88' lang='lat' dir='ltr'>rursus</span> <span class='ocrx_word' id='word_1_810' title='bbox 1168 5545 1439 5611; x_wconf 88' lang='lat' dir='ltr'>desiisset,</span> <span class='ocrx_word' id='word_1_811' title='bbox 1460 5547 1626 5601; x_wconf 90' lang='lat' dir='ltr'>rediit</span> <span class='ocrx_word' id='word_1_812' title='bbox 1639 5549 1711 5602; x_wconf 89' lang='lat' dir='ltr'>ad</span> <span class='ocrx_word' id='word_1_813' title='bbox 1733 5565 1856 5604; x_wconf 89' lang='lat' dir='ltr'>eam</span> 
     </span>
    </p>
   </div>
   <div class='ocr_carea' id='block_1_102' title="bbox 257 5631 1857 5711">
    <p class='ocr_par' dir='ltr' id='par_1_102' title="bbox 257 5631 1857 5711">
     <span class='ocr_line' id='line_1_102' title="bbox 257 5631 1857 5711; baseline 0.005 -24"><span class='ocrx_word' id='word_1_814' title='bbox 257 5632 318 5687; x_wconf 92' lang='lat' dir='ltr'>in</span> <span class='ocrx_word' id='word_1_815' title='bbox 351 5648 462 5704; x_wconf 90' lang='lat' dir='ltr'>qua</span> <span class='ocrx_word' id='word_1_816' title='bbox 485 5631 641 5704; x_wconf 91' lang='lat' dir='ltr'>prius</span> <span class='ocrx_word' id='word_1_817' title='bbox 669 5637 792 5687; x_wconf 89' lang='lat' dir='ltr'>erat</span> <span class='ocrx_word' id='word_1_818' title='bbox 816 5649 1157 5688; x_wconf 89' lang='lat' dir='ltr'>mensuram.</span> <span class='ocrx_word' id='word_1_819' title='bbox 1184 5635 1252 5689; x_wconf 87' lang='lat' dir='ltr'>Et</span> <span class='ocrx_word' id='word_1_820' title='bbox 1276 5635 1512 5692; x_wconf 87' lang='lat' dir='ltr'>tradidit</span> <span class='ocrx_word' id='word_1_821' title='bbox 1539 5654 1668 5693; x_wconf 91' lang='lat' dir='ltr'>eum</span> <span class='ocrx_word' id='word_1_822' title='bbox 1693 5640 1857 5711; x_wconf 87' lang='lat' dir='ltr'>patri,</span> 
     </span>
    </p>
   </div>
   <div class='ocr_carea' id='block_1_103' title="bbox 338 5757 1190 5816">
    <p class='ocr_par' dir='ltr' id='par_1_103' title="bbox 338 5757 1190 5816">
     <span class='ocr_line' id='line_1_103' title="bbox 338 5757 1190 5816; baseline 0.002 -4"><span class='ocrx_word' id='word_1_823' title='bbox 338 5759 354 5794; x_wconf 83' lang='grc'>¹</span> <span class='ocrx_word' id='word_1_824' title='bbox 390 5757 714 5815; x_wconf 87' lang='lat' dir='ltr'>Heraclides</span> <span class='ocrx_word' id='word_1_825' title='bbox 743 5758 860 5816; x_wconf 86' lang='lat' dir='ltr'>haec</span> <span class='ocrx_word' id='word_1_826' title='bbox 885 5759 956 5815; x_wconf 90' lang='lat' dir='ltr'>de</span> <span class='ocrx_word' id='word_1_827' title='bbox 986 5759 1190 5816; x_wconf 87' lang='lat' dir='ltr'>Marco.</span> 
     </span>
    </p>
   </div>
   <div class='ocr_carea' id='block_1_104' title="bbox 1934 4646 3528 4722">
    <p class='ocr_par' dir='ltr' id='par_1_104' title="bbox 1934 4646 3528 4722">
     <span class='ocr_line' id='line_1_104' title="bbox 1934 4646 3528 4722; baseline -0.007 -13"><span class='ocrx_word' id='word_1_828' title='bbox 1934 4655 2101 4709; x_wconf 91' lang='lat' dir='ltr'>batur</span> <span class='ocrx_word' id='word_1_829' title='bbox 2120 4669 2324 4708; x_wconf 92' lang='lat' dir='ltr'>munus</span> <span class='ocrx_word' id='word_1_830' title='bbox 2343 4652 2573 4722; x_wconf 66' lang='lat' dir='ltr'>hyaenae.</span> <span class='ocrx_word' id='word_1_831' title='bbox 2590 4649 2735 4713; x_wconf 91' lang='lat' dir='ltr'>Quid</span> <span class='ocrx_word' id='word_1_832' title='bbox 2765 4663 2892 4702; x_wconf 92' lang='lat' dir='ltr'>vero</span> <span class='ocrx_word' id='word_1_833' title='bbox 2923 4647 3126 4701; x_wconf 66' lang='lat' dir='ltr'>mirum</span> <span class='ocrx_word' id='word_1_834' title='bbox 3159 4651 3247 4700; x_wconf 89' lang='lat' dir='ltr'>est</span> <span class='ocrx_word' id='word_1_835' title='bbox 3273 4647 3422 4717; x_wconf 89' lang='lat' dir='ltr'>apud</span> <span class='ocrx_word' id='word_1_836' title='bbox 3448 4646 3528 4699; x_wconf 88' lang='lat' dir='ltr'>vi-</span> 
     </span>
    </p>
   </div>
   <div class='ocr_carea' id='block_1_105' title="bbox 1937 4736 3529 4809">
    <p class='ocr_par' dir='ltr' id='par_1_105' title="bbox 1937 4736 3529 4809">
     <span class='ocr_line' id='line_1_105' title="bbox 1937 4736 3529 4809; baseline -0.006 -10"><span class='ocrx_word' id='word_1_837' title='bbox 1937 4761 2032 4799; x_wconf 91' lang='lat' dir='ltr'>ros</span> <span class='ocrx_word' id='word_1_838' title='bbox 2061 4742 2269 4796; x_wconf 91' lang='lat' dir='ltr'>mundo</span> <span class='ocrx_word' id='word_1_839' title='bbox 2301 4739 2609 4804; x_wconf 85' lang='lat' dir='ltr'>crucifixos,</span> <span class='ocrx_word' id='word_1_840' title='bbox 2637 4738 2685 4792; x_wconf 91' lang='lat' dir='ltr'>si</span> <span class='ocrx_word' id='word_1_841' title='bbox 2710 4738 2909 4809; x_wconf 69' lang='lat' dir='ltr'>hyaena</span> <span class='ocrx_word' id='word_1_842' title='bbox 2930 4736 3200 4790; x_wconf 84' lang='lat' dir='ltr'>beneﬁcio</span> <span class='ocrx_word' id='word_1_843' title='bbox 3223 4736 3437 4801; x_wconf 74' lang='lat' dir='ltr'>affecta,</span> <span class='ocrx_word' id='word_1_844' title='bbox 3457 4736 3529 4790; x_wconf 90' lang='lat' dir='ltr'>ad</span> 
     </span>
    </p>
   </div>
   <div class='ocr_carea' id='block_1_106' title="bbox 1936 4825 3529 4902">
    <p class='ocr_par' dir='ltr' id='par_1_106' title="bbox 1936 4825 3529 4902">
     <span class='ocr_line' id='line_1_106' title="bbox 1936 4825 3529 4902; baseline -0.005 -16"><span class='ocrx_word' id='word_1_845' title='bbox 1936 4832 2036 4887; x_wconf 91' lang='lat' dir='ltr'>Dei</span> <span class='ocrx_word' id='word_1_846' title='bbox 2059 4829 2315 4902; x_wconf 87' lang='lat' dir='ltr'>gloriam,</span> <span class='ocrx_word' id='word_1_847' title='bbox 2340 4834 2396 4882; x_wconf 90' lang='lat' dir='ltr'>et</span> <span class='ocrx_word' id='word_1_848' title='bbox 2424 4829 2695 4882; x_wconf 90' lang='lat' dir='ltr'>honorem</span> <span class='ocrx_word' id='word_1_849' title='bbox 2728 4842 3014 4880; x_wconf 88' lang='lat' dir='ltr'>servorum</span> <span class='ocrx_word' id='word_1_850' title='bbox 3044 4825 3256 4895; x_wconf 89' lang='lat' dir='ltr'>ejus,id</span> <span class='ocrx_word' id='word_1_851' title='bbox 3281 4825 3529 4879; x_wconf 91' lang='lat' dir='ltr'>sentiens</span> 
     </span>
    </p>
   </div>
   <div class='ocr_carea' id='block_1_107' title="bbox 1938 4914 3534 4986">
    <p class='ocr_par' dir='ltr' id='par_1_107' title="bbox 1938 4914 3534 4986">
     <span class='ocr_line' id='line_1_107' title="bbox 1938 4914 3534 4986; baseline -0.004 -11"><span class='ocrx_word' id='word_1_852' title='bbox 1938 4922 2009 4975; x_wconf 89' lang='lat' dir='ltr'>ad</span> <span class='ocrx_word' id='word_1_853' title='bbox 2040 4935 2167 4974; x_wconf 90' lang='lat' dir='ltr'>eum</span> <span class='ocrx_word' id='word_1_854' title='bbox 2199 4935 2438 4972; x_wconf 85' lang='lat' dir='ltr'>munera</span> <span class='ocrx_word' id='word_1_855' title='bbox 2461 4915 2749 4971; x_wconf 81' lang='lat' dir='ltr'>attulerit?</span> <span class='ocrx_word' id='word_1_856' title='bbox 2780 4931 2909 4968; x_wconf 87' lang='lat' dir='ltr'>nam</span> <span class='ocrx_word' id='word_1_857' title='bbox 2941 4914 3036 4986; x_wconf 89' lang='lat' dir='ltr'>qui</span> <span class='ocrx_word' id='word_1_858' title='bbox 3066 4915 3125 4968; x_wconf 92' lang='lat' dir='ltr'>in</span> <span class='ocrx_word' id='word_1_859' title='bbox 3149 4914 3379 4968; x_wconf 88' lang='lat' dir='ltr'>Daniele</span> <span class='ocrx_word' id='word_1_860' title='bbox 3409 4929 3534 4985; x_wconf 89' lang='lat' dir='ltr'>pro-</span> 
     </span>
    </p>
   </div>
   <div class='ocr_carea' id='block_1_108' title="bbox 1938 5004 3534 5082">
    <p class='ocr_par' dir='ltr' id='par_1_108' title="bbox 1938 5004 3534 5082">
     <span class='ocr_line' id='line_1_108' title="bbox 1938 5004 3534 5082; baseline -0.004 -18"><span class='ocrx_word' id='word_1_861' title='bbox 1938 5011 2109 5082; x_wconf 89' lang='lat' dir='ltr'>pheta</span> <span class='ocrx_word' id='word_1_862' title='bbox 2146 5007 2510 5062; x_wconf 86' lang='lat' dir='ltr'>mansuefecit</span> <span class='ocrx_word' id='word_1_863' title='bbox 2537 5007 2746 5073; x_wconf 92' lang='lat' dir='ltr'>leones,</span> <span class='ocrx_word' id='word_1_864' title='bbox 2779 5004 2910 5060; x_wconf 88' lang='lat' dir='ltr'>huic</span> <span class='ocrx_word' id='word_1_865' title='bbox 2938 5021 3160 5077; x_wconf 91' lang='lat' dir='ltr'>quoque</span> <span class='ocrx_word' id='word_1_866' title='bbox 3187 5005 3396 5077; x_wconf 67' lang='lat' dir='ltr'>hyaenae</span> <span class='ocrx_word' id='word_1_867' title='bbox 3427 5005 3534 5058; x_wconf 88' lang='lat' dir='ltr'>lar-</span> 
     </span>
    </p>
   </div>
   <div class='ocr_carea' id='block_1_109' title="bbox 1934 5095 2681 5171">
    <p class='ocr_par' dir='ltr' id='par_1_109' title="bbox 1934 5095 2681 5171">
     <span class='ocr_line' id='line_1_109' title="bbox 1934 5095 2681 5171; baseline -0.007 -17"><span class='ocrx_word' id='word_1_868' title='bbox 1934 5100 2088 5171; x_wconf 86' lang='lat' dir='ltr'>gitus</span> <span class='ocrx_word' id='word_1_869' title='bbox 2117 5104 2201 5152; x_wconf 89' lang='lat' dir='ltr'>est</span> <span class='ocrx_word' id='word_1_870' title='bbox 2231 5095 2681 5168; x_wconf 89' lang='lat' dir='ltr'>intelligentiam.</span> 
     </span>
    </p>
   </div>
   <div class='ocr_carea' id='block_1_110' title="bbox 2008 5182 3531 5256">
    <p class='ocr_par' dir='ltr' id='par_1_110' title="bbox 2008 5182 3531 5256">
     <span class='ocr_line' id='line_1_110' title="bbox 2008 5182 3531 5256; baseline -0.005 -13"><span class='ocrx_word' id='word_1_871' title='bbox 2008 5190 2089 5244; x_wconf 93' lang='lat' dir='ltr'>De</span> <span class='ocrx_word' id='word_1_872' title='bbox 2120 5205 2184 5242; x_wconf 89' lang='lat' dir='ltr'>eo</span> <span class='ocrx_word' id='word_1_873' title='bbox 2215 5194 2404 5242; x_wconf 91' lang='lat' dir='ltr'>autem</span> <span class='ocrx_word' id='word_1_874' title='bbox 2433 5187 2644 5241; x_wconf 89' lang='lat' dir='ltr'>dictum</span> <span class='ocrx_word' id='word_1_875' title='bbox 2675 5190 2761 5239; x_wconf 84' lang='lat' dir='ltr'>est</span> <span class='ocrx_word' id='word_1_876' title='bbox 2789 5185 2938 5256; x_wconf 91' lang='lat' dir='ltr'>quod</span> <span class='ocrx_word' id='word_1_877' title='bbox 2981 5200 3046 5238; x_wconf 92' lang='lat' dir='ltr'>ex</span> <span class='ocrx_word' id='word_1_878' title='bbox 3076 5199 3185 5254; x_wconf 91' lang='lat' dir='ltr'>quo</span> <span class='ocrx_word' id='word_1_879' title='bbox 3214 5182 3322 5237; x_wconf 86' lang='lat' dir='ltr'>fuit</span> <span class='ocrx_word' id='word_1_880' title='bbox 3346 5183 3531 5254; x_wconf 90' lang='lat' dir='ltr'>bapti-</span> 
     </span>
    </p>
   </div>
   <div class='ocr_carea' id='block_1_111' title="bbox 1938 5271 3532 5347">
    <p class='ocr_par' dir='ltr' id='par_1_111' title="bbox 1938 5271 3532 5347">
     <span class='ocr_line' id='line_1_111' title="bbox 1938 5271 3532 5347; baseline -0.004 -15"><span class='ocrx_word' id='word_1_881' title='bbox 1938 5284 2111 5345; x_wconf 87' lang='lat' dir='ltr'>zatus,</span> <span class='ocrx_word' id='word_1_882' title='bbox 2142 5277 2298 5332; x_wconf 90' lang='lat' dir='ltr'>humi</span> <span class='ocrx_word' id='word_1_883' title='bbox 2327 5293 2438 5330; x_wconf 91' lang='lat' dir='ltr'>non</span> <span class='ocrx_word' id='word_1_884' title='bbox 2469 5275 2705 5347; x_wconf 88' lang='lat' dir='ltr'>spuerit,</span> <span class='ocrx_word' id='word_1_885' title='bbox 2726 5291 2852 5329; x_wconf 90' lang='lat' dir='ltr'>cum</span> <span class='ocrx_word' id='word_1_886' title='bbox 2883 5278 3070 5328; x_wconf 89' lang='lat' dir='ltr'>essent</span> <span class='ocrx_word' id='word_1_887' title='bbox 3087 5271 3374 5342; x_wconf 88' lang='lat' dir='ltr'>sexaginta</span> <span class='ocrx_word' id='word_1_888' title='bbox 3399 5271 3532 5326; x_wconf 88' lang='lat' dir='ltr'>anni</span> 
     </span>
    </p>
   </div>
   <div class='ocr_carea' id='block_1_112' title="bbox 1938 5361 3535 5440">
    <p class='ocr_par' dir='ltr' id='par_1_112' title="bbox 1938 5361 3535 5440">
     <span class='ocr_line' id='line_1_112' title="bbox 1938 5361 3535 5440; baseline -0.004 -17"><span class='ocrx_word' id='word_1_889' title='bbox 1938 5386 2004 5423; x_wconf 88' lang='lat' dir='ltr'>ex</span> <span class='ocrx_word' id='word_1_890' title='bbox 2032 5385 2141 5440; x_wconf 91' lang='lat' dir='ltr'>quo</span> <span class='ocrx_word' id='word_1_891' title='bbox 2184 5368 2370 5422; x_wconf 86' lang='lat' dir='ltr'>fuerat</span> <span class='ocrx_word' id='word_1_892' title='bbox 2398 5366 2731 5438; x_wconf 84' lang='lat' dir='ltr'>baptizatus.</span> <span class='ocrx_word' id='word_1_893' title='bbox 2776 5365 2966 5417; x_wconf 88' lang='lat' dir='ltr'>Annos</span> <span class='ocrx_word' id='word_1_894' title='bbox 3008 5361 3158 5418; x_wconf 89' lang='lat' dir='ltr'>enim</span> <span class='ocrx_word' id='word_1_895' title='bbox 3195 5366 3362 5415; x_wconf 88' lang='lat' dir='ltr'>natus</span> <span class='ocrx_word' id='word_1_896' title='bbox 3392 5377 3535 5432; x_wconf 90' lang='lat' dir='ltr'>qua-</span> 
     </span>
    </p>
   </div>
   <div class='ocr_carea' id='block_1_113' title="bbox 1937 5456 2936 5531">
    <p class='ocr_par' dir='ltr' id='par_1_113' title="bbox 1937 5456 2936 5531">
     <span class='ocr_line' id='line_1_113' title="bbox 1937 5456 2936 5531; baseline -0.004 -15"><span class='ocrx_word' id='word_1_897' title='bbox 1937 5461 2199 5531; x_wconf 85' lang='lat' dir='ltr'>draginta</span> <span class='ocrx_word' id='word_1_898' title='bbox 2223 5456 2562 5529; x_wconf 88' lang='lat' dir='ltr'>baptismum</span> <span class='ocrx_word' id='word_1_899' title='bbox 2592 5459 2936 5528; x_wconf 83' lang='lat' dir='ltr'>susceperat.</span> 
     </span>
    </p>
   </div>
   <div class='ocr_carea' id='block_1_114' title="bbox 2013 5542 3534 5616">
    <p class='ocr_par' dir='ltr' id='par_1_114' title="bbox 2013 5542 3534 5616">
     <span class='ocr_line' id='line_1_114' title="bbox 2013 5542 3534 5616; baseline -0.007 -11"><span class='ocrx_word' id='word_1_900' title='bbox 2013 5552 2218 5606; x_wconf 88' lang='lat' dir='ltr'>Forma</span> <span class='ocrx_word' id='word_1_901' title='bbox 2245 5551 2432 5601; x_wconf 91' lang='lat' dir='ltr'>autem</span> <span class='ocrx_word' id='word_1_902' title='bbox 2463 5547 2588 5616; x_wconf 86' lang='lat' dir='ltr'>ejus</span> <span class='ocrx_word' id='word_1_903' title='bbox 2617 5550 2738 5600; x_wconf 88' lang='lat' dir='ltr'>erat</span> <span class='ocrx_word' id='word_1_904' title='bbox 2764 5542 3086 5615; x_wconf 89' lang='lat' dir='ltr'>hujusmodi</span> <span class='ocrx_word' id='word_1_905' title='bbox 3111 5561 3120 5596; x_wconf 95' lang='lat'><strong>:</strong></span> <span class='ocrx_word' id='word_1_906' title='bbox 3143 5547 3365 5614; x_wconf 88' lang='lat' dir='ltr'>oportet</span> <span class='ocrx_word' id='word_1_907' title='bbox 3384 5542 3534 5601; x_wconf 87' lang='lat' dir='ltr'>enim</span> 
     </span>
    </p>
   </div>
   <div class='ocr_carea' id='block_1_115' title="bbox 1942 5633 3537 5712">
    <p class='ocr_par' dir='ltr' id='par_1_115' title="bbox 1942 5633 3537 5712">
     <span class='ocr_line' id='line_1_115' title="bbox 1942 5633 3537 5712; baseline -0.004 -17"><span class='ocrx_word' id='word_1_908' title='bbox 1942 5656 2032 5695; x_wconf 88' lang='lat' dir='ltr'>me</span> <span class='ocrx_word' id='word_1_909' title='bbox 2062 5655 2282 5712; x_wconf 87' lang='lat' dir='ltr'>quoque</span> <span class='ocrx_word' id='word_1_910' title='bbox 2302 5638 2402 5692; x_wconf 91' lang='lat' dir='ltr'>tibi</span> <span class='ocrx_word' id='word_1_911' title='bbox 2425 5638 2531 5691; x_wconf 92' lang='lat' dir='ltr'>hoc</span> <span class='ocrx_word' id='word_1_912' title='bbox 2551 5635 2893 5705; x_wconf 85' lang='lat' dir='ltr'>signiﬁcare,</span> <span class='ocrx_word' id='word_1_913' title='bbox 2919 5633 3125 5688; x_wconf 88' lang='lat' dir='ltr'>Christi</span> <span class='ocrx_word' id='word_1_914' title='bbox 3154 5649 3331 5699; x_wconf 87' lang='lat' dir='ltr'>serve,</span> <span class='ocrx_word' id='word_1_915' title='bbox 3357 5638 3421 5689; x_wconf 91' lang='lat' dir='ltr'>ut</span> <span class='ocrx_word' id='word_1_916' title='bbox 3441 5635 3537 5705; x_wconf 88' lang='lat' dir='ltr'>qui</span> 
     </span>
    </p>
   </div>
  </div>
