3910 6370
432 361 575 422 1149

1510 363 1604 420 DE
1640 364 1830 422 VITIS
1866 364 2165 422 PATRUM
2199 364 2416 422 LIBER
2451 364 2603 422 VIII.

3571 370 3712 430 uso

433 492 539 546 hoc
566 490 739 546 sciam
761 491 989 562 optime,
1011 506 1138 545 cum
1172 505 1298 544 mea
1331 489 1576 562 parvitas
1605 489 1658 546 ei
1681 489 1855 546 fuerit
1879 496 2027 546 tem-
2044 493 2097 551 Α
2121 494 2309 556 πθ
2335 495 2394 545 et
2421 489 2676 546 vindicta
2701 491 2905 562 cupido
2928 492 3117 548 animo
3156 499 3280 550 erat
3306 495 3363 551 in
3394 499 3703 568 pastorem,

434 596 568 652 pore
587 580 816 652 aqualis
831 624 843 636 .
866 579 1008 634 Erat
1019 584 1206 634 autem
1226 579 1348 649 ejus
1373 579 1552 634 forma
1567 581 1704 634 satis
1733 581 2029 637 minutaac

432 669 635 724 mutila
671 674 729 723 et
760 685 912 737 rara,
943 668 1086 740 pilos
1117 669 1295 722 solum
1328 667 1540 722 habens
1567 668 1626 722 in
1665 668 1840 722 labro.
1881 669 2031 734 Quin

430 757 601 813 etiam
628 757 689 812 in
720 774 990 829 suprema
1017 761 1176 829 parte
1201 755 1446 811 habebat
1465 773 1693 828 paucos.
1728 759 1873 812 Nam
1905 774 2029 829 pro-

430 851 558 918 pter
583 847 840 918 ingentes
864 846 1086 902 labores
1113 846 1550 914 exercitationis,
1585 863 1656 901 ne
1686 846 1786 918 pili
1804 847 2031 919 quidem

431 936 608 990 menti
642 935 828 992 barba
855 936 906 991 ei
936 936 1088 991 enati
1119 940 1271 990 sunt.

501 1025 588 1080 Ad
617 1025 766 1082 hunc
788 1029 1045 1080 sanctum
1072 1025 1383 1080 Macarium
1407 1040 1535 1079 cum
1555 1025 1799 1096 quodam
1828 1025 1918 1080 die
1941 1043 2030 1080 ve-

431 1114 661 1182 nissem,
686 1120 744 1169 et
763 1132 942 1170 essem
959 1115 1150 1170 animo
1167 1115 1329 1168 valde
1341 1113 1689 1177 anxius,dico
1707 1115 1790 1169 illi
1817 1134 1831 1169 :
1869 1114 2031 1170 Abba

432 1201 667 1270 Macari,
683 1203 819 1274 quid
833 1203 1055 1270 faciam,
1069 1203 1334 1274 quoniam
1355 1219 1446 1256 me
1467 1202 1727 1273 afﬂigunt
1744 1203 2034 1274 cogitatio-

431 1307 550 1359 nes,
597 1292 737 1346 mihi
766 1292 1016 1347 dicentes
1058 1309 1070 1345 :
1114 1291 1268 1346 Nihil
1309 1291 1463 1357 facis,
1494 1293 1691 1346 recede
1735 1293 1884 1347 hinc.
1917 1294 2030 1348 Re-

429 1381 670 1452 spondet
687 1381 828 1436 mihi
851 1381 1042 1436 dicens
1062 1386 1288 1436 sanctus
1314 1381 1483 1434 Pater
1506 1380 1785 1436 Macarius
1815 1401 1828 1435 :
1851 1381 1949 1437 Dic
1967 1387 2032 1436 tu

429 1469 546 1526 tuis
573 1469 1007 1542 cogitationibus
1041 1488 1054 1524 :
1081 1470 1318 1542 Propter
1345 1469 1632 1525 Christum
1657 1471 1908 1527 custodio
1935 1489 2032 1544 pa-

431 1557 622 1615 rietes.

503 1648 652 1715 Hac,
679 1663 713 1702 o
743 1647 992 1702 studiose
1014 1653 1072 1702 et
1103 1647 1484 1702 amantissime
1523 1649 1733 1704 Christi
1763 1666 1938 1717 serve,
1962 1666 2030 1704 ex

431 1735 626 1790 multis
662 1742 720 1790 et
761 1735 981 1807 magnis
1006 1737 1182 1806 signis
1211 1741 1268 1790 et
1295 1737 1692 1795 certaminibus
1729 1738 1922 1810 inclyti
1970 1745 2027 1794 et

427 1823 633 1878 virtute
660 1824 880 1896 praditi
914 1825 1136 1880 Macarii
1162 1824 1492 1895 signiﬁcavi.

500 1912 604 1968 Hic
624 1913 902 1968 Macarius
920 1913 1081 1968 nobis
1101 1914 1351 1968 narravit
1379 1916 1528 1982 (erat
1546 1915 1694 1969 enim
1714 1915 2024 1988 presbyter)

429 2017 490 2056 se
513 2000 834 2058 observasse
863 2008 1116 2074 tempore
1157 2004 1566 2058 communionis
1598 2005 1806 2060 Christi
1838 2023 2023 2061 sacra-

423 2096 768 2158 mentorum,
799 2108 860 2147 se
889 2093 1076 2147 Marco
1103 2093 1456 2148 exercitatori
1489 2110 1780 2165 nunquam
1801 2095 2024 2150 dedisse

424 2177 783 2248 oblationem,
822 2182 920 2236 sed
959 2181 1010 2236 ei
1048 2182 1311 2252 angelum
1338 2181 1559 2238 dedisse
1583 2199 1652 2238 ex
1681 2200 1812 2251 ara;
1841 2185 2025 2240 solum

429 2273 622 2325 autem
651 2286 712 2326 se
735 2270 941 2326 vidisse
978 2271 1220 2340 digitum
1256 2287 1458 2326 manus
1486 2273 1608 2343 ejus
1637 2273 1733 2344 qui
1762 2273 1951 2328 dabat.

1023 2395 1257 2450 CAPUT
1283 2395 1430 2450 XXI.

861 2523 978 2576 Vita
1006 2523 1218 2576 abbatis
1255 2522 1434 2576 Marci
1464 2520 1594 2594 (53).

499 2628 641 2682 Cum
671 2632 821 2684 esset
838 2633 1027 2683 autem
1057 2628 1150 2682 hic
1177 2627 1402 2683 Marcus
1423 2628 1638 2699 junior,
1667 2627 1888 2683 dicebat
1912 2644 2027 2686 me-

429 2715 850 2771 moriterVetus
866 2722 924 2770 et
941 2717 1161 2771 Novum
1179 2717 1624 2782 Testamentum,
1640 2721 1871 2788 eratque
1891 2717 2024 2773 insi-

426 2803 618 2874 gniter
632 2804 807 2869 mitis,
830 2810 887 2860 et
903 2821 1122 2860 summe
1141 2810 1478 2877 temperans.
1496 2806 1749 2870 Quodam
1779 2823 1912 2876 ergo
1933 2807 2023 2862 die

427 2908 554 2947 cum
583 2893 722 2948 satis
737 2893 836 2948 otii
854 2893 1121 2948 haberem
1143 2894 1201 2948 in
1221 2895 1363 2949 cella
1382 2911 1528 2959 mea,
1549 2895 1609 2950 in
1630 2900 1878 2950 extrema
1900 2896 2023 2965 jam

427 2981 551 3052 ejus
597 2987 886 3038 senectute
933 2983 1001 3037 ad
1049 2999 1178 3038 eum
1215 2983 1396 3048 venio,
1431 2989 1488 3038 et
1513 2983 1655 3038 ostio
1704 2985 1827 3054 ejus
1867 2985 2019 3039 cella

2112 580 2288 652 quiad
2305 597 2426 635 rem
2453 580 2701 651 aliquam
2722 582 3054 652 patrandam
3073 585 3229 640 eunti
3243 583 3349 640 sibi
3375 585 3562 640 fuerat
3579 603 3707 642 cum

2111 669 2343 724 canibus
2375 669 2490 723 suis
2536 669 2959 741 impedimento.
2991 673 3170 737 Quem
3212 690 3337 728 cum
3368 676 3536 730 vellet
3564 677 3706 731 occi-

2113 759 2263 820 dere,
2289 757 2479 813 obibat
2507 759 2690 813 locum
2723 759 2782 814 in
2814 777 2924 831 quo
2955 763 3077 831 ejus
3106 779 3232 816 oves
3283 763 3568 820 habebant
3591 773 3706 821 sta-

2113 847 2345 913 tionem,
2374 847 2426 902 ei
2454 855 2646 903 autem
2674 849 3051 918 signiﬁcatum
3080 857 3166 906 est
3185 852 3370 922 ipsum
3399 869 3526 908 esse
3548 859 3707 909 trans

2114 931 2328 987 Nilum.
2364 933 2433 987 Et
2461 931 2590 988 cum
2617 934 2818 988 ﬂuvius
2837 934 2933 989 illo
2952 940 3202 1006 tempore
3223 936 3543 1004 inundaret,
3565 939 3707 992 etad

2111 1021 2265 1075 mille
2294 1038 2492 1092 passus
2509 1026 2728 1093 pateret
2745 1023 3257 1089 latitudine,ensem
3281 1031 3475 1080 tenens
3493 1027 3706 1082 mordi-

2111 1126 2228 1176 cus,
2252 1115 2309 1164 et
2334 1110 2581 1164 tunicam
2609 1127 2720 1182 qua
2743 1118 2865 1166 erat
2895 1113 3124 1168 indutus
3151 1114 3444 1186 imponens
3472 1132 3574 1170 suo
3611 1133 3705 1171 ca-

2112 1197 2238 1270 piti,
2270 1199 2516 1252 natando
2563 1199 2644 1252 sic
2680 1200 2994 1255 transmisit
3023 1201 3272 1258 ﬂuvium.
3319 1203 3466 1258 Dum
3512 1209 3705 1259 autem

2113 1289 2704 1359 transnataret,potuit
2730 1295 2923 1360 pastor
2947 1307 3006 1345 se
3028 1290 3366 1346 abscondere
3385 1292 3589 1348 alicubi
3618 1293 3702 1349 in-

2111 1375 2354 1434 fodiens.
2375 1377 2518 1432 Cum
2547 1393 2680 1448 ergo
2701 1377 2885 1450 Moysi
2915 1386 3158 1451 coeptum
3185 1397 3296 1436 non
3327 1382 3696 1450 successisset,

2113 1465 2308 1520 occisis
2329 1471 2570 1537 quatuor
2595 1467 2834 1538 egregiis
2863 1468 3154 1537 arietibus,
3177 1474 3235 1524 et
3260 1469 3392 1525 fune
3407 1471 3695 1542 colligatis,

2111 1555 2303 1610 Nilum
2333 1571 2528 1610 rursus
2551 1556 2826 1625 tranavit;
2851 1563 2908 1612 et
2933 1574 3060 1613 cum
3075 1557 3133 1613 in
3154 1575 3380 1630 parvam
3401 1561 3700 1631 quamdam

2109 1643 2299 1698 villam
2323 1644 2885 1711 venisset,excoriavit
2904 1647 3132 1714 arietes;
3164 1653 3221 1702 et
3245 1664 3372 1702 cum
3398 1666 3521 1720 qua
3539 1657 3702 1705 erant

2107 1734 2298 1788 carnis
2325 1734 2540 1804 optima
2566 1735 2917 1802 comedisset,
2949 1742 3006 1791 et
3028 1737 3201 1808 pelles
3229 1754 3328 1809 pro
3355 1737 3482 1792 vino
3508 1739 3700 1794 vendi-

2045 1822 2300 1910 Bdisset,
2332 1839 2459 1878 cum
2499 1825 2700 1878 saltem
2745 1825 3070 1880 Italicorum
3118 1826 3338 1880 circiter
3391 1827 3698 1882 octodwim

2111 1909 2217 1983 (55)
2253 1912 2534 1980 ebibisset,
2593 1913 2746 1968 illinc
2793 1915 2864 1969 ad
2895 1914 3303 1986 quinquaginta
3328 1914 3591 1970 milliaria
3615 1921 3701 1972 est

2110 2001 2410 2072 profectus,
2441 2001 2536 2057 ubi
2564 2001 2809 2057 habebat
2833 2003 3149 2074 collegium.

2179 2091 2283 2146 Hic
2310 2091 2568 2163 princeps
2612 2093 2892 2146 latronum
2923 2109 3050 2147 sero
3078 2093 3306 2148 tandem
3345 2109 3473 2148 casu
3509 2092 3696 2163 aliquo

2108 2179 2205 2250 qui
2233 2179 2284 2234 ei
2314 2181 2592 2236 acciderat
2613 2187 2998 2253 compunctus,
3035 2182 3268 2237 tradidit
3294 2182 3542 2254 seipsum
3573 2197 3694 2236 mo-

2106 2269 2386 2335 nasterio;
2421 2274 2478 2324 et
2496 2270 2566 2324 ad
2580 2276 2795 2324 tantam
2817 2272 3086 2343 processit
3108 2271 3693 2344 paenitentiam,quan-

2106 2362 2223 2412 tam
2254 2375 2344 2412 res
2359 2358 2494 2430 ipsa
2507 2359 2846 2415 indicarunt.
2865 2361 3021 2416 Inter
3047 2367 3248 2416 caetera
3264 2365 3453 2416 autem
3469 2359 3689 2426 dicitur,

2107 2447 2256 2518 quod
2275 2463 2405 2502 wm
2427 2453 2670 2520 quatuor
2696 2449 2943 2504 latrones
2960 2449 3020 2504 in
3031 2466 3160 2505 eum
3179 2449 3238 2504 in
3257 2450 3396 2504 cella
3404 2448 3694 2504 sedentem

2108 2535 2426 2604 irruissent,
2467 2538 2795 2608 ignorantes
2843 2554 2971 2594 eum
3019 2556 3140 2594 esse
3191 2539 3462 2610 Moysem,
3494 2537 3695 2592 beatus

2106 2624 2326 2696 Moyses
2338 2643 2432 2681 eos
2441 2633 2711 2699 tanquam
2722 2644 2945 2684 saccum
2957 2628 3128 2700 palea
3138 2628 3422 2698 ligatos,et
3439 2628 3694 2682 humeris

2105 2712 2390 2785 imposuit;
2423 2722 2480 2771 et
2508 2717 2578 2770 ad
2607 2718 2845 2772 fratrum
2865 2718 3107 2789 portavit
3133 2717 3439 2783 ecclesiam,
3463 2717 3688 2770 dicens:

2105 2801 2384 2866 Quoniam
2409 2822 2523 2860 non
2551 2806 2682 2860 licet
2708 2806 2848 2861 mihi
2874 2807 3041 2861 alicui
3075 2808 3256 2862 facere
3283 2805 3571 2877 injuriam,
3603 2805 3694 2859 in-

2104 2892 2228 2945 veni
2257 2898 2446 2948 autem
2477 2911 2572 2950 eos
2609 2911 2699 2950 me
2743 2910 3058 2966 aggressos,
3099 2894 3229 2966 quid
3259 2895 3329 2948 de
3371 2893 3440 2948 iis
3478 2891 3696 2963 jubetis

2103 2980 2260 3034 ﬁeri?
2283 2982 2400 3037 Hoc
2419 2983 2586 3038 modo
2605 2989 2796 3039 autem
2816 2983 3202 3056 comprehensi
3222 2988 3458 3038 asancto
3474 2982 3691 3054 Moyse,

423 3069 662 3126 assideo.
696 3072 876 3136 Quem
905 3087 1028 3142 ego,
1061 3076 1257 3144 utpote
1285 3071 1379 3142 qui
1423 3088 1601 3126 essem
1624 3073 1808 3127 adhuc
1837 3073 2013 3140 rudis,
2099 3067 2216 3124 Deo
2265 3071 2500 3127 confessi
2537 3079 2688 3128 sunt.
2725 3074 2794 3128 Et
2833 3089 2962 3127 cum
2990 3073 3376 3143 cognovissent
3401 3087 3530 3126 eum
3565 3087 3694 3126 esse

427 3159 816 3215 existimabam
842 3177 964 3216 esse
988 3177 1158 3234 supra
1181 3161 1487 3226 hominem,
1509 3161 1654 3216 sicut
1667 3167 1790 3216 erat
1811 3179 1825 3230 ;
1853 3166 2018 3218 etau-
2034 3167 2078 3228 ο
2100 3158 2350 3230 Moysem
2381 3161 2476 3232 qui
2504 3162 2611 3216 fuit
2638 3163 2942 3233 aliquando
2969 3161 3204 3231 insignis
3231 3161 3483 3234 princeps
3508 3161 3690 3214 latro-

423 3247 733 3304 scultabam
755 3249 1022 3322 quidnam
1041 3250 1253 3306 diceret
1270 3251 1354 3305 vel
1384 3251 1610 3305 faceret.
1637 3251 1690 3305 Is
1715 3257 1906 3306 autem
1935 3251 2018 3306 in-
2100 3265 2260 3318 num,
2281 3251 2565 3306 Christum
2595 3267 2662 3306 eo
2689 3251 2916 3306 nomine
2944 3252 3338 3322 gloriﬁcantes,
3364 3249 3444 3304 illi
3462 3266 3690 3320 quoque

419 3342 512 3393 tus
540 3339 712 3407 solus,
745 3355 874 3393 cum
899 3339 1020 3410 jam
1047 3344 1274 3394 centum
1305 3355 1484 3393 annos
1536 3339 1916 3409 transegisset,
1952 3345 2011 3394 et

417 3425 615 3482 dentes
642 3427 946 3493 amisisset,
979 3445 1168 3482 secum
1201 3427 1489 3500 pugnabat
1523 3433 1581 3482 et
1607 3444 1735 3482 cum
1765 3429 2008 3496 diabolo,

416 3522 474 3570 et
492 3515 746 3571 dicebat:
773 3515 918 3581 Quid
939 3517 1020 3571 vis
1041 3516 1322 3588 deinceps,
1349 3516 1609 3589 κακόγηρε,
1646 3517 1704 3571 id
1729 3523 1830 3582 est,
1866 3519 2012 3572 male

417 3606 621 3660 senex?
640 3604 782 3660 Ecce
795 3606 914 3676 jam
954 3611 1012 3660 et
1028 3605 1221 3661 vinum
1242 3605 1449 3671 bibisti,
1469 3611 1527 3660 et
1546 3607 1731 3660 oleum
1751 3606 2008 3676 tetigisti.

415 3693 560 3758 Quid
585 3694 667 3749 vis
689 3694 951 3766 deinceps
981 3695 1272 3766 πολιόφαγε,
1295 3695 1353 3748 id
1382 3700 1486 3760 est,
1509 3711 1676 3748 vorax
1699 3695 1758 3749 in
1783 3695 2005 3762 canitie,

411 3789 468 3838 et
495 3783 818 3848 κοιλιόδουλε,
850 3783 907 3838 id
937 3790 1040 3848 est,
1063 3783 1245 3839 ventri
1269 3785 1536 3850 serviens,
1570 3784 1773 3856 probro
1803 3789 1860 3839 et
1884 3801 2011 3840 con-

411 3873 646 3928 tumelia
661 3877 718 3928 te
739 3873 926 3944 ipsum
945 3873 1228 3928 afﬁciens?
1257 3874 1326 3928 Et
1339 3873 1558 3928 diabolo
1577 3873 2010 3929 dicens:Recede

411 3978 447 4016 a
471 3978 582 4029 me,
606 3961 846 4027 diabole,
871 3963 1213 4018 consenuisti
1229 3979 1447 4017 mecum
1471 3961 1530 4016 in
1545 3962 2006 4030 dissensionibus,

408 4048 653 4121 injecisti
683 4051 1279 4107 mihiimbecillitatem
1301 4051 1570 4122 corporis,
1600 4051 1776 4106 fecisti
1800 4069 1891 4106 me
1921 4051 2009 4106 bi-

412 4137 547 4194 bere
565 4139 777 4206 vinum,
811 4146 870 4194 et
897 4156 1118 4194 sumere
1147 4141 1353 4205 oleum,
1378 4156 1470 4195 me
1489 4140 1730 4195 reddens
1753 4141 2011 4211 volupta-

2097 3343 2308 3399 mundo
2339 3340 2736 3395 renuntiarunt
2764 3346 2994 3412 propter
3027 3341 3150 3411 ejus
3189 3338 3590 3411 panitentiam,
3628 3343 3692 3394 et

2096 3436 2390 3487 evaserunt
2419 3429 2676 3484 monachi
2719 3428 3118 3500 probatissimi,
3146 3428 3224 3484 sic
3251 3428 3556 3498 cogitantes
3579 3444 3591 3479 :
3621 3428 3686 3482 Si

2093 3523 2183 3576 hic
2210 3520 2306 3592 qui
2331 3524 2554 3574 tantum
2580 3517 2799 3573 valebat
2844 3518 3059 3574 viribus
3086 3517 3376 3573 latrocinia
3404 3516 3555 3588 parvi
3599 3515 3689 3570 fa-

2093 3611 2262 3676 ciens,
2295 3609 2374 3664 sic
2398 3610 2577 3664 Deum
2601 3608 2800 3676 timet;
2835 3608 2969 3679 quid
2997 3624 3097 3662 nos
3126 3607 3306 3663 adhuc
3333 3610 3688 3660 nostramsa-

2092 3700 2268 3754 lutem
2297 3690 2655 3752 differimus?

2162 3789 2399 3844 Beatum
2429 3793 2616 3842 autem
2645 3788 2895 3858 Moysem
2915 3787 3015 3854 (sic
3034 3785 3180 3841 enim
3209 3789 3425 3857 oportet
3438 3799 3565 3838 eum
3582 3799 3688 3838 vo-

2092 3891 2236 3933 carer
2252 3877 2512 3948 deinceps
2533 3876 2716 3930 adorti
2745 3882 2880 3932 sunt
2906 3876 3204 3942 damones,
3219 3875 3290 3929 ad
3309 3871 3684 3929 fornicatoria

2091 3965 2538 4038 intemperantia
2568 3965 2920 4036 impellentes
2947 3981 3076 4020 eum
3100 3961 3686 4032 consuetudinem;qui

2091 4072 2270 4127 usque
2295 4055 2435 4110 adeo
2452 4055 2522 4109 ab
2547 4054 2750 4126 ipsisfu
2759 4055 2803 4108 it
2821 4059 3090 4120 tentatus,
3114 4053 3257 4108 sicut
3273 4053 3388 4124 ipse
3407 4051 3679 4117 narravit,

2091 4150 2157 4201 ut
2177 4161 2376 4216 parum
2391 4143 2631 4198 abfuerit
2657 4143 2793 4214 quin
2806 4159 2936 4199 eum
2951 4141 3022 4197 ab
3043 4142 3297 4197 instituto
3313 4141 3676 4195 dimoverent.

413 4229 584 4283 rium.
615 4227 887 4283 Adhucne
927 4227 1031 4282 tibi
1059 4228 1273 4300 aliquid
1299 4228 1513 4284 debeo?
1541 4229 1704 4300 Apud
1749 4246 1840 4285 me
1869 4228 2010 4284 nihil
2091 4235 2233 4290 Cum
2263 4238 2453 4288 autem
2500 4233 2827 4288 accessisset
2853 4233 2924 4287 ad
2961 4247 3228 4303 magnum
3257 4230 3546 4295 Isidorum,
3577 4229 3682 4300 qui

412 4317 632 4372 invenis
653 4318 801 4388 quod
829 4317 964 4372 velis
997 4317 1261 4390 diripere.
1292 4317 1506 4372 Recede
1545 4334 1580 4372 α
1607 4335 1697 4372 me
1725 4318 2004 4390 deinceps,
2091 4323 2321 4379 sedebat
2349 4323 2408 4377 in
2439 4323 2620 4388 Sccte,
2646 4322 2810 4376 tertio
2830 4321 2902 4376 ad
2923 4337 3052 4375 eum
3081 4320 3276 4376 retulit
3297 4319 3365 4374 de
3389 4317 3529 4372 bello
3567 4317 3684 4372 for-

414 4405 641 4462 inimice
661 4407 1072 4462 hominum.Ac
1091 4407 1262 4462 veluti
1290 4423 1350 4460 se
1379 4423 1684 4478 provocans
1705 4413 1761 4462 et
1778 4407 2009 4462 irritans
2090 4411 2406 4468 nicationis.
2453 4411 2557 4466 Cui
2582 4409 2874 4481 respondit
2900 4414 3124 4465 sanctus
3156 4428 3169 4464 :
3201 4409 3284 4464 Ne
3310 4405 3676 4474 conturbatis,

413 4511 602 4551 secum
632 4496 986 4568 loquebatur,
1035 4496 1268 4551 dicendo
1301 4513 1314 4552 :
1345 4495 1651 4558 Abesdum.
1683 4513 1716 4551 o
1745 4502 2006 4568 nugator,
2029 4483 2122 4556 Do
2149 4502 2360 4567 frater;
2395 4505 2529 4555 sunt
2557 4499 2850 4571 principia,
2873 4505 2932 4554 et
2955 4499 3081 4554 ideo
3109 4503 3169 4553 te
3198 4495 3574 4552 vehementius
3593 4495 3682 4550 in-

411 4585 472 4640 in
495 4585 700 4641 canitie
726 4593 970 4655 vorator,
1003 4590 1061 4641 et
1089 4586 1278 4642 helluo
1307 4585 1367 4641 in
1405 4591 1711 4644 senectute.
1747 4586 2009 4652 Quandiu
2088 4596 2372 4657 vaserunt,
2396 4589 2643 4662 priorem
2668 4588 3016 4659 requirentes
3036 4584 3682 4643 consuetudinem.Sicut

415 4691 510 4730 ero
529 4681 714 4731 tecum
731 4676 757 4729 ?
2089 4681 2240 4736 enim
2261 4679 2416 4734 canis
2439 4695 2567 4734 cum
2583 4678 2894 4734 assueverit
2905 4678 2964 4732 in
2985 4677 3217 4733 macello
3237 4690 3438 4748 pernas
3454 4674 3675 4740 rodere,

2087 4786 2201 4825 non
2231 4769 2442 4824 recedit
2474 4784 2509 4824 a
2543 4767 2976 4834 consuetudine;
3007 4766 3107 4823 sed
3137 4765 3185 4821 si
3220 4763 3387 4820 tuerit
3424 4763 3678 4818 clausum

502 4856 619 4908 Vita
644 4854 856 4908 abbatis
878 4855 1082 4922 Moysi:
1103 4852 1234 4923 (54),
1259 4858 1358 4924 qui
1375 4857 1489 4922 fuit
1513 4869 1577 4908 ea:
1603 4855 1936 4909 latronibus.
2091 4857 2407 4924 macellum,
2435 4860 2494 4911 et
2521 4871 2689 4924 nemo
2731 4855 2782 4911 ei
2830 4855 3064 4921 dederit,
3100 4854 3248 4908 fame
3293 4857 3513 4908 enectus
3562 4867 3679 4907 non

483 4943 618 4999 Fuit
635 4942 862 5015 quidam
895 4944 1116 5015 Moyses
1144 4943 1391 5010 nomine,
1407 4943 1661 5014 [EthiOps
1679 4960 1905 5014 genere,
1920 4942 2009 4998 ni-
2090 4947 2333 5018 amplius
2361 4945 2606 5012 accedit;
2639 4945 2721 5000 sic
2765 4949 2829 4999 tu
2869 4960 3110 5016 quoque,
3140 4943 3189 4998 si
3217 4940 3585 5014 permanseris
3612 4940 3677 4995 in

987 4763 1222 4820 CAPUT
1265 4765 1440 4820 XXII.

409 5049 732 5108 ger,servus
747 5032 1043 5103 cujusdam
1058 5032 1154 5104 qui
1170 5031 1403 5102 gerebat
1415 5049 1532 5087 rem
1540 5031 2012 5104 publicam;quem

411 5135 645 5198 propter
671 5138 892 5177 morum
941 5121 1364 5194 improbitatem
1395 5127 1452 5176 et
1477 5121 1758 5177 latrocinii
1799 5122 2011 5178 crimen

411 5212 649 5286 projecit
672 5213 794 5283 ejus
819 5211 1099 5266 dominus.
1132 5210 1433 5266 Dicebatur
1460 5211 1612 5266 enim
1631 5211 1804 5266 etiam
1831 5227 2010 5282 usque

413 5303 486 5358 ad
513 5302 691 5358 cades
720 5301 1015 5374 progredi;
1048 5317 1218 5372 cogor
1262 5301 1414 5355 enim
1453 5299 1639 5355 dicere
1684 5299 1835 5354 facta
1887 5301 2009 5370 ejus

411 5390 808 5463 improbitatis,
824 5395 890 5446 ut
917 5396 1111 5462 postea
1137 5390 1430 5445 ostendam
1457 5389 1724 5444 virtutem
1750 5389 1871 5460 ejus
1898 5406 2010 5461 pa-

413 5480 683 5536 uitantia.
724 5481 1044 5536 Narrarunt
1081 5496 1218 5550 ergo
1246 5478 1421 5550 aliqui
1451 5494 1580 5533 eum
1607 5477 1780 5533 fuisse
1810 5479 2008 5550 prafe-

415 5574 571 5623 ctum
597 5585 814 5642 magna
841 5574 1078 5626 caterva
1105 5569 1412 5624 latronum.
1431 5567 1606 5638 Cujus
1634 5568 1784 5623 inter
1808 5573 2012 5624 cateia

416 5643 790 5715 latrocinandi
816 5672 987 5731 opera
1013 5658 1119 5714 hoc
1153 5673 1376 5730 quoque
1399 5656 1596 5726 fertur,
1621 5657 1772 5730 quod
1807 5656 2010 5714 infesto

2090 5036 2201 5086 tua
2223 5030 2581 5086 continentia
2609 5028 3024 5095 exercitatione,
3057 5027 3396 5082 mortiﬁcans
3425 5023 3679 5079 membra

2090 5126 2192 5176 tua
2219 5137 2344 5192 qua
2371 5125 2504 5175 sunt
2527 5135 2698 5190 supra
2743 5123 2956 5173 terram
3003 5118 3222 5176 {001033.
3273 5125 3375 5183 In),
3411 5119 3466 5168 et
3489 5113 3674 5168 exclu-

2092 5210 2230 5264 dens
2260 5208 2330 5264 ab
2357 5210 2617 5280 ingressu
2641 5207 2945 5278 ingluviem
2973 5223 3096 5279 qua
3122 5206 3271 5279 parit
3296 5205 3672 5274 intemperan-

2090 5299 2247 5365 tiam,
2279 5316 2426 5370 agre
2455 5298 2640 5352 ferens
2669 5297 2906 5363 damon,
2931 5301 2998 5352 ut
3029 5296 3126 5368 qui
3153 5293 3302 5349 cibos
3329 5309 3440 5347 non
3472 5291 3674 5346 habeat

2091 5389 2187 5460 qui
2211 5388 2537 5454 accendant,
2569 5403 2605 5441 a
2631 5391 2688 5441 te
2725 5386 2966 5441 recedet.
3007 5387 3148 5441 Cum
3175 5399 3310 5454 ergo
3359 5381 3673 5437 secessisset

2093 5477 2299 5534 Christi
2329 5493 2518 5532 servus
2541 5477 2779 5548 Moyses,
2812 5481 2870 5530 et
2905 5473 2975 5529 ab
3019 5474 3117 5528 illa
3143 5473 3283 5528 hora
3313 5471 3556 5543 seipsum
3583 5469 3671 5524 in-

2091 5567 2348 5622 elusisset
2374 5567 2433 5622 in
2464 5567 2620 5632 cella,
2661 5564 2908 5620 maxima
2935 5564 2994 5620 in
3033 5561 3289 5618 omnibus
3317 5557 3672 5616 exercebatur

2091 5656 2416 5728 tolerantia,
2452 5655 2701 5713 maxime
2741 5659 2932 5710 autem
2979 5651 3040 5710 in
3068 5650 3403 5709 abstinentia
3429 5665 3464 5704 a
3491 5645 3624 5704 cibis
3650 5664 3665 5714 ;
