3910 6374
194 317 322 376 1121
1446 308 1790 369 HISTORIA
1825 304 2208 363 LAUSIACA.‘
3322 303 3460 363 1122

189 448 255 498 ut
281 442 376 514 qui
399 442 540 498 nihil
564 441 715 497 aliud
746 445 995 497 sumeret
1022 443 1226 512 praeter
1249 438 1411 510 panis
1436 436 1565 491 sicci
1590 435 1804 493 uncias.

1896 465 1939 503 ιθ
1953 448 2226 502 incideres
2241 445 2301 502 in
2320 444 2491 502 animi
2506 445 2829 502 elationem.
2869 444 2970 501 His
2984 445 3196 502 auditis
3217 462 3473 502 reversus

190 530 499 595 duodecim,
532 529 836 601 plurimum
866 544 1124 599 operans,
1145 534 1202 581 et
1230 525 1639 598 quinquaginta
1667 540 1788 579 ora-

1896 542 1957 592 :st
1994 538 2053 591 in
2082 538 2301 594 cellam.
2330 537 2517 607 quiete
2563 536 2828 607 deinceps
2857 536 3155 591 attendens
3184 536 3475 591 moderato

188 619 368 674 tiones
398 618 646 690 quotidie
673 634 965 689 peragens-
1870 626 2132 681 instituto
2186 625 2621 680 exercitationis.
2674 625 2807 678 Post
2831 624 2970 678 duos
3010 630 3204 679 autem
3245 625 3331 678 vel
3359 629 3475 678 tres

261 709 433 762 Porro
452 714 643 762 autem
666 707 919 778 quamvis
941 722 1105 761 suum
1129 709 1471 760 macerasset
1491 719 1787 775 οοΓΡαεοιι-
1867 731 2092 769 menses
2111 720 2339 784 rogatus
2360 730 2394 767 a
2418 712 2580 768 beato
2611 713 2825 767 Isidoro
2849 712 3175 785 presbytero
3202 713 3476 768 exercita-

190 797 324 864 lum,
359 797 668 869 permansit
695 803 884 851 tamen
906 797 1308 861 inﬂammatus,
1343 801 1400 848 et
1429 794 1704 864 praecipue
1726 792 1783 845 in

1899 821 1961 858 or
1986 805 2199 875 Moyses
2229 802 2481 874 nunquid
2503 802 2743 873 amplius
2765 802 2816 856 ei
2847 802 3162 857 molestiam
3183 803 3474 857 exhibuis-

190 888 418 941 somnis.
448 888 589 941 Cum
618 893 808 941 autem
829 884 1464 947 surrexisset,convenit
1488 882 1788 953 quemdam
1874 899 1959 948 εει
1982 892 2230 965 spiritus,
2260 892 2584 964 respondit;
2618 891 2701 945 Ab
2731 892 2829 945 ωδ
2859 891 2997 945 hora
3028 908 3141 962 qua
3182 891 3323 946 mihi
3344 908 3473 963 pre-

190 976 363 1030 alium
380 976 719 1030 monachum
746 980 1003 1029 sanctum
1034 974 1511 1045 probatissimum.
1545 979 1601 1026 et
1625 972 1673 1025 ei
1715 971 1796 1025 di-
1878 986 2036 1036 catus
2066 987 2152 1035 est
2171 981 2377 1035 Christi
2406 997 2616 1046 servus,
2652 980 2794 1033 nihil
2821 979 2958 1033 mihi
2989 979 3191 1035 accidit
3220 981 3471 1050 ejusmo-

190 1065 286 1119 cit:
309 1065 454 1128 Quid
468 1065 690 1131 faciam,
715 1064 897 1118 abba?
917 1064 1142 1119 Rationi
1167 1080 1304 1117 mea:
1322 1062 1581 1116 tenebras
1613 1061 1796 1115 offun-
1882 1069 2239 1139 dj,Dignatus
2277 1076 2363 1123 est
2386 1074 2578 1124 autem
2604 1069 2695 1122 hic
2732 1073 2959 1123 sanctus
2997 1068 3183 1139 gratia
3211 1069 3478 1125 adversus

192 1154 335 1210 dunt
351 1155 570 1209 somnia
583 1154 776 1219 animi,
801 1159 867 1207 ut
885 1153 980 1223 qui
999 1154 1079 1207 eis
1109 1170 1174 1207 ex
1194 1153 1367 1214 veteri
1388 1150 1793 1206 consuetudine
1878 1158 2180 1226 daemones,
2204 1159 2343 1213 adeo
2355 1164 2419 1214 ut
2437 1159 2582 1213 sicut
2602 1175 2703 1212 nos
2722 1174 2943 1213 muscas
2966 1158 3152 1213 hieme
3171 1159 3479 1214 contemni.

164 1243 604 1309 _delecter.Dicit
617 1243 667 1297 ei
688 1244 781 1297 ille
803 1248 1059 1297 sanctus:
1088 1243 1213 1296 Non
1230 1240 1526 1295 cohibuisti
1549 1246 1793 1294 mentem
1877 1263 2029 1315 mus;
2065 1248 2162 1313 ita,
2191 1254 2360 1318 atque
2391 1248 2530 1301 adeo
2559 1246 2821 1317 amplius,
2854 1248 2943 1301 hic
2975 1264 3221 1318 magnus
3255 1248 3467 1320 Moyses

191 1338 347 1388 tuam
376 1349 411 1386 a
440 1332 570 1386 visis
601 1349 725 1403 quae
755 1332 813 1386 in
843 1332 921 1386 eis
948 1336 1263 1398 versantur,
1299 1348 1365 1385 ea
1383 1331 1451 1384 de
1480 1347 1649 1384 causa
1678 1330 1795 1383 haec
1880 1342 2267 1391 contemneret
2295 1337 2598 1390 daemones.
2632 1336 2762 1390 Haec
2793 1342 2879 1390 est
2906 1336 3169 1406 religiosa
3197 1342 3254 1391 et
3284 1342 3478 1392 sancta

192 1423 456 1477 sustines.
490 1423 599 1476 Fac
630 1438 765 1491 ergo
807 1421 957 1492 quod
984 1421 1125 1475 dico.
1160 1421 1311 1474 Dede
1332 1425 1386 1473 te
1416 1419 1687 1490 paulatim
1714 1418 1790 1472 vi-
1872 1425 1989 1479 vita
2018 1441 2184 1496 quam
2214 1425 2330 1496 egit
2356 1425 2594 1480 invictus
2615 1425 2830 1479 athleta
2849 1425 3069 1496 Moyses
3093 1425 3475 1496 Ethiops,qui

189 1512 355 1582 gilim,
381 1518 437 1566 et
453 1527 551 1565 ora
568 1510 787 1564 sobrius
821 1529 833 1577 ;
859 1515 916 1563 et
944 1509 1013 1563 ab
1037 1509 1123 1563 his
1143 1508 1610 1563 citoliberaberis.
1645 1508 1784 1562 Cum
1877 1513 1996 1584 ipse
2027 1531 2249 1585 quoque
2278 1514 2684 1568 numerabatur
2703 1513 2854 1567 inter
2871 1530 3129 1583 magnos.
3162 1513 3317 1569 Obiit
3344 1520 3474 1568 ante

187 1600 491 1656 hocautem
508 1600 785 1654 monitum
799 1599 1069 1653 audiisset
1085 1598 1169 1651 vir
1190 1599 1785 1669 praeclarus,tanquam
1871 1601 1956 1674 [Ε.
1981 1606 2082 1671 leg.
2108 1602 2325 1675 autem]
2352 1602 2712 1674 septuaginta
2741 1602 2989 1673 quinque
3020 1618 3199 1657 annos
3218 1607 3383 1657 natus
3412 1603 3471 1657 in

188 1690 260 1744 ab
283 1706 347 1744 eo
377 1690 473 1761 qui
503 1695 625 1743 erat
661 1688 861 1742 artifex
888 1688 1257 1759 experientia,
1288 1688 1347 1740 in
1376 1687 1574 1740 cellam
1604 1703 1785 1741 rever—
1870 1692 2048 1758 Scete,
2073 1709 2201 1746 cum
2240 1692 2420 1746 factus
2447 1698 2595 1746 esset
2628 1690 2938 1762 presbyter,
2991 1691 3201 1746 relictis
3230 1697 3469 1763 septua-

185 1795 302 1839 sus.
322 1778 541 1843 dixitei,
568 1778 715 1849 quod
735 1778 964 1847 quidem
991 1794 1093 1831 sua
1112 1777 1251 1831 sciat
1274 1776 1633 1842 conscientia,
1665 1781 1786 1830 tota
1802 1763 1848 1822 Β
1864 1779 2022 1850 ginta
2051 1780 2299 1851 quinque
2327 1780 2632 1851 discipulis.

182 1874 348 1923 nocte
376 1884 489 1922 non
519 1867 839 1933 dormiisse;
868 1883 980 1920 non
1007 1866 1278 1920 orationis
1307 1872 1577 1938 praetextu
1603 1882 1782 1935 genu-
2444 1869 2677 1924 CAPUT
2695 1870 2898 1925 XXIII.

180 1958 426 2023 ﬂexisse,
446 1962 510 2011 ut
535 1957 715 2011 somni
743 1956 962 2026 fugeret
978 1956 1355 2026 tyrannidem.
2307 1960 2422 2013 Vita
2470 1960 2681 2013 abbatis
2709 1961 2878 2014 Pauli
2903 1956 3032 2029 (57).

256 2048 399 2101 Cum
422 2047 585 2101 annis
613 2063 746 2116 ergo
776 2063 870 2099 sex
902 2046 1204 2099 mansisset
1222 2044 1282 2099 in
1313 2045 1472 2109 cella,
1508 2050 1654 2099 totas
1685 2060 1787 2099 no-
1943 2046 2103 2101 Mons
2131 2052 2219 2100 est
2246 2046 2307 2100 in
2335 2048 2595 2119 Egypto,
2627 2047 2910 2102 abducens
2952 2048 3012 2102 in
3031 2052 3248 2102 vastam
3283 2048 3474 2104 Scetes

186 2143 306 2191 ctes
334 2141 489 2190 stans
514 2136 572 2189 in
594 2135 779 2189 medio
809 2135 985 2201 cellae,
1029 2143 1085 2188 et
1132 2135 1311 2188 Deum
1347 2150 1513 2188 orans
1543 2134 1785 2197 assidue,
1875 2136 2256 2201 solitudinem,
2296 2136 2391 2207 qui
2419 2136 2735 2208 appellatur
2762 2137 3021 2193 Pherme.
3057 2138 3122 2191 In
3147 2138 3253 2191 hoc
3280 2143 3471 2192 monte

181 2231 241 2281 et
263 2242 376 2280 non
406 2225 673 2279 claudens
709 2225 916 2288 oculos,
949 2240 1062 2277 non
1100 2224 1287 2295 potuit
1318 2223 1789 2295 intemperantem
1875 2225 2074 2278 sedent
2086 2225 2615 2295 circiterquingenti
2634 2225 2889 2279 homines
2911 2226 3008 2296 qui
3024 2228 3473 2282 exercentur.In-

188 2316 411 2369 vincere
439 2314 831 2386 cupiditatem.
874 2314 1088 2367 Revera
1125 2313 1274 2367 enim
1312 2328 1425 2366 non
1455 2318 1640 2383 potest
1664 2328 1790 2366 vere
1871 2319 1960 2368 ter
1989 2330 2128 2385 quos
2151 2314 2255 2367 fuit
2274 2314 2444 2368 etiam
2466 2314 2714 2384 quidam,
2748 2316 2975 2368 nomine
3016 2315 3245 2381 Paulus,
3280 2332 3472 2370 mona-

183 2405 455 2475 castigari
483 2404 782 2475 cupiditas.
813 2402 955 2457 Cum
976 2403 1127 2457 enim
1160 2403 1404 2473 seipsum
1435 2402 1787 2456 tabefecisset
1874 2402 2011 2456 chus
2039 2402 2303 2472 optimus,
2320 2401 2417 2472 qui
2432 2406 2551 2457 toto
2570 2418 2671 2457 suo
2690 2407 2945 2475 tempore
2965 2404 3109 2470 hanc
3136 2405 3254 2475 egit
3273 2405 3469 2461 vitam.

183 2494 493 2561 laboribus,
525 2499 750 2565 turpem
780 2493 936 2547 illam
968 2492 1317 2546 affectionem
1347 2507 1459 2545 non
1488 2491 1672 2562 potuit
1698 2508 1788 2546 su—
1867 2490 2172 2561 Nunquam
2192 2508 2331 2562 opus
2345 2493 2550 2562 attigit,
2574 2508 2677 2547 nec
2696 2493 2874 2547 ullum
2895 2494 3142 2564 suscepit
3160 2495 3468 2564 negotium,

182 2584 400 2655 bigere.
1873 2580 1955 2634 nil
1985 2596 2237 2651 unquam
2271 2581 2484 2651 accepit
2526 2580 2596 2634 ab
2640 2582 2847 2652 aliquo,
2901 2589 3276 2654 praeterquam
3325 2584 3473 2654 quod

260 2673 395 2727 Post
450 2673 567 2726 haec
604 2671 774 2726 aliam
821 2670 927 2725 sibi
955 2670 1237 2740 suggessit
1273 2670 1552 2724 rationem
1577 2685 1787 2742 asperae
1873 2674 2063 2739 posset
2091 2669 2151 2723 in
2178 2668 2301 2741 ipso
2329 2670 2419 2723 die
2462 2670 2773 2725 comedere.
2808 2671 2938 2726 Fuit
2964 2677 3155 2727 autem
3184 2674 3306 2744 ejus
3334 2689 3474 2744 opus

186 2763 320 2817 vita;
338 2761 899 2832 agendae.Egrediens
920 2760 1009 2814 hic
1026 2759 1180 2830 pugil
1198 2760 1420 2813 Satanae
1443 2760 1610 2831 (varie
1635 2760 1787 2814 enim
1874 2763 1933 2812 et
1957 2758 2301 2825 exercitatio,
2333 2774 2493 2812 orare
2522 2766 2813 2830 perpetuo.
2848 2761 2952 2815 Hic
2980 2761 3224 2816 habebat
3249 2767 3471 2818 trecen-

182 2868 318 2908 cum
346 2867 411 2906 eo
431 2850 752 2915 decertavit:
779 2849 1033 2903 noctibus
1063 2848 1259 2903 abibat
1289 2849 1360 2902 ad
1395 2849 1561 2903 cellas
1591 2866 1784 2904 mona-
1871 2851 1960 2901 tas
1990 2864 2183 2918 preces
2200 2864 2489 2918 expressas
2518 2853 2576 2901 et
2602 2849 2961 2919 praestitutas,
2991 2850 3228 2905 totidem
3256 2851 3473 2906 habens

186 2942 446 3006 chorum,
492 2940 586 3010 qui
624 2955 685 2993 se
713 2939 1018 2993 exercendo
1055 2943 1466 2992 consenuerant
1494 2937 1551 2991 in
1579 2938 1787 2992 labori-
1872 2936 1932 2990 in
1961 2937 2087 2991 sinu
2134 2938 2393 3004 calculos,
2438 2942 2495 2992 et
2522 2937 2582 2992 in
2616 2954 2955 3010 unaquaque
2980 2940 3235 2995 oratione
3262 2941 3476 3010 jaciens

189 3030 317 3095 bus,
350 3036 407 3084 et
432 3045 534 3101 per
562 3045 622 3083 se
650 3044 855 3099 aquam
885 3044 996 3082 non
1024 3032 1286 3098 poterant
1311 3027 1554 3097 amplius
1582 3027 1791 3098 impor-
1874 3041 2051 3098 unum
2084 3027 2357 3081 calculum
2378 3028 2507 3096 (58).
2524 3027 2578 3081 Is
2607 3044 2735 3081 cum
2757 3029 3085 3083 accessisset
3106 3029 3176 3083 ad
3214 3034 3473 3085 sanctum

186 3126 315 3176 tare
338 3138 349 3172 :
371 3125 428 3173 et
443 3119 720 3190 accipiens
741 3118 970 3189 hydrias
987 3117 1067 3171 eis
1082 3116 1479 3184 nescientibus,
1501 3117 1626 3171 illas
1645 3134 1793 3189 aqua
1808 3124 1850 3186 ι’]
1877 3114 2177 3169 Macarium
2202 3115 2299 3186 qui
2312 3115 2516 3170 dicitur
2536 3116 2951 3188 Politicus,ejus
2970 3118 3333 3173 conveniendi
3349 3135 3477 3189 gra-

186 3208 488 3280 implebat.
530 3200 749 3262 Habent
776 3207 926 3261 enim
983 3207 1043 3261 in
1098 3207 1209 3260 illis
1246 3206 1380 3260 locis
1406 3223 1609 3277 aquam
1638 3213 1794 3262 certa
1872 3202 1978 3267 tia,
2010 3208 2067 3257 et
2088 3210 2320 3275 propter
2352 3203 2664 3275 spiritalem
2696 3205 3020 3270 utilitatem,
3043 3206 3094 3261 ei
3111 3206 3247 3261 dicit
3275 3226 3287 3261 :
3313 3207 3477 3263 Abba

187 3298 498 3352 distantem
535 3296 969 3367 longinquitate,
1001 3296 1097 3350 alii
1131 3296 1357 3366 quidem
1387 3296 1457 3350 ad
1481 3296 1621 3351 duos
1650 3296 1791 3368 lapi-
1874 3291 2104 3359 Macari,
2129 3292 2290 3347 valde
2318 3293 2558 3363 afﬂigor.
2583 3293 2782 3364 Coegit
2801 3310 2930 3349 eum
2947 3294 3155 3349 Christi
3173 3310 3370 3352 servus
3395 3297 3478 3352 di-

188 3388 314 3452 des,
346 3387 441 3440 alii
475 3402 607 3440 vero
637 3386 709 3440 ad
739 3386 1004 3456 quinque,
1057 3385 1154 3439 alii
1191 3401 1323 3439 vero
1364 3386 1435 3439 ad
1473 3386 1789 3465 dimidium.
1876 3396 2001 3435 cere
2022 3397 2250 3435 causam
2280 3388 2511 3454 propter
2537 3399 2708 3453 quam
2735 3384 2994 3439 molestia
3011 3384 3383 3445 afﬁciebatur.
3420 3388 3475 3443 Is

186 3477 321 3532 Una
342 3492 475 3546 ergo
520 3481 684 3530 nocte
712 3491 825 3547 qua
851 3475 956 3529 hoc
1010 3474 1265 3539 faciebat,
1297 3475 1515 3529 daemon
1543 3475 1639 3546 qui
1664 3492 1795 3529 eum
1876 3486 2010 3526 vero
2037 3471 2091 3526 ei
2117 3471 2286 3526 dicit:

190 3565 608 3631 observaverat,
640 3581 752 3619 non
783 3564 1025 3635 amplius
1057 3564 1241 3618 ferens
1269 3564 1493 3618 athletae
1519 3564 1798 3619 fortitudi-

190 3671 349 3721 nem,
382 3670 509 3709 cum
544 3655 663 3725 ipse
698 3670 758 3708 se
785 3653 1114 3708 inclinasset
1144 3652 1203 3706 in
1240 3658 1492 3724 puteum,
1526 3658 1592 3708 ut
1626 3654 1794 3710 unius

189 3743 459 3800 monachi
486 3744 746 3815 impleret
760 3742 1265 3815 hydriam,clavam
1292 3744 1592 3814 quamdam
1615 3744 1666 3797 ei
1694 3744 1797 3797 im-

190 3834 358 3907 pegit
383 3833 442 3887 in
470 3832 709 3896 lumbos,
733 3838 790 3887 et
809 3849 938 3889 eum
961 3831 1021 3886 in
1048 3848 1113 3886 eo
1134 3832 1255 3885 loco
1275 3832 1503 3902 reliquit
1517 3833 1799 3902 jacentem

191 3928 509 3987 mortuum,
557 3922 698 3976 nihil
731 3922 958 3976 omnino
1004 3921 1359 3985 sentientem,
1409 3937 1591 3992 neque
1642 3922 1796 3992 quid,

190 4028 383 4082 neque
416 4028 449 4065 a
497 4027 606 4082 quo
658 4010 716 4064 id
769 4027 967 4082 passus
1021 4010 1111 4064 sit.
1173 4011 1313 4064 Cum
1366 4026 1499 4079 ergo
1557 4010 1668 4064 alio
1710 4011 1799 4064 die

198 4106 389 4167 απτ
419 4101 662 4155 venisset
707 4100 936 4170 quidam
967 4100 1277 4153 monachus
1318 4099 1387 4152 ad
1419 4115 1624 4169 aquam
1656 4100 1796 4154 hau-

193 4190 461 4245 riendam
513 4205 643 4243 eum
685 4188 799 4243 illic
834 4188 1046 4243 invenit
1069 4190 1349 4259 jacentem
1380 4189 1559 4259 linqui
1588 4188 1796 4244 animo.

195 4282 258 4336 Is
291 4285 482 4334 autem
511 4279 569 4332 id
622 4278 967 4333 renuntiavit
994 4294 1200 4348 magno
1230 4278 1445 4333 Isidoro
1473 4278 1801 4350 presbytero

196 4369 404 4425 Scetis.
436 4368 544 4432 Qui
568 4367 763 4422 abiens
783 4385 912 4423 cum
942 4367 1158 4438 aliquot
1176 4368 1320 4429 aliis,
1347 4384 1475 4422 eum
1492 4369 1727 4440 accepit,
1751 4374 1807 4423 et

2446 3561 2679 3617 CAPUT
2701 3562 2896 3618 XXIV.

1947 3651 2021 3704 De
2058 3652 2273 3719 Virgine
2299 3667 2418 3720 quae
2454 3653 2690 3719 faciebat
2711 3657 3083 3722 septingenta:
3103 3658 3397 3711 orationes.

1951 3740 2016 3793 In
2047 3740 2291 3810 quodam
2320 3739 2440 3795 vico
2472 3740 2689 3795 habitat
2700 3742 2956 3812 quaedam
2983 3743 3288 3815 virgo,quee
3308 3744 3476 3816 trige-

1881 3827 2089 3883 simum
2111 3844 2325 3884 annum
2338 3830 2459 3900 jam
2473 3832 2866 3887 exercetur.De
2886 3848 2997 3902 qua
3015 3833 3178 3887 multi
3200 3834 3337 3888 mihi
3349 3850 3476 3889 nar-

1881 3924 2098 3983 rarunt,
2133 3918 2281 3988 quod
2310 3925 2515 3989 praeter
2539 3919 2845 3976 Sabbatum
2869 3927 2926 3975 et
2944 3921 3295 3977 Dominicam
3322 3924 3477 3979 nullo

1881 4007 1992 4062 alio
2030 4007 2121 4061 die
2150 4008 2394 4062 vescitur
2418 4027 2430 4075 ;
2457 4009 2557 4063 sed
2584 4014 2703 4064 toto
2731 4015 2987 4082 tempore
3012 4012 3245 4067 trahens
3271 4013 3478 4067 hebdo-

1881 4096 2096 4164 madas,
2130 4102 2330 4167 etpost
2349 4097 2595 4169 quinque
2624 4098 2744 4153 dies
2766 4101 3082 4167 comedens,
3111 4101 3245 4157 facit
3270 4103 3477 4173 septin-

1881 4192 2082 4256 gentas
2138 4186 2439 4241 orationes.
2488 4188 2605 4241 Hoc
2653 4205 2780 4243 cum
2818 4189 3160 4257 didicissem,
3200 4192 3477 4263 meipsum

1882 4275 2194 4346 reprobavi,
2229 4276 2377 4347 quod
2393 4275 2478 4330 vir
2500 4282 2720 4332 creatus
2745 4278 2832 4333 his
2852 4279 3061 4335 viribus
3079 4281 3347 4352 corporis,
3369 4297 3483 4337 non

1888 4366 2173 4436 potuerim
2212 4366 2395 4421 facere
2422 4367 2551 4438 plus
2571 4383 2739 4439 quam
2768 4372 3052 4423 trecentas
3087 4371 3387 4426 orationes.
3419 4371 3484 4426 Ei

196 4458 340 4514 tulit
369 4457 428 4512 in
457 4458 768 4515 ecclesiam.
796 4458 896 4512 Ille
924 4474 1055 4512 vero
1082 4470 1234 4512 anno
1256 4463 1373 4512 toto
1404 4458 1712 4528 aegrotavit,
1740 4463 1804 4513 ut
1824 4453 1872 4510 D
1892 4454 2196 4525 respondet
2241 4460 2470 4510 sanctus
2511 4456 2814 4519 Macarius,
2844 4457 3060 4511 dicens:
3094 4459 3485 4529 Sexagesimus

196 4549 298 4602 vix
325 4562 527 4618 corpus
556 4548 677 4617 ejus
706 4552 764 4600 et
782 4547 974 4601 anima
1000 4547 1362 4601 convaluerit.
1393 4548 1550 4601 Tunc
1577 4547 1712 4602 dicit
1728 4547 1812 4601 illi
1893 4559 2077 4598 annus
2101 4543 2308 4614 agitur,
2332 4560 2399 4598 ex
2435 4560 2546 4614 quo
2575 4550 2801 4599 centum
2830 4546 3163 4601 constitutas
3188 4548 3331 4603 facio
3360 4565 3485 4604 ora-

198 4651 451 4707 magnus
481 4636 687 4690 Christi
708 4636 969 4691 sacerdos
994 4636 1275 4691 Isidorus:
1328 4637 1496 4690 Cessa
1525 4636 1808 4707 deinceps,
1893 4632 2098 4699 tiones,
2133 4638 2190 4686 et
2212 4631 2473 4687 laborans
2503 4632 2760 4689 manibus
2784 4649 2852 4688 ea
2880 4650 3002 4705 qum
3022 4641 3155 4690 sunt
3166 4636 3237 4691 ad
3253 4637 3487 4692 alimen-

197 4729 387 4782 trater
416 4726 653 4798 Moyses,
702 4725 1040 4780 contendere
1076 4742 1203 4780 cum
1253 4724 1618 4789 daemonibus,
1659 4730 1716 4779 et
1742 4742 1813 4780 ne

196 4817 289 4871 sic
317 4815 399 4870 eis
426 4814 909 4878 insultaveris.est
932 4815 1085 4869 enim
1114 4815 1313 4869 modus
1344 4830 1564 4886 quoque
1586 4814 1811 4870 fortitu-

195 4905 357 4961 dinis
384 4906 441 4960 in
472 4905 885 4960 exercitatione.
918 4905 972 4958 Is
1000 4908 1189 4958 autem
1222 4903 1302 4957 illi
1331 4903 1492 4957 dicit:
1534 4904 1661 4958 Non
1688 4921 1808 4959 ces-

195 4993 346 5050 sabo
378 5010 506 5048 cum
528 4993 609 5048 eis
628 5009 899 5065 pugnare,
933 4992 1109 5047 donec
1137 4992 1273 5046 mihi
1301 4992 1601 5046 cessaverit
1630 4992 1809 5064 phan-

192 5084 354 5139 tasia
373 5083 739 5138 somniorum.
769 5084 925 5137 Tunc
954 5082 1005 5135 ei
1035 5081 1171 5136 dicit
1187 5082 1396 5136 Christi
1425 5098 1616 5136 servus
1641 5082 1812 5137 Isido-

192 5192 307 5231 rus
332 5174 627 5246 presbyter
650 5194 661 5228 :
686 5175 751 5228 In
766 5173 991 5228 nomine
1004 5172 1230 5227 Domini
1251 5172 1429 5226 nostri
1450 5174 1477 5227 J
1483 5189 1581 5227 esu
1603 5171 1811 5228 Christi

197 5264 282 5319 ab
323 5264 430 5317 hoc
474 5263 743 5335 temporis
772 5262 1009 5317 articulo
1056 5261 1354 5315 cessabunt
1382 5261 1570 5332 turpia
1597 5268 1697 5316 tua
1726 5279 1810 5316 so-

194 5352 399 5409 mnia:
437 5351 584 5407 bono
614 5353 875 5423 deinceps
919 5357 975 5406 et
1004 5351 1198 5405 fidenti
1244 5350 1431 5404 animo
1460 5351 1811 5406 communica

194 5442 581 5499 sacramentis
628 5441 757 5510 (56).
792 5442 876 5495 Ne
917 5440 1069 5495 enim
1106 5440 1450 5511 gloriareris,
1483 5445 1548 5495 ut
1575 5441 1673 5512 qui
1710 5446 1810 5495 tua

82 5547 89 5555 ‘
195 5530 614 5588 exercitatione
631 5529 857 5585 vicisses
885 5529 1250 5595 allectionem,
1282 5529 1407 5583 ideo
1449 5529 1812 5584 vehementer

195 5621 272 5682 in
297 5625 356 5679 te
385 5636 547 5679 suam
575 5620 821 5676 exercuit
837 5624 1194 5693 potestatem,
1209 5618 1281 5675 ad
1300 5622 1458 5675 tuam
1482 5618 1808 5687 utilitatem,

1894 4726 2018 4777 tum
2047 4721 2382 4788 necessaria,
2415 4726 2473 4776 et
2514 4721 2785 4777 fratribus
2811 4722 3065 4779 debitum
3093 4724 3332 4781 reddens
3361 4744 3488 4783 con-

1892 4811 2218 4881 gressionis,
2250 4827 2353 4866 nec
2376 4827 2504 4866 mea
2554 4829 2645 4867 me
2669 4812 2888 4883 judicat
2927 4815 3071 4870 ratio
3101 4816 3251 4887 quod
3282 4817 3485 4872 fuerim

1890 4900 2200 4971 negligens.
2242 4900 2379 4956 Situ
2400 4906 2590 4956 autem
2619 4918 2748 4956 cum
2776 4908 3057 4959 trecentas
3076 4904 3247 4961 facias
3275 4908 3485 4962 oratio-

1892 5006 2013 5057 nes,
2033 4990 2304 5060 judicaris
2331 5008 2366 5044 a
2402 4991 2762 5059 conscientia,
2782 4999 2975 5064 aperte
3013 4996 3263 5050 ostendis
3286 5002 3345 5051 te
3372 5013 3484 5051 non

1893 5096 2032 5151 pure
2070 5096 2253 5148 orare,
2285 5080 2371 5134 vel
2396 5097 2558 5152 posse
2582 5082 2773 5153 plures
2802 5084 3086 5140 orationes
3103 5084 3284 5141 facere
3314 5102 3483 5156 quam

1895 5168 2088 5225 facias.

2463 5261 2696 5317 CAPUT
2754 5263 2914 5317 XXV.
2993 5310 3017 5323 -

2283 5350 2357 5405 De
2386 5350 2585 5406 Granio
2644 5350 2750 5419 (59)
2778 5353 3108 5420 presbytero.

1964 5438 2202 5494 Cronius
2232 5440 2462 5510 quidam
2510 5440 2648 5494 mihi
2678 5441 2926 5495 narravit
2970 5441 3265 5513 presbyter
3290 5440 3487 5500 Nitriae

1894 5525 2143 5600 (Ruf/im,
2175 5532 2213 5585 ι.
2245 5546 2304 5596 ιι,
2337 5545 2453 5598 cap.
2482 5528 2571 5596 25,
2601 5531 2665 5584 de
2692 5530 2892 5584 Granio
2912 5530 3147 5586 Antonii
3164 5532 3482 5607 discipulo):

1895 5617 2035 5674 Cum
2050 5634 2249 5688 essem,
2266 5618 2471 5690 inquit,
2499 5617 2777 5692 juniorab
2804 5618 3051 5691 initio,et
3075 5622 3490 5696 prepteranimi
