3910 6378
499 303 640 363 1123

1617 301 1711 358 DE
1735 301 1926 359 VITIS
1963 298 2260 358 PATRUM
2296 300 2511 358 LIBER
2546 268 2700 358 vni.

3618 305 3770 364 κ1124

498 446 767 502 angorem
813 434 869 484 et
896 428 1183 484 tristitiam
1235 427 1488 501 fugerem
1515 445 1583 484 ex
1609 430 1950 485 monasterio
1978 430 2090 484 mei
2106 429 2446 499 Apraetextu
2488 427 2631 483 bene
2660 426 2900 483 faciendi
2929 444 3019 484 me
3052 428 3331 501 acceperis
3357 429 3418 485 in
3444 435 3613 485 tuum
3639 429 3771 485 hos-

496 519 965 585 archimandritae,
998 535 1192 573 errans
1215 520 1442 591 perveni
1488 520 1560 574 ad
1603 526 1856 575 montem
1912 520 2089 574 sancti

495 609 743 664 Antonii.
775 608 1016 663 Sedebat
1038 614 1227 663 autem
1246 610 1439 663 beatus
1460 610 1737 664 Antonius
1751 610 1900 664 inter
1912 609 2089 681 Baby-

494 698 680 752 lonem
714 696 828 768 (60)
874 704 932 751 et
960 698 1289 752 Heracleam
1327 698 1386 752 in
1415 703 1573 752 vasta
1602 699 1923 765 solitudine,
1966 715 2087 769 quae

490 786 601 841 fert
627 787 699 841 ad
729 803 888 841 mare
910 786 1185 853 Rubrum,
1207 787 1427 841 circiter
1443 787 1681 857 triginta
1705 787 2039 842 milliaribus
2057 804 2093 842 a

494 876 831 930 ﬂuvio.Cum
846 893 978 947 ergo
999 876 1273 931 venissem
1286 878 1355 931 ad
1379 877 1500 947 ejus
1520 877 1923 932 monasterium
1941 876 2091 948 quod

492 970 578 1019 est
600 982 776 1037 prope
797 965 1049 1032 ﬂuvium,
1077 965 1137 1020 in
1157 982 1266 1037 quo
1278 965 1548 1020 sedebant
1567 967 1687 1037 ejus
1700 966 1956 1037 discipuli
1977 967 2091 1020 Ma-

492 1054 678 1109 carius
708 1059 766 1109 et
796 1056 1030 1109 Amatas
1059 1055 1117 1109 in
1147 1071 1212 1109 eo
1243 1055 1340 1126 qui
1368 1055 1565 1127 Pisper
1603 1056 1920 1126 appellatur
1945 1055 2085 1122 loco,

493 1144 589 1215 qui
619 1161 748 1199 eum
780 1144 952 1198 etiam
984 1160 1113 1199 cum
1134 1144 1456 1199 dormiisset
1484 1145 1845 1216 sepelierunt,
1870 1161 2090 1215 exspec-

488 1234 600 1289 tavi
621 1235 869 1306 quinque
890 1234 1028 1299 dies,
1046 1240 1112 1289 ut
1125 1234 1479 1289 convenirem
1499 1235 2084 1293 sanctumAntonium.

490 1323 795 1379 Dicebatur
820 1328 1011 1378 autem
1034 1324 1299 1379 accedere
1318 1324 1389 1378 ad
1418 1325 1522 1378 hoc
1533 1325 1957 1391 monasterium,
1982 1324 2086 1378 ali-

491 1412 715 1484 quando
737 1412 962 1484 quidem
975 1416 1104 1484 post
1121 1414 1313 1467 decem
1328 1412 1466 1480 dies,
1493 1413 1792 1484 aliquando
1804 1430 1935 1468 vero
1962 1417 2089 1484 post

486 1501 705 1572 viginti,
728 1501 1030 1573 aliquando
1057 1518 1187 1556 vero
1216 1507 1344 1573 post
1358 1503 1626 1573 quinque,
1655 1508 1823 1574 prout
1837 1503 2089 1574 expedie-

487 1590 585 1645 bat
611 1607 711 1661 pro
728 1590 998 1645 beneﬁcio
1021 1607 1221 1645 eorum
1252 1592 1347 1661 qui
1367 1591 1669 1645 veniebant
1700 1592 1771 1645 ad
1802 1597 2086 1646 monaste-

492 1680 659 1735 rium.
681 1680 1132 1734 Conveneramus
1155 1696 1291 1750 ergo
1316 1680 1520 1735 diversi
1550 1681 1752 1735 fratres
1767 1680 1999 1735 diversis
2018 1681 2087 1735 de

2169 518 2447 590 pitiolum,
2471 524 2527 573 et
2545 523 2775 589 prepter
2794 534 2884 572 me
2901 518 2983 573 vis
3002 520 3122 574 esse
3149 520 3353 574 salvus.
3382 520 3655 590 Eulogius
3675 536 3769 574 au-

2169 612 2286 662 tem
2315 625 2412 662 cor
2439 609 2560 676 ejus
2590 607 2853 671 leniebat,
2883 608 3073 663 dicens
3099 627 3111 661 :
3138 611 3241 675 Ne,
3274 608 3525 675 domine,
3558 625 3630 663 ne
3658 609 3769 664 haec

2172 697 2409 765 dixeris;
2436 697 2533 751 sed
2563 696 2713 751 dicas
2744 713 2987 767 quanam
3018 698 3077 751 in
3113 714 3173 751 re
3202 697 3305 752 tibi
3336 698 3541 752 fuerim
3565 698 3768 752 moles-

2171 791 2286 845 tus,
2316 791 2374 840 et
2401 803 2525 840 eam
2551 786 2848 855 corrigam.
2883 787 3113 841 Mancus
3137 793 3327 841 autem
3361 786 3588 841 dicebat
3613 804 3769 841 arro-

2171 880 2407 945 ganter:
2442 876 2567 929 Non
2589 875 2707 928 fero
2737 876 2840 928 has
2870 876 3299 939 assentationes;
3320 874 3480 929 aufer
3498 892 3590 929 me
3618 875 3766 941 hinc,

2173 969 2229 1017 et
2260 964 2468 1034 projice
2497 964 2556 1018 in
2585 964 2723 1029 foro,
2749 981 2945 1019 recuso
2972 969 3128 1020 tuam
3153 964 3520 1019 curationem.
3541 963 3773 1019 Dicebat

2170 1058 2360 1107 autem
2385 1053 2649 1123 Eulogius
2681 1072 2693 1106 :
2722 1054 2877 1123 Rogo
2902 1058 2976 1119 te,
3010 1060 3202 1124 patere
3219 1054 3302 1108 tui
3318 1071 3516 1110 curam
3540 1054 3685 1125 geri,
3711 1059 3769 1108 et

2171 1141 2261 1196 dic
2288 1144 2337 1196 si
2365 1141 2498 1213 quid
2523 1142 2598 1197 sit
2622 1142 2727 1195 tibi
2757 1159 2951 1213 grave,
2983 1143 3209 1197 domine
3232 1143 3330 1197 mi.
3356 1144 3651 1198 Mutilatus
3669 1159 3772 1197 au-

2170 1237 2286 1285 tem
2319 1233 2499 1300 magis
2528 1232 2809 1297 incensus,
2843 1232 2895 1285 ei
2926 1231 3185 1287 dicebat:
3220 1233 3347 1287 Non
3385 1249 3614 1303 possum
3646 1248 3770 1287 am-

2168 1321 2317 1391 plius
2340 1320 2486 1374 ferre
2514 1326 2670 1375 tuam
2692 1320 2983 1375 subdolam
3000 1327 3058 1375 et
3076 1321 3347 1376 ironicam
3367 1321 3769 1376 adulationem.

2170 1410 2296 1463 Non
2325 1411 2509 1481 placet
2536 1409 2673 1464 mihi
2702 1411 2817 1464 haec
2849 1410 2959 1464 vita
2979 1427 3147 1481 parca
3175 1416 3233 1465 et
3251 1410 3496 1477 sordida,
3520 1427 3626 1480 ego
3646 1411 3770 1465 volo

2169 1498 2313 1553 vesci
2341 1498 2623 1553 carnibus.
2666 1499 2896 1553 Patiens
2924 1504 3117 1554 autem
3168 1499 3433 1570 Eulogius
3464 1515 3668 1554 carnes
3694 1498 3765 1553 ad

2171 1604 2301 1642 eum
2328 1588 2534 1642 attulit.
2551 1588 2692 1642 Cum
2712 1605 2807 1642 eas
2827 1593 3017 1643 autem
3038 1588 3269 1643 vidisset
3286 1588 3619 1659 impatiens:
3644 1589 3769 1643 Non

2170 1678 2304 1731 satis
2328 1683 2414 1732 est
2430 1678 2589 1743 mihi,
2622 1678 2825 1748 inquit,
2848 1684 3034 1733 tecum
3055 1694 3177 1732 esse
3196 1679 3392 1743 solum,
3421 1677 3621 1733 turbas
3646 1677 3767 1732 volo

489 1770 701 1824 causis:
732 1769 883 1823 inter
902 1785 1041 1841 quos
1062 1769 1168 1823 fuit
1198 1769 1370 1824 etiam
1393 1770 1659 1841 Eulogius
1680 1770 2094 1825 Alexandrinus
2114 1764 2424 1825 Bcernere.
2468 1766 2533 1822 Ei
2568 1772 2757 1821 autem
2799 1766 2940 1822 dicit
2968 1767 3232 1837 Eulogius
3263 1786 3276 1820 :
3329 1768 3444 1838 Ego
3472 1772 3547 1820 ad
3574 1773 3632 1821 te
3654 1768 3772 1837 jam

490 1858 816 1925 monachus,
850 1863 1057 1913 etcum
1096 1874 1160 1913 eo
1196 1859 1339 1913 alius
1396 1858 1666 1913 membris
1706 1876 1958 1928 mancus,
1993 1859 2087 1932 qui
2177 1856 2452 1911 adducam
2498 1857 2902 1911 monachorum
2947 1856 3386 1911 multitudinem.
3429 1857 3530 1911 Ille
3579 1862 3770 1911 autem

490 1948 713 2019 quidem
730 1953 966 2020 prapter
992 1949 1166 2003 talem
1192 1965 1421 2003 causam
1446 1955 1819 2004 accesserunt.
2178 1963 2374 2001 rursus
2419 1962 2567 2016 aegre
2596 1946 2801 2013 ferens,
2833 1945 2965 2001 dicit
2992 1962 3006 2001 :
3035 1946 3130 1999 Vae
3160 1945 3297 1999 mihi
3326 1944 3533 2000 misero
3567 1962 3579 1997 :
3607 1950 3770 2000 tuum

1059 2070 1296 2125 CAPUT
1328 2070 1525 2126 XXVI.
2180 2041 2469 2126 aspectum
2495 2036 2640 2126 ferre
2661 2052 2773 2126 non
2801 2052 3056 2126 possum;
3084 2039 3141 2089 et
3159 2040 3222 2089 tu
3241 2034 3313 2126 ad
3334 2034 3675 2126 meadducis

2176 2125 2407 2187 similes,
2434 2125 2530 2195 qui
2559 2142 2686 2180 cum
2716 2125 2830 2179 sint
2858 2124 3046 2191 otiosi,
3070 2124 3391 2179 comedunt.
3420 2123 3766 2179 Etinsolenti

492 2196 563 2251 De
589 2196 817 2264 Eulogz'o
842 2194 954 2267 (61)
982 2197 1362 2250 Alexandrino
1389 2201 1437 2250 et
1475 2212 1532 2249 eo
1559 2198 1660 2264 qui
1686 2200 1804 2250 erat
1833 2196 2082 2251 membri:

2174 2230 2308 2269 voce
2337 2214 2583 2286 seipsum
2612 2215 2850 2274 lanians,
2880 2213 3305 2270 vociferabatur.
3337 2213 3526 2268 dicens
3557 2231 3569 2266 :
3603 2213 3763 2281 Nolo,

1163 2301 1414 2339 mancus.

567 2395 750 2459 ’τῆς
782 2392 886 2446 Hic
914 2392 1181 2462 Eulogius
1201 2391 1309 2446 fuit
1335 2391 1757 2462 disciplinarum
1776 2391 2092 2447 liberalium

487 2481 849 2535 scholasticus
896 2483 1108 2550 (Pasch.
1141 2497 1186 2538 ο.
1219 2481 1305 2547 49,
1339 2497 1397 2535 n.
1433 2480 1505 2548 3),
1538 2481 1634 2552 qui
1663 2481 1851 2535 divino
1899 2498 2091 2536 amore

487 2571 790 2633 sauciatus,
812 2575 1045 2642 propter
1066 2570 1407 2624 desiderium
1429 2570 1873 2624 immortalitatis
1886 2586 2091 2626 renun-

486 2658 649 2713 tiavit
676 2659 1011 2714 tumultibus
1036 2678 1049 2727 ;
1069 2664 1259 2713 etcum
1280 2675 1474 2713 omnes
1492 2675 1623 2713 suas
1634 2658 1985 2730 dispersisset
2004 2660 2088 2714 fa-

489 2748 745 2815 cultates,
762 2747 867 2801 sibi
896 2748 1128 2818 reliquit
1149 2764 1356 2819 paucos
1385 2764 1668 2812 nummos,
1683 2765 1811 2803 cum
1825 2765 1936 2803 non
1957 2766 2087 2820 pos-

489 2842 574 2891 set
606 2836 845 2908 operari.
863 2838 1005 2891 Cum
1035 2854 1167 2907 ergo
1188 2854 1288 2908 per
1308 2855 1367 2892 se
1389 2842 1693 2907 angeretur
1722 2838 1911 2893 animo
1928 2843 1985 2892 et
2006 2855 2089 2893 es-

2174 2304 2337 2372 nolo;
2372 2304 2430 2358 in
2450 2304 2633 2359 forum
2663 2304 2863 2358 deduci
2893 2304 3034 2358 volo.
3067 2303 3113 2358 Ο
3146 2303 3436 2357 violentia!
3469 2301 3650 2373 abjice
3678 2319 3765 2357 me

2172 2392 2268 2447 ubi
2297 2394 2581 2448 invenisti.
2604 2393 2738 2448 Dico
2759 2393 2906 2465 quod
2935 2393 2981 2447 si
3011 2391 3296 2447 habuisset
3318 2408 3539 2458 manus,
3571 2392 3632 2446 in
3650 2392 3766 2446 ani-

2173 2499 2331 2537 mum
2362 2482 2672 2537 induxisset
2711 2483 2799 2536 vel
2836 2499 2895 2536 se
2925 2482 3214 2549 suﬂocare,
3237 2482 3323 2536 vel
3347 2479 3453 2534 sibi
3480 2497 3614 2535 ense
3642 2496 3762 2535 ma-

2172 2588 2279 2626 nus
2307 2572 2533 2627 inferre.
2568 2574 2709 2628 Cum
2735 2572 2953 2627 daemon
2974 2572 3053 2625 sic
3081 2588 3210 2626 eum
3240 2572 3543 2638 elferasset,
3569 2576 3763 2642 postea

2171 2679 2231 2716 se
2250 2661 2463 2717 confert
2483 2662 2747 2732 Eulogius
2768 2661 2839 2716 ad
2851 2662 3191 2733 propinquos
3208 2661 3527 2726 monachos,
3546 2664 3605 2714 et
3624 2660 3763 2715 dicit

2171 2751 2252 2805 eis
2289 2769 2300 2804 ε
2333 2751 2478 2815 Quid
2510 2750 2707 2805 faciam
2739 2751 2764 2804 7
2804 2751 2875 2805 ad
2918 2750 3362 2822 desperationem
3391 2767 3479 2804 me
3528 2749 3757 2804 deduxit

2169 2840 2481 2895 mutilatus.
2513 2840 2720 2895 Dicunt
2735 2840 2786 2894 ei
2811 2858 2823 2893 :
2847 2838 3220 2904 Quamobrem
3240 2839 3381 2893 ?Ille
3407 2844 3622 2893 autem:
3649 2838 3754 2903 Me,

490 2931 576 2981 set
590 2926 789 2992 tristis,
824 2931 882 2980 et
908 2942 1090 2996 neque
1114 2926 1281 2980 vellet
1307 2943 1435 2980 cum
1466 2926 1590 2980 aliis
1608 2927 1890 2997 congredi,
1905 2944 2086 2999 neque
2166 2930 2368 3002 inquit,
2408 2932 2656 3001 graviter
2682 2929 2882 2990 afﬁcit;
2920 2945 3023 2983 nec
3052 2928 3165 2983 scio
3195 2927 3326 2999 quid
3349 2926 3566 2982 faciam.
3596 2926 3756 2995 Abji-

487 3019 553 3068 ut
571 3014 723 3068 solus
752 3020 899 3069 esset
932 3015 1069 3068 satis
1105 3014 1209 3068 sibi
1239 3014 1625 3086 persuaderet,
1655 3015 1869 3070 invenit
1887 3033 2084 3087 quem-
2111 3085 2147 3090 _
2167 3020 2308 3073 ciam
2336 3019 2557 3090 ipsum?
2585 3019 2683 3073 sed
2704 3019 2820 3073 Deo
2845 3018 2975 3072 dedi
3003 3019 3307 3083 dexteram,
3342 3022 3399 3071 et
3420 3016 3605 3071 timeo.
3629 3016 3753 3070 Non

487 3103 618 3157 dam
647 3120 910 3158 mancum
940 3120 1005 3158 ac
1038 3085 1359 3159 mutilatum
1400 3104 1459 3157 in
1483 3104 1605 3159 foro
1625 3085 1955 3175 projectum,
1988 3106 2084 3176 qui
2100 3085 2148 3147 Ο
2168 3085 2466 3181 abjiciam?
2485 3108 2581 3163 sed
2604 3125 2694 3163 me
2707 3108 2827 3162 dies
2841 3114 3143 3179 noctesque
3172 3106 3318 3161 male
3345 3105 3528 3160 habet.
3554 3104 3751 3159 Nescio

487 3208 589 3246 nec
610 3210 810 3247 manus
847 3192 1092 3247 habebat
1112 3210 1212 3247 nec
1243 3193 1411 3264 pedes
1441 3212 1452 3247 :
1490 3195 1541 3248 ei
1571 3195 1751 3247 solum
1773 3195 1964 3265 lingua
1998 3212 2084 3250 re-
2166 3198 2301 3271 quid
2327 3197 2555 3255 faciam.
2605 3198 2673 3252 Et
2725 3197 2918 3252 dicunt
2952 3197 3033 3250 illi
3071 3196 3322 3251 absolute
3363 3219 3374 3249 ;
3401 3194 3592 3249 Adhuc
3618 3193 3751 3247 vivit

485 3278 773 3336 manserat
804 3282 1026 3353 integra
1053 3282 1124 3337 ad
1163 3282 1563 3353 alloquendum
1592 3300 1691 3338 eos
1738 3284 1834 3354 qui
1875 3283 2085 3339 incide-
2166 3304 2404 3358 magnus
2425 3288 2519 3342 ille
2541 3287 2641 3355 (sic
2659 3287 2808 3341 enim
2831 3287 3105 3340 vocabant
3131 3290 3386 3340 sanctum
3402 3282 3750 3353 Antonium),

486 3370 639 3425 bant.
673 3371 939 3441 Eulogius
969 3376 1157 3426 autem
1174 3377 1352 3433 stans.
1374 3388 1504 3426 eum
1533 3372 1655 3426 ﬁxis
1675 3372 1929 3427 intuetur
1956 3390 2084 3428 ocu-
2164 3377 2401 3434 ascende
2510 3375 3053 3447 ipsum,mutilatum
3071 3372 3433 3445 imponensin
3447 3372 3752 3441 navigium;

482 3460 573 3527 lis,
599 3465 656 3515 et
669 3461 848 3515 Deum
868 3465 1049 3531 rogat,
1063 3466 1121 3515 et
1138 3478 1266 3515 cum
1290 3462 1406 3516 Deo
1426 3462 1532 3515 hoc
1563 3461 1729 3516 modo
1759 3462 2078 3533 paciscitur,

485 3549 939 3605 dicenszDomine
958 3591 971 3618 ,
1013 3555 1243 3621 prapter
1268 3566 1476 3604 nomen
1495 3555 1658 3605 tuum
1687 3551 1900 3622 accipio
1934 3552 2082 3606 hunc

485 3639 830 3706 mutilatum,
858 3644 916 3694 et
958 3657 1087 3694 eum
1120 3656 1208 3694 me
1236 3644 1622 3694 recreaturum
1650 3656 1715 3695 ac
1740 3640 2080 3696 refecturum

482 3731 728 3803 spondeo
743 3748 920 3803 usque
940 3732 1011 3786 ad
1040 3733 1236 3787 horam
1261 3733 1461 3787 mortis
1488 3734 1630 3803 ejus,
1647 3738 1712 3787 ut
1732 3750 1834 3805 ego
1859 3750 2080 3806 quoque

482 3838 583 3892 per
610 3837 740 3875 eum
769 3821 954 3876 salvus
975 3822 1124 3876 fiam.
1146 3822 1376 3893 Largire
1402 3838 1537 3893 ergo
1558 3822 1715 3891 mihi,
1738 3824 1975 3888 Christe,
1985 3841 2082 3896 pa-

479 3910 756 3978 tientiam,
781 3915 847 3966 ut
862 3911 914 3965 ei
934 3910 1258 3966 inserviam.
1287 3911 1357 3966 Et
1376 3911 1447 3965 ad
1465 3929 1593 3966 eum
1616 3913 1909 3980 accedens,
1946 3913 2082 3968 dicit

394 3988 397 3991 i
484 4000 537 4054 ei
561 4019 572 4053 :
599 4000 697 4054 Vis
726 4017 828 4071 ego
848 4006 906 4055 te
926 4001 1092 4055 domo
1113 4000 1400 4072 accipiam,
1429 4006 1487 4056 et
1513 4007 1570 4056 te
1587 4018 1835 4057 recreem
1864 4019 1929 4057 ac
1955 4003 2081 4057 rell-

482 4088 664 4143 ciam?
684 4089 782 4143 Ille
814 4089 866 4143 ei
893 4089 1055 4143 dicit:
1090 4090 1317 4144 Utinam
1339 4090 1673 4161 dignareris,
1706 4091 1803 4146 sed
1824 4108 1926 4163 ego
1950 4109 2076 4147 sum

478 4176 938 4247 indignus.Vado
953 4195 1105 4248 ergo,
1140 4178 1343 4249 inquit,
1375 4184 1433 4233 et
1458 4180 1734 4234 adducam
1759 4181 2003 4248 asinum,
2024 4186 2083 4236 et

482 4272 541 4320 te
568 4266 699 4321 hinc
729 4266 1001 4321 auferam.
1036 4267 1177 4321 Cum
1205 4284 1410 4338 magno
1430 4273 1619 4322 autem
1647 4269 1854 4339 gaudio
1882 4275 1968 4325 est
1995 4288 2081 4326 as-

483 4371 682 4410 sensus
712 4355 761 4410 is
807 4356 903 4427 qui
933 4361 1055 4410 erat
1084 4356 1396 4411 mutilatus.
1431 4357 1574 4412 Eum
1603 4374 1735 4428 ergo
1766 4359 1997 4414 sustulit
2022 4366 2081 4415 et

2164 3471 2223 3519 et
2248 3465 2403 3520 defer
2418 3481 2548 3519 eum
2569 3465 2629 3519 in
2649 3464 3072 3530 monasterium,
3092 3469 3150 3518 et
3169 3468 3425 3534 exspecta
3446 3461 3614 3515 donec
3636 3477 3759 3515 ma-

2162 3571 2308 3625 gnus
2328 3555 2545 3609 venerit
2562 3571 2592 3608 e
2613 3554 2898 3625 spelunca,
2916 3560 2973 3608 et
2991 3554 3063 3608 ad
3082 3569 3211 3607 eum
3232 3552 3377 3606 refer
3398 3550 3759 3622 judicium,et

2164 3644 2315 3716 quod
2344 3644 2448 3698 tibi
2477 3643 2699 3710 dixerit,
2746 3649 2833 3698 sta
2873 3642 3023 3697 illius
3075 3642 3383 3697 sententiae.
3423 3640 3569 3695 Deus
3597 3639 3757 3693 enim

2161 3733 2264 3788 tibi
2292 3734 2444 3788 dicet
2471 3749 2572 3805 per
2618 3734 2822 3804 ipsum.
2857 3731 3053 3787 Verbis
3082 3748 3276 3789 eorum
3315 3745 3525 3784 morem
3576 3728 3758 3799 gessit

2162 3823 2449 3893 Eulogius,
2466 3828 2524 3878 et
2543 3823 2803 3877 mutilata
2821 3821 3131 3887 blandiens,
3147 3837 3273 3875 cum
3287 3836 3416 3874 eum
3435 3817 3758 3873 immisisset

2162 3912 2222 3967 in
2241 3912 2499 3985 cymbam
2528 3912 2885 3985 pastoralem,
2914 3916 3083 3966 noctu
3112 3926 3368 3981 egressus
3394 3914 3479 3963 est
3501 3922 3567 3962 ex
3588 3906 3751 3974 urbe,

2162 4007 2220 4057 et
2230 4002 2361 4057 tulit
2377 4019 2504 4057 eum
2518 4002 2577 4056 in
2597 4000 3001 4057 monasterium
3019 3999 3420 4071 discipulorum
3438 3996 3621 4067 magni
3634 3997 3752 4050 An-

2160 4091 2320 4147 tonii.
2352 4092 2569 4146 Accidit
2594 4096 2784 4146 autem
2803 4096 2867 4146 ut
2888 4090 2998 4144 alio
3024 4089 3115 4144 die
3142 4087 3354 4142 veniret
3373 4101 3607 4157 magnus
3621 4101 3752 4139 sero

2161 4198 2410 4253 vespere,
2440 4186 2506 4236 ut
2531 4180 2779 4236 narravit
2803 4179 3060 4244 Cronius,
3075 4177 3311 4232 amictus
3330 4174 3617 4247 chlamyde
3632 4174 3753 4245 pel-

2160 4271 2628 4342 licea.Ingressus
2648 4275 2735 4325 est
2763 4286 2896 4340 ergo
2917 4269 2976 4323 in
2994 4283 3159 4323 suum
3189 4265 3753 4329 monasterium.erat

2161 4364 2351 4414 autem
2377 4361 2494 4414 haec
2523 4360 2646 4431 ejus
2673 4357 3038 4422 consuetudo,
3065 4361 3132 4411 ut
3158 4355 3532 4426 alloqueretur
3559 4353 3751 4407 Maca-

479 4444 725 4516 portavit
751 4445 809 4499 in
828 4462 995 4500 suum
1024 4445 1404 4517 hospitiolum,
1429 4447 1478 4517 ej
1488 4463 1663 4518 usque
1683 4463 1876 4502 curam
1904 4449 2079 4519 gessit
2092 4449 2142 4510 D
2159 4449 2327 4511 rium,
2342 4453 2400 4503 et
2418 4465 2546 4503 eum
2570 4448 2946 4519 interrogaret
2969 4462 2981 4501 :
3006 4446 3202 4500 Frater
3220 4444 3749 4509 Macari,venerunt—

480 4534 541 4589 in
561 4533 821 4589 omnibus
847 4535 1051 4606 quibus
1068 4552 1207 4607 opus
1221 4534 1437 4590 habuit.
1454 4536 1749 4608 Perpetuis
1766 4554 1898 4608 ergo
1917 4538 2077 4609 quin-

479 4623 660 4679 decim
704 4624 888 4688 annis,
944 4624 993 4679 is
1022 4624 1119 4696 qui
1146 4629 1269 4680 erat
1300 4625 1592 4680 mutilatus
1617 4625 1882 4681 benevole
1909 4627 1980 4681 ab
2011 4644 2076 4683 eo

479 4712 784 4769 curabatur
805 4719 1078 4785 tanquam
1108 4719 1288 4785 pater,
1303 4719 1368 4769 ut
1394 4714 1489 4786 qui
1514 4715 1815 4782 lavaretur,
1831 4732 2075 4787 ungere-

477 4806 592 4869 tur,
625 4802 930 4867 foveretur,
975 4807 1033 4858 et
1084 4809 1406 4875 portaretur
1451 4804 1712 4859 manibus
1749 4805 1987 4876 Eulogii,
2021 4811 2078 4860 et

477 4908 648 4963 supra
673 4908 833 4946 suam
857 4892 1190 4963 dignitatem
1216 4892 1441 4964 quidem
1462 4894 1858 4959 custodiretur,
1884 4895 2077 4950 morbo

478 4986 669 5036 autem
700 4981 1093 5036 convenienter
1118 4983 1462 5038 reﬁceretur.
1481 4972 1616 5038 Post
1635 4984 1955 5055 quindecim
1974 5001 2077 5040 au-

474 5076 593 5126 tem
616 5086 803 5125 annos
827 5070 1034 5125 invasit
1062 5071 1280 5126 daemon
1310 5089 1439 5127 eum
1482 5073 1577 5144 qui
1609 5079 1732 5128 erat
1763 5074 2073 5142 mutilatus,

473 5161 663 5215 volens
693 5160 911 5232 privare
952 5160 1246 5232 Eulogium
1299 5163 1564 5217 mandato
1594 5167 1651 5217 et
1680 5162 2079 5235 praposito,‘et

474 5251 797 5306 mutilatum
831 5267 866 5304 a
917 5249 1240 5317 refectione,
1276 5257 1332 5306 et
1359 5252 1461 5306 Dei
1488 5252 1803 5323 gratiarum
1833 5252 2071 5321 actione,

474 5338 919 5412 seditionemque
949 5340 1153 5396 excitat
1181 5341 1240 5395 in
1271 5340 1598 5411 Eulogium;
1625 5340 1929 5412 multisque
1944 5359 2073 5397 eum

473 5429 693 5501 probris
722 5430 895 5501 cmpit
914 5429 1153 5502 insequi,
1170 5430 1311 5484 adeo
1332 5434 1397 5484 ut
1425 5446 1555 5484 eum
1583 5429 1751 5484 etiam
1783 5435 2075 5502 appeteret

474 5518 808 5587 maledictis,
841 5519 1031 5574 dicens
1059 5520 1349 5591 deinceps:
1383 5518 1490 5573 Abi
1518 5519 1669 5587 hinc,
1700 5520 1968 5576 scelerate
1991 5522 2075 5577 fu-

471 5606 644 5676 gitive
666 5608 800 5678 (62).
826 5609 1146 5665 Sutfuratus
1174 5625 1233 5664 es
1262 5609 1475 5664 alienas
1506 5608 1792 5682 pecunias,
1816 5616 1873 5666 et
1899 5611 2075 5667 domi-

477 5709 616 5757 num
662 5695 954 5775 spoliasti;
1002 5703 1061 5760 et
1087 5715 1213 5758 meo
1242 5703 1516 5779 praetextu
1543 5699 1625 5759 vis
1652 5699 1848 5775 latere,
1880 5705 1946 5762 ut
1975 5699 2075 5781 qui

2158 4556 2230 4593 ne
2255 4539 2364 4593 huc
2394 4537 2611 4609 aliqui?
2652 4535 3048 4608 Respondebat
3074 4534 3349 4590 Macarius
3382 4548 3395 4584 :
3435 4533 3744 4587 Venerunt.

2158 4627 2387 4683 Dicebat
2406 4633 2597 4682 autem
2612 4643 2851 4697 magnus
2887 4643 2899 4678 :
2921 4626 3138 4680 Suntne
3159 4622 3422 4694 Egyptii,
3448 4636 3518 4674 an
3533 4620 3752 4674 Jeroso-

2157 4717 2441 4789 lymitani?
2452 4716 2695 4771 Dederat
2714 4720 2905 4769 autem
2925 4729 3164 4784 magnus
3182 4712 3236 4766 ei
3253 4710 3495 4782 signum,
3518 4708 3708 4764 dicens
3731 4725 3745 4762 :

2160 4807 2301 4861 Cum
2323 4805 2526 4860 videris
2537 4804 2753 4859 venisse
2766 4803 2983 4875 aliquos
3001 4800 3203 4874 quibus
3214 4805 3301 4855 est
3319 4799 3501 4854 minus
3516 4796 3746 4868 negotii,

2159 4896 2250 4950 dic
2271 4913 2283 4949 :
2312 4894 2532 4950 Adsunt
2552 4893 2818 4965 .IEgyptii.
2843 4891 3078 4957 Quando
3099 4895 3287 4946 autem
3308 4887 3508 4942 videris
3534 4886 3747 4941 venisse

2159 4986 2378 5056 aliquos
2398 4983 2775 5055 religiosiores
2804 4987 2861 5036 et
2881 4981 3049 5053 paulo
3095 4977 3573 5042 consideratiores,
3611 4974 3700 5029 dic
3732 4991 3745 5027 :

2162 5075 2307 5129 Sunt
2322 5069 3057 5145 Jerosolymitani.Rogabat
3070 5085 3202 5140 ergo
3214 5083 3447 5139 magnus
3458 5081 3557 5138 pro
3569 5080 3746 5129 more,

2159 5163 2347 5218 dicens
2367 5162 2529 5217 fratri
2549 5161 2792 5217 Macario
2814 5177 2826 5213 :
2854 5161 2997 5216 Sunt
3008 5157 3251 5230 Egyptii
3271 5156 3486 5220 fratres,
3511 5170 3583 5208 an
3596 5153 3748 5208 Jero-

2158 5252 2525 5325 solymitani?
2557 5250 2877 5322 Respondet
2904 5248 3200 5313 Macarius,
3224 5246 3410 5301 dicens
3444 5263 3455 5297 :
3487 5244 3584 5298 Est
3602 5241 3745 5296 mix-

2155 5347 2303 5397 tura.
2325 5341 2560 5405 Quando
2590 5356 2722 5411 ergo
2747 5337 2967 5394 dicebat
2983 5336 3259 5392 Macarius
3277 5354 3290 5390 :
3307 5336 3448 5390 Sunt
3466 5330 3741 5403 ngyptii,

2155 5430 2376 5486 dicebat
2404 5430 2455 5486 ei
2484 5446 2755 5501 magnus:
2781 5429 2924 5483 Para
2948 5426 3028 5482 eis
3055 5426 3283 5481 lentem.
3316 5430 3372 5479 et
3396 5423 3469 5476 da
3499 5421 3578 5475 eis
3596 5418 3743 5492 quod

2156 5520 2471 5575 comedant.
2494 5520 2562 5573 Et
2589 5517 2827 5573 faciebat
2854 5516 2935 5572 eis
2951 5533 3121 5572 unam
3145 5513 3473 5577 orationem,
3487 5514 3534 5574 *1
3545 5514 3673 5576 πθ
3688 5513 3746 5563 et

2154 5608 2475 5665 dimittebat
2484 5606 2840 5674 eos.Quando
2855 5611 3046 5662 autem
3060 5603 3445 5660 dicebat:Sunt
3461 5598 3741 5670 Jerosoly-

2154 5699 2376 5773 mitani,
2406 5698 2638 5757 sedebat
2655 5713 2759 5779 per
2784 5701 2965 5756 totam
2986 5700 3231 5769 noctem,
3255 5696 3314 5749 et
3338 5690 3419 5749 eis
3437 5687 3656 5750 dicebat
3672 5701 3739 5751 ea
