3910 6394
229 357 370 416 1125

1496 359 1840 415 HISTORIA
1878 358 2251 415 LAUSIACA.

3362 357 3498 417 1126

220 500 350 555 quae
380 483 665 555 pertinent
694 482 764 537 ad
796 481 1055 537 salutem.
1092 482 1301 537 Sedens
1318 498 1450 552 ergo
1482 482 1578 536 illo
1599 484 2133 554 vespereAquoque
2161 483 2220 537 in
2246 498 2446 537 manus
2464 482 2568 537 Dei
2593 498 2758 538 suum
2785 481 3199 538 commendavit
3215 481 3497 554 spiritum.

217 588 421 627 omnes
457 572 692 627 accersit
722 588 978 641 magnus.
1016 572 1269 643 Cumque
1297 572 1485 626 nullus
1514 572 1565 625 ei
1594 572 1822 626 dixisset

218 662 375 732 quod
404 678 609 716 nomen
638 660 872 715 haberet
900 660 1281 727 scholasticus,
1322 678 1449 715 cum
1483 678 1641 715 serus
1675 667 1823 716 esset

215 766 441 821 vesper,
458 756 619 805 vocat
647 767 775 805 eum
797 751 987 805 dicens
1018 770 1028 805 :
1052 750 1266 821 Eulogi,
1286 750 1503 820 Eulogi,
1524 749 1719 821 Eulogi
1738 769 1749 818 ;
1766 757 1823 805 et

216 854 352 892 cum
382 844 468 893 ter
497 840 916 909 proclamasset,
949 844 1007 893 et
1034 839 1395 893 scholasticus
1425 838 1691 907 Eulogius
1710 856 1822 893 non

214 928 625 999 respondisset,
662 935 867 999 putans
906 929 1148 998 aliquem
1177 928 1350 982 alium
1379 928 1562 982 vocari
1593 928 1695 982 hoc
1719 945 1821 982 no-

215 1016 397 1081 mine,
416 1016 549 1070 dicit
577 1017 627 1071 ei
656 1034 896 1087 magnus
917 1017 1067 1071 :Tibi
1089 1017 1231 1083 dico,
1256 1017 1471 1087 Eulogi,
1497 1017 1591 1087 qui
1621 1017 1820 1071 venisti

216 1105 294 1159 ab
324 1105 680 1161 Alexandria.
704 1107 860 1160 Tunc
881 1106 932 1160 ei
962 1106 1097 1160 dicit
1132 1106 1430 1175 Eulogius:
1467 1106 1610 1169 Quid
1632 1106 1816 1175 jubes,

1975 573 2116 626 Cum
2146 587 2277 642 ergo
2307 572 2595 643 aliquanto
2617 578 2869 643 tempore
2901 577 3154 627 versatus
3183 576 3333 626 esset
3359 573 3499 627 Cro-

1903 660 2030 714 nius
2060 661 2207 714 circa
2237 661 2357 715 loca
2384 660 2995 727 Thebaidis,descendit
3012 661 3071 715 in
3089 660 3501 715 monasterium

1902 750 2273 816 Alexandriae,
2297 755 2354 803 et
2382 750 2583 804 accidit
2611 755 2677 804 ut
2702 750 2852 805 beati
2881 751 3107 821 quidem
3140 749 3360 819 Eulogii
3385 747 3500 803 obi-

1904 844 1995 893 tus
2026 856 2059 892 a
2088 838 2437 894 fraternitate
2461 839 2839 894 celebraretur
2865 838 3327 911 quadragesimus
3356 837 3495 905 dies,

1903 929 2087 983 manci
2116 935 2306 983 autem
2326 929 2547 983 tertius.
2586 929 2728 984 Cum
2758 930 2862 983 hoc
2887 945 3019 999 ergo
3046 928 3330 982 didicisset
3359 927 3497 981 Cro-

1902 1018 2053 1085 nius,
2084 1018 2404 1089 obstupuit;
2441 1024 2496 1071 et
2520 1024 2809 1089 acceptum
2840 1017 3220 1087 Evangelium,
3246 1020 3311 1070 ut
3329 1016 3501 1070 fidem

1903 1106 2176 1161 haberent
2201 1107 2513 1172 audientes,
2541 1107 2730 1177 posuit
2750 1108 2809 1160 in
2833 1106 3016 1160 medio
3046 1106 3314 1172 fratrum;
3335 1110 3393 1159 et
3417 1104 3499 1159 eis

216 1194 451 1265 quaeso?
470 1194 615 1248 Dicit
640 1194 691 1248 ei
719 1211 957 1265 magnus
982 1213 992 1246 :
1019 1194 1161 1258 Quid
1179 1195 1285 1249 huc
1301 1195 1539 1248 venisti?
1568 1195 1820 1266 Respon-
1897 1196 2129 1265 juravit,
2151 1212 2388 1250 narrans
2410 1195 2599 1265 magni
2618 1196 2849 1250 Antonii
2869 1196 2937 1250 de
2962 1196 3050 1249 his
3070 1194 3496 1265 praescientiam,

220 1283 315 1337 dit
341 1283 392 1337 ei
422 1283 705 1354 Eulogius,
736 1283 927 1337 dicens
961 1301 971 1335 :
1003 1284 1110 1347 Qui
1156 1283 1258 1338 tibi
1301 1284 1566 1337 revelavit
1617 1300 1822 1339 nomen
1903 1292 1960 1339 et
1988 1285 2056 1339 de
2086 1284 2346 1339 omnibus
2378 1300 2500 1354 quae
2543 1285 2883 1350 acciderunt,
2927 1290 2985 1339 et
3018 1285 3210 1339 dicens
3240 1297 3251 1332 :
3286 1284 3503 1338 Horum

216 1389 435 1437 meum,
471 1388 591 1426 rem
617 1389 839 1443 quoque
886 1376 1116 1444 pr0pter
1158 1389 1326 1443 quam
1360 1373 1486 1427 veni
1534 1374 1817 1429 revelavit.
1901 1390 2036 1444 ergo
2070 1373 2365 1429 verborum
2394 1372 2474 1427 fui
2511 1373 2809 1445 interpres,
2838 1389 2965 1427 cum
2995 1372 3194 1427 beatus
3224 1372 3502 1427 Antonius

218 1461 374 1516 Dicit
392 1461 443 1515 ei
474 1466 698 1516 sanctus
722 1461 999 1516 Antonius
1023 1478 1035 1515 :
1056 1462 1235 1516 Didici
1252 1478 1425 1533 quare
1446 1462 1650 1516 venisti
1673 1481 1687 1530 ;
1722 1462 1819 1517 sed
1903 1463 2091 1516 Graece
2105 1464 2363 1527 nesciret;
2383 1478 2487 1533 ego
2508 1478 2636 1516 vero
2648 1462 2891 1517 sciebam
2910 1466 3208 1533 utramque
3222 1462 3498 1531 linguam,

218 1549 316 1603 dic
339 1566 527 1604 coram
560 1549 846 1613 fratribus,
881 1554 946 1603 ut
991 1549 1097 1620 ipsi
1142 1567 1364 1621 quoque
1403 1550 1653 1604 audiant.
1704 1551 1826 1604 Jus-
1908 1555 1964 1605 et
1987 1551 2069 1605 eis
2088 1568 2213 1605 sum
2239 1550 2856 1623 interpretatus,beatis
2878 1550 3102 1621 quidem
3124 1550 3384 1622 deinceps
3406 1566 3506 1621 per

219 1654 324 1693 sus
380 1647 572 1694 autem
625 1656 659 1693 a
701 1655 904 1709 magno
949 1639 1233 1709 Eulogius,
1276 1639 1415 1693 dixit
1471 1656 1661 1694 coram
1710 1656 1827 1693 om-
1908 1640 2116 1694 Christi
2135 1641 2731 1710 gratiaszulogioet
2750 1656 2984 1711 corpore
3004 1640 3267 1694 mutilata
3288 1640 3501 1708 Graece,

220 1726 416 1783 nibus.

298 1870 462 1925 Hunc
491 1872 814 1927 mutilatum
851 1872 1035 1927 inveni
1065 1889 1167 1943 ego
1189 1872 1247 1926 in
1278 1872 1396 1926 foro
1426 1873 1738 1944 projectum
1771 1876 1828 1927 et

220 1960 511 2031 neglectui
535 1961 808 2016 habitum.
842 1962 975 2028 Eius
1003 1968 1191 2016 autem
1207 1962 1487 2029 misertus,
1507 1963 1685 2017 Deum
1702 1978 1827 2016 sum

224 2055 496 2120 precatus
515 2056 579 2105 ut
598 2051 758 2105 daret
779 2051 919 2105 mihi
947 2051 1266 2121 gratiamin
1287 2052 1470 2122 ipsum
1488 2052 1822 2113 tolerantiae.

229 2144 292 2193 et
314 2138 471 2193 illum
488 2140 783 2211 assumpsi.
801 2141 1098 2195 Dexteram
1122 2157 1342 2212 quoque
1363 2141 1491 2195 dedi
1510 2141 1644 2207 Deo,
1679 2141 1826 2211 quod

228 2228 295 2281 in
320 2226 515 2283 morbo
544 2230 666 2299 ejus
696 2246 889 2283 curam
912 2246 1127 2300 geram,
1157 2236 1222 2283 ut
1267 2235 1323 2283 et
1359 2246 1461 2299 ego
1500 2246 1602 2301 per
1642 2230 1828 2301 ipsum

226 2317 423 2371 salvus
437 2318 584 2385 fiam,
609 2318 793 2390 etipse
814 2336 849 2372 a
864 2336 953 2372 me
975 2325 1277 2374 recreetur.
1302 2320 1447 2374 Sunt
1470 2325 1658 2373 autem
1671 2319 1845 2389 quin-â€˜

226 2408 416 2463 decim
445 2410 579 2463 anni
607 2426 675 2463 ex
702 2427 811 2481 quo
836 2410 1005 2464 simul
1032 2410 1499 2476 versamur,sicut
1526 2410 1695 2463 etiam
1716 2416 1829 2464 tua}

227 2498 521 2552 sanctitati
549 2499 794 2553 revelata
821 2505 954 2553 sunt
978 2500 1188 2553 omnia.
1215 2499 1321 2553 Sed
1345 2500 1531 2553 nescio
1561 2499 1829 2570 quidnam

226 2587 372 2641 mali
401 2604 435 2641 a
462 2605 552 2643 me
585 2606 799 2660 passus,
824 2594 951 2660 post
966 2594 1051 2643 tot
1078 2605 1255 2643 annos
1286 2605 1373 2643 me
1403 2576 1622 2642 summe
1648 2594 1827 2656 vexat,

227 2680 293 2730 et
321 2676 379 2729 in
408 2678 594 2731 animo
619 2678 794 2733 habui
813 2678 996 2749 ipsum
1031 2679 1251 2749 ejicere,
1272 2680 1393 2750 ipso
1421 2696 1510 2733 me
1533 2679 1602 2732 ad
1621 2678 1725 2732 hoc
1747 2695 1834 2732 co-

225 2771 423 2837 gente.
458 2767 537 2820 Ea
556 2767 624 2821 de
645 2784 813 2822 causa
827 2767 952 2821 veni
966 2768 1035 2821 ad
1048 2774 1205 2822 tuam
1220 2768 1597 2834 sanctitatem,
1614 2773 1677 2822 ut
1697 2767 1834 2821 mihi

228 2856 494 2909 consulas
524 2856 791 2927 quidnam
820 2857 1054 2911 debeam
1083 2857 1282 2925 facere,
1338 2863 1396 2912 et
1418 2875 1543 2912 ores
1576 2874 1677 2929 pro
1703 2874 1792 2911 me
1816 2875 1829 2925 ;

229 2959 328 2997 me
354 2943 505 2999 enim
532 2950 695 2999 vexat
716 2946 983 3016 graviter.

279 3068 327 3122 D
337 3068 431 3122 Icit
442 3068 492 3123 ei
506 3086 744 3141 magnus
758 3071 1037 3125 Antonius
1050 3072 1208 3143 gravi
1224 3076 1281 3126 et
1293 3077 1515 3126 austera
1528 3072 1835 3143 voce:Abji-

1908 1744 2030 1798 qua:
2051 1744 2085 1781 a
2107 1745 2311 1799 magno
2340 1729 2489 1782 dicta
2517 1734 2681 1799 sunt;
2702 1728 2808 1799 ipsi
2828 1734 3017 1782 autem
3036 1733 3230 1782 sancto
3254 1732 3309 1781 et
3339 1726 3502 1783 beato

1841 1832 1889 1893 Î’
1909 1832 2225 1888 magnoque
2252 1817 2496 1871 Antonio
2522 1816 2870 1887 IEgyptiace,
2928 1833 3051 1888 quae
3087 1815 3234 1871 dicta
3274 1820 3408 1871 sunt
3435 1815 3506 1872 ab

1908 1910 2164 1977 utroque.

2451 1995 2684 2050 CAPUT
2708 1996 2930 2051 XXVII.

1982 2087 2055 2140 De
2092 2088 2546 2154 contemplatione
2568 2102 2737 2153 quam
2766 2086 2906 2139 vidit
2934 2086 3097 2139 abbas
3133 2087 3429 2141 Antonius.

1983 2175 2101 2228 Hoc
2123 2191 2344 2245 quoque
2374 2174 2625 2228 narravit
2653 2174 2890 2229 Cronius
2918 2174 3015 2228 illa
3042 2180 3204 2229 nocte
3235 2190 3507 2245 magnum

1911 2263 1990 2317 eis
2022 2281 2279 2318 narrasse
2311 2264 2619 2318 Antonium
2647 2283 2663 2320 :
2703 2264 2837 2333 Ego,
2861 2262 3068 2330 aiebat,
3101 2280 3249 2319 anno
3286 2265 3508 2334 integro

1911 2370 2202 2407 oraveram
2230 2359 2295 2407 ut
2316 2353 2659 2407 revelaretur
2677 2352 2814 2406 mihi
2834 2352 2987 2407 locus
3002 2354 3287 2424 justorum
3309 2360 3365 2408 et
3384 2369 3511 2425 pec-

1913 2442 2389 2511 catorum(Supra
2407 2445 2443 2495 Î¹.
2465 2459 2500 2508 1,
2519 2445 2581 2495 in
2610 2443 2725 2496 Vita
2746 2442 2803 2497 S.
2830 2443 3081 2508 Antonii,
3106 2460 3151 2497 Î¿.
3179 2441 3504 2510 38;Pasch.,

1913 2549 1958 2586 Î¿.
1990 2530 2151 2599 19,jn.
2176 2530 2589 2599 1}).Vidiautem
2604 2530 2891 2600 gigantem
2908 2532 3132 2601 nigrum
3150 2532 3506 2600 altissimum,

1917 2622 2013 2691 qui
2042 2621 2113 2675 ad
2135 2619 2310 2674 nubes
2329 2637 2506 2691 usque
2524 2618 2896 2691 pertingebat,
2924 2620 3167 2675 habebat
3186 2631 3376 2676 autem
3394 2638 3514 2676 ma-

1915 2727 2021 2764 nus
2060 2710 2131 2763 ad
2156 2710 2357 2764 caelum
2398 2727 2577 2780 usque
2623 2716 2918 2777 extensas;
2968 2710 3114 2764 infra
3148 2716 3339 2765 autem
3387 2716 3514 2766 erat

1916 2800 2070 2854 lacus
2108 2800 2203 2870 qui
2232 2815 2387 2853 mare
2414 2798 2673 2869 aequabat
2691 2799 3099 2868 magnitudine.
3130 2800 3258 2854 Vidi
3290 2816 3515 2872 quoque.

1915 2889 2132 2943 animas
2160 2894 2431 2960 tanquam
2459 2904 2587 2942 aves
2617 2904 2841 2942 sursum
2861 2889 3144 2958 volantes;
3173 2895 3231 2943 et
3250 2905 3516 2960 quaecun-

1917 2996 2025 3049 que
2055 2978 2279 3049 quidem
2308 2980 2430 3048 ejus
2452 2994 2652 3032 manus
2672 2983 2729 3031 et
2749 2984 2920 3048 caput
2937 2978 3387 3049 supervolabant,
3401 2994 3516 3033 ser-

1919 3067 2191 3122 vabantur
2219 3067 2289 3122 ab
2316 3068 2530 3139 angelis
2556 3086 2569 3135 ;
2623 3084 2745 3138 quae
2776 3072 2964 3122 autem
2996 3084 3032 3121 a
3076 3067 3338 3122 manibus
3387 3069 3512 3138 ejus

224 3156 348 3211 cias
364 3162 426 3211 tu
448 3175 598 3226 eum,
624 3160 847 3230 Eulogi?
866 3166 923 3215 at
941 3161 1036 3231 qui
1057 3178 1186 3215 eum
1203 3161 1411 3215 creavit
1429 3178 1536 3215 non
1553 3162 1831 3232 abjicit.Si
1849 3152 1892 3212 C
1916 3156 2370 3222 verberabantur,
2406 3155 2727 3211 incidebant
2754 3157 2811 3210 in
2842 3156 3045 3211 lacum.
3079 3156 3165 3211 Ad
3200 3173 3291 3211 me
3319 3156 3513 3227 itaque

224 3252 295 3301 tu
318 3263 446 3301 eum
464 3247 677 3320 abjicis,
692 3250 841 3304 Deus
861 3250 912 3303 ei
923 3250 1184 3304 excitabit
1202 3256 1258 3305 te
1277 3250 1561 3305 meliorem
1586 3251 1681 3322 qui
1702 3268 1833 3307 eum

228 3336 483 3406 colligat.
534 3337 815 3392 Conticuit
848 3339 1136 3409 Eulogius,
1166 3344 1223 3392 et
1271 3340 1532 3393 extimuit
1558 3356 1687 3393 cum
1716 3340 1833 3393 haec

227 3426 525 3481 audiisset.
554 3426 769 3480 Relicto
799 3432 988 3480 autem
1014 3426 1271 3498 Eulogio,
1296 3444 1539 3497 magnus
1554 3428 1832 3483 Antonius

226 3514 434 3586 incipit
446 3513 637 3585 lingua
657 3515 943 3584 ï¬‚agellare
963 3516 1307 3583 mutilatum,
1333 3522 1390 3570 et
1406 3517 1477 3570 ad
1499 3533 1630 3571 eum
1649 3517 1830 3571 excla-

227 3620 393 3659 mare
415 3624 429 3661 :
456 3604 726 3668 Mutilate,
748 3606 1021 3659 maculate
1037 3603 1122 3672 (63
1130 3620 1166 3672 ),
1191 3611 1344 3660 terra
1357 3607 1561 3660 etcoclo
1578 3606 1827 3676 indigne,

228 3710 351 3747 non
377 3709 558 3746 cessas
587 3709 714 3747 cum
746 3693 860 3747 Deo
884 3710 1151 3764 pugnare,
1186 3699 1243 3746 et
1260 3698 1423 3747 tuum
1451 3693 1680 3748 fratrem
1705 3693 1832 3747 irri-

228 3782 402 3837 tare?
432 3782 622 3836 Nescis
651 3798 771 3836 esse
793 3782 1079 3837 Christum
1102 3782 1197 3853 qui
1225 3782 1327 3836 tibi
1344 3783 1667 3837 ministrat?
1685 3783 1834 3847 Quo-

230 3872 407 3927 modo
435 3871 607 3926 audes
627 3872 745 3926 haec
762 3872 916 3943 loqui
937 3873 1202 3926 adversus
1213 3873 1533 3927 Christum?
1560 3873 1686 3927 Non
1710 3890 1835 3944 pro-

232 3966 369 4034 pter
395 3961 680 4016 Christum
701 3978 760 4015 se
781 3967 877 4015 tuo
899 3962 1235 4033 mancipavit
1257 3962 1676 4017 servitio?Cum
1700 3979 1832 4034 ergo

234 4067 373 4105 eum
404 4067 622 4122 quoque
670 4050 851 4104 verbis
902 4052 1237 4106 coercuisset
1271 4051 1707 4121 increpantibus,
1740 4069 1835 4107 eos

235 4139 506 4205 dimittit;
540 4146 747 4194 etcum
778 4140 1132 4194 disseruisset
1179 4157 1306 4194 cum
1351 4140 1617 4194 fratribus
1662 4142 1731 4195 de
1765 4141 1835 4195 iis

237 4245 370 4300 quae
393 4234 553 4283 erant
581 4227 881 4299 unicuique
912 4230 1244 4295 necessaria,
1291 4247 1486 4284 rursus
1524 4230 1737 4284 accedit
1765 4231 1835 4285 ad

237 4318 543 4388 Eulogium
560 4323 615 4372 et
636 4318 977 4386 mutilatum,
997 4324 1054 4373 et
1078 4319 1213 4373 dicit
1235 4319 1315 4373 eis
1339 4339 1353 4373 :
1376 4321 1459 4374 Ne
1481 4336 1717 4391 usquam
1737 4320 1841 4374 im-

237 4407 560 4473 moremini,
587 4425 620 4462 o
643 4406 864 4473 fratres,
888 4408 985 4462 sed
1005 4407 1154 4463 abite
1172 4410 1230 4463 in
1255 4426 1409 4480 pace,
1429 4414 1486 4463 et
1514 4426 1584 4463 ne
1604 4410 1841 4464 invicem

1913 3262 2019 3300 vox
2050 3246 2322 3316 pervenit,
2356 3262 2477 3316 quae
2506 3243 2727 3299 dicebat
2758 3263 2770 3298 :
2804 3246 2955 3309 Quas
2981 3245 3135 3300 vides
3166 3245 3385 3300 animas
3413 3244 3511 3301 su-

1914 3336 2228 3407 pervolasse
2274 3341 2446 3406 caput
2497 3334 2745 3405 gigantis
2773 3340 2831 3388 et
2862 3336 2983 3404 ejus
3011 3350 3230 3400 manus,
3271 3350 3350 3390 em
3377 3340 3513 3391 sunt

1914 3425 2117 3479 anima:
2137 3425 2441 3494 justorum,
2470 3440 2591 3494 quae
2621 3423 2848 3494 quidem
2879 3423 2949 3477 ab
2984 3424 3199 3493 angelis
3217 3428 3513 3479 servantur

1912 3514 1969 3568 in
2002 3514 2259 3586 paradiso
2282 3532 2293 3566 :
2317 3529 2442 3584 qua:
2459 3518 2646 3566 autem
2668 3528 2703 3566 a
2726 3512 2986 3567 manibus
3011 3513 3160 3583 nigri
3186 3513 3513 3585 percutiun-

1910 3610 2025 3671 tur,
2051 3621 2129 3658 eae
2157 3604 2213 3657 in
2240 3604 2458 3657 inferno
2479 3603 2903 3673 demerguntur.
2930 3603 3062 3667 Quae
3077 3602 3304 3674 quidem
3333 3608 3513 3657 attra-

1914 3699 2016 3748 ctae
2043 3694 2271 3748 fuerunt
2281 3709 2313 3746 a
2332 3692 2618 3747 voluntate
2642 3693 2845 3758 carnis,
2868 3697 2926 3746 et
2939 3692 3127 3747 odium
3141 3696 3344 3747 secutae
3355 3697 3507 3762 sunt,

1916 3789 1976 3838 et
2003 3783 2309 3837 referendae
2334 3782 2554 3853 injuriae
2575 3782 2959 3853 cupiditatem.

2443 3872 2689 3926 CAPUT
2729 3872 2979 3926 XXVIII.

2206 3963 2321 4016 Vita
2344 3962 2555 4015 abbatis
2588 3964 2752 4015 Pauli
2780 3962 3061 4029 Simplicis
3089 3956 3220 4030 (65).

1987 4050 2248 4106 Narravit
2274 4057 2463 4105 autem
2484 4056 2711 4105 sanctus
2741 4050 2949 4104 Christi
2980 4066 3174 4104 servus
3199 4049 3423 4119 Hierax,
3458 4056 3518 4107 et

1918 4142 2175 4205 Cronius,
2191 4146 2247 4195 et
2268 4141 2456 4212 plures
2472 4140 2569 4194 alii
2598 4157 2664 4194 ex
2679 4139 2949 4194 fratribus
2965 4156 3033 4194 ea
3051 4156 3173 4211 quae
3196 4156 3321 4194 sum
3339 4141 3516 4196 dictu-

1921 4247 2017 4285 rus
2048 4232 2232 4298 (Ru/lâ€˜.,
2262 4232 2300 4284 Î¹.
2340 4243 2402 4294 Î¹Î¹,
2440 4246 2484 4283 c.
2515 4227 2623 4296 31),
2657 4230 2805 4299 quod
2836 4228 3063 4300 quidam
3100 4234 3286 4295 Ï„ÎµÏ…
3308 4230 3515 4285 Paulus

1921 4320 2160 4390 agrestis
2182 4318 2749 4390 agricola,insigniter
2764 4318 3032 4373 innocens
3053 4318 3369 4374 etmoribus
3388 4319 3519 4374 sim-

1921 4409 2068 4480 plex,
2111 4425 2340 4464 uxorem
2386 4408 2623 4462 duxerat
2680 4408 2973 4462 mulierem
3028 4407 3514 4476 formosissimam,

238 4496 866 4568 scparemini,deposita
881 4499 1035 4553 omni
1058 4499 1316 4553 molestia
1336 4516 1505 4570 quam
1525 4499 1679 4553 vobis
1694 4500 1840 4570 inje-
1855 4514 1904 4572 Î¹)
1922 4498 2020 4552 sed
2048 4496 2299 4551 moribus
2352 4495 2684 4567 improbam,
2735 4512 2858 4566 quae
2888 4495 3215 4566 longissimo
3263 4502 3520 4567 tempore

239 4586 327 4641 cit
363 4585 615 4654 daemon;
647 4593 705 4641 et
746 4604 875 4641 cum
916 4586 1063 4642 bona
1090 4588 1385 4642 dilectione
1409 4589 1754 4643 revertimini
1783 4589 1843 4643 in

239 4675 447 4730 cellam
474 4676 533 4730 in
565 4693 675 4746 qua
693 4676 1123 4748 longotempore
1146 4678 1347 4732 versati
1361 4678 1521 4745 estis;
1556 4678 1670 4744 iam
1691 4679 1843 4733 enim

240 4766 401 4821 Deus
430 4765 618 4820 mittet
635 4767 706 4820 ad
734 4783 849 4821 vos.
885 4767 1015 4822 Haec
1044 4767 1191 4821 enim
1218 4767 1456 4821 tentatio
1488 4766 1546 4820 in
1576 4784 1672 4821 vos
1701 4768 1845 4822 exci-

242 4860 373 4909 tata
398 4860 484 4909 est
511 4872 546 4909 a
575 4856 803 4922 Satana,
837 4856 1101 4927 quoniam
1122 4858 1228 4911 scit
1273 4874 1368 4911 vos
1404 4858 1524 4927 jam
1571 4856 1641 4910 ad
1673 4858 1873 4929 linem.

242 4945 589 5018 pervenisse,
622 4951 679 4999 et
695 4944 950 5000 futurum
971 4963 1091 5001 esse
1108 4952 1171 5000 ut
1186 4962 1418 5000 coronas
1448 4962 1481 4999 a
1517 4946 1739 5000 Christo
1760 4963 1847 5001 ac-

243 5033 488 5105 cipiatis,
511 5035 694 5106 ipsum
715 5052 816 5107 per
842 5041 913 5100 te,
936 5041 993 5090 et
1016 5041 1077 5090 te
1091 5053 1193 5107 per
1210 5052 1357 5090 eum.
1375 5035 1527 5091 Nihil
1549 5052 1681 5106 ergo
1692 5036 1847 5090 aliud

243 5123 629 5194 cogitaveritis
647 5165 659 5179 .
688 5124 847 5189 Quod
865 5125 913 5179 si
940 5125 1167 5180 veniens
1199 5126 1433 5196 angelus
1448 5125 1846 5179 noninvenerit

245 5231 347 5267 vos
368 5214 424 5267 in
445 5214 639 5268 eodem
664 5214 802 5280 loco,
828 5214 1080 5269 futurum
1105 5220 1191 5269 est
1206 5220 1269 5269 ut
1288 5216 1507 5269 coronis
1525 5214 1840 5286 privemini.

244 5303 377 5359 Cito
403 5319 543 5374 ergo
569 5303 902 5358 festinantes
931 5304 1170 5375 ingressi
1204 5310 1352 5371 sunt,
1399 5311 1456 5359 et
1486 5310 1759 5360 venerunt
1786 5305 1845 5359 in

242 5409 411 5448 suam
439 5393 635 5447 cellam
663 5394 935 5449 cbaritate
967 5394 1073 5461 (64)
1123 5394 1386 5465 perfecta.
1428 5395 1496 5449 Et
1524 5395 1672 5449 intra
1711 5411 1845 5466 qua-

242 5483 513 5553 draginta
538 5483 687 5549 dies,
719 5482 837 5537 obit
864 5484 1058 5539 beatus
1090 5484 1354 5554 Eulogius
1380 5484 1629 5555 migrans
1653 5484 1723 5538 ad
1744 5485 1847 5538 Do-

240 5572 487 5640 minum,
516 5578 573 5627 et
608 5573 759 5627 intra
781 5578 899 5628 tres
927 5573 1068 5628 alios
1095 5573 1212 5628 obit
1240 5573 1288 5628 is
1318 5574 1415 5645 qui
1458 5579 1580 5628 erat
1613 5589 1845 5646 corpore

242 5662 563 5741 mutilatas,
594 5663 694 5723 sed
722 5663 912 5747 anima
939 5664 1138 5722 ï¬rmus
1161 5679 1226 5722 ac
1253 5662 1536 5735 robustus,
1580 5663 1676 5739 qui
1722 5663 1843 5739 ipse

1924 4603 2158 4659 peccans
2187 4603 2315 4640 eum
2339 4585 2521 4639 latuit.
2555 4584 2872 4654 Aliquando
2897 4590 3089 4637 autem
3118 4584 3188 4638 de
3214 4584 3519 4655 improviso

1924 4692 2212 4747 regressus
2243 4692 2309 4728 ex
2331 4691 2485 4745 agro,
2509 4679 2569 4727 et
2594 4673 2882 4743 ingressus
2901 4672 3132 4727 domum
3160 4689 3341 4739 suam,
3368 4674 3521 4728 inve-

1925 4765 2011 4820 nit
2038 4781 2133 4818 eos
2162 4764 2350 4835 turpia
2366 4761 3097 4835 perpetrantes,deducente
3125 4762 3364 4817 Paulum
3393 4778 3520 4833 pro-

1924 4854 2172 4909 videntia
2199 4853 2271 4907 ad
2312 4853 2367 4907 id
2395 4853 2544 4924 quod
2574 4856 2697 4906 erat
2737 4850 2845 4905 sibi
2874 4850 3239 4906 conducibile.
3270 4852 3520 4923 Eamque

1926 4960 2053 4998 cum
2080 4943 2325 5009 vidisset,
2350 4958 2479 4996 cum
2508 4958 2576 4995 eo
2596 4957 2723 4995 cum
2764 4957 2875 5011 qua
2905 4940 3149 4996 habebat
3175 4941 3357 5013 stupri
3386 4956 3522 4997 con-

1927 5033 2303 5098 suetudinem,
2338 5032 2571 5086 honeste
2591 5047 2655 5085 ac
2681 5030 2880 5084 decore
2901 5030 3044 5097 risit,
3068 5036 3127 5086 et
3149 5031 3231 5085 eis
3250 5030 3523 5085 exclama-

1926 5123 2022 5190 vit,
2053 5123 2241 5177 dicens
2261 5141 2272 5175 :
2292 5122 2444 5175 Bene
2473 5129 2578 5185 est,
2610 5119 2753 5174 bene
2781 5125 2884 5186 est,
2910 5136 3105 5175 revera
3130 5136 3243 5174 non
3266 5124 3352 5173 est
3379 5118 3520 5174 mihi

1927 5229 2093 5268 cura}.
2122 5213 2230 5266 Per
2255 5211 2467 5279 Jesum,
2500 5227 2603 5281 ego
2632 5226 2757 5265 eam
2802 5227 2915 5264 non
2955 5209 3223 5280 accipiam
3256 5207 3518 5278 amplius,

1926 5301 2036 5369 abi,
2071 5318 2196 5356 eam
2223 5300 2323 5355 tibi
2353 5300 2497 5354 habe
2532 5305 2589 5354 et
2620 5302 2742 5370 ejus
2774 5299 2942 5364 ï¬lios;
2973 5314 3077 5367 ego
3119 5297 3269 5351 enim
3298 5297 3518 5365 recedo,

1927 5397 1985 5445 et
2014 5391 2226 5445 efficior
2256 5390 2583 5445 monachus.
2616 5390 2756 5444 Cum
2784 5386 2925 5441 nulli
2954 5391 3143 5440 autem
3171 5384 3404 5440 dixisset
3421 5386 3524 5441 ali-

1931 5480 2085 5554 quid,
2107 5480 2412 5553 pertransit
2430 5485 2554 5535 octo
2584 5478 2901 5532 mansiones
2915 5474 3049 5546 (66),
3080 5480 3138 5529 et
3156 5473 3273 5528 abit
3294 5474 3366 5529 ad
3394 5490 3522 5532 san-

1927 5576 2080 5626 ctum
2109 5570 2437 5636 Antonium,
2470 5574 2528 5623 et
2562 5567 2748 5639 pulsat
2775 5565 3000 5620 ostium.
3039 5564 3308 5636 Egressus
3328 5568 3522 5622 autem

1924 5664 2152 5718 sanctus
2166 5659 2464 5733 Antonius,
2482 5672 2612 5718 eum
2630 5657 2942 5733 interrogat
2958 5672 2969 5710 :
2988 5653 3135 5723 Quid
3153 5653 3275 5711 vis?
3295 5654 3366 5714 Et
3379 5654 3517 5729 dicit
