3910 6400
367 323 374 338 ’
467 345 612 404 1127

1571 345 1670 403 DE
1705 345 1896 404 VITIS
1933 343 2233 404 PATRUM
2267 347 2484 406 LIBER
2519 348 2672 405 VIII.
3603 335 3730 393 1128

463 472 702 528 Paulus:
723 471 860 526 Volo
880 469 1004 526 ﬁeri
1023 467 1682 544 monachusResmndet
1693 475 1745 531 ei
1759 475 2054 531 Antonius:
2079 474 2131 535 Α
2147 490 2325 531 unum
2354 475 2669 542 madefecit,
2700 476 2861 528 erant
2888 470 3040 526 enim
3070 466 3200 524 sicci
3224 484 3238 535 ;
3271 465 3356 520 illi
3387 467 3584 519 autem
3604 465 3730 518 tres

467 563 644 617 Senex
673 561 1072 632 sexagenarius
1099 576 1215 614 non
1245 565 1432 632 potest
1457 563 1546 618 hic
1573 565 1696 619 ﬁeri
1719 566 2058 632 monachus;
2145 565 2432 621 Psalmum
2462 565 2653 637 psallit
2689 561 2966 618 Antonius
3004 575 3170 631 quem
3205 561 3473 622 noverat;
3526 559 3586 608 et
3619 569 3736 607 cum

463 651 560 706 sed
579 651 767 722 potius
797 650 890 705 abi
927 650 986 704 in
1011 649 1214 717 vicum,
1248 658 1308 704 et
1336 668 1588 722 operare,
1631 659 1688 708 et
1721 655 1890 709 vitam
1923 655 2064 724 dege
2145 670 2275 708 eum
2303 653 2600 709 duodecies
2623 652 2932 716 cecinisset,
2956 647 3250 705 duodecies
3271 644 3453 701 oravit
3471 648 3538 698 ut
3553 642 3614 697 in
3640 643 3738 697 hoc

463 741 799 812 operarium,
823 741 939 794 Deo
961 757 1134 810 agens
1153 741 1386 811 gratias.
1403 743 1529 797 Non
1543 750 1702 814 potes
1723 744 1873 798 enim
1899 743 2065 798 susti-
2149 759 2372 814 quoque
2401 743 2642 798 Paulum
2664 741 2944 814 probaret.
2963 741 3140 795 Senex
3161 742 3354 791 autem
3373 733 3546 788 simul
3561 746 3744 804 preca-

463 846 600 884 nere
627 829 960 885 afflictiones
987 829 1324 884 solitudinis.
1356 831 1678 903 Respondet
1697 850 1883 899 senex,
1904 838 1960 887 et
1985 831 2068 886 di-
2148 837 2242 886 tus
2269 839 2355 887 est
2382 833 2504 904 ipso
2544 848 2750 903 magno
2782 829 3026 885 Antonio
3053 825 3369 900 promptius
3398 829 3456 878 et
3483 821 3740 876 alacrius.

463 919 541 974 cit
573 935 585 972 :
613 919 672 974 Si
693 919 828 992 quid
857 936 948 974 me
968 918 1244 985 docueris,
1278 919 1418 974 illud
1435 920 1656 979 faciam.
1689 923 1838 977 Dicit
1867 922 1920 976 ei
1947 923 2066 976 An-
2153 921 2390 978 Malebat
2423 922 2596 989 enim,
2626 927 2691 976 ut
2721 919 2982 985 arbitror,
3023 931 3252 990 pascere
3279 912 3546 984 scorpios,
3579 925 3746 987 quam

463 1009 655 1064 tonius
684 1025 696 1062 :
725 1009 850 1064 Dixi
870 1009 974 1063 tibi
1001 1013 1056 1063 te
1089 1015 1210 1063 esse
1240 1025 1452 1076 senem,
1482 1016 1540 1065 et
1588 1028 1700 1066 non
1729 1028 1896 1084 posse
1943 1027 2066 1066 esse
2152 1027 2267 1067 una
2286 1012 2470 1066 vivere
2489 1028 2618 1066 cum
2649 1009 2926 1064 adultera.
2950 1008 3084 1062 Post
3099 1003 3390 1060 duodecim
3412 1005 3605 1055 autem
3631 1015 3751 1053 ora-

465 1098 834 1166 monachum;
857 1097 962 1152 abi.
1008 1097 1067 1152 Si
1089 1097 1240 1152 enim
1263 1098 1346 1152 vis
1369 1115 1491 1154 esse
1517 1101 1844 1168 monachus,
1879 1101 2072 1170 ingre-
2149 1101 2356 1168 tiones,
2373 1102 2550 1156 Paulo
2571 1099 2706 1154 dicit
2734 1114 2974 1170 magnus
3001 1093 3278 1150 Antonius
3309 1111 3323 1148 :
3356 1090 3520 1158 Sede,
3541 1087 3750 1160 inquit,

467 1187 600 1242 dere
623 1187 940 1242 coenobium
969 1186 1066 1242 ubi
1093 1193 1227 1242 sunt
1248 1190 1564 1260 complures
1579 1189 1782 1244 fratres
1812 1190 1908 1262 qui
1940 1206 2072 1261 pos-
2153 1197 2212 1246 et
2236 1207 2307 1246 ne
2325 1190 2585 1246 comedas
2597 1205 2775 1261 usque
2787 1188 2856 1243 ad
2868 1201 3152 1258 vesperam
3173 1202 3186 1252 ;
3210 1182 3308 1238 sed
3326 1181 3510 1235 solum
3523 1177 3750 1233 attende

468 1281 604 1332 sunt
633 1281 792 1331 tuam
823 1277 968 1331 ferre
998 1275 1462 1330 imbecillitatem.
1488 1278 1598 1348 Ego
1619 1279 1768 1332 enim
1799 1278 1950 1332 solus
1984 1277 2076 1332 hic
2153 1280 2470 1336 esculentis.
2521 1280 2662 1334 Cum
2709 1283 2898 1333 autem
2943 1275 3143 1330 fuisset
3171 1287 3420 1344 vespera,
3453 1273 3514 1324 et
3544 1267 3749 1323 Paulus

2153 1387 2267 1426 non
2297 1368 2650 1434 comedisset,
2704 1367 2845 1421 dixit
2875 1365 2926 1420 ei
2968 1363 3242 1420 Antonius
3275 1380 3286 1416 :
3313 1361 3514 1431 Surge,
3545 1375 3666 1426 ora,
3697 1363 3754 1412 et

2155 1459 2356 1514 dormi.
2384 1459 2484 1514 Ille
2514 1463 2703 1512 autem
2735 1473 2929 1511 mensa
2955 1453 3150 1508 relicta
3165 1451 3246 1506 sic
3260 1450 3408 1506 fecit.
3440 1448 3631 1504 Media
3650 1463 3752 1502 au-

468 1366 660 1434 sedeo,
693 1367 944 1437 quinque
973 1365 1192 1420 dierum
1221 1367 1402 1437 spatio
1429 1366 1724 1438 interjecto
1753 1368 2069 1433 comedens,

468 1454 640 1526 idque
668 1453 940 1509 esuriens.
989 1454 1090 1508 His
1119 1471 1252 1526 ergo
1292 1455 1472 1510 verbis
1501 1457 1739 1511 Paulum
1789 1455 2068 1526 abigebat.

470 1543 780 1614 Postquam
801 1547 992 1598 autem
1017 1559 1146 1598 eum
1171 1560 1285 1598 non
1303 1544 1548 1611 admisit,
1573 1547 1761 1600 clauso
1783 1547 1926 1600 ostio
1954 1547 2072 1600 An-
2153 1554 2271 1603 tem
2299 1554 2462 1603 nocte
2490 1546 2752 1602 excitavit
2771 1561 2898 1600 eum
2924 1543 2995 1598 ad
3019 1542 3350 1606 orationem,
3386 1545 3444 1594 et
3471 1553 3656 1610 usque
3682 1537 3752 1591 ad

471 1633 660 1687 tonius
685 1632 866 1688 tribus
893 1632 1090 1687 diebus
1120 1633 1268 1687 foras
1291 1651 1404 1688 non
1436 1639 1522 1689 est
1539 1651 1814 1706 egressus,
1842 1639 2074 1706 propter
2153 1638 2352 1692 horam
2381 1653 2590 1691 nonam
2615 1634 2879 1707 produxit
2897 1632 3196 1687 orationes.
3215 1630 3410 1684 Mensa
3428 1632 3752 1682 autemrur-

469 1721 767 1794 ipsum,ne
786 1722 1012 1792 quidem
1027 1722 1098 1776 ad
1125 1723 1488 1778 necessitates
1509 1741 1658 1779 suas.
1681 1725 1860 1780 Senex
1879 1730 2072 1779 autem
2155 1743 2252 1781 sus
2282 1725 2541 1798 apposita
2568 1741 2696 1778 cum
2745 1727 2804 1777 et
2850 1738 3047 1776 rursus
3083 1718 3376 1774 cecinisset
3416 1721 3477 1770 et
3514 1719 3750 1780 orasset,

470 1812 782 1884 permansit
799 1828 911 1866 non
939 1812 1226 1868 recedens.
1259 1814 1471 1878 Quarto
1500 1830 1631 1868 vero
1661 1813 1752 1868 die
1784 1831 1908 1870 cum
1942 1830 2072 1868 eum
2092 1811 2139 1872 B
2157 1832 2285 1870 sero
2314 1830 2545 1886 vespere
2572 1811 2840 1866 sederunt
2877 1809 2948 1864 ad
2977 1807 3408 1864 comedendum.
3446 1805 3594 1860 Cum
3625 1819 3751 1874 ergo

471 1907 755 1974 premeret
783 1901 1102 1968 necessitas,
1136 1908 1330 1974 aperto
1382 1903 1526 1957 ostio
1559 1920 1816 1974 egressus
1849 1908 1953 1959 est.
2004 1905 2074 1958 Et
2153 1899 3205 1974 comedissetmagnusAntoniusunum
3218 1891 3751 1968 paxamatem,aliud

470 2005 599 2044 cum
622 2007 818 2045 rursus
836 1990 1066 2044 vidisset
1091 1991 1349 2057 Paulum,
1383 1991 1435 2046 ei
1465 1991 1600 2046 dicit
1633 2011 1644 2046 :
1673 1991 1780 2046 Abi
1800 1993 1949 2060 hinc,
1981 2009 2072 2046 se-
2153 2010 2268 2050 non
2296 1993 2505 2064 tetigit.
2540 1992 2719 2046 Senex
2762 1995 2952 2045 autem
2980 1987 3276 2043 comedens
3302 1984 3545 2050 tardius,
3575 1982 3752 2038 adhuc

471 2097 598 2134 nex.
631 2079 777 2144 Quid
807 2079 947 2134 mihi
967 2096 1027 2134 es
1054 2079 1364 2135 molestus?
1380 2097 1493 2134 non
1522 2086 1681 2152 potes
1703 2081 1794 2136 hic
1822 2098 2070 2136 manere.
2153 2083 2386 2140 tenebat
2404 2080 2788 2155 paxamidium
2807 2079 2955 2151 quod
2979 2081 3222 2150 ceperat.
3237 2073 3752 2147 Exspectabatergo

473 2167 624 2223 Dicit
651 2167 703 2222 ei
732 2168 974 2222 Paulus:
1009 2167 1159 2222 Fieri
1179 2183 1291 2222 non
1315 2174 1501 2241 potest
1523 2174 1589 2224 ut
1617 2185 1720 2240 ego
1741 2170 1877 2224 alibi
1905 2187 2076 2241 quam
2157 2173 2436 2229 Antonius
2457 2172 2633 2227 donec
2658 2169 2998 2242 perfecisset,
3023 2172 3082 2222 ct
3105 2165 3240 2221 dicit
3252 2165 3302 2220 ei
3326 2184 3338 2219 :
3367 2162 3637 2228 Comede,
3660 2178 3754 2233 pa-

473 2257 567 2311 hic
591 2257 821 2311 moriar.
855 2257 998 2312 Cum
1019 2257 1325 2328 aspexisset
1361 2263 1552 2312 autem
1583 2259 1880 2326 Antonius,
1915 2265 1973 2314 et
1994 2259 2077 2312 vi-
2107 2309 2116 2321 ,
2157 2263 2389 2326 tercule,
2416 2261 2588 2316 etiam
2607 2276 2784 2315 unum
2801 2257 2951 2312 aliud
2969 2254 3365 2328 paxamidium.
3384 2251 3755 2308 DiciteiPau-

475 2345 650 2401 disset
667 2363 796 2400 eum
825 2361 938 2400 non
957 2345 1104 2400 ferre
1121 2362 1189 2400 ea
1207 2363 1332 2418 qua:
1350 2353 1483 2402 sunt
1496 2347 1567 2402 ad
1589 2347 1796 2402 victum
1817 2363 2075 2402 necessa-
2159 2353 2248 2407 lus
2299 2371 2310 2406 :
2373 2351 2432 2407 Si
2488 2355 2550 2406 tu
2607 2347 2886 2415 comedas,
2935 2362 3038 2417 ego
3085 2360 3306 2417 quoque
3343 2341 3670 2408 comedam;
3701 2346 3753 2396 te

475 2436 580 2504 ria,
609 2451 724 2490 non
751 2451 976 2506 panem,
1006 2451 1121 2490 non
1155 2452 1381 2506 aquam,
1414 2453 1528 2492 non
1571 2437 1785 2509 aliquid
1812 2438 1985 2502 aliud,
2021 2443 2080 2492 et

468 2527 590 2597 jam
623 2531 890 2597 quartum
919 2525 1067 2580 diem
1097 2541 1483 2596 perseverasse
1506 2527 1787 2598 jejunum,
1813 2527 2078 2598 cogitavit

475 2615 626 2687 apud
648 2632 732 2670 se:
749 2616 832 2670 Ne
854 2615 994 2670 forte
1009 2614 1377 2684 moriatur,ut
1388 2615 1484 2686 qui
1500 2632 1609 2670 non
1633 2616 1708 2670 sit
1729 2623 1987 2671 assuetus
1997 2617 2080 2686 je-

471 2707 764 2778 junare,et
773 2721 956 2760 meam
969 2705 1216 2760 maculet
1228 2705 1496 2760 animam.
1506 2706 1645 2766 Eum
1659 2721 1792 2776 ergo
1807 2705 2074 2760 admittit.

478 2794 636 2848 Tunc
672 2793 724 2848 ei
751 2793 887 2848 dicit
903 2793 1213 2848 Antonius:
1246 2793 1412 2849 Potes
1428 2811 1550 2849 esse
1579 2777 1765 2850 salvus
1793 2795 1840 2849 si
1871 2793 2080 2850 habeas

481 2881 880 2949 obedientiam,
898 2887 956 2936 et
975 2881 1123 2954 quod
1151 2897 1186 2936 a
1211 2899 1301 2937 me
1315 2883 1560 2938 audieris
1575 2884 1680 2938 hoc
1690 2865 1913 2938 feceris.
1931 2885 2079 2940 Pau-

479 2972 569 3027 lus
603 2977 794 3026 autem
833 2971 1193 3043 respondens,
1233 2971 1372 3026 dixit
1413 2990 1424 3025 :
1458 2973 1682 3028 Faciam
1729 2990 2076 3044 quaecunque

475 3061 733 3133 jusseris.
762 3061 1067 3132 Talemque
1087 3061 1213 3116 vitae
1230 3078 1442 3133 aspera
1463 3062 1692 3133 agendae
1717 3063 1996 3118 rationem
2025 3069 2084 3118 et

2161 2447 2351 2497 autem
2376 2456 2489 2494 non
2517 2438 2862 2503 comedente,
2904 2452 3006 2490 nec
3035 2451 3138 2506 ego
3183 2431 3495 2488 comedam.
3529 2430 3680 2484 Dicit
3707 2429 3752 2482 ei

2159 2529 2438 2586 Antonius
2465 2547 2477 2582 :
2507 2532 2627 2595 τε
2641 2534 2677 2594 ι
2709 2525 2851 2580 Mihi
2867 2523 3090 2590 sufﬁcit,
3114 2540 3238 2578 sum
3259 2522 3407 2577 enim
3425 2518 3752 2575 monachus.

2161 2619 2231 2674 Et
2259 2618 2354 2673 ille
2388 2637 2399 2671 :
2426 2617 2496 2671 Et
2519 2615 2659 2670 mihi
2690 2613 2932 2681 sufﬁcit;
2965 2629 3097 2668 nam
3127 2627 3229 2680 ego
3258 2625 3478 2682 quoque
3496 2609 3621 2662 volo
3636 2607 3754 2662 ﬁeri

2162 2707 2488 2763 monachus.
2523 2703 2716 2776 Surgit
2745 2719 2958 2769 rursus,
2984 2707 3042 2757 et
3065 2701 3201 2756 facit
3229 2698 3525 2754 duodecim
3553 2696 3760 2752 oratio-

2162 2813 2281 2864 nes,
2315 2801 2371 2851 et
2398 2794 2590 2868 psallit
2607 2792 2900 2849 duodecim
2921 2791 3186 2864 psalmos.
3219 2789 3288 2844 Et
3315 2791 3443 2860 post
3468 2785 3754 2842 orationes

2160 2887 2329 2959 primi
2351 2885 2534 2940 somni
2565 2900 2765 2956 parum
2784 2881 3102 2944 dormiunt;
3145 2884 3202 2934 et
3229 2895 3424 2934 rursus
3463 2875 3754 2948 expergis-

2162 2981 2368 3031 cuntur
2387 2975 2457 3030 ad
2488 2973 2840 3046 psallendum
2866 2988 2900 3026 a
2920 2970 3104 3025 media
3123 2973 3285 3024 nocte
3300 2967 3371 3022 ad
3390 2965 3540 3021 diem
3553 2979 3753 3036 usque.

2235 3064 2456 3120 Deinde
2485 3063 2641 3118 misit
2663 3078 2792 3117 eum
2814 3061 2885 3116 ad
2914 3059 3230 3116 obeundum
3257 3054 3639 3120 solitudinem,
3669 3052 3756 3106 di-

481 3151 594 3253 illis
623 3150 822 3252 diebus
849 3151 1096 3253 suscepit
1121 3151 1416 3253 Ant-quius,
1453 3152 1678 3224 qualem
1705 3153 1928 3224 quando
1959 3157 2142 3234 erat‘C
2164 3171 2296 3210 cens
2321 3153 2372 3209 ei
2407 3171 2419 3207 :
2453 3152 2598 3208 Veni
2624 3152 2736 3206 huc
2765 3155 2892 3223 post
2916 3156 3033 3204 tres
3062 3148 3200 3202 dies.
3234 3147 3374 3202 Cum
3419 3144 3526 3198 hoc
3560 3147 3752 3196 autem

480 3239 541 3296 in
571 3241 842 3312 principio
867 3240 1200 3312 juventutis.
1226 3241 1360 3311 Ejus
1389 3258 1523 3312 ergo
1563 3248 1808 3297 mentem
1837 3242 2080 3314 probans
2116 3233 2121 3234 ί
2162 3245 2374 3300 factum
2404 3247 2570 3309 esset,
2605 3246 2662 3296 et
2689 3239 2916 3313 quidam
2963 3239 3164 3294 fratres
3197 3237 3270 3291 ad
3297 3251 3424 3290 eum
3449 3233 3750 3294 venissent,

481 3329 782 3397 Antonius,
822 3329 874 3384 ei
903 3328 1044 3384 dixit
1075 3348 1086 3384 :
1121 3330 1238 3396 Sta,
1281 3335 1339 3384 et
1365 3346 1464 3386 ora
1493 3329 1555 3385 in
1597 3331 1700 3386 hoc
1731 3331 1871 3398 loco,
1904 3331 2083 3386 donec

479 3419 788 3492 ingrediar,
823 3424 880 3473 et
907 3419 1136 3474 afferam
1167 3418 1272 3474 tibi
1301 3419 1449 3491 quod
1480 3420 1746 3491 opereris.
1791 3421 2084 3492 Ingressus

483 3513 678 3564 autem
705 3509 1048 3580 speluncam,
1073 3525 1175 3580 per
1201 3508 1508 3564 fenestram
1535 3509 1934 3564 animadvertit
1953 3527 2082 3566 eum

475 3595 540 3654 in
571 3613 639 3653 eo
667 3597 786 3652 loco
811 3601 991 3652 totam
1015 3597 1430 3653 hebdomadam
1458 3615 1688 3655 manere
1715 3599 2080 3669 immobilem,

482 3703 612 3742 cum
635 3685 706 3740 ab
721 3691 860 3742 aestu
883 3691 1214 3742 torreretur.
1241 3687 1510 3758 Egressus
1530 3693 1719 3743 autem
1736 3694 1866 3760 post
1881 3688 2086 3744 hebdo-

484 3776 734 3842 madam,
757 3793 885 3831 cum
897 3792 963 3830 ex
987 3776 1190 3847 palmis
1222 3793 1410 3832 ramos
1429 3777 1835 3844 madefecisset,
1851 3778 1900 3832 ei
1919 3778 2080 3834 dicit:

482 3865 708 3938 Accipe,
741 3870 794 3920 et
821 3871 1052 3921 contexe
1097 3865 1291 3921 funem
1321 3871 1386 3921 ut
1425 3883 1515 3922 me
1541 3867 1710 3922 vides.
1730 3868 1891 3922 Texit
1918 3885 2087 3922 senex

483 3955 559 4010 ad
574 3954 775 4009 horam
804 3971 982 4026 usque
1011 3971 1219 4010 nonam
1242 3955 1566 4026 quindecim
1592 3956 1755 4011 ulnas
1776 3973 1980 4027 magno
2008 3957 2089 4012 la~

483 4041 644 4100 bore.
677 4045 820 4099 Cum
867 4049 1059 4098 autem
1105 4044 1338 4100 vidisset
1373 4045 1651 4100 Antonius
1687 4045 1745 4100 id
1773 4047 1922 4118 quod
1953 4063 2086 4102 con-

484 4137 763 4199 texuerat,
796 4131 852 4186 id
884 4132 1116 4186 minime
1141 4133 1192 4186 ei
1222 4133 1452 4205 placuit,
1487 4139 1544 4189 et
1579 4134 1687 4206 ipsi
1715 4135 1853 4190 dicit
1887 4154 1900 4190 :
1943 4135 2088 4190 Male

489 4221 846 4288 contexuisti,
904 4227 1111 4288 retexe,
1155 4227 1213 4276 et
1252 4222 1436 4278 denuo
1493 4229 1755 4291 contexe;
1802 4241 1929 4280 cum
1965 4227 2087 4296 jam

485 4310 726 4382 septimo
749 4310 839 4365 die
851 4311 1083 4382 jejunus
1105 4316 1318 4380 ageret,
1343 4311 1512 4382 idque
1535 4329 1664 4367 cum
1693 4320 1843 4369 esset
1855 4312 2085 4385 grandis

486 4405 672 4456 etate.
704 4400 948 4455 Tantum
978 4406 1166 4456 autem
1190 4417 1319 4456 eum
1347 4401 1452 4456 hac
1479 4402 1550 4456 de
1577 4419 1748 4458 causa
1776 4404 1990 4471 afﬂixit,
2021 4410 2087 4460 ut

2165 3331 2499 3388 observabat
2517 3331 2725 3386 Paulus
2744 3327 3054 3384 Antonium
3073 3325 3340 3399 quidnam
3349 3322 3510 3378 vellet
3520 3337 3652 3376 eum
3671 3319 3754 3373 fa-

2165 3439 2310 3478 cere.
2343 3423 2398 3478 Is
2423 3427 2615 3477 autem
2646 3419 2787 3475 dixit
2815 3418 2867 3474 ei
2898 3436 2911 3472 :
2944 3419 3155 3474 Tacens
3185 3407 3748 3474 ministrafratribus;

2165 3529 2350 3584 neque
2361 3511 2573 3582 aliquid
2592 3507 2904 3582 gustaveris
2928 3507 3103 3562 donec
3114 3505 3313 3561 fratres
3326 3501 3532 3558 fuerint
3548 3499 3663 3554 iter
3671 3498 3755 3553 in-

2163 3600 2362 3672 gressi.
2387 3601 2692 3671 Postquam
2703 3602 2893 3652 autem
2910 3596 3078 3650 tertia
3083 3596 3205 3666 jam
3225 3592 3605 3665 impletaesset
3625 3586 3757 3642 heb-

2165 3689 2408 3744 domada
2429 3704 2497 3743 ex
2521 3704 2632 3759 quo
2661 3703 2775 3742 non
2795 3685 3114 3740 comederat
3137 3682 3362 3746 Paulus,
3394 3681 3588 3736 fratres
3619 3693 3753 3732 eum

2166 3777 2470 3848 rogabant:
2493 3770 2617 3840 Qua
2635 3775 2705 3830 de
2733 3790 2904 3830 causa
2921 3772 3102 3828 taces?
3130 3771 3381 3842 Cumque
3395 3769 3489 3824 ille
3499 3783 3609 3822 non
3632 3782 3753 3820 res-

2168 3867 2459 3941 ponderet,
2490 3865 2626 3920 dicit
2654 3865 2705 3919 ei
2731 3863 3008 3919 Antonius
3033 3880 3044 3916 :
3075 3860 3220 3926 Quid
3237 3857 3418 3914 taces?
3443 3857 3754 3927 colloquere

2169 3975 2298 4014 cum
2349 3954 2644 4012 fratribus.
2696 3954 2798 4009 Ille
2847 3969 2978 4008 vero
3015 3955 3102 4006 est
3135 3950 3454 4006 collocutus.
3484 3947 3621 4002 Cum
3649 3945 3753 4000 ali-

2170 4046 2396 4116 quando
2424 4045 2477 4101 ei
2505 4044 2704 4100 fuisset
2729 4043 2900 4098 allata
2926 4057 3070 4096 urna
3106 4039 3303 4106 mellis,
3335 4037 3474 4093 dixit
3497 4037 3547 4090 ei
3574 4037 3756 4090 Anto-

2170 4135 2300 4191 nius
2333 4155 2344 4190 :
2372 4132 2594 4206 Frange
2623 4149 2737 4200 vas,
2772 4137 2830 4186 et
2852 4131 2963 4186 mel
2993 4129 3328 4185 effundatur.
3361 4127 3452 4182 Sic
3471 4130 3660 4179 autem
3680 4123 3759 4178 fe-

2147 4226 2265 4281 .cit.
2300 4227 2370 4280 Et
2393 4225 2446 4280 ei
2477 4239 2674 4278 rursus
2699 4221 2869 4278 dicit:
2905 4219 3119 4290 Collige
3163 4233 3359 4274 rursus
3387 4215 3495 4271 mel
3521 4214 3753 4278 concha,

2166 4331 2240 4370 ne
2287 4315 2480 4369 sordes
2532 4312 2754 4384 aliquas
2797 4309 3022 4366 inferas.
3081 4309 3150 4363 Et
3194 4322 3390 4362 rursus
3428 4303 3595 4376 jussit
3619 4319 3760 4358 eum

2175 4419 2381 4475 aquam
2402 4401 2630 4458 haurire
2661 4405 2776 4456 toto
2805 4399 2915 4455 die.
2936 4399 3006 4454 Et
3031 4413 3228 4452 rursus
3255 4411 3382 4451 cum
3408 4399 3611 4448 vestem
3631 4393 3760 4462 ejus

486 4506 634 4561 aegre
653 4489 837 4546 ferens
857 4507 1026 4545 senex
1042 4489 1264 4562 fugeret
1284 4491 1611 4559 Antonium,
1626 4497 1684 4547 et
1701 4493 1873 4548 vitam
1895 4491 2150 4551 mona-D
2168 4493 2528 4559 dissolvisset,
2542 4490 2715 4562 jussit
2741 4505 3028 4544 consuere.
3053 4488 3292 4543 Tantam
3307 4483 3544 4554 denique
3570 4481 3660 4536 hic
3674 4483 3761 4536 vir

485 4580 740 4636 chorum.
763 4582 819 4636 Is
839 4587 1032 4636 autem
1061 4581 1288 4636 eosdem
1318 4598 1506 4636 ramos
1535 4587 1593 4636 et
1620 4584 1880 4651 retexuit,
1905 4589 1963 4638 et
1981 4584 2088 4640 ite-

487 4686 615 4726 rum
633 4671 919 4726 contexuit
927 4686 1056 4726 cum
1073 4687 1277 4742 magno
1287 4671 1496 4740 labore,
1515 4673 1663 4744 quod
1676 4690 1746 4728 ex
1763 4678 2090 4730 contextura

489 4759 678 4832 prima
701 4759 942 4816 fuissent
965 4761 1268 4832 corrugati.
1288 4761 1430 4816 Cum
1450 4777 1584 4833 ergo
1603 4762 1836 4818 vidisset
1852 4780 2090 4836 magnus

483 4846 770 4904 Antonius
789 4865 920 4904 eum
933 4866 1038 4905 nec
1047 4866 1450 4918 murmurasse,
1470 4867 1655 4924 neque
1670 4853 1923 4908 animum
1941 4854 2093 4926 abje-

491 4937 845 5009 cisse,neque
862 4939 1080 4994 vultum
1101 4956 1266 4996 suum
1283 4941 1512 4996 omnino
1527 4942 1816 5009 avertisse,
1837 4950 1895 4999 et
1910 4961 2093 5016 neque

489 5027 578 5082 vel
597 5027 884 5083 tantillum
901 5029 1306 5098 succensuisse,
1322 5035 1554 5102 propter
1573 5047 1702 5086 eum
1723 5038 1809 5086 est
1829 5049 2096 5105 compun-

489 5122 634 5174 ctus.
662 5118 730 5172 Et
751 5117 869 5172 sole
897 5117 1186 5174 occidente
1205 5119 1257 5174 ei
1275 5119 1440 5174 dicit:
1471 5120 1781 5188 Patercule,
1815 5122 1898 5176 vis
1916 5139 2097 5179 come-

491 5207 692 5264 damus
724 5207 1106 5280 fragmentum
1131 5209 1330 5282 panis?
1361 5209 1508 5264 Dicit
1527 5210 1576 5264 ei
1607 5211 1820 5266 Paulus
1856 5229 1867 5264 :
1896 5211 1972 5266 Ut
1993 5213 2096 5268 tibi

493 5297 734 5363 videtur,
758 5297 922 5353 abba.
938 5299 1056 5354 Hoc
1074 5315 1296 5370 quoque
1314 5316 1510 5355 rursus
1527 5299 1744 5355 inﬂexit
1761 5302 2088 5372 Antonium,

491 5389 640 5460 quod
667 5404 780 5443 non
806 5389 876 5444 ad
899 5387 1010 5443 cibi
1039 5389 1307 5445 nuntium
1345 5389 1600 5460 protinus
1627 5391 1952 5456 accurrerit,
1995 5393 2094 5447 sed

493 5477 546 5533 ei
560 5484 894 5549 potestatem
913 5475 1249 5550 permiserit.
1270 5480 1417 5534 Para
1437 5478 2088 5552 ergo,inquit,mensam;

2169 4581 2422 4656 possedit
2450 4579 2846 4644 obedientiam,
2862 4584 2928 4632 ut
2955 4577 3006 4632 ei
3034 4577 3204 4631 etiam
3231 4575 3363 4630 data
3387 4572 3462 4626 sit
3475 4571 3660 4642 gratia
3679 4570 3762 4626 di-

2168 4674 2397 4742 vinitus,
2425 4689 2629 4744 nempe
2659 4676 2724 4726 ut
2750 4669 2978 4741 ejiceret
3006 4666 3607 4738 daemones.Postquam
3623 4678 3760 4733 ergo

2169 4764 2311 4818 vidit
2330 4779 2524 4818 senem
2552 4777 2791 4833 magnus
2810 4758 3106 4826 Antonius,
3139 4762 3395 4830 prompte
3413 4768 3670 4810 cumesse
3688 4751 3760 4806 ad

2173 4853 2365 4910 omnia
2387 4856 2642 4908 secutum
2670 4851 2729 4905 in
2755 4849 2882 4904 vitae
2901 4846 3221 4903 exercendae
3239 4845 3470 4911 ratione,
3503 4842 3554 4898 ei
3576 4841 3715 4898 dicit
3742 4861 3755 4896 :

2173 4943 2540 5010 Vide,frater,
2566 4939 2614 4996 si
2640 4941 2719 4996 sic
2748 4939 2808 4994 in
2831 4939 2950 4993 dies
2978 4943 3154 5009 potes,
3179 4951 3344 4991 mane
3363 4947 3598 4990 mecum.
3615 4931 3762 4987 Dicit

2177 5035 2230 5090 ei
2257 5034 2466 5089 Paulus
2491 5051 2502 5086 :
2535 5031 2623 5086 An
2653 5029 2788 5102 quid
2811 5027 2950 5083 mihi
2983 5027 3160 5098 possis
3183 5025 3426 5098 amplius
3447 5022 3755 5087 ostendere,

2177 5123 2382 5179 nescio.
2415 5123 2562 5178 Nam
2579 5138 2644 5176 ea
2657 5135 2780 5192 quae
2797 5117 2909 5172 vidi
2936 5133 2970 5171 a
2989 5122 3047 5171 te
3077 5115 3216 5182 ﬁeri,
3243 5132 3347 5186 ego
3373 5129 3594 5186 quoque
3621 5110 3758 5165 facio

2179 5214 2340 5269 facile
2368 5218 2427 5268 et
2451 5211 2592 5266 citra
2623 5209 2894 5275 laborem,
2911 5209 3026 5263 Deo
3041 5207 3178 5262 mihi
3198 5222 3360 5278 opem
3375 5203 3759 5260 ferente.Tunc

2174 5304 2226 5358 ei
2257 5301 2392 5358 dicit
2417 5301 2696 5357 Antonius
2727 5299 2838 5354 alio
2855 5298 2948 5353 die
2974 5317 2985 5352 :
3010 5298 3076 5352 In
3103 5297 3328 5353 nomine
3342 5295 3491 5360 Iesu,
3513 5309 3638 5348 ecce
3655 5291 3758 5346 fac-

2173 5398 2267 5448 tus
2279 5409 2338 5448 es
2361 5392 2690 5446 monachus.
2725 5390 2866 5444 Cum
2879 5393 3068 5443 autem
3083 5385 3220 5442 satis
3230 5399 3504 5458 superque
3519 5397 3760 5454 comper-

2179 5489 2300 5539 tum
2317 5481 2550 5537 haberet
2569 5480 2627 5536 in
2645 5477 2904 5534 omnibus
2929 5493 3168 5548 magnus
3181 5481 3238 5531 et
3254 5475 3450 5530 beatus
3467 5471 3753 5536 Antonius,

494 5571 552 5620 et
579 5567 810 5623 obediit.
841 5569 975 5624 Fert
1001 5585 1177 5640 panes
1206 5567 1506 5636 Antonius,
1538 5574 1598 5624 et
1627 5569 1872 5642 imponit
1897 5587 2104 5628 mensae
2183 5589 2304 5628 esse
2319 5570 2620 5626 admodum
2640 5569 2944 5642 perfectam
2962 5567 3211 5622 animam
3225 5561 3432 5620 Christi
3443 5577 3682 5629 servum,
3701 5566 3761 5615 ut

495 5660 739 5733 quatuor
773 5663 1116 5732 paxamates,
1148 5675 1246 5716 sex
1272 5658 1570 5717 undarum
1597 5678 1611 5730 ;
1647 5665 1706 5717 et
1739 5659 1846 5718 sibi
1877 5662 2106 5736 quidem
2187 5662 2284 5737 qui
2311 5665 2460 5719 esset
2485 5659 2790 5718 admodum
2818 5657 3085 5732 simplex;
3145 5660 3270 5730 post
3319 5658 3500 5711 certos
3525 5665 3754 5721 menses,
