3910 6380
160 373 302 435 1129

1421 389 1766 449 HISTORIA
1805 394 2183 457 LAUSIACA.

3293 420 3437 487 1130

149 501 259 556 Dei
276 502 462 574 gratia
482 520 643 576 opem
659 505 872 561 ferente
901 506 1064 563 beato
1090 509 1352 578 Antonio,
1374 512 1505 569 facit
1535 515 1587 570 ei
1607 516 1759 572 dein—
1775 521 1823 581 A
1837 520 2027 590 justus
2044 528 2581 596 annuntiabit(Prov.
2599 534 2721 605 x11).
2749 536 2818 591 Et
2835 553 3029 595 rursus
3049 542 3183 599 alibi
3216 563 3228 599 :
3253 547 3435 621 Super

149 607 285 621 ’.Λα-ιη
330 593 523 621 ΛΛΙΙΛΜ
563 595 627 621 ..Δ
651 600 765 621 A---
791 598 871 621 -.-l
902 603 1138 621 ..---x---_.
1170 600 1373 621 I-_!,I-_
1416 619 1429 621 _
1504 620 1507 621 ,
1661 607 1692 621 ιι
2155 615 2166 621 -
2207 616 2217 621 -
2348 618 2358 621 -
2487 614 2497 621 .

148 607 286 662 ceps
328 593 524 648 cellam
562 595 630 649 ad
651 600 766 651 tres
791 598 875 651 vel
897 603 1139 668 quatuor
1169 600 1384 672 lapides
1408 619 1443 657 a
1470 620 1573 659 sua
1594 607 1752 661 cella.

149 679 226 734 Et
253 681 391 737 dicit
412 682 462 737 ei
485 701 496 736 :
518 684 655 739 Ecce
686 686 895 740 Christi
923 687 1126 743 virtute
1156 706 1318 761 opem
1343 691 1557 748 ferente
1585 700 1646 750 tu
1672 696 1756 750 fa-

148 773 280 824 ctus
304 787 365 825 es
383 773 707 841 monachus,
738 792 903 830 mane
932 777 1193 850 deinceps
1212 789 1557 844 seorsum,ut
1584 785 1754 840 etiam

150 856 332 914 facias
360 861 669 932 periculum
699 864 1039 920 daemonum.
1073 870 1214 923 Cum
1280 887 1412 941 ergo
1449 889 1595 927 anno
1642 890 1753 930 uno

148 948 307 1018 apud
334 966 393 1004 se
406 950 718 1007 habitasset
741 954 949 1009 Paulus
979 956 1454 1028 Simplicissimus,
1490 968 1547 1015 et
1570 964 1755 1032 gratia

147 1035 421 1107 dignatus
447 1044 533 1094 est
567 1042 833 1098 adversus
871 1044 1153 1100 daemones
1192 1053 1249 1101 et
1289 1049 1555 1105 adversus
1586 1069 1752 1107 omne

144 1142 336 1195 genus
354 1129 598 1198 morbos,
629 1148 689 1185 se
718 1132 961 1204 perfecte
993 1150 1196 1205 gerens
1223 1137 1282 1192 in
1311 1139 1515 1195 virtute
1550 1142 1755 1197 exerci-

146 1214 406 1271 tationis.

223 1306 478 1369 Quodam
494 1324 627 1379 ergo
643 1310 733 1365 die
757 1312 1205 1371 adolescentulus
1227 1318 1322 1389 qui
1339 1336 1509 1391 supra
1526 1321 1755 1376 modum

142 1395 400 1462 graviter
434 1398 738 1454 vexabatur
757 1417 789 1454 a
805 1402 1077 1471 daemone,
1093 1405 1296 1461 allatus
1316 1414 1403 1462 est
1430 1410 1500 1464 ad
1526 1409 1754 1465 beatum

143 1484 479 1553 Antonium,
508 1487 720 1543 habens
750 1491 1119 1563 principalem
1149 1496 1516 1553 saevissimum
1544 1500 1756 1554 daemo-

142 1588 283 1627 nem
311 1571 442 1644 (67),
473 1577 569 1647 qui
591 1577 762 1632 etiam
780 1580 963 1651 ipsum
995 1583 1198 1637 ccelum
1220 1587 1531 1642 maledictis
1548 1594 1603 1642 et
1620 1606 1751 1660 pro-

142 1659 268 1716 bris
299 1662 719 1736 insequebatur.
749 1668 891 1724 Cum
922 1670 1098 1741 igitur
1128 1673 1538 1731 adolescentem
1559 1659 1749 1733 obser-

138 1757 333 1807 vasset
351 1769 589 1825 magnus
602 1757 1044 1821 Antonius,dicit
1063 1762 1131 1817 iis
1155 1764 1250 1834 qui
1277 1781 1405 1819 eum
1423 1766 1700 1822 ducebant
1733 1785 1744 1822 :

140 1841 275 1895 Non
304 1849 390 1898 est
418 1845 520 1900 hoc
534 1863 725 1901 meum
747 1864 887 1920 opus
917 1869 928 1917 ;
950 1868 1082 1907 nam
1104 1859 1299 1908 contra
1323 1855 1473 1910 hunc
1492 1857 1747 1913 ordinem
1764 1840 1810 1900 B

139 1929 490 1999 daemonum,
513 1953 715 2009 nempe
744 1939 1133 2011 principalem,
1158 1944 1407 1998 nondum
1422 1962 1546 1999 sum
1571 1947 1747 2002 dona-

136 2294 296 2348 hunc
325 2294 634 2351 daemonem
668 2298 739 2353 ab
768 2301 874 2355 hoc
888 2302 1132 2369 homine,
1153 2308 1217 2358 ut
1242 2322 1412 2361 sanus
1436 2308 1507 2361 ad
1535 2324 1640 2362 sua
1666 2326 1750 2364 re-

135 2382 294 2448 deat,
308 2389 367 2438 et
384 2384 676 2441 Dominum
697 2389 991 2459 glorificet.
1012 2392 1161 2447 Dicit
1177 2393 1226 2447 ei
1247 2395 1485 2450 Paulus:
1508 2397 1591 2451 Tu
1609 2414 1739 2452 vero

136 2471 278 2542 quid
311 2472 336 2525 ?
364 2473 511 2528 Dicit
540 2476 590 2529 ei
630 2477 908 2533 Antonius
941 2498 953 2534 :
983 2480 1109 2536 Non
1138 2488 1223 2537 est
1255 2484 1395 2538 mihi
1422 2485 1620 2552 otium,
1655 2492 1741 2541 est

132 2560 296 2615 aliud
325 2562 475 2631 quod
505 2566 775 2634 agam.Et
793 2567 985 2623 relicto
1008 2569 1122 2624 illic
1151 2588 1343 2642 puero,
1374 2589 1631 2628 reversus
1655 2580 1740 2629 est

122 3095 544 3162 helluo,‘senex
574 3097 680 3168 (68)
707 3108 973 3172 nugator.
1002 3105 1247 3176 Accepta
1267 3107 1458 3177 itaque
1475 3108 1619 3178 pelle
1639 3125 1742 3163 sua

122 3183 317 3249 ovilla,
354 3185 685 3242 verberabat
712 3206 842 3245 eum
870 3191 930 3246 in
961 3198 1138 3264 tergo,
1172 3194 1362 3249 dicens
1392 3215 1403 3248 :
1434 3197 1731 3266 Egredere,
1752 3204 1794 3265 C
1817 3215 1875 3264 et
1895 3213 2041 3282 quod
2075 3183 2231 3270 nunt;

122 3272 273 3327 dixit
286 3273 459 3329 abbas
471 3277 767 3333 Antonius.
790 3281 1024 3337 Dazmon
1044 3289 1233 3338 autem
1258 3285 1571 3341 maledictis
1584 3286 1735 3341 inse-

124 3362 413 3433 quebatur
439 3364 679 3422 Paulum
698 3374 754 3423 et
772 3370 1085 3426 Antonium
1109 3392 1120 3426 :
1144 3374 1446 3429 Helluones
1467 3374 1559 3429 isti
1579 3376 1638 3430 in
1653 3394 1735 3430 se-

121 3456 359 3508 nectute
414 3453 541 3527 (69),
576 3460 875 3526 veternosi,
914 3460 1279 3530 insatiabiles,
1342 3464 1438 3534 qui
1492 3466 1733 3537 propriis

124 3557 424 3613 nunquam
442 3551 576 3600 sunt
605 3549 1022 3621 contenti,quid
1045 3557 1132 3606 est
1156 3552 1307 3607 vobis
1329 3570 1624 3609 commune
1638 3571 1734 3610 no-

125 3629 350 3686 biscum
363 3632 391 3685 ?
420 3634 554 3704 quid
576 3635 635 3691 in
656 3653 758 3692 nos
774 3640 1039 3694 exercetis
1056 3642 1412 3712 tyrannidem
1437 3644 1461 3695 ?
1482 3644 1732 3699 Tandem

124 3719 272 3775 dicit
297 3721 348 3775 ei
369 3723 613 3779 Paulus:
646 3728 762 3781 Aut
806 3728 998 3793 exibis,
1030 3735 1131 3785 aut
1156 3730 1294 3786 abeo
1324 3737 1390 3786 ut
1447 3732 1506 3786 id
1550 3733 1732 3787 dicam

123 3809 378 3879 Christo,
409 3811 568 3884 isque
588 3815 755 3870 faciet
782 3822 847 3871 ut
869 3817 943 3872 sit
962 3818 1067 3873 tibi
1082 3837 1180 3875 vae.
1204 3822 1280 3877 At
1296 3822 1487 3876 Jesum
1511 3839 1732 3894 quoque

120 3897 355 3970 probris
384 3906 442 3956 et
482 3904 794 3960 maledictis
822 3906 1203 3963 iusectabatur
1228 3910 1463 3965 immitis
1491 3910 1584 3965 ille
1612 3912 1732 3967 dm-

120 4004 287 4055 mon,
312 3990 560 4047 clamans
593 4013 604 4048 :
640 3995 764 4049 Non
794 3996 972 4052 exibo.
1007 3999 1085 4052 Ea
1112 3999 1182 4053 de
1209 4000 1730 4070 causaindignatus

120 4076 343 4132 Paulus
369 4080 639 4136 adversus
663 4083 992 4152 daemonem,
1022 4102 1280 4157 egressus
1301 4094 1390 4143 est
1419 4106 1449 4143 c
1476 4105 1577 4143 suo
1607 4089 1731 4144 hos-

122 4164 274 4236 pitio
294 4166 486 4239 inipso
505 4176 710 4241 puncto
738 4173 1021 4243 meridiei;
1046 4176 1205 4230 aestui
1233 4182 1423 4232 autem
1443 4178 1730 4250 [Egyptio-

120 4270 262 4308 rum
318 4255 613 4314 intercedit
658 4263 916 4333 cognatio
970 4281 1095 4319 cum
1118 4265 1341 4321 fornace
1395 4267 1719 4339 Babylonia.

123 4344 303 4399 Stans
329 4362 462 4418 ergo
503 4355 730 4405 sanctus
757 4368 929 4407 senex
954 4358 1225 4426 tanquam
1259 4356 1520 4411 columna
1552 4373 1723 4429 super

118 4438 369 4503 petram,
408 4436 489 4491 sic
521 4445 648 4493 orat
679 4440 987 4510 Christum,
1013 4444 1237 4500 dicens:
1263 4446 1346 4500 Tu
1379 4446 1549 4513 vides,
1585 4448 1718 4501 Jesu

1839 627 2005 681 quem
2023 614 2528 691 respiciam,inquit
2548 621 2836 691 Dominus,
2868 628 2973 683 nisi
2986 648 3156 703 super
3175 614 3434 694 mansue-

1836 704 1956 754 tum
1972 706 2029 756 et
2049 704 2318 760 humilem
2341 712 2397 760 et
2410 713 2747 767 trementem
2767 715 2935 771 verba
2957 736 3083 774 mea
3102 722 3211 788 (Isa
3254 730 3393 801 LXVI)
3408 729 3433 781 ?

1838 789 2031 845 Solent
2056 793 2205 847 enim
2224 795 2551 852 humiliores
2565 800 2844 858 dmmones
2865 806 2989 876 ejici
3011 808 3080 863 ab
3112 789 3433 871 hominibus

1837 878 1945 931 fide
1969 884 2148 946 τινε
2162 884 2928 963 principalibus,principales
2938 913 3135 955 rursus
3152 902 3431 960 daemones

1834 965 2017 1037 fugari
2048 969 2118 1023 ab
2174 972 2502 1029 humilibus.
2564 979 2694 1034 Haec
2740 988 2873 1037 sunt
2920 986 3192 1044 miracula
3254 995 3433 1049 sancti

1834 1056 1995 1110 Pauli
2038 1059 2317 1131 Simplicis
2370 1070 2426 1118 et
2475 1065 2724 1135 humilis,
2783 1072 3004 1145 aliaque
3060 1078 3224 1148 plura
3242 1086 3300 1135 et
3344 1082 3433 1138 his

1834 1146 2072 1217 majora.
2094 1148 2199 1204 Hic
2226 1156 2451 1207 vocatus
2469 1160 2556 1209 est
2585 1156 2832 1230 Simplex
2851 1179 2884 1215 a
2914 1167 3034 1220 tota
3057 1146 3430 1231 fraternitate.

2398 1313 2639 1372 CAPUT
2675 1319 2870 1375 XXIX.

2255 1474 2371 1528 Vita
2393 1475 2603 1531 abbatis
2630 1480 2849 1537 Pachon
2880 1481 3009 1555 (70).

1905 1608 2143 1674 Quidam
2174 1613 2399 1670 Pachon
2425 1620 2670 1688 nomine,
2717 1640 2844 1680 cum
2874 1631 3221 1698 pervenisset
3247 1638 3319 1693 ad
3339 1655 3436 1695 an-

1832 1712 1967 1752 num
1999 1704 2499 1774 septuagesimum,
2528 1711 2760 1767 sedebat
2783 1714 2841 1769 in
2875 1718 3052 1773 Scete.
3086 1722 3301 1781 Accidit
3330 1745 3433 1785 au-

1831 1790 1943 1841 tem
1966 1794 2032 1843 ut
2055 1806 2157 1860 ego
2177 1799 2405 1849 vexatus
2424 1795 2493 1851 ab
2508 1800 2799 1856 affectione
2818 1805 3071 1863 femineae
3088 1812 3432 1886 cupiditatis,

1828 1877 2371 1954 cogitationibusque
2403 1890 2462 1939 et
2488 1887 2619 1942 visis
2644 1894 3160 1962 nocturnis,ferrem
3184 1903 3433 1961 difficili-

2325 2243 2485 2312 posui
2509 2262 2520 2296 :
2552 2246 2650 2300 sed
2674 2264 2854 2319 neque
2867 2268 2992 2308 meo
3006 2258 3274 2328 magistro
3296 2263 3432 2318 Eva-

1828 2322 1951 2392 grio
1975 2324 2107 2393 [Al.,
2127 2324 2381 2400 Eulogio]
2410 2349 2421 2385 :
2448 2333 2546 2387 sed
2573 2335 2815 2392 latenter
2844 2343 3071 2399 veniens
3091 2322 3149 2402 in
3169 2350 3429 2409 solitudi-

1830 2428 1959 2466 nem
1983 2413 2301 2484 quindecim
2328 2419 2525 2475 diebus
2552 2431 2804 2483 versatus
2833 2446 2960 2486 sum
2988 2449 3116 2490 cum
3164 2440 3423 2509 patribus

1822 2503 2241 2559 senescentibus
2259 2505 2317 2560 in
2335 2509 2655 2580 solitudine,
2681 2517 2775 2586 qui
2793 2526 2955 2575 erant
2978 2522 3037 2577 in
3066 2503 3244 2581 Scete.
3272 2530 3430 2586 Inter

1822 2606 1961 2660 quos
1988 2590 2158 2646 incidi
2177 2594 2349 2649 etiam
2367 2596 2424 2650 in
2447 2606 2703 2657 sanctum
2728 2604 2908 2662 virum
2930 2610 3421 2676 Pachonem.Cum

1724 3060 1737 3085 ν
1826 3033 2119 3107 otiumque
2148 3043 2205 3092 et
2231 3041 2812 3112 negligentiam.Nam
2829 3058 2886 3107 et
2914 3072 3099 3113 mores
3120 3061 3220 3115 tibi
3237 3033 3427 3121 ferunt

1824 3123 2229 3194 testimonium,
2246 3134 2303 3183 et
2321 3133 2558 3200 penuria
2578 3152 2770 3192 eorum
2787 3157 2910 3211 quae
2929 3152 3061 3201 sunt
3084 3155 3418 3224 necessaria,

2263 3217 2337 3272 sit
2365 3220 2459 3275 hic
2486 3222 2591 3277 tibi
2617 3232 2960 3287 consuetudo
2990 3251 3116 3291 cum
3146 3239 3369 3298 feminis
3403 3217 3417 3313 ξ

1817 3300 1914 3353 sed
1935 3302 2120 3371 potius
2137 3304 2242 3359 hoc
2272 3306 2374 3361 tibi
2404 3310 2607 3367 accidit
2628 3314 2698 3368 ab
2727 3318 3044 3379 adversario
3070 3326 3140 3381 ob
3167 3300 3420 3389 studium

1814 3387 2056 3445 virtutis.
2094 3393 2192 3448 Est
2207 3395 2355 3450 enim
2381 3398 2583 3470 triplex
2615 3402 2792 3461 hostis
2831 3410 2927 3480 qui
2948 3412 3188 3485 impellit
3210 3420 3281 3475 ad

1815 3477 2174 3536 nicationem.
2207 3484 2526 3556 Aliquando
2553 3491 2702 3547 enim
2731 3511 2833 3550 nos
2847 3477 2987 3556 wcaro
3008 3477 3223 3563 invadit
3251 3510 3415 3568 luxu-

1814 3567 1985 3635 rians,
2013 3575 2069 3623 et
2096 3588 2219 3641 quae
2241 3574 2409 3630 nimis
2430 3578 2581 3633 laute
2598 3587 2654 3635 et
2681 3583 2916 3643 delicate
2937 3598 3022 3646 est
3041 3603 3236 3654 curata
3268 3619 3281 3669 ;
3316 3567 3417 3658 ali-

1816 3658 2039 3725 quando
2056 3666 2245 3716 autem
2267 3663 2323 3717 in
2344 3681 2444 3719 nos
2464 3667 2765 3740 insurgunt
2785 3682 2972 3733 motus
2992 3684 3166 3740 animi
3186 3658 3416 3762 propter

1816 3746 2221 3818 cogitationes;
2248 3752 2549 3824 aliquando
2578 3765 2765 3815 autem
2795 3763 2915 3835 ipse
2945 3785 3166 3843 quoque
3186 3746 3412 3837 daemon

1812 3832 1870 3887 in
1902 3851 2004 3889 nos
2033 3845 2253 3894 exercet
2281 3845 2636 3913 tyrannidem
2666 3832 2897 3923 propter
2927 3832 3192 3917 invidiam
3228 3885 3244 3933 ;
3277 3885 3409 3925 nam

1813 3938 1917 3993 ego
1957 3941 2177 3997 quoque
2207 3931 2386 3985 multa
2413 3932 2734 4007 observans,
2768 3940 2871 3997 hoc
2897 3944 3107 4005 inveni.
3132 3931 3269 4010 Ecce
3294 3975 3402 4027 me,

1812 4016 1877 4065 ut
1895 4012 2064 4080 vides,
2087 4016 2372 4073 hominem
2395 4038 2586 4078 senem
2612 4044 2624 4092 ;
2642 4043 2766 4083 cum
2775 4032 2896 4100 jam
2913 4012 3407 4113 quadragesimum

1810 4116 2024 4157 annum
2042 4105 2243 4175 degam
2273 4108 2330 4162 in
2356 4109 2461 4165 hac
2490 4113 2649 4182 cella,
2668 4133 2859 4175 curam
2889 4105 3093 4194 gerens
3107 4105 3247 4189 mea:
3262 4140 3407 4196 salu-

1809 4188 1902 4255 tis,
1927 4196 1984 4246 et
2011 4193 2082 4247 ad
2112 4194 2255 4250 hanc
2275 4202 2498 4254 aetatem
2527 4188 3113 4278 pervenerimItentor
3139 4238 3318 4297 usque
3345 4230 3405 4287 in

1809 4276 1838 4297 ι
1858 4295 1870 4297 _
1900 4280 1936 4297 ι.
2184 4284 2220 4297 ..
2372 4288 2430 4297 ...
2472 4290 2484 4297 .
2634 4293 2644 4297 -

1803 4368 1965 4478 anp‘is
1995 4378 2289 4478 postquam
2317 4380 2565 4450 transegi
2603 4399 2818 4441 annum
2847 4391 3396 4478 quinquagesimum,

1800 4456 2014 4511 nullam
2037 4459 2185 4514 diem
2207 4478 2310 4517 nec
2321 4472 2544 4521 noctem
2561 4456 3231 4549 intermisit—qua.mevnon
3245 4456 3402 4553 inva:

2588 4522 2618 4524 7'
2630 4522 2697 4526 —"
2713 4522 2866 4531 ““““⁷⁵“
2926 4522 2998 4536 ιιι.
3012 4522 3102 4540 ιυυ
3119 4522 3211 4545 ιιυι
3245 4522 3262 4546 ι
3378 4530 3393 4540 ι

118 4522 475 4596 Christe,qui
485 4526 639 4582 fuisti
655 4531 950 4587 crucifixus
964 4533 1067 4588 sub
1087 4535 1280 4589 Pontio
1300 4536 1498 4601 Pilato,
1514 4552 1719 4591 menon
1736 4531 1783 4590 D
1801 4545 1956 4599 serit.
1989 4548 2130 4603 Cum
2158 4549 2349 4622 itaque
2377 4556 2693 4625 suspicatus
2724 4522 3102 4629 essem‘lDeum
3122 4594 3158 4632 ει
3184 4522 3393 4641 ηζιέιιῖἓ..

118 4612 520 4641 ᾹΛηηΛνιηι-κε-...
549 4619 731 4641 -..ι-Α
761 4638 790 4641 ,Α
812 4626 911 4641 ΑΑηΑ
964 4640 971 4641 ,
1582 4625 1597 4641 ι
1624 4626 1655 4641 οι
1682 4627 1693 4638 ο
1927 4634 1936 4641 .
2238 4639 2251 4641 _

113 4612 523 4671 descensurum
544 4633 609 4672 ex
628 4619 733 4675 hac
761 4626 939 4692 petra,
963 4640 1146 4695 neque
1174 4642 1422 4693 esurum,
1452 4643 1555 4680 nec
1582 4625 1719 4680 bibi-

112 4708 317 4757 turum
345 4704 522 4760 donec
548 4710 775 4778 moriar,
795 4711 904 4766 nisi
926 4729 1016 4768 me
1036 4730 1186 4783 nunc
1213 4715 1476 4781 audieris,
1499 4720 1556 4770 et
1570 4716 1719 4770 hunc

110 4791 434 4848 daemonem
453 4795 524 4850 ab
551 4798 779 4855 homine
797 4801 1045 4871 ejeceris,
1069 4811 1126 4858 et
1144 4821 1178 4857 a
1196 4804 1398 4875 spiritu
1425 4805 1716 4860 immundo

105 4880 307 4951 ipsum
326 4881 670 4941 liberaveris.
687 4889 887 4944 Adhuc
900 4907 1027 4946 cum
1054 4893 1185 4947 Jesu
1213 4893 1506 4965 loquentes
1530 4894 1712 4965 impli-

106 4968 431 5026 ciethumili
449 4974 642 5043 Paulo,
660 4977 986 5050 priusquam
1006 4980 1126 5052 ipse
1145 5000 1335 5054 preces
1355 5001 1456 5055 per
1470 4984 1708 5051 fecisset,

101 5058 441 5115 exclamavit
466 5064 703 5128 deemon.
725 5068 916 5124 dicens
940 5081 953 5116 :
976 5071 1214 5139 Recedo,
1243 5073 1460 5139 recedo,
1486 5074 1537 5128 vi
1557 5090 1712 5143 egre-

104 5147 259 5216 dior,
281 5154 340 5204 et
357 5167 463 5222 per
480 5156 837 5225 tyrannidem
855 5160 1118 5230 expellor;
1139 5161 1362 5216 discedo
1377 5162 1447 5216 ab
1458 5163 1705 5230 homine,

101 5252 223 5292 non
258 5241 503 5312 amplius
522 5244 589 5297 ad
614 5262 743 5300 eum
767 5249 986 5303 accedo.
1010 5251 1169 5305 Pauli
1201 5251 1530 5322 simplicitas
1543 5258 1596 5307 et
1608 5254 1709 5309 hu-

98 5327 325 5383 militas
343 5346 434 5385 me
449 5334 695 5404 expellit,
711 5353 893 5408 neque
908 5338 1023 5393 scio
1045 5356 1155 5412 quo
1181 5340 1396 5395 abeam.
1422 5343 1707 5397 Protinus-

100 5433 218 5488 que
259 5418 395 5474 exiit
413 5420 650 5491 dzemon,
670 5430 728 5480 et
747 5433 996 5483 mutatus
1028 5434 1113 5483 est
1144 5429 1204 5484 in
1236 5430 1540 5486 maximum
1573 5433 1706 5488 dra-

92 5522 307 5562 conem
327 5508 550 5565 circiter
566 5516 1267 5587 septuagintacubitorum,
1289 5521 1610 5593 receditque
1624 5540 1707 5578 re-

88 5601 272 5668 ptans
299 5596 361 5652 in
387 5615 545 5655 mare
572 5602 825 5660 Rubrum
856 5612 921 5662 ut
946 5606 1277 5680 impleretur
1312 5612 1461 5681 quod
1489 5611 1702 5667 dictum

89 5690 186 5742 est
210 5694 583 5759 persanctum
603 5689 910 5764 Spiritum:
930 5695 1124 5753 Fidem
1141 5713 1264 5771 qua:
1284 5699 1702 5758 demonstratur

478 5790 751 5857 PATROL.
780 5792 1054 5862 LXXIII.

1801 4634 2051 4703 cessisse,
2069 4639 2521 4711 quandoquidem
2544 4651 2702 4702 tanta
2722 4650 2779 4705 in
2794 4669 2883 4708 me
2898 4657 3116 4719 daemon
3137 4634 3395 4732 uteretur
3456 4636 3474 4652 ‘

1799 4728 2093 4832 potestate,
2118 4728 2307 4826 potius
2337 4730 2519 4803 delegi
2557 4737 2701 4832 mori
2727 4739 2937 4815 absque
2960 4752 3195 4825 ratione,
3221 4728 3392 4832 quain

1798 4811 1932 4866 vitio
1985 4814 2389 4889 affectioneque
2442 4825 2709 4894 corporis,
2741 4811 2864 4885 me—
2888 4839 3131 4910 turpiter
3168 4811 3385 4918 ée‘repe:

1794 4900 2174 4975 Egressusque
2195 4922 2230 4959 a
2249 4908 2391 4963 cella
2419 4926 2563 4979 mea,
2589 4919 2646 4968 et
2680 4916 2876 4978 obiens
2904 4900 3283 5009 solitudincem,
3307 4944 3392 5001 in-

1793 4990 1916 5044 veni
1937 4993 2257 5063 speluncam
2288 4996 2519 5068 hyzenae.
2551 5003 2616 5058 In
2645 5023 2813 5077 quam
2826 4994 3151 5085 Speluncam
3181 4990 3389 5089 manu:
3454 5042 3459 5045 ’

1793 5078 1928 5134 dum
1948 5080 2160 5137 immisi
2178 5089 2297 5140 toto
2317 5087 2426 5155 die,
2451 5095 2514 5144 ut
2524 5090 2654 5149 ferte
2669 5078 2908 5168 egressae
2919 5123 3009 5162 me
3029 5078 3380 5179 devorarenf.

1790 5168 2096 5242 Postquam
2124 5180 2327 5272 'autem
2355 5177 2462 5232 fuit
2501 5197 2752 5254 vespera,
2784 5201 2952 5261 prout
2976 5168 3250 5272 scripturn

1791 5258 1883 5312 Sol
1906 5261 2164 5331 cognovit
2185 5279 2460 5321 occasum.
2482 5269 2726 5329 Posuisti
2746 5258 3025 5353 tenebras,
3059 5258 3115 5345 et
3135 5258 3384 5358 fac—faves}

1788 5363 1915 5400 nox.
1945 5349 2011 5403 In
2039 5350 2162 5421 ipsa
2189 5355 2512 5412 transibunt
2539 5376 2734 5418 omnes
2764 5365 2953 5428 bestiae
2997 5349 3165 5438 silvae.

1786 5435 2011 5493 leonum
2042 5441 2330 5512 rugientes
2343 5450 2407 5499 ut
2418 5448 2641 5519 rapiant
2654 5458 2711 5507 et
2728 5468 2981 5526 quaerant
2997 5482 3031 5520 a
3048 5435 3165 5526 Deo

1786 5524 1892 5580 sibi
1923 5530 2088 5596 (Psal.
2120 5545 2260 5601 cur).
2294 5534 2544 5605 Egressaa
2573 5556 2706 5611 ergo
2730 5524 2862 5602 ferae
2895 5550 2952 5605 in
2981 5554 3078 5612 illa

1784 5615 2065 5732 mlasculus
2093 5625 2151 5673 et
2174 5620 2403 5689 femina,
2435 5640 2524 5679 me
2547 5642 2584 5680 a
2623 5630 2854 5699 pedibus
2885 5641 2957 5695 ad
2985 5615 3375 5732 caputﬂusquvt;

1784 5718 1814 5732 Α
1857 5704 1996 5732 nun-.4:
2028 5710 2158 5732 ..ι-..ιι
2201 5708 2617 5732 ,ε----μιξ..μ-μλ
2738 5721 2777 5732 Α

1782 5702 1999 5760 odorati
2027 5710 2178 5774 sunt,
2198 5708 2705 5784 circumlingentes.
2734 5721 2987 5801 Cumque

2983 5832 3068 5903 36
