3910 6390
520 381 655 445 1131

1621 379 1714 434 DE
1751 379 1941 438 VITIS
1977 377 2276 436 PATRUM
2311 377 2530 436 LIBER
2563 377 2716 436 VIII.

3665 377 3784 440 113?

509 507 630 564 fore
645 510 710 564 ut
736 506 1053 572 devorarer,
1096 521 1133 561 a
1149 519 1240 562 me
1259 507 1614 561 recesserunt
1629 541 1644 560 .
1659 503 1801 560 Cum
1830 520 1964 574 ergo
1987 501 2107 558 illic
2123 503 2176 566 Α
2191 502 2666 570 rescinderentur,
2688 517 2802 558 non
2820 513 2979 560 secus
2993 517 3060 559 ac
3089 501 3138 558 si
3164 508 3354 558 essent
3365 504 3464 576 pili
3482 503 3782 570 insensiles,

507 601 630 653 tota
655 599 818 652 nocte
827 595 1151 666 jacuissom,
1170 611 1285 650 non
1309 592 1393 648 fui
1421 591 1740 648 devoratus.
1768 592 2108 648 Existimans

509 699 644 756 ergo
663 684 843 741 Deum
855 684 1086 740 omnino
1101 683 1242 738 mihi
1271 682 1605 755 pepercisse,
1630 682 1868 738 surrexi.
1891 682 2109 737 Rursus

506 787 635 830 vero
655 771 715 830 in
763 773 965 829 cellam
1002 771 1162 828 redii.
1194 773 1337 827 Cum
1367 778 1559 828 autem
1589 789 1650 828 se
1681 770 1876 842 paucis
1904 770 2107 825 diebus

505 861 873 919 continuisset
895 863 1134 930 daemon,
1166 878 1258 918 me
1297 867 1385 917 est
1439 862 1671 918 adortus
1719 860 2106 916 vehementius

507 969 681 1025 quam
715 957 904 1019 antea,
923 958 991 1008 ut
1003 968 1205 1024 parum
1219 951 1464 1006 abfuerit
1476 951 1612 1022 quin
1633 949 2082 1021 blasphemarem
2094 989 2107 1005 .

503 1042 960 1100 Transformatus
978 1042 1130 1098 enim
1145 1058 1273 1096 cum
1289 1040 1515 1096 essetin
1533 1040 1780 1112 puellam
1798 1039 2109 1110 Ethiopis-

506 1149 651 1199 sam,
674 1149 846 1204 quam
861 1131 922 1187 in
941 1147 1067 1188 mea
1107 1132 1403 1197 iuVentute
1423 1129 1676 1185 videram
1701 1133 1897 1184 aestate
1925 1129 2108 1199 spicas

503 1223 805 1293 legentem,
839 1239 907 1278 ea
930 1221 1072 1276 mihi
1103 1220 1224 1275 visa
1251 1227 1339 1275 est
1361 1221 1503 1274 meis
1552 1219 1798 1274 insidere
1824 1217 2062 1289 genibus
2099 1234 2111 1284 ;

414 1381 417 1384 η
504 1327 710 1382 meque
763 1327 942 1382 usque
971 1311 1110 1364 adeo
1149 1309 1450 1364 commovit
1499 1314 1564 1363 ut
1586 1314 1842 1380 putarem
1870 1324 1960 1360 me
1985 1321 2113 1360 cum

504 1417 574 1455 ea
586 1401 834 1455 coivisse.
853 1400 1066 1454 Furore
1082 1416 1214 1470 ergo
1227 1399 1472 1470 percitus
1492 1397 1698 1469 impegi
1710 1397 1761 1451 ei
1779 1397 2079 1467 colaphum
2098 1415 2110 1464 ;

505 1507 687 1562 eaque
728 1489 808 1544 sic
836 1488 1080 1544 evanuit.
1126 1487 1244 1543 Hoc
1270 1493 1458 1544 autem
1495 1487 1633 1540 mihi
1663 1487 1826 1540 crede
1854 1485 2064 1540 dicenti
2095 1500 2110 1540 :

503 1581 736 1636 biennio
760 1597 872 1636 non
889 1585 1144 1653 poteram
1164 1579 1310 1634 ferre
1331 1595 1531 1633 manus
1553 1595 1690 1632 meae
1709 1577 2114 1632 fetorem.Cum

506 1687 640 1743 ergo
673 1670 781 1725 hac
807 1669 876 1724 de
903 1685 1072 1724 causa
1086 1667 1276 1741 pusilli
1293 1673 1351 1723 et
1367 1667 1571 1738 abjecti
1591 1666 1766 1722 animi
1784 1667 2107 1734 evasissem,

506 1765 566 1816 et
591 1760 661 1814 de
687 1775 778 1814 me
795 1775 1019 1814 omnem
1031 1775 1188 1830 spem
1203 1757 1555 1828 abjecissem,
1576 1773 1836 1828 egressus
1851 1773 1974 1811 sum
1990 1771 2112 1826 per-

2188 591 2270 648 ita
2291 593 2501 648 mansit
2523 591 2915 660 immutabilis,
2947 597 3066 650 tam
3096 591 3396 663 insigniter
3415 599 3476 648 et
3497 594 3786 650 admirabi-

2189 680 2321 738 liter
2347 688 2470 737 erat
2492 698 2524 737 a
2545 682 2660 737 Deo
2689 681 3013 738 instructus.
3041 681 3182 739 Cum
3209 699 3312 738 nos
3343 688 3556 761 autem,
3589 683 3778 755 inquit,

2191 771 2398 843 partim
2428 788 2791 842 angeremur,
2822 771 3030 843 partim
3059 789 3190 830 vero
3218 778 3586 839 terreremur,
3647 775 3783 845 quod

2191 861 2337 916 tanti
2365 860 2468 916 viri
2485 862 2616 918 talis
2635 861 2751 918 vita
2779 861 2838 916 in
2867 866 3091 918 tantum
3115 861 3371 920 morbum
3397 863 3706 928 incidisset,
3735 871 3786 918 et

2191 951 2334 1006 tales
2365 951 2709 1008 medicorum
2741 951 3105 1018 exsectiones,
3130 958 3351 1008 nostras
3372 959 3566 1010 autem
3587 953 3786 1024 cogita-

2190 1041 2372 1095 tiones
2383 1041 2651 1096 sensisset
2668 1041 2867 1097 beatus
2893 1041 3228 1112 Stephanus,
3252 1041 3474 1098 dicebat
3490 1041 3652 1098 nobis
3674 1061 3687 1096 :
3709 1043 3787 1098 Ne

2197 1146 2265 1185 ex
2284 1129 2390 1185 hac
2422 1146 2484 1186 re
2510 1130 2891 1197 oﬁ‘endamini,
2915 1148 2948 1186 ο
2968 1130 3068 1187 ﬁlii
3093 1148 3109 1198 ;
3135 1131 3277 1187 nihil
3305 1131 3455 1188 enim
3475 1132 3627 1203 quod
3645 1133 3789 1188 Deus

2198 1219 2348 1286 facit,
2382 1220 2451 1273 ad
2480 1220 2692 1274 malum
2713 1237 2963 1292 unquam
2977 1220 3128 1287 facit,
3157 1220 3254 1275 sed
3281 1221 3352 1275 ad
3369 1220 3582 1276 bonum
3601 1223 3782 1280 ﬁnem.

2195 1308 2456 1364 Fortasse
2483 1309 2634 1365 enim
2665 1309 2919 1366 membra
2962 1309 3324 1367 merebantur
3349 1311 3707 1382 supplicium,
3737 1318 3790 1365 et

2195 1398 2397 1453 melius
2425 1403 2512 1454 est
2542 1415 2610 1454 ea
2636 1399 2727 1455 hic
2755 1399 2889 1455 dare
2918 1416 3130 1471 pinnas,
3167 1416 3336 1470 quam
3360 1406 3490 1470 post
3506 1416 3788 1457 excessum

2196 1505 2262 1543 ex
2285 1488 2391 1544 hoc
2417 1489 2618 1544 stadio.
2645 1490 2786 1544 Cum
2817 1506 2920 1545 nos
2941 1506 3075 1560 ergo
3091 1489 3170 1546 sic
3195 1495 3281 1546 est
3301 1490 3584 1557 hortatus,
3603 1497 3664 1548 et
3680 1507 3792 1546 ver-

2195 1577 2285 1632 bis
2313 1577 2670 1634 conﬁrmnvit
2686 1579 2756 1633 ad
2776 1579 3156 1646 tolerantiam,
3181 1578 3471 1635 aediﬁcavit
3488 1579 3562 1636 ad
3577 1579 3791 1636 fortiter

2193 1667 2453 1722 ferendas
2484 1667 2832 1723 aﬂlictiones.
2867 1669 2998 1724 Haec
3028 1673 3218 1725 autem
3243 1669 3485 1736 narravi,
3510 1685 3587 1724 ne
3616 1669 3792 1725 videa-

2192 1762 2289 1812 tur
2315 1756 2475 1812 nobis
2505 1757 2773 1823 alienum,
2811 1758 3034 1829 quando
3064 1757 3367 1815 viderimus
3391 1757 3613 1830 aliquos
3662 1775 3790 1815 san-

505 1865 701 1904 crrans
728 1834 947 1904 vastam
984 1827 1366 1914 solitudinem,
1389 1853 1446 1901 et
1481 1827 1667 1902 inveni
1696 1863 1925 1918 parvam
1956 1827 2170 1918 aspi-B
2190 1852 2310 1902 ctos
2335 1847 2600 1904 incidisse
2622 1847 2682 1903 in
2711 1827 2850 1903 tales
2879 1848 3248 1905 calamitates.

503 1939 654 1994 dem.
669 1938 852 2002 Quam
864 1954 992 1994 cum
1005 1937 1366 2009 accepissem,
1391 1953 1516 1992 eam
1538 1936 1812 1991 admoveo
1833 1934 1975 1989 meis
2003 1951 2109 2005 ge-

508 2027 800 2096 uitalibus,
815 2033 882 2082 ut
897 2028 985 2082 vel
1003 2023 1083 2082 sic
1111 2043 1333 2082 morsus
1347 2042 1598 2082 morerer
1630 2044 1644 2094 ;
1678 2029 1738 2081 et
1764 2041 1891 2079 cum
1923 2023 2004 2078 eis
2023 2040 2110 2079 ca-

509 2116 1279 2191 putvirilibusapplicassem,
1301 2121 1368 2171 ut
1386 2133 1508 2187 quae
1523 2114 1661 2170 mihi
1683 2113 1922 2169 fuissent
1939 2130 2110 2168 causa

504 2205 854 2262 tentationis.
887 2223 960 2262 ne
1007 2205 1089 2260 sic
1106 2205 1331 2277 quidem
1366 2222 1588 2260 morsus
1615 2221 1739 2260 sum
1763 2203 1958 2276 gratia:
1988 2219 2114 2274 pro-

503 2295 774 2350 videntia.
806 2295 944 2350 Post
969 2295 1086 2350 haec
1113 2300 1306 2352 autem
1351 2293 1537 2348 audivi
1585 2310 1774 2348 vocem
1830 2292 2109 2346 dicentem

504 2385 648 2442 mihi
673 2384 734 2440 in
791 2401 920 2441 mea
965 2384 1302 2456 cogitatione
1336 2404 1349 2440 :
1385 2383 1509 2449 Abi,
1543 2383 1786 2447 Pachon,
1836 2381 2062 2436 decerta
2089 2399 2109 2452 ;

504 2475 632 2532 ideo
657 2472 806 2531 enim
822 2474 1056 2546 permisi
1075 2474 1131 2528 in
1159 2479 1216 2528 te
1231 2478 1447 2528 tantam
1478 2472 1724 2527 exerceri
1750 2475 2105 2543 potestatem,

503 2579 576 2621 ne
605 2563 710 2616 tibi
737 2569 886 2619 esset
905 2563 1104 2618 elatior
1132 2568 1190 2618 et
1210 2561 1566 2632 arrogantior
1595 2560 1845 2632 spiritus,
1876 2559 2109 2632 perinde

509 2670 576 2708 ac
590 2653 708 2727 ipse
738 2669 929 2726 posses
953 2653 1099 2707 hanc
1120 2668 1387 2724 superare
1407 2651 1760 2706 affectionem
1785 2669 1796 2704 :
1833 2650 1930 2712 sed
1950 2655 2108 2704 tuam

509 2759 844 2816 agnosceres
861 2741 1326 2816 imbecillitatem,
1351 2747 1410 2796 et
1460 2740 1520 2796 in
1546 2745 1658 2796 tuae
1681 2739 1807 2795 vitae
1843 2739 2106 2796 instituto

509 2847 805 2904 nunquam
843 2829 1080 2886 haberes
1104 2830 1388 2897 ﬁduciam,
1421 2830 1520 2886 sed
1552 2846 1870 2886 recurreres
1894 2829 1964 2884 ad
2009 2829 2110 2884 Dei

509 2920 800 2976 auxilium.
834 2919 926 2974 Sic
955 2925 1146 2974 autem
1189 2919 1512 2974 admonitus
1540 2923 1598 2973 et
1625 2920 2006 2984 conﬁrmatus,
2036 2919 2108 2973 ad

507 3009 710 3066 cellam
732 3025 862 3064 sum
875 3026 1149 3075 reversus,
1169 3013 1226 3063 et
1241 3009 1503 3080 deinceps
1515 3008 1714 3064 sedens
1735 3025 1861 3062 cum
1883 3008 2104 3073 ﬁducia,

507 3105 567 3156 et
609 3099 826 3156 nullam
873 3098 1004 3181 belli
1033 3115 1226 3154 curam
1249 3115 1472 3170 gerens,
1502 3097 1748 3168 reliquos
1775 3097 1894 3151 dies
1923 3097 2012 3168 egi
2048 3097 2106 3152 in

2759 1938 2994 1994 CAPUT
3022 1939 3218 1994 XXXI.

2581 2029 2654 2082 De
2685 2029 2898 2082 Valente
2927 2026 3040 2097 (73)
3081 2030 3180 2098 qui
3205 2031 3426 2086 excidit.

2266 2116 2402 2172 Fuit
2431 2115 2661 2188 quidam
2689 2116 2916 2181 Valens,
2941 2132 3148 2186 genere
3181 2117 3406 2187 quidem
3438 2118 3784 2182 Palatinus,

2194 2212 2384 2262 mente
2411 2211 2600 2262 autem
2625 2205 2976 2273 Corinthius;
2997 2206 3302 2263 Corinthiis
3321 2209 3472 2264 enim
3492 2209 3698 2265 vitium
3712 2209 3788 2262 in-

2196 2296 2442 2352 ilationis
2455 2295 2657 2352 tribuit
2675 2301 2902 2351 sanctus
2918 2295 3145 2361 Paulus,
3159 2296 3350 2352 dicens
3372 2309 3385 2343 ε
3404 2298 3474 2352 Et
3494 2313 3594 2352 vos
3611 2297 3788 2352 inﬂati

2195 2385 2328 2440 estis
2355 2388 2408 2453 (Ι
2425 2386 2548 2442 σοι’.
2569 2385 2785 2456 v.).Qui
2804 2401 2930 2442 cum
2951 2385 3260 2440 venissetin
3285 2385 3642 2442 solitudinem
3674 2387 3787 2458 ipse

2193 2491 2416 2546 quoque
2446 2475 2636 2546 plures
2653 2490 2830 2530 annos
2849 2473 3120 2530 habitavit
3148 2474 3456 2530 nobiscum.
3494 2476 3569 2531 Eo
3597 2483 3786 2531 autem

2191 2564 2464 2634 processit
2481 2563 2776 2635 superbiae,
2809 2568 2875 2619 ut
2891 2564 3158 2635 deceptus
3171 2565 3244 2620 sit
3261 2581 3296 2618 a
3309 2559 3676 2620 daemonibus.
3713 2565 3788 2618 Ex

2191 2670 2257 2708 eo
2279 2653 2428 2708 enim
2453 2653 2600 2724 quod
2622 2653 2740 2725 ipse
2761 2654 3033 2725 paulatim
3048 2653 3414 2725 deciperetur,
3430 2654 3562 2709 fecit
3581 2661 3648 2710 ut
3669 2654 3784 2724 ipse

2189 2743 2259 2798 de
2287 2761 2346 2798 se
2372 2743 2669 2813 magniﬁce
2692 2760 2756 2798 ac
2779 2744 3046 2814 praeclare
3071 2744 3323 2809 sentiret,
3355 2749 3628 2814 tanquam
3660 2760 3784 2798 cum

2191 2847 2258 2888 eo
2286 2837 2648 2889 versarentur
2675 2833 2881 2903 angeli,
2913 2832 3075 2904 eique
3111 2833 3169 2889 in
3199 2833 3432 2904 singulis
3457 2833 3783 2888 ministeriis

2190 2921 2544 2977 inservirent.
2576 2922 2831 2987 Quodam
2861 2929 3014 2978 certe
3052 2923 3157 2987 die,
3194 2937 3259 2978 ut
3287 2922 3611 2987 narrabant,
3658 2939 3782 2976 cum

2190 3017 2522 3082 operaretur
2547 3011 2607 3068 in
2635 3011 2901 3078 tenebris,
2926 3029 3090 3068 acum
3118 3011 3332 3068 dimisit
3354 3027 3465 3084 qua
3476 3011 3782 3070 consuebat

2188 3106 2460 3172 sportam.
2494 3101 2677 3168 Quam
2706 3119 2831 3158 cum
2857 3102 2976 3173 ipse
3003 3119 3116 3158 non
3143 3102 3461 3168 invenisset,
3481 3103 3703 3157 daemon
3733 3103 3783 3156 ei

505 3205 664 3261 pace.
692 3190 923 3244 Daemon
980 3195 1170 3244 autem
1208 3205 1336 3244 cum
1364 3188 1714 3259 cognovisset
1766 3203 1953 3242 meam
1983 3189 2167 3258 ejusC
2189 3190 2318 3244 fecit
2343 3191 2680 3262 lampadem,
2704 3197 2762 3246 et
2781 3191 2993 3261 invepit
3009 3207 3192 3247 acum.
3216 3192 3331 3247 Hoc
3348 3192 3570 3248 nomine
3584 3208 3783 3247 mrsus

506 3279 952 3352 despicientiam,
981 3279 1194 3351 pudore
1215 3278 1479 3350 deinceps
1498 3279 1750 3344 affectus,
1783 3277 1854 3331 ad
1883 3293 1973 3332 me
1996 3293 2110 3332 non

508 3369 744 3426 accessit
767 3369 1030 3440 amplius.
1054 3368 1156 3424 His
1175 3367 1360 3422 verbis
1379 3383 1509 3422 cum
1531 3367 1602 3421 ad
1619 3368 1826 3422 luctum
1843 3366 2110 3426 adversus

509 3463 781 3520 Satanam
795 3480 887 3519 me
901 3463 1312 3527 conﬁrmasset,
1335 3465 1394 3516 et
1405 3461 1478 3516 ad
1499 3461 1710 3516 bellum
1721 3460 2100 3526 instruxisset,

508 3559 566 3610 et
591 3553 888 3608 adversum
914 3552 1228 3608 daemonem
1268 3549 1657 3606 fornicationis
1713 3566 1804 3605 me
1850 3555 2108 3621 parasset

507 3660 574 3700 ac
603 3641 904 3707 docuisset,
948 3641 1184 3708 dimisit,
1230 3639 1437 3712 jubens
1492 3644 1558 3696 ut
1593 3639 1726 3696 forti
1779 3639 1970 3696 animo
2016 3656 2106 3694 me

507 3749 765 3804 gererem
793 3731 854 3787 in
873 3730 1154 3788 omnibus.

1087 3818 1321 3876 CAPUT
1349 3819 1521 3876 XXX.

895 3913 1013 3970 Vita
1047 3912 1272 3968 Abbati:
1298 3909 1565 3978 Stephani
1593 3907 1724 3978 (71).

581 4001 901 4074 Stephanus
941 4001 1173 4072 quidam
1211 3999 1343 4056 Libs
1383 4015 1610 4070 genere,
1643 4000 1790 4055 sedit
1820 3999 2110 4070 sexaginta

511 4109 690 4148 annos
708 4109 777 4148 ex
793 4093 971 4148 latere
993 4089 1101 4160 (7'2)
1121 4087 1468 4148 Marmaricae
1498 4093 1556 4144 et
1585 4088 1864 4144 Mareotis.
1897 4090 1952 4145 Is
1980 4106 2110 4145 cum

509 4181 710 4238 fuisset
737 4196 962 4236 summa
974 4183 1228 4234 versatus
1241 4177 1300 4234 in
1319 4177 1740 4243 exercitatione,
1763 4183 1821 4234 et
1835 4184 1987 4234 esset
1997 4179 2110 4234 dis-

512 4269 778 4325 cernendi
795 4273 1073 4341 potestate
1094 4267 1384 4338 prteditus,
1396 4267 1542 4322 hanc
1557 4267 1800 4336 gratiam
1819 4273 1908 4322 est
1925 4272 2108 4334 1³⁸

513 4363 864 4425 consecutus,
891 4363 958 4413 ut
976 4357 1294 4429 quicunque
1307 4371 1436 4410 eum
1457 4356 1799 4422 conveniret,
1816 4373 1850 4411 a
1862 4372 2109 4429 quacun-

513 4467 624 4522 que
645 4448 992 4508 cruciaretur
1018 4446 1298 4512 molestis,
1329 4446 1378 4502 is
1407 4445 1668 4502 molestia
1693 4461 1902 4500 vacuus
1939 4445 2009 4500 ab
2043 4462 2108 4501 eo

2191 3279 2442 3347 inﬂatus,
2476 3281 2835 3351 magniﬁcam
2855 3281 2924 3337 de
2953 3298 3014 3337 se
3043 3281 3227 3336 induit
3245 3280 3577 3352 Opinionem,
3603 3286 3670 3335 et
3697 3297 3787 3334 us-

2192 3386 2302 3440 que
2349 3369 2490 3425 adeo
2520 3370 2704 3427 elatus
2755 3376 2858 3431 est,
2892 3375 2956 3428 ut
2984 3371 3155 3426 etiam
3182 3376 3566 3426 contemneret
3591 3371 3782 3441 ipsam

2192 3459 2420 3514 Sacram
2427 3464 2687 3515 entorum
2701 3461 3152 3517 communionem
3161 3502 3172 3516 .
3181 3461 3319 3516 Cum
3332 3461 3782 3516 autemChr-istus

2189 3549 2464 3604 Dominus
2493 3551 2614 3620 ejus
2655 3555 2804 3606 esset
2831 3550 3113 3614 misertus,
3161 3550 3243 3607 sic
3271 3550 3506 3622 providit
3559 3554 3626 3604 ut
3656 3551 3784 3620 ejus

2189 3638 2594 3695 detrimentum
2622 3640 2733 3695 cito
2758 3641 2920 3696 ﬁeret
2949 3639 3308 3696 manifestum
3359 3639 3628 3696 universe
3669 3639 3786 3693 fra—

2117 3749 2131 3764 ο
2189 3729 2465 3784 ternitati.
2500 3729 2716 3784 Accidit
2743 3735 2810 3785 ut
2835 3729 3064 3801 quidam
3104 3729 3390 3786 venientes
3425 3729 3676 3799 hospites
3703 3728 3786 3782 ai-

2191 3815 2404 3872 ferrent
2421 3817 2494 3873 ad
2511 3817 2925 3875 fraternitatem
2952 3818 3188 3874 bellaria
3212 3817 3271 3873 in
3291 3816 3785 3874 ecclesiamPorro

2189 3911 2381 3961 autem
2409 3923 2540 3963 cum
2563 3925 2660 3963 eas
2686 3908 2992 3980 accepisset
3006 3912 3230 3965 sanctus
3264 3907 3524 3964 Macarius
3543 3906 3782 3978 presby-

2189 4001 2278 4050 ter
2296 3997 2668 4063 noster,misit
2679 3998 2750 4053 ad
2771 4013 3231 4070 unumquemque
3251 3998 3308 4054 in
3328 3996 3522 4052 cellam
3553 3995 3784 4051 circiter

2189 4085 2484 4157 pugiilum,
2501 4086 2652 4142 inter
2671 4104 2810 4159 quos
2839 4087 3008 4143 etiam
3019 4088 3091 4144 ad
3109 4087 3562 4144 Valentem.Cum
3582 4091 3783 4141 autem

2190 4175 2495 4247 accepisset
2513 4177 2740 4244 Valens,
2773 4194 2906 4234 eum
2933 4177 3031 4248 qui
3056 4177 3324 4234 attulerat
3339 4174 3684 4231 contumelia
3705 4176 3784 4229 at.

2190 4264 2336 4330 fecit,
2369 4269 2427 4319 et
2456 4265 2782 4334 verberavit,
2809 4267 2928 4322 etei
2949 4267 3118 4322 dicit:
3142 4265 3265 4331 Abi,
3290 4270 3350 4321 et
3373 4265 3461 4321 dic
3486 4264 3736 4321 Macario
3765 4283 3777 4316 :

2189 4355 2316 4410 Non
2327 4371 2452 4410 sum
2472 4361 2530 4410 te
2554 4355 2817 4424 deterior,
2851 4361 2916 4412 ut
2939 4360 3004 4412 tu
3023 4357 3202 4412 adme
3225 4355 3412 4410 mittas
3438 4351 3783 4410 benedictio-

2190 4460 2310 4498 nes.
2359 4445 2502 4499 Cum
2552 4445 2903 4516 cognovisset
2929 4462 3064 4515 ergo
3093 4451 3320 4501 sanctus
3342 4443 3614 4500 Macarius
3645 4459 3782 4498 eum

511 4539 818 4596 recederet.
842 4537 976 4594 Fuit
999 4541 1187 4594 autem
1211 4535 1261 4592 is
1289 4551 1512 4606 quoque
1549 4540 1718 4590 notus
1745 4533 1908 4590 beato
1936 4536 2313 4613 Ante-nesse
2339 4533 2652 4602 seductum,
2686 4534 2920 4590 accessit
2955 4549 3069 4590 uno
3091 4534 3182 4589 die
3210 4539 3401 4606 postea
3437 4532 3507 4588 ad
3531 4547 3666 4588 eum
3694 4548 3785 4586 ex-

509 4629 626 4687 nio.
650 4627 912 4684 Pervenit
927 4631 1116 4684 autem
1130 4625 1304 4682 etiam
1329 4625 1402 4680 ad
1413 4630 1605 4680 nostra
1621 4641 1800 4694 usque
1815 4631 2068 4696 tempora
2088 4643 2101 4692 ;

511 4723 682 4789 atque
706 4733 812 4788 ego
841 4716 1068 4788 quidem
1085 4731 1214 4772 cum
1241 4731 1306 4770 eo
1325 4731 1440 4770 non
1465 4727 1592 4770 sum
1612 4720 1864 4769 versatus
1878 4719 2108 4786 propter

510 4805 1034 4877 viselongitudinem
1050 4823 1063 4858 :
1077 4809 1304 4862 sanctus
1331 4809 1520 4860 autem
1545 4803 1883 4860 Ammonius
1903 4810 1960 4859 et
1976 4805 2110 4859 Eva-

509 4897 690 4969 grius,
723 4895 966 4966 quicum
995 4899 1396 4960 convenerunt,
1413 4899 1789 4948 narraverunt
1804 4910 1863 4948 se
1885 4910 2011 4949 eum
2027 4893 2112 4948 in-

510 4986 730 5041 venisse
752 4985 812 5040 in
840 4985 1014 5043 talem
1035 4984 1360 5057 prolapsum
1396 4983 1860 5054 mgritudinemin
1882 4983 2018 5056 ipsis
2033 4983 2112 5038 lo-

510 5075 592 5130 cis
617 5072 1029 5137 testiculorum,
1047 5078 1105 5128 et
1133 5072 1294 5145 penis
1331 5087 1619 5128 summum
1665 5073 1944 5128 ulcerasse
1974 5087 2110 5128 can-

509 5181 691 5231 crum,
732 5164 830 5236 qui
868 5165 1138 5235 φαγέδαινα
1173 5161 1396 5218 dicitur.
1443 5163 1606 5230 Eum,
1655 5161 1906 5229 aiebant,
1952 5163 2112 5218 inve-

509 5255 700 5312 nimus
717 5254 854 5310 dum
872 5269 907 5311 a
933 5253 1182 5324 quodam
1196 5251 1411 5308 medico
1432 5256 1746 5310 curaretur.
1769 5253 1839 5306 Et
1853 5251 2113 5308 manibus

511 5345 742 5418 quidem
765 5342 1108 5415 epeiabatur
1138 5361 1154 5409 ;
1185 5347 1242 5398 et
1270 5341 1473 5412 palma
1494 5357 1683 5396 ramos
1701 5341 2113 5410 contexebat,et

509 5433 800 5488 nobiscum
826 5433 998 5488 etiam
1029 5429 1628 5506 loquebaturzreliquo
1657 5435 1849 5484 autem
1891 5431 2112 5502 corpori

513 5539 746 5580 manum
777 5519 1079 5576 adhibebat
1087 5521 1404 5589 chirurgus.
1429 5518 1566 5574 Erat
1574 5525 1765 5574 autem
1787 5520 1887 5574 Dei
1899 5521 2108 5590 gratia,

515 5621 584 5660 ea
604 5606 878 5678 praeditus
901 5605 1194 5677 patientia,
1213 5610 1278 5663 ut
1303 5603 1536 5676 perinde
1555 5605 1788 5660 affectus
1806 5604 2108 5674 videretur,

515 5708 583 5751 ac
601 5688 1106 5768 sicorpusalterius
1120 5698 1412 5756 secentur
1440 5711 1456 5766 ;
1478 5698 1538 5754 et
1554 5709 1684 5754 cum
1711 5695 1836 5767 eam
1855 5693 2112 5754 membra

2194 4622 2561 4678 hortandum.
2591 4623 2726 4679 Etei
2753 4623 2888 4679 dicit
2913 4642 2926 4678 :
2964 4623 3180 4689 Valens,
3209 4624 3407 4679 illusus
3443 4639 3522 4688 es,
3559 4621 3777 4686 desine,

2193 4712 2488 4783 Deumque
2524 4713 2842 4784 deprecare.
2873 4714 3176 4784 Postquam
3213 4719 3400 4768 autem
3428 4727 3539 4767 non
3565 4711 3784 4767 audivit

2193 4803 2316 4872 ejus
2369 4802 2802 4869 admonitiones,
2849 4803 3081 4859 recessit
3121 4803 3424 4858 admodum
3449 4801 3696 4857 afﬂictus
3723 4808 3782 4856 et

2191 4907 2432 4946 maerens
2479 4891 2550 4947 ob
2577 4892 2828 4948 Valentis
2858 4891 3101 4950 minam.
3133 4893 3276 4948 Cum
3321 4908 3454 4963 ergo
3491 4896 3644 4946 certo
3673 4891 3781 4944 sibi

2191 4981 2564 5052 persuasisset
2591 4981 2829 5049 daemon,
2863 4999 2992 5038 eum
3035 4983 3160 5053 ejus
3201 4980 3510 5052 deceptioui
3535 4980 3781 5035 mnium

2191 5070 2363 5126 ﬁdem
2383 5069 2666 5135 habuisse,
2698 5071 2836 5138 abit,
2882 5077 2941 5127 et
2966 5072 3208 5142 ﬁguram
3237 5068 3542 5127 Senatorii;
3570 5069 3776 5132 induit,

2191 5165 2250 5216 et
2276 5164 2444 5215 noctu
2472 5159 2687 5214 accedit
2703 5159 2763 5214 in
2792 5160 3202 5231 phantasmate,
3223 5159 3375 5216 mille
3394 5157 3604 5229 angelis
3629 5158 3782 5213 lam-

2189 5249 2364 5321 padas
2391 5249 2733 5316 tenentibus,
2768 5255 2825 5305 et
2843 5255 3024 5306 rotam
3037 5249 3280 5320 igneam,
3307 5249 3366 5304 in
3383 5263 3493 5320 qua
3520 5247 3774 5303 visusest

2194 5339 2437 5409 ﬁguram
2451 5355 2517 5394 ex
2523 5339 3370 5410 primereServatoris.Unusque
3377 5354 3504 5394 eum
3517 5336 3784 5410 praecedit

2192 5434 2254 5483 et
2277 5428 2412 5484 dicit
2435 5447 2446 5482 :
2485 5429 2744 5484 Christus
2755 5429 2949 5485 dilexit
2967 5434 3129 5484 tuum
3146 5429 3487 5493 institutum,
3504 5431 3778 5496 tuamque

2196 5517 2412 5572 vivendi
2431 5518 2748 5574 libertatem
2765 5524 2824 5574 et
2851 5517 3266 5583 conﬁdentiam,
3287 5523 3345 5572 et
3362 5517 3512 5573 venit
3531 5522 3664 5572 utte
3686 5515 3780 5570 vi-

2193 5607 2351 5675 deat;
2373 5608 2640 5678 egredere
2657 5624 2791 5680 ergo
2813 5626 2845 5664 e
2855 5609 3016 5674 cella,
3032 5612 3094 5665 et
3108 5607 3245 5664 nihil
3258 5606 3412 5663 aliud
3427 5605 3642 5670 feceris,
3667 5603 3781 5660 nisi

2193 5711 2322 5754 cum
2342 5697 2541 5768 procul
2565 5713 2699 5758 eum
2717 5697 2940 5769 videris,
2960 5694 3331 5772 procumbens
3347 5711 3478 5756 cum
3503 5693 3690 5762 adora,
3715 5699 3785 5749 et
