  <div class='ocr_page' id='page_1' title='image "/cluster/home/n/w/nwhite01/storage/ocr_20150623/73/umn.31951002477366m/572.png"; bbox 0 0 3910 6382; ppageno 0'>
   <div class='ocr_carea' id='block_1_1' title="bbox 201 407 1837 479">
    <p class='ocr_par' dir='ltr' id='par_1_1' title="bbox 201 407 1822 476">
     <span class='ocr_line' id='line_1_1' title="bbox 201 407 1822 476; baseline -0.006 -1"><span class='ocrx_word' id='word_1_1' title='bbox 201 413 351 476; x_wconf 76' lang='grc'>1133</span> <span class='ocrx_word' id='word_1_2' title='bbox 1477 407 1822 468; x_wconf 81' lang='lat' dir='ltr'>HISTORIA</span> 
     </span>
    </p>
   </div>
   <div class='ocr_carea' id='block_1_2' title="bbox 1921 407 3486 479">
    <p class='ocr_par' dir='ltr' id='par_1_2' title="bbox 1921 409 3486 479">
     <span class='ocr_line' id='line_1_2' title="bbox 1921 409 3486 479; baseline 0.007 -12"><span class='ocrx_word' id='word_1_3' title='bbox 1921 409 2234 469; x_wconf 62' lang='lat' dir='ltr'>\USIACA.</span> <span class='ocrx_word' id='word_1_4' title='bbox 3340 416 3486 479; x_wconf 70' lang='grc'>1134</span> 
     </span>
    </p>
   </div>
   <div class='ocr_carea' id='block_1_3' title="bbox 201 537 3489 616">
    <p class='ocr_par' dir='ltr' id='par_1_3' title="bbox 201 537 3489 616">
     <span class='ocr_line' id='line_1_3' title="bbox 201 537 3489 616; baseline 0.001 -16"><span class='ocrx_word' id='word_1_5' title='bbox 201 542 506 616; x_wconf 83' lang='lat' dir='ltr'>ingredere</span> <span class='ocrx_word' id='word_1_6' title='bbox 535 540 594 595; x_wconf 90' lang='lat' dir='ltr'>in</span> <span class='ocrx_word' id='word_1_7' title='bbox 619 544 776 596; x_wconf 88' lang='lat' dir='ltr'>tuam</span> <span class='ocrx_word' id='word_1_8' title='bbox 798 539 1016 594; x_wconf 82' lang='lat' dir='ltr'>cellam.</span> <span class='ocrx_word' id='word_1_9' title='bbox 1045 538 1319 608; x_wconf 79' lang='lat' dir='ltr'>Egressus</span> <span class='ocrx_word' id='word_1_10' title='bbox 1348 553 1481 608; x_wconf 89' lang='lat' dir='ltr'>ergo</span> <span class='ocrx_word' id='word_1_11' title='bbox 1503 553 1629 593; x_wconf 87' lang='lat' dir='ltr'>cum</span> <span class='ocrx_word' id='word_1_12' title='bbox 1646 537 2137 598; x_wconf 84' lang='lat' dir='ltr'>vidis-AAccessit</span> <span class='ocrx_word' id='word_1_13' title='bbox 2165 540 2315 596; x_wconf 91' lang='lat' dir='ltr'>enim</span> <span class='ocrx_word' id='word_1_14' title='bbox 2345 541 2416 598; x_wconf 90' lang='lat' dir='ltr'>ad</span> <span class='ocrx_word' id='word_1_15' title='bbox 2443 543 2667 598; x_wconf 88' lang='lat' dir='ltr'>theatra</span> <span class='ocrx_word' id='word_1_16' title='bbox 2686 547 2742 598; x_wconf 91' lang='lat' dir='ltr'>et</span> <span class='ocrx_word' id='word_1_17' title='bbox 2771 544 3053 616; x_wconf 82' lang='lat' dir='ltr'>equestria</span> <span class='ocrx_word' id='word_1_18' title='bbox 3067 545 3396 613; x_wconf 82' lang='lat' dir='ltr'>certamina,</span> <span class='ocrx_word' id='word_1_19' title='bbox 3429 552 3489 602; x_wconf 92' lang='lat' dir='ltr'>et</span> 
     </span>
    </p>
   </div>
   <div class='ocr_carea' id='block_1_4' title="bbox 203 627 3492 705">
    <p class='ocr_par' dir='ltr' id='par_1_4' title="bbox 203 627 3492 705">
     <span class='ocr_line' id='line_1_4' title="bbox 203 627 3492 705; baseline -0 -14"><span class='ocrx_word' id='word_1_20' title='bbox 203 639 298 692; x_wconf 83' lang='lat' dir='ltr'>set</span> <span class='ocrx_word' id='word_1_21' title='bbox 349 635 681 704; x_wconf 81' lang='lat' dir='ltr'>apparatum</span> <span class='ocrx_word' id='word_1_22' title='bbox 705 629 1053 700; x_wconf 85' lang='lat' dir='ltr'>lampadum,</span> <span class='ocrx_word' id='word_1_23' title='bbox 1077 628 1285 684; x_wconf 66' lang='lat' dir='ltr'>circiter</span> <span class='ocrx_word' id='word_1_24' title='bbox 1334 645 1370 682; x_wconf 90' lang='lat' dir='ltr'>a</span> <span class='ocrx_word' id='word_1_25' title='bbox 1411 627 1590 682; x_wconf 85' lang='lat' dir='ltr'>stadio</span> <span class='ocrx_word' id='word_1_26' title='bbox 1622 629 1814 700; x_wconf 85' lang='lat' dir='ltr'>procul</span> <span class='ocrx_word' id='word_1_27' title='bbox 1896 629 2224 685; x_wconf 74' lang='lat' dir='ltr'>versabatur</span> <span class='ocrx_word' id='word_1_28' title='bbox 2258 632 2316 685; x_wconf 91' lang='lat' dir='ltr'>in</span> <span class='ocrx_word' id='word_1_29' title='bbox 2367 633 2671 702; x_wconf 79' lang='lat' dir='ltr'>cauponis;</span> <span class='ocrx_word' id='word_1_30' title='bbox 2717 633 2765 688; x_wconf 90' lang='lat' dir='ltr'>is</span> <span class='ocrx_word' id='word_1_31' title='bbox 2794 639 2984 688; x_wconf 89' lang='lat' dir='ltr'>autem</span> <span class='ocrx_word' id='word_1_32' title='bbox 3013 651 3140 688; x_wconf 90' lang='lat' dir='ltr'>cum</span> <span class='ocrx_word' id='word_1_33' title='bbox 3167 635 3312 705; x_wconf 73' lang='lat' dir='ltr'>gulae</span> <span class='ocrx_word' id='word_1_34' title='bbox 3341 642 3492 690; x_wconf 86' lang='lat' dir='ltr'>esset</span> 
     </span>
    </p>
   </div>
   <div class='ocr_carea' id='block_1_5' title="bbox 201 717 3490 796">
    <p class='ocr_par' dir='ltr' id='par_1_5' title="bbox 201 717 3490 796">
     <span class='ocr_line' id='line_1_5' title="bbox 201 717 3490 796; baseline 0.001 -20"><span class='ocrx_word' id='word_1_35' title='bbox 201 721 620 776; x_wconf 84' lang='lat' dir='ltr'>Antichristum</span> <span class='ocrx_word' id='word_1_36' title='bbox 665 718 938 774; x_wconf 78' lang='lat' dir='ltr'>adoravit.</span> <span class='ocrx_word' id='word_1_37' title='bbox 994 718 1120 774; x_wconf 89' lang='lat' dir='ltr'>Alio</span> <span class='ocrx_word' id='word_1_38' title='bbox 1163 719 1356 788; x_wconf 82' lang='lat' dir='ltr'>itaque</span> <span class='ocrx_word' id='word_1_39' title='bbox 1403 717 1492 772; x_wconf 89' lang='lat' dir='ltr'>die</span> <span class='ocrx_word' id='word_1_40' title='bbox 1522 718 1662 772; x_wconf 88' lang='lat' dir='ltr'>adeo</span> <span class='ocrx_word' id='word_1_41' title='bbox 1709 717 1818 772; x_wconf 79' lang='lat' dir='ltr'>iuit</span> <span class='ocrx_word' id='word_1_42' title='bbox 1898 718 2120 774; x_wconf 91' lang='lat' dir='ltr'>deditus</span> <span class='ocrx_word' id='word_1_43' title='bbox 2136 726 2194 774; x_wconf 91' lang='lat' dir='ltr'>et</span> <span class='ocrx_word' id='word_1_44' title='bbox 2225 719 2780 788; x_wconf 82' lang='lat' dir='ltr'>ebrietati,inciditin</span> <span class='ocrx_word' id='word_1_45' title='bbox 2802 740 3022 778; x_wconf 79' lang='lat' dir='ltr'>caenum</span> <span class='ocrx_word' id='word_1_46' title='bbox 3053 724 3307 780; x_wconf 70' lang='lat' dir='ltr'>femineae</span> <span class='ocrx_word' id='word_1_47' title='bbox 3337 725 3490 796; x_wconf 92' lang='lat' dir='ltr'>cupi-</span> 
     </span>
    </p>
   </div>
   <div class='ocr_carea' id='block_1_6' title="bbox 205 807 3492 885">
    <p class='ocr_par' dir='ltr' id='par_1_6' title="bbox 205 807 3492 885">
     <span class='ocr_line' id='line_1_6' title="bbox 205 807 3492 885; baseline 0.001 -19"><span class='ocrx_word' id='word_1_48' title='bbox 205 815 414 866; x_wconf 78' lang='lat' dir='ltr'>emotae</span> <span class='ocrx_word' id='word_1_49' title='bbox 442 809 664 874; x_wconf 87' lang='lat' dir='ltr'>mentis,</span> <span class='ocrx_word' id='word_1_50' title='bbox 684 813 750 863; x_wconf 90' lang='lat' dir='ltr'>ut</span> <span class='ocrx_word' id='word_1_51' title='bbox 775 807 1169 878; x_wconf 80' lang='lat' dir='ltr'>ingrederetur</span> <span class='ocrx_word' id='word_1_52' title='bbox 1191 807 1502 872; x_wconf 81' lang='lat' dir='ltr'>ecclesiam,</span> <span class='ocrx_word' id='word_1_53' title='bbox 1529 813 1586 861; x_wconf 89' lang='lat' dir='ltr'>et</span> <span class='ocrx_word' id='word_1_54' title='bbox 1613 807 1818 861; x_wconf 40' lang='lat' dir='ltr'>frater.</span> <span class='ocrx_word' id='word_1_55' title='bbox 1898 808 2092 863; x_wconf 82' lang='lat' dir='ltr'>ditatis</span> <span class='ocrx_word' id='word_1_56' title='bbox 2125 833 2140 865; x_wconf 85' lang='lat'><strong>:</strong></span> <span class='ocrx_word' id='word_1_57' title='bbox 2163 815 2222 864; x_wconf 92' lang='lat' dir='ltr'>et</span> <span class='ocrx_word' id='word_1_58' title='bbox 2246 827 2374 865; x_wconf 88' lang='lat' dir='ltr'>cum</span> <span class='ocrx_word' id='word_1_59' title='bbox 2403 827 2634 883; x_wconf 87' lang='lat' dir='ltr'>peccare</span> <span class='ocrx_word' id='word_1_60' title='bbox 2659 812 3058 880; x_wconf 85' lang='lat' dir='ltr'>constituisset,</span> <span class='ocrx_word' id='word_1_61' title='bbox 3087 830 3216 868; x_wconf 91' lang='lat' dir='ltr'>cum</span> <span class='ocrx_word' id='word_1_62' title='bbox 3246 814 3492 885; x_wconf 86' lang='lat' dir='ltr'>quadam</span> 
     </span>
    </p>
   </div>
   <div class='ocr_carea' id='block_1_7' title="bbox 207 895 3493 974">
    <p class='ocr_par' dir='ltr' id='par_1_7' title="bbox 207 895 3493 974">
     <span class='ocr_line' id='line_1_7' title="bbox 207 895 3493 974; baseline 0 -18"><span class='ocrx_word' id='word_1_63' title='bbox 207 901 393 956; x_wconf 84' lang='lat' dir='ltr'>nitate</span> <span class='ocrx_word' id='word_1_64' title='bbox 418 905 758 969; x_wconf 88' lang='lat' dir='ltr'>congregata</span> <span class='ocrx_word' id='word_1_65' title='bbox 781 897 1017 954; x_wconf 85' lang='lat' dir='ltr'>diceret:</span> <span class='ocrx_word' id='word_1_66' title='bbox 1047 895 1169 966; x_wconf 86' lang='lat' dir='ltr'>Ego</span> <span class='ocrx_word' id='word_1_67' title='bbox 1182 913 1294 951; x_wconf 91' lang='lat' dir='ltr'>non</span> <span class='ocrx_word' id='word_1_68' title='bbox 1312 896 1488 950; x_wconf 88' lang='lat' dir='ltr'>habeo</span> <span class='ocrx_word' id='word_1_69' title='bbox 1508 913 1644 968; x_wconf 86' lang='lat' dir='ltr'>Opus</span> <span class='ocrx_word' id='word_1_70' title='bbox 1673 914 1818 951; x_wconf 91' lang='lat' dir='ltr'>com—</span> <span class='ocrx_word' id='word_1_71' title='bbox 1899 897 2074 952; x_wconf 87' lang='lat' dir='ltr'>mima</span> <span class='ocrx_word' id='word_1_72' title='bbox 2103 899 2326 954; x_wconf 86' lang='lat' dir='ltr'>assidue</span> <span class='ocrx_word' id='word_1_73' title='bbox 2347 902 2671 967; x_wconf 89' lang='lat' dir='ltr'>collocutus,</span> <span class='ocrx_word' id='word_1_74' title='bbox 2699 902 2856 956; x_wconf 91' lang='lat' dir='ltr'>ulcus</span> <span class='ocrx_word' id='word_1_75' title='bbox 2885 919 3051 956; x_wconf 89' lang='lat' dir='ltr'>suum</span> <span class='ocrx_word' id='word_1_76' title='bbox 3081 903 3322 974; x_wconf 89' lang='lat' dir='ltr'>aperuit.</span> <span class='ocrx_word' id='word_1_77' title='bbox 3347 904 3493 957; x_wconf 89' lang='lat' dir='ltr'>Cum</span> 
     </span>
    </p>
   </div>
   <div class='ocr_carea' id='block_1_8' title="bbox 208 985 3496 1062">
    <p class='ocr_par' dir='ltr' id='par_1_8' title="bbox 208 985 3496 1062">
     <span class='ocr_line' id='line_1_8' title="bbox 208 985 3496 1062; baseline 0.001 -19"><span class='ocrx_word' id='word_1_78' title='bbox 208 987 514 1050; x_wconf 87' lang='lat' dir='ltr'>munione;</span> <span class='ocrx_word' id='word_1_79' title='bbox 539 985 824 1041; x_wconf 84' lang='lat' dir='ltr'>Christum</span> <span class='ocrx_word' id='word_1_80' title='bbox 860 985 1010 1041; x_wconf 90' lang='lat' dir='ltr'>enim</span> <span class='ocrx_word' id='word_1_81' title='bbox 1044 986 1158 1040; x_wconf 91' lang='lat' dir='ltr'>vidi</span> <span class='ocrx_word' id='word_1_82' title='bbox 1200 987 1385 1041; x_wconf 86' lang='lat' dir='ltr'>hodie.</span> <span class='ocrx_word' id='word_1_83' title='bbox 1423 987 1576 1042; x_wconf 90' lang='lat' dir='ltr'>Tunc</span> <span class='ocrx_word' id='word_1_84' title='bbox 1623 987 1818 1042; x_wconf 88' lang='lat' dir='ltr'>Patres</span> <span class='ocrx_word' id='word_1_85' title='bbox 1901 986 2016 1042; x_wconf 77' lang='lat' dir='ltr'>haec</span> <span class='ocrx_word' id='word_1_86' title='bbox 2045 988 2124 1042; x_wconf 91' lang='lat' dir='ltr'>sic</span> <span class='ocrx_word' id='word_1_87' title='bbox 2145 990 2363 1056; x_wconf 83' lang='lat' dir='ltr'>fierent,</span> <span class='ocrx_word' id='word_1_88' title='bbox 2398 991 2584 1045; x_wconf 87' lang='lat' dir='ltr'>divino</span> <span class='ocrx_word' id='word_1_89' title='bbox 2608 991 2851 1062; x_wconf 88' lang='lat' dir='ltr'>quodam</span> <span class='ocrx_word' id='word_1_90' title='bbox 2893 991 3124 1046; x_wconf 91' lang='lat' dir='ltr'>consilio</span> <span class='ocrx_word' id='word_1_91' title='bbox 3177 997 3378 1046; x_wconf 91' lang='lat' dir='ltr'>enatus</span> <span class='ocrx_word' id='word_1_92' title='bbox 3407 997 3496 1046; x_wconf 90' lang='lat' dir='ltr'>est</span> 
     </span>
    </p>
   </div>
   <div class='ocr_carea' id='block_1_9' title="bbox 209 1075 1822 1146">
    <p class='ocr_par' dir='ltr' id='par_1_9' title="bbox 209 1075 1822 1146">
     <span class='ocr_line' id='line_1_9' title="bbox 209 1075 1822 1146; baseline -0.003 -13"><span class='ocrx_word' id='word_1_93' title='bbox 209 1094 348 1133; x_wconf 89' lang='lat' dir='ltr'>eum</span> <span class='ocrx_word' id='word_1_94' title='bbox 399 1093 546 1132; x_wconf 90' lang='lat' dir='ltr'>anno</span> <span class='ocrx_word' id='word_1_95' title='bbox 573 1092 686 1130; x_wconf 93' lang='lat' dir='ltr'>uno</span> <span class='ocrx_word' id='word_1_96' title='bbox 734 1075 1047 1142; x_wconf 82' lang='lat' dir='ltr'>vinxerunt,</span> <span class='ocrx_word' id='word_1_97' title='bbox 1084 1079 1141 1130; x_wconf 86' lang='lat' dir='ltr'>et</span> <span class='ocrx_word' id='word_1_98' title='bbox 1186 1075 1246 1130; x_wconf 92' lang='lat' dir='ltr'>in</span> <span class='ocrx_word' id='word_1_99' title='bbox 1290 1075 1498 1130; x_wconf 85' lang='lat' dir='ltr'>ferreos</span> <span class='ocrx_word' id='word_1_100' title='bbox 1526 1076 1822 1146; x_wconf 83' lang='lat' dir='ltr'>compedes</span> 
     </span>
    </p>
   </div>
   <div class='ocr_carea' id='block_1_10' title="bbox 209 1164 1822 1237">
    <p class='ocr_par' dir='ltr' id='par_1_10' title="bbox 209 1164 1822 1237">
     <span class='ocr_line' id='line_1_10' title="bbox 209 1164 1822 1237; baseline -0.002 -15"><span class='ocrx_word' id='word_1_101' title='bbox 209 1167 663 1237; x_wconf 84' lang='lat' dir='ltr'>conjecerunt,et</span> <span class='ocrx_word' id='word_1_102' title='bbox 679 1169 986 1232; x_wconf 87' lang='lat' dir='ltr'>curarunt;</span> <span class='ocrx_word' id='word_1_103' title='bbox 1019 1164 1293 1236; x_wconf 87' lang='lat' dir='ltr'>precibus,</span> <span class='ocrx_word' id='word_1_104' title='bbox 1325 1167 1556 1236; x_wconf 85' lang='lat' dir='ltr'>ejusque</span> <span class='ocrx_word' id='word_1_105' title='bbox 1577 1170 1822 1220; x_wconf 90' lang='lat' dir='ltr'>contem-</span> 
     </span>
    </p>
   </div>
   <div class='ocr_carea' id='block_1_11' title="bbox 207 1253 1826 1328">
    <p class='ocr_par' dir='ltr' id='par_1_11' title="bbox 207 1253 1826 1328">
     <span class='ocr_line' id='line_1_11' title="bbox 207 1253 1826 1328; baseline -0.002 -17"><span class='ocrx_word' id='word_1_106' title='bbox 207 1256 428 1328; x_wconf 90' lang='lat' dir='ltr'>ptione,</span> <span class='ocrx_word' id='word_1_107' title='bbox 459 1255 684 1326; x_wconf 87' lang='lat' dir='ltr'>vitaque</span> <span class='ocrx_word' id='word_1_108' title='bbox 714 1253 1029 1308; x_wconf 80' lang='lat' dir='ltr'>austeriore</span> <span class='ocrx_word' id='word_1_109' title='bbox 1053 1254 1416 1310; x_wconf 84' lang='lat' dir='ltr'>detrahentes</span> <span class='ocrx_word' id='word_1_110' title='bbox 1446 1255 1566 1324; x_wconf 89' lang='lat' dir='ltr'>ejus</span> <span class='ocrx_word' id='word_1_111' title='bbox 1596 1271 1826 1325; x_wconf 87' lang='lat' dir='ltr'>persua-</span> 
     </span>
    </p>
   </div>
   <div class='ocr_carea' id='block_1_12' title="bbox 210 1342 1822 1411">
    <p class='ocr_par' dir='ltr' id='par_1_12' title="bbox 210 1342 1822 1411">
     <span class='ocr_line' id='line_1_12' title="bbox 210 1342 1822 1411; baseline -0.002 -11"><span class='ocrx_word' id='word_1_112' title='bbox 210 1346 472 1411; x_wconf 87' lang='lat' dir='ltr'>sionem;</span> <span class='ocrx_word' id='word_1_113' title='bbox 507 1359 659 1409; x_wconf 89' lang='lat' dir='ltr'>nam,</span> <span class='ocrx_word' id='word_1_114' title='bbox 695 1348 762 1397; x_wconf 92' lang='lat' dir='ltr'>ut</span> <span class='ocrx_word' id='word_1_115' title='bbox 797 1342 1020 1410; x_wconf 89' lang='lat' dir='ltr'>dicitur,</span> <span class='ocrx_word' id='word_1_116' title='bbox 1065 1343 1348 1398; x_wconf 86' lang='lat' dir='ltr'>contraria</span> <span class='ocrx_word' id='word_1_117' title='bbox 1376 1343 1672 1398; x_wconf 84' lang='lat' dir='ltr'>contrariis</span> <span class='ocrx_word' id='word_1_118' title='bbox 1701 1359 1822 1397; x_wconf 90' lang='lat' dir='ltr'>me-</span> 
     </span>
    </p>
   </div>
   <div class='ocr_carea' id='block_1_13' title="bbox 209 1433 878 1490">
    <p class='ocr_par' dir='ltr' id='par_1_13' title="bbox 209 1433 878 1490">
     <span class='ocr_line' id='line_1_13' title="bbox 209 1433 878 1490; baseline -0.003 -2"><span class='ocrx_word' id='word_1_119' title='bbox 209 1433 554 1490; x_wconf 86' lang='lat' dir='ltr'>dicamentis</span> <span class='ocrx_word' id='word_1_120' title='bbox 583 1437 878 1487; x_wconf 85' lang='lat' dir='ltr'>curantur.</span> 
     </span>
    </p>
   </div>
   <div class='ocr_carea' id='block_1_14' title="bbox 294 1521 1826 1593">
    <p class='ocr_par' dir='ltr' id='par_1_14' title="bbox 294 1521 1826 1593">
     <span class='ocr_line' id='line_1_14' title="bbox 294 1521 1826 1593; baseline -0.003 -15"><span class='ocrx_word' id='word_1_121' title='bbox 294 1524 536 1578; x_wconf 80' lang='lat' dir='ltr'>Necesse</span> <span class='ocrx_word' id='word_1_122' title='bbox 567 1528 652 1576; x_wconf 91' lang='lat' dir='ltr'>est</span> <span class='ocrx_word' id='word_1_123' title='bbox 680 1527 870 1575; x_wconf 90' lang='lat' dir='ltr'>autem</span> <span class='ocrx_word' id='word_1_124' title='bbox 897 1537 1092 1575; x_wconf 89' lang='lat' dir='ltr'>eorum</span> <span class='ocrx_word' id='word_1_125' title='bbox 1133 1539 1353 1593; x_wconf 89' lang='lat' dir='ltr'>quoque</span> <span class='ocrx_word' id='word_1_126' title='bbox 1383 1521 1480 1593; x_wconf 87' lang='lat' dir='ltr'>qui</span> <span class='ocrx_word' id='word_1_127' title='bbox 1508 1527 1640 1578; x_wconf 90' lang='lat' dir='ltr'>sunt</span> <span class='ocrx_word' id='word_1_128' title='bbox 1683 1522 1826 1575; x_wconf 85' lang='lat' dir='ltr'>tales</span> 
     </span>
    </p>
   </div>
   <div class='ocr_carea' id='block_1_15' title="bbox 218 1609 1826 1676">
    <p class='ocr_par' dir='ltr' id='par_1_15' title="bbox 218 1609 1826 1676">
     <span class='ocr_line' id='line_1_15' title="bbox 218 1609 1826 1676; baseline -0.001 -10"><span class='ocrx_word' id='word_1_129' title='bbox 218 1613 399 1668; x_wconf 83' lang='lat' dir='ltr'>vitam</span> <span class='ocrx_word' id='word_1_130' title='bbox 428 1611 488 1666; x_wconf 92' lang='lat' dir='ltr'>in</span> <span class='ocrx_word' id='word_1_131' title='bbox 516 1611 620 1666; x_wconf 90' lang='lat' dir='ltr'>hoc</span> <span class='ocrx_word' id='word_1_132' title='bbox 659 1609 804 1664; x_wconf 90' lang='lat' dir='ltr'>libro</span> <span class='ocrx_word' id='word_1_133' title='bbox 835 1609 1102 1676; x_wconf 84' lang='lat' dir='ltr'>inserere,</span> <span class='ocrx_word' id='word_1_134' title='bbox 1130 1611 1199 1664; x_wconf 88' lang='lat' dir='ltr'>ad</span> <span class='ocrx_word' id='word_1_135' title='bbox 1229 1611 1588 1666; x_wconf 87' lang='lat' dir='ltr'>securitatem</span> <span class='ocrx_word' id='word_1_136' title='bbox 1631 1627 1826 1666; x_wconf 88' lang='lat' dir='ltr'>eorum</span> 
     </span>
    </p>
   </div>
   <div class='ocr_carea' id='block_1_16' title="bbox 222 1699 1830 1774">
    <p class='ocr_par' dir='ltr' id='par_1_16' title="bbox 222 1699 1830 1774">
     <span class='ocr_line' id='line_1_16' title="bbox 222 1699 1830 1774; baseline -0.001 -18"><span class='ocrx_word' id='word_1_137' title='bbox 222 1701 327 1774; x_wconf 81' lang='lat' dir='ltr'>qui</span> <span class='ocrx_word' id='word_1_138' title='bbox 345 1699 710 1771; x_wconf 77' lang='lat' dir='ltr'>leguntzsicut</span> <span class='ocrx_word' id='word_1_139' title='bbox 725 1699 894 1754; x_wconf 89' lang='lat' dir='ltr'>etiam</span> <span class='ocrx_word' id='word_1_140' title='bbox 909 1700 1116 1754; x_wconf 88' lang='lat' dir='ltr'>sanctis</span> <span class='ocrx_word' id='word_1_141' title='bbox 1135 1701 1341 1770; x_wconf 79' lang='lat' dir='ltr'>plantis</span> <span class='ocrx_word' id='word_1_142' title='bbox 1363 1701 1595 1755; x_wconf 86' lang='lat' dir='ltr'>accessit</span> <span class='ocrx_word' id='word_1_143' title='bbox 1613 1700 1830 1770; x_wconf 89' lang='lat' dir='ltr'>lignum</span> 
     </span>
    </p>
   </div>
   <div class='ocr_carea' id='block_1_17' title="bbox 223 1787 1831 1863">
    <p class='ocr_par' dir='ltr' id='par_1_17' title="bbox 223 1787 1831 1863">
     <span class='ocr_line' id='line_1_17' title="bbox 223 1787 1831 1863; baseline -0.002 -17"><span class='ocrx_word' id='word_1_144' title='bbox 223 1789 498 1863; x_wconf 88' lang='lat' dir='ltr'>paradisi,</span> <span class='ocrx_word' id='word_1_145' title='bbox 519 1805 720 1859; x_wconf 87' lang='lat' dir='ltr'>nempe</span> <span class='ocrx_word' id='word_1_146' title='bbox 741 1789 985 1858; x_wconf 86' lang='lat' dir='ltr'>cognitio</span> <span class='ocrx_word' id='word_1_147' title='bbox 1001 1787 1202 1842; x_wconf 91' lang='lat' dir='ltr'>boniet</span> <span class='ocrx_word' id='word_1_148' title='bbox 1230 1789 1362 1844; x_wconf 89' lang='lat' dir='ltr'>mali</span> <span class='ocrx_word' id='word_1_149' title='bbox 1384 1790 1532 1856; x_wconf 79' lang='lat' dir='ltr'>(Gen.</span> <span class='ocrx_word' id='word_1_150' title='bbox 1564 1791 1624 1858; x_wconf 85' lang='lat'>11)</span> <span class='ocrx_word' id='word_1_151' title='bbox 1654 1808 1667 1855; x_wconf 90' lang='lat'>;</span> <span class='ocrx_word' id='word_1_152' title='bbox 1691 1795 1756 1843; x_wconf 90' lang='lat' dir='ltr'>ut</span> <span class='ocrx_word' id='word_1_153' title='bbox 1784 1789 1831 1842; x_wconf 87' lang='lat' dir='ltr'>si</span> 
     </span>
    </p>
   </div>
   <div class='ocr_carea' id='block_1_18' title="bbox 1905 1076 3496 1152">
    <p class='ocr_par' dir='ltr' id='par_1_18' title="bbox 1905 1076 3496 1152">
     <span class='ocr_line' id='line_1_18' title="bbox 1905 1076 3496 1152; baseline 0.004 -23"><span class='ocrx_word' id='word_1_154' title='bbox 1905 1076 1954 1130; x_wconf 91' lang='lat' dir='ltr'>ei</span> <span class='ocrx_word' id='word_1_155' title='bbox 1985 1077 2224 1132; x_wconf 85' lang='lat' dir='ltr'>anthrax</span> <span class='ocrx_word' id='word_1_156' title='bbox 2259 1079 2318 1133; x_wconf 90' lang='lat' dir='ltr'>in</span> <span class='ocrx_word' id='word_1_157' title='bbox 2356 1079 2594 1150; x_wconf 82' lang='lat' dir='ltr'>glande;</span> <span class='ocrx_word' id='word_1_158' title='bbox 2629 1085 2686 1134; x_wconf 91' lang='lat' dir='ltr'>et</span> <span class='ocrx_word' id='word_1_159' title='bbox 2731 1085 2982 1151; x_wconf 89' lang='lat' dir='ltr'>tempore</span> <span class='ocrx_word' id='word_1_160' title='bbox 3031 1087 3288 1136; x_wconf 81' lang='lat' dir='ltr'>semestri</span> <span class='ocrx_word' id='word_1_161' title='bbox 3318 1097 3496 1152; x_wconf 87' lang='lat' dir='ltr'>usque</span> 
     </span>
    </p>
   </div>
   <div class='ocr_carea' id='block_1_19' title="bbox 1905 1165 3500 1240">
    <p class='ocr_par' dir='ltr' id='par_1_19' title="bbox 1905 1165 3500 1240">
     <span class='ocr_line' id='line_1_19' title="bbox 1905 1165 3500 1240; baseline 0.003 -22"><span class='ocrx_word' id='word_1_162' title='bbox 1905 1165 2042 1218; x_wconf 90' lang='lat' dir='ltr'>adeo</span> <span class='ocrx_word' id='word_1_163' title='bbox 2077 1167 2383 1236; x_wconf 70' lang='lat' dir='ltr'>regrotavit,</span> <span class='ocrx_word' id='word_1_164' title='bbox 2417 1173 2480 1222; x_wconf 91' lang='lat' dir='ltr'>ut</span> <span class='ocrx_word' id='word_1_165' title='bbox 2508 1169 2630 1238; x_wconf 87' lang='lat' dir='ltr'>ejus</span> <span class='ocrx_word' id='word_1_166' title='bbox 2653 1167 2836 1222; x_wconf 84' lang='lat' dir='ltr'>virilia</span> <span class='ocrx_word' id='word_1_167' title='bbox 2863 1167 3118 1222; x_wconf 90' lang='lat' dir='ltr'>membra</span> <span class='ocrx_word' id='word_1_168' title='bbox 3145 1174 3500 1240; x_wconf 90' lang='lat' dir='ltr'>computrue-</span> 
     </span>
    </p>
   </div>
   <div class='ocr_carea' id='block_1_20' title="bbox 1906 1253 3503 1329">
    <p class='ocr_par' dir='ltr' id='par_1_20' title="bbox 1906 1253 3503 1329">
     <span class='ocr_line' id='line_1_20' title="bbox 1906 1253 3503 1329; baseline 0.004 -22"><span class='ocrx_word' id='word_1_169' title='bbox 1906 1253 2038 1319; x_wconf 88' lang='lat' dir='ltr'>rint,</span> <span class='ocrx_word' id='word_1_170' title='bbox 2069 1261 2126 1308; x_wconf 91' lang='lat' dir='ltr'>et</span> <span class='ocrx_word' id='word_1_171' title='bbox 2154 1272 2256 1309; x_wconf 90' lang='lat' dir='ltr'>sua</span> <span class='ocrx_word' id='word_1_172' title='bbox 2285 1262 2482 1326; x_wconf 89' lang='lat' dir='ltr'>sponte</span> <span class='ocrx_word' id='word_1_173' title='bbox 2531 1257 2852 1313; x_wconf 87' lang='lat' dir='ltr'>ceciderint.</span> <span class='ocrx_word' id='word_1_174' title='bbox 2887 1258 3030 1311; x_wconf 91' lang='lat' dir='ltr'>Cum</span> <span class='ocrx_word' id='word_1_175' title='bbox 3068 1262 3264 1329; x_wconf 89' lang='lat' dir='ltr'>postea</span> <span class='ocrx_word' id='word_1_176' title='bbox 3308 1263 3503 1313; x_wconf 86' lang='lat' dir='ltr'>autem</span> 
     </span>
    </p>
   </div>
   <div class='ocr_carea' id='block_1_21' title="bbox 1909 1344 3503 1416">
    <p class='ocr_par' dir='ltr' id='par_1_21' title="bbox 1909 1344 3503 1416">
     <span class='ocr_line' id='line_1_21' title="bbox 1909 1344 3503 1416; baseline 0.003 -19"><span class='ocrx_word' id='word_1_177' title='bbox 1909 1344 2300 1409; x_wconf 88' lang='lat' dir='ltr'>convaluisset,</span> <span class='ocrx_word' id='word_1_178' title='bbox 2329 1361 2582 1399; x_wconf 81' lang='lat' dir='ltr'>reversus</span> <span class='ocrx_word' id='word_1_179' title='bbox 2595 1353 2681 1399; x_wconf 86' lang='lat' dir='ltr'>est</span> <span class='ocrx_word' id='word_1_180' title='bbox 2695 1346 2766 1398; x_wconf 86' lang='lat' dir='ltr'>ad</span> <span class='ocrx_word' id='word_1_181' title='bbox 2795 1345 2900 1399; x_wconf 86' lang='lat' dir='ltr'>hoc</span> <span class='ocrx_word' id='word_1_182' title='bbox 2924 1352 2988 1400; x_wconf 91' lang='lat' dir='ltr'>ut</span> <span class='ocrx_word' id='word_1_183' title='bbox 3017 1364 3084 1400; x_wconf 90' lang='lat' dir='ltr'>ea</span> <span class='ocrx_word' id='word_1_184' title='bbox 3111 1347 3348 1400; x_wconf 88' lang='lat' dir='ltr'>sentiret</span> <span class='ocrx_word' id='word_1_185' title='bbox 3376 1363 3503 1416; x_wconf 70' lang='lat' dir='ltr'>qua:</span> 
     </span>
    </p>
   </div>
   <div class='ocr_carea' id='block_1_22' title="bbox 1908 1433 3508 1501">
    <p class='ocr_par' dir='ltr' id='par_1_22' title="bbox 1908 1433 3508 1501">
     <span class='ocr_line' id='line_1_22' title="bbox 1908 1433 3508 1501; baseline 0.001 -13"><span class='ocrx_word' id='word_1_186' title='bbox 1908 1434 2010 1490; x_wconf 90' lang='lat' dir='ltr'>Dei</span> <span class='ocrx_word' id='word_1_187' title='bbox 2039 1440 2190 1501; x_wconf 90' lang='lat' dir='ltr'>sunt,</span> <span class='ocrx_word' id='word_1_188' title='bbox 2224 1439 2280 1488; x_wconf 91' lang='lat' dir='ltr'>et</span> <span class='ocrx_word' id='word_1_189' title='bbox 2308 1434 2464 1488; x_wconf 81' lang='lat' dir='ltr'>venit</span> <span class='ocrx_word' id='word_1_190' title='bbox 2492 1433 2549 1488; x_wconf 91' lang='lat' dir='ltr'>in</span> <span class='ocrx_word' id='word_1_191' title='bbox 2567 1433 2946 1500; x_wconf 89' lang='lat' dir='ltr'>solitudinem,</span> <span class='ocrx_word' id='word_1_192' title='bbox 2971 1434 3088 1488; x_wconf 75' lang='lat' dir='ltr'>hmo</span> <span class='ocrx_word' id='word_1_193' title='bbox 3118 1435 3308 1490; x_wconf 90' lang='lat' dir='ltr'>omnia</span> <span class='ocrx_word' id='word_1_194' title='bbox 3329 1437 3508 1489; x_wconf 84' lang='lat' dir='ltr'>confi-</span> 
     </span>
    </p>
   </div>
   <div class='ocr_carea' id='block_1_23' title="bbox 1908 1523 3510 1596">
    <p class='ocr_par' dir='ltr' id='par_1_23' title="bbox 1908 1523 3510 1596">
     <span class='ocr_line' id='line_1_23' title="bbox 1908 1523 3510 1596; baseline 0.001 -18"><span class='ocrx_word' id='word_1_195' title='bbox 1908 1529 2037 1578; x_wconf 85' lang='lat' dir='ltr'>tens</span> <span class='ocrx_word' id='word_1_196' title='bbox 2065 1523 2348 1594; x_wconf 84' lang='lat' dir='ltr'>patribus;</span> <span class='ocrx_word' id='word_1_197' title='bbox 2381 1529 2438 1578; x_wconf 89' lang='lat' dir='ltr'>et</span> <span class='ocrx_word' id='word_1_198' title='bbox 2465 1540 2595 1578; x_wconf 91' lang='lat' dir='ltr'>cum</span> <span class='ocrx_word' id='word_1_199' title='bbox 2624 1541 2734 1578; x_wconf 91' lang='lat' dir='ltr'>non</span> <span class='ocrx_word' id='word_1_200' title='bbox 2761 1524 3107 1596; x_wconf 83' lang='lat' dir='ltr'>pervenisset</span> <span class='ocrx_word' id='word_1_201' title='bbox 3134 1524 3204 1580; x_wconf 89' lang='lat' dir='ltr'>ad</span> <span class='ocrx_word' id='word_1_202' title='bbox 3233 1524 3510 1596; x_wconf 85' lang='lat' dir='ltr'>operatio-</span> 
     </span>
    </p>
   </div>
   <div class='ocr_carea' id='block_1_24' title="bbox 1913 1611 3003 1684">
    <p class='ocr_par' dir='ltr' id='par_1_24' title="bbox 1913 1611 3003 1684">
     <span class='ocr_line' id='line_1_24' title="bbox 1913 1611 3003 1684; baseline -0.001 -17"><span class='ocrx_word' id='word_1_203' title='bbox 1913 1629 2064 1678; x_wconf 82' lang='lat' dir='ltr'>nem,</span> <span class='ocrx_word' id='word_1_204' title='bbox 2097 1612 2287 1684; x_wconf 87' lang='lat' dir='ltr'>paucis</span> <span class='ocrx_word' id='word_1_205' title='bbox 2307 1618 2434 1684; x_wconf 91' lang='lat' dir='ltr'>post</span> <span class='ocrx_word' id='word_1_206' title='bbox 2459 1611 2652 1666; x_wconf 91' lang='lat' dir='ltr'>diebus</span> <span class='ocrx_word' id='word_1_207' title='bbox 2683 1611 3003 1666; x_wconf 90' lang='lat' dir='ltr'>obdormiit.</span> 
     </span>
    </p>
   </div>
   <div class='ocr_carea' id='block_1_25' title="bbox 2447 1701 2974 1757">
    <p class='ocr_par' dir='ltr' id='par_1_25' title="bbox 2447 1701 2974 1757">
     <span class='ocr_line' id='line_1_25' title="bbox 2447 1701 2974 1757; baseline 0.002 -1"><span class='ocrx_word' id='word_1_208' title='bbox 2447 1701 2680 1756; x_wconf 84' lang='lat' dir='ltr'><strong>CAPUT</strong></span> <span class='ocrx_word' id='word_1_209' title='bbox 2721 1701 2974 1757; x_wconf 83' lang='lat' dir='ltr'>XXXIII.</span> 
     </span>
    </p>
   </div>
   <div class='ocr_carea' id='block_1_26' title="bbox 2344 1793 3100 1861">
    <p class='ocr_par' dir='ltr' id='par_1_26' title="bbox 2344 1793 3100 1861">
     <span class='ocr_line' id='line_1_26' title="bbox 2344 1793 3100 1861; baseline 0 -15"><span class='ocrx_word' id='word_1_210' title='bbox 2344 1793 2418 1846; x_wconf 83' lang='lat' dir='ltr'>De</span> <span class='ocrx_word' id='word_1_211' title='bbox 2446 1793 2726 1846; x_wconf 66' lang='lat' dir='ltr'>Ptolcmzo</span> <span class='ocrx_word' id='word_1_212' title='bbox 2755 1795 2855 1861; x_wconf 75' lang='lat' dir='ltr'>qui</span> <span class='ocrx_word' id='word_1_213' title='bbox 2882 1793 3100 1847; x_wconf 71' lang='lat' dir='ltr'>excidit.</span> 
     </span>
    </p>
   </div>
   <div class='ocr_carea' id='block_1_27' title="bbox 226 1860 3514 1952">
    <p class='ocr_par' dir='ltr' id='par_1_27' title="bbox 226 1860 3514 1952">
     <span class='ocr_line' id='line_1_27' title="bbox 226 1860 3514 1952; baseline 0.002 -18"><span class='ocrx_word' id='word_1_214' title='bbox 226 1879 458 1951; x_wconf 86' lang='lat' dir='ltr'>quando</span> <span class='ocrx_word' id='word_1_215' title='bbox 489 1877 788 1948; x_wconf 81' lang='lat' dir='ltr'>contigerit</span> <span class='ocrx_word' id='word_1_216' title='bbox 827 1894 922 1932; x_wconf 91' lang='lat' dir='ltr'>eos</span> <span class='ocrx_word' id='word_1_217' title='bbox 964 1878 1023 1932; x_wconf 90' lang='lat' dir='ltr'>in</span> <span class='ocrx_word' id='word_1_218' title='bbox 1057 1878 1246 1949; x_wconf 90' lang='lat' dir='ltr'>aliqua</span> <span class='ocrx_word' id='word_1_219' title='bbox 1273 1896 1334 1932; x_wconf 91' lang='lat' dir='ltr'>re</span> <span class='ocrx_word' id='word_1_220' title='bbox 1356 1896 1414 1933; x_wconf 92' lang='lat' dir='ltr'>se</span> <span class='ocrx_word' id='word_1_221' title='bbox 1446 1884 1593 1932; x_wconf 90' lang='lat' dir='ltr'>recte</span> <span class='ocrx_word' id='word_1_222' title='bbox 1611 1895 1826 1948; x_wconf 85' lang='lat' dir='ltr'>gerere,</span> <span class='ocrx_word' id='word_1_223' title='bbox 1851 1860 1900 1920; x_wconf 79' lang='grc' dir='ltr'>Β</span> <span class='ocrx_word' id='word_1_224' title='bbox 1989 1880 2148 1935; x_wconf 83' lang='lat' dir='ltr'>Alius</span> <span class='ocrx_word' id='word_1_225' title='bbox 2183 1880 2412 1952; x_wconf 89' lang='lat' dir='ltr'>quidam</span> <span class='ocrx_word' id='word_1_226' title='bbox 2453 1897 2667 1946; x_wconf 85' lang='lat' dir='ltr'>rursus,</span> <span class='ocrx_word' id='word_1_227' title='bbox 2718 1880 2946 1936; x_wconf 88' lang='lat' dir='ltr'>nomine</span> <span class='ocrx_word' id='word_1_228' title='bbox 2995 1882 3350 1951; x_wconf 65' lang='lat' dir='ltr'>Ptolemaeus,</span> <span class='ocrx_word' id='word_1_229' title='bbox 3383 1900 3514 1940; x_wconf 89' lang='lat' dir='ltr'>cum</span> 
     </span>
    </p>
   </div>
   <div class='ocr_carea' id='block_1_28' title="bbox 226 1967 1832 2040">
    <p class='ocr_par' dir='ltr' id='par_1_28' title="bbox 226 1967 1832 2040">
     <span class='ocr_line' id='line_1_28' title="bbox 226 1967 1832 2040; baseline -0.001 -16"><span class='ocrx_word' id='word_1_230' title='bbox 226 1985 348 2024; x_wconf 90' lang='lat' dir='ltr'>non</span> <span class='ocrx_word' id='word_1_231' title='bbox 375 1985 435 2023; x_wconf 89' lang='lat' dir='ltr'>se</span> <span class='ocrx_word' id='word_1_232' title='bbox 465 1967 703 2022; x_wconf 70' lang='lat' dir='ltr'>efferant</span> <span class='ocrx_word' id='word_1_233' title='bbox 731 1971 788 2020; x_wconf 90' lang='lat' dir='ltr'>et</span> <span class='ocrx_word' id='word_1_234' title='bbox 815 1983 874 2020; x_wconf 92' lang='lat' dir='ltr'>se</span> <span class='ocrx_word' id='word_1_235' title='bbox 900 1967 1118 2038; x_wconf 87' lang='lat' dir='ltr'>jactent</span> <span class='ocrx_word' id='word_1_236' title='bbox 1145 1968 1214 2021; x_wconf 90' lang='lat' dir='ltr'>de</span> <span class='ocrx_word' id='word_1_237' title='bbox 1245 1968 1472 2022; x_wconf 90' lang='lat' dir='ltr'>virtute.</span> <span class='ocrx_word' id='word_1_238' title='bbox 1506 1969 1651 2023; x_wconf 86' lang='lat' dir='ltr'>Nam</span> <span class='ocrx_word' id='word_1_239' title='bbox 1685 1984 1832 2040; x_wconf 63' lang='lat' dir='ltr'>saepe</span> 
     </span>
    </p>
   </div>
   <div class='ocr_carea' id='block_1_29' title="bbox 226 2056 1834 2131">
    <p class='ocr_par' dir='ltr' id='par_1_29' title="bbox 226 2056 1834 2131">
     <span class='ocr_line' id='line_1_29' title="bbox 226 2056 1834 2131; baseline -0.002 -18"><span class='ocrx_word' id='word_1_240' title='bbox 226 2073 456 2131; x_wconf 87' lang='lat' dir='ltr'>quoque</span> <span class='ocrx_word' id='word_1_241' title='bbox 479 2057 657 2110; x_wconf 85' lang='lat' dir='ltr'>virtus</span> <span class='ocrx_word' id='word_1_242' title='bbox 679 2056 919 2112; x_wconf 80' lang='lat' dir='ltr'>efficitur</span> <span class='ocrx_word' id='word_1_243' title='bbox 947 2057 1162 2112; x_wconf 86' lang='lat' dir='ltr'>occasio</span> <span class='ocrx_word' id='word_1_244' title='bbox 1194 2057 1586 2128; x_wconf 88' lang='lat' dir='ltr'>prolapsionis,</span> <span class='ocrx_word' id='word_1_245' title='bbox 1610 2057 1834 2128; x_wconf 87' lang='lat' dir='ltr'>quando</span> 
     </span>
    </p>
   </div>
   <div class='ocr_carea' id='block_1_30' title="bbox 227 2145 1830 2218">
    <p class='ocr_par' dir='ltr' id='par_1_30' title="bbox 227 2145 1830 2218">
     <span class='ocr_line' id='line_1_30' title="bbox 227 2145 1830 2218; baseline -0.003 -14"><span class='ocrx_word' id='word_1_246' title='bbox 227 2165 349 2204; x_wconf 91' lang='lat' dir='ltr'>non</span> <span class='ocrx_word' id='word_1_247' title='bbox 377 2151 530 2201; x_wconf 91' lang='lat' dir='ltr'>recto</span> <span class='ocrx_word' id='word_1_248' title='bbox 560 2162 726 2216; x_wconf 92' lang='lat' dir='ltr'>scopo</span> <span class='ocrx_word' id='word_1_249' title='bbox 766 2145 912 2199; x_wconf 83' lang='lat' dir='ltr'>facta</span> <span class='ocrx_word' id='word_1_250' title='bbox 962 2146 1150 2201; x_wconf 78' lang='lat' dir='ltr'>fuerit.</span> <span class='ocrx_word' id='word_1_251' title='bbox 1189 2147 1468 2218; x_wconf 88' lang='lat' dir='ltr'>Scriptum</span> <span class='ocrx_word' id='word_1_252' title='bbox 1509 2153 1598 2201; x_wconf 90' lang='lat' dir='ltr'>est</span> <span class='ocrx_word' id='word_1_253' title='bbox 1637 2146 1788 2201; x_wconf 89' lang='lat' dir='ltr'>enim</span> <span class='ocrx_word' id='word_1_254' title='bbox 1819 2164 1830 2199; x_wconf 91' lang='lat'><strong>:</strong></span> 
     </span>
    </p>
   </div>
   <div class='ocr_carea' id='block_1_31' title="bbox 232 2235 1835 2308">
    <p class='ocr_par' dir='ltr' id='par_1_31' title="bbox 232 2235 1835 2308">
     <span class='ocr_line' id='line_1_31' title="bbox 232 2235 1835 2308; baseline -0.001 -18"><span class='ocrx_word' id='word_1_255' title='bbox 232 2236 370 2292; x_wconf 81' lang='lat' dir='ltr'>Vidi</span> <span class='ocrx_word' id='word_1_256' title='bbox 393 2237 612 2308; x_wconf 88' lang='lat' dir='ltr'>justum</span> <span class='ocrx_word' id='word_1_257' title='bbox 649 2241 981 2306; x_wconf 85' lang='lat' dir='ltr'>pereuntem</span> <span class='ocrx_word' id='word_1_258' title='bbox 1010 2235 1068 2290; x_wconf 87' lang='lat' dir='ltr'>in</span> <span class='ocrx_word' id='word_1_259' title='bbox 1116 2253 1220 2290; x_wconf 90' lang='lat' dir='ltr'>sua</span> <span class='ocrx_word' id='word_1_260' title='bbox 1239 2235 1464 2307; x_wconf 88' lang='lat' dir='ltr'>justitia</span> <span class='ocrx_word' id='word_1_261' title='bbox 1493 2237 1684 2305; x_wconf 87' lang='lat' dir='ltr'>(Ecclc.</span> <span class='ocrx_word' id='word_1_262' title='bbox 1715 2239 1835 2305; x_wconf 83' lang='lat' dir='ltr'>vn).</span> 
     </span>
    </p>
   </div>
   <div class='ocr_carea' id='block_1_32' title="bbox 234 2324 936 2396">
    <p class='ocr_par' dir='ltr' id='par_1_32' title="bbox 234 2324 936 2396">
     <span class='ocr_line' id='line_1_32' title="bbox 234 2324 936 2396; baseline -0.009 -14"><span class='ocrx_word' id='word_1_263' title='bbox 234 2326 305 2382; x_wconf 92' lang='lat' dir='ltr'>Id</span> <span class='ocrx_word' id='word_1_264' title='bbox 335 2340 555 2396; x_wconf 87' lang='lat' dir='ltr'>quoque</span> <span class='ocrx_word' id='word_1_265' title='bbox 584 2331 670 2378; x_wconf 90' lang='lat' dir='ltr'>est</span> <span class='ocrx_word' id='word_1_266' title='bbox 701 2324 936 2378; x_wconf 82' lang='lat' dir='ltr'>vanitas.</span> 
     </span>
    </p>
   </div>
   <div class='ocr_carea' id='block_1_33' title="bbox 797 2414 1285 2470">
    <p class='ocr_par' dir='ltr' id='par_1_33' title="bbox 797 2414 1285 2470">
     <span class='ocr_line' id='line_1_33' title="bbox 797 2414 1285 2470; baseline 0 -2"><span class='ocrx_word' id='word_1_267' title='bbox 797 2414 1030 2468; x_wconf 81' lang='lat' dir='ltr'><strong>CAPUT</strong></span> <span class='ocrx_word' id='word_1_268' title='bbox 1061 2415 1285 2470; x_wconf 73' lang='lat' dir='ltr'>XXXII.</span> 
     </span>
    </p>
   </div>
   <div class='ocr_carea' id='block_1_34' title="bbox 809 2502 1269 2574">
    <p class='ocr_par' dir='ltr' id='par_1_34' title="bbox 809 2502 1269 2574">
     <span class='ocr_line' id='line_1_34' title="bbox 809 2502 1269 2574; baseline -0.002 -16"><span class='ocrx_word' id='word_1_269' title='bbox 809 2505 884 2558; x_wconf 79' lang='lat' dir='ltr'>De</span> <span class='ocrx_word' id='word_1_270' title='bbox 929 2503 1109 2557; x_wconf 82' lang='lat' dir='ltr'>Eronc</span> <span class='ocrx_word' id='word_1_271' title='bbox 1142 2502 1269 2574; x_wconf 64' lang='lat'>(731).</span> 
     </span>
    </p>
   </div>
   <div class='ocr_carea' id='block_1_35' title="bbox 318 2591 1840 2664">
    <p class='ocr_par' dir='ltr' id='par_1_35' title="bbox 318 2591 1840 2664">
     <span class='ocr_line' id='line_1_35' title="bbox 318 2591 1840 2664; baseline -0.002 -15"><span class='ocrx_word' id='word_1_272' title='bbox 318 2592 450 2649; x_wconf 82' lang='lat' dir='ltr'>Fuit</span> <span class='ocrx_word' id='word_1_273' title='bbox 479 2593 728 2664; x_wconf 87' lang='lat' dir='ltr'>quidam,</span> <span class='ocrx_word' id='word_1_274' title='bbox 751 2592 858 2647; x_wconf 90' lang='lat' dir='ltr'>Ero</span> <span class='ocrx_word' id='word_1_275' title='bbox 883 2592 1130 2655; x_wconf 89' lang='lat' dir='ltr'>nomine,</span> <span class='ocrx_word' id='word_1_276' title='bbox 1163 2592 1302 2646; x_wconf 89' lang='lat' dir='ltr'>mihi</span> <span class='ocrx_word' id='word_1_277' title='bbox 1331 2591 1564 2658; x_wconf 90' lang='lat' dir='ltr'>vicinus,</span> <span class='ocrx_word' id='word_1_278' title='bbox 1597 2593 1840 2648; x_wconf 80' lang='lat' dir='ltr'>Alexan-</span> 
     </span>
    </p>
   </div>
   <div class='ocr_carea' id='block_1_36' title="bbox 239 2680 1842 2752">
    <p class='ocr_par' dir='ltr' id='par_1_36' title="bbox 239 2680 1842 2752">
     <span class='ocr_line' id='line_1_36' title="bbox 239 2680 1842 2752; baseline -0.001 -14"><span class='ocrx_word' id='word_1_279' title='bbox 239 2683 446 2739; x_wconf 82' lang='lat' dir='ltr'>drinus</span> <span class='ocrx_word' id='word_1_280' title='bbox 485 2698 710 2752; x_wconf 78' lang='lat' dir='ltr'>genere,</span> <span class='ocrx_word' id='word_1_281' title='bbox 743 2680 996 2736; x_wconf 90' lang='lat' dir='ltr'>urbanus</span> <span class='ocrx_word' id='word_1_282' title='bbox 1041 2681 1384 2746; x_wconf 85' lang='lat' dir='ltr'>adolescens,</span> <span class='ocrx_word' id='word_1_283' title='bbox 1420 2681 1564 2736; x_wconf 91' lang='lat' dir='ltr'>bono</span> <span class='ocrx_word' id='word_1_284' title='bbox 1599 2681 1842 2750; x_wconf 83' lang='lat' dir='ltr'>ingenio,</span> 
     </span>
    </p>
   </div>
   <div class='ocr_carea' id='block_1_37' title="bbox 242 2770 1847 2842">
    <p class='ocr_par' dir='ltr' id='par_1_37' title="bbox 242 2770 1847 2842">
     <span class='ocr_line' id='line_1_37' title="bbox 242 2770 1847 2842; baseline -0.001 -17"><span class='ocrx_word' id='word_1_285' title='bbox 242 2773 366 2826; x_wconf 80' lang='lat' dir='ltr'>vita</span> <span class='ocrx_word' id='word_1_286' title='bbox 405 2771 668 2826; x_wconf 85' lang='lat' dir='ltr'>mundus.</span> <span class='ocrx_word' id='word_1_287' title='bbox 705 2775 888 2836; x_wconf 61' lang='lat' dir='ltr'>F334</span> <span class='ocrx_word' id='word_1_288' title='bbox 924 2771 1032 2834; x_wconf 86' lang='lat' dir='ltr'>Qui</span> <span class='ocrx_word' id='word_1_289' title='bbox 1060 2770 1179 2841; x_wconf 90' lang='lat' dir='ltr'>ipse</span> <span class='ocrx_word' id='word_1_290' title='bbox 1205 2787 1425 2842; x_wconf 87' lang='lat' dir='ltr'>quoque</span> <span class='ocrx_word' id='word_1_291' title='bbox 1450 2778 1577 2842; x_wconf 91' lang='lat' dir='ltr'>post</span> <span class='ocrx_word' id='word_1_292' title='bbox 1613 2788 1847 2841; x_wconf 87' lang='lat' dir='ltr'>magnos</span> 
     </span>
    </p>
   </div>
   <div class='ocr_carea' id='block_1_38' title="bbox 243 2859 1850 2931">
    <p class='ocr_par' dir='ltr' id='par_1_38' title="bbox 243 2859 1850 2931">
     <span class='ocr_line' id='line_1_38' title="bbox 243 2859 1850 2931; baseline -0.002 -15"><span class='ocrx_word' id='word_1_293' title='bbox 243 2860 470 2916; x_wconf 88' lang='lat' dir='ltr'>labores</span> <span class='ocrx_word' id='word_1_294' title='bbox 499 2867 556 2914; x_wconf 91' lang='lat' dir='ltr'>et</span> <span class='ocrx_word' id='word_1_295' title='bbox 582 2861 878 2931; x_wconf 64' lang='lat' dir='ltr'>praeclaros</span> <span class='ocrx_word' id='word_1_296' title='bbox 907 2859 1234 2923; x_wconf 87' lang='lat' dir='ltr'>sudores,ab</span> <span class='ocrx_word' id='word_1_297' title='bbox 1255 2860 1577 2930; x_wconf 87' lang='lat' dir='ltr'>arrogantia</span> <span class='ocrx_word' id='word_1_298' title='bbox 1588 2866 1850 2931; x_wconf 87' lang='lat' dir='ltr'>arreptus</span> 
     </span>
    </p>
   </div>
   <div class='ocr_carea' id='block_1_39' title="bbox 249 2949 1848 3021">
    <p class='ocr_par' dir='ltr' id='par_1_39' title="bbox 249 2949 1848 3021">
     <span class='ocr_line' id='line_1_39' title="bbox 249 2949 1848 3021; baseline -0.001 -17"><span class='ocrx_word' id='word_1_299' title='bbox 249 2956 312 3004; x_wconf 88' lang='lat' dir='ltr'>et</span> <span class='ocrx_word' id='word_1_300' title='bbox 355 2949 614 3016; x_wconf 89' lang='lat' dir='ltr'>elatione,</span> <span class='ocrx_word' id='word_1_301' title='bbox 661 2965 908 3021; x_wconf 71' lang='lat' dir='ltr'>princeps</span> <span class='ocrx_word' id='word_1_302' title='bbox 945 2949 1082 3016; x_wconf 90' lang='lat' dir='ltr'>ruit,</span> <span class='ocrx_word' id='word_1_303' title='bbox 1131 2953 1190 3003; x_wconf 89' lang='lat' dir='ltr'>et</span> <span class='ocrx_word' id='word_1_304' title='bbox 1238 2949 1502 3004; x_wconf 88' lang='lat' dir='ltr'>adversus</span> <span class='ocrx_word' id='word_1_305' title='bbox 1537 2956 1724 3020; x_wconf 89' lang='lat' dir='ltr'>patres</span> <span class='ocrx_word' id='word_1_306' title='bbox 1751 2966 1848 3004; x_wconf 90' lang='lat' dir='ltr'>su-</span> 
     </span>
    </p>
   </div>
   <div class='ocr_carea' id='block_1_40' title="bbox 248 3038 1846 3112">
    <p class='ocr_par' dir='ltr' id='par_1_40' title="bbox 248 3038 1846 3112">
     <span class='ocr_line' id='line_1_40' title="bbox 248 3038 1846 3112; baseline -0.001 -18"><span class='ocrx_word' id='word_1_307' title='bbox 248 3038 461 3112; x_wconf 86' lang='lat' dir='ltr'>perbus</span> <span class='ocrx_word' id='word_1_308' title='bbox 491 3039 666 3094; x_wconf 83' lang='lat' dir='ltr'>evasit</span> <span class='ocrx_word' id='word_1_309' title='bbox 694 3044 752 3094; x_wconf 89' lang='lat' dir='ltr'>et</span> <span class='ocrx_word' id='word_1_310' title='bbox 780 3039 1046 3104; x_wconf 89' lang='lat' dir='ltr'>insolens,</span> <span class='ocrx_word' id='word_1_311' title='bbox 1071 3043 1127 3092; x_wconf 92' lang='lat' dir='ltr'>et</span> <span class='ocrx_word' id='word_1_312' title='bbox 1145 3055 1272 3094; x_wconf 87' lang='lat' dir='ltr'>cum</span> <span class='ocrx_word' id='word_1_313' title='bbox 1303 3039 1414 3092; x_wconf 89' lang='lat' dir='ltr'>illis</span> <span class='ocrx_word' id='word_1_314' title='bbox 1431 3039 1659 3092; x_wconf 86' lang='lat' dir='ltr'>beatum</span> <span class='ocrx_word' id='word_1_315' title='bbox 1677 3039 1846 3094; x_wconf 90' lang='lat' dir='ltr'>etiam</span> 
     </span>
    </p>
   </div>
   <div class='ocr_carea' id='block_1_41' title="bbox 246 3125 1850 3200">
    <p class='ocr_par' dir='ltr' id='par_1_41' title="bbox 246 3125 1850 3200">
     <span class='ocr_line' id='line_1_41' title="bbox 246 3125 1850 3200; baseline -0.001 -17"><span class='ocrx_word' id='word_1_316' title='bbox 246 3128 555 3198; x_wconf 85' lang='lat' dir='ltr'>Evagrium</span> <span class='ocrx_word' id='word_1_317' title='bbox 596 3125 709 3200; x_wconf 75' lang='grc' dir='ltr'>[Αἱ.</span> <span class='ocrx_word' id='word_1_318' title='bbox 743 3127 1048 3182; x_wconf 88' lang='lat' dir='ltr'>Macarium</span> <span class='ocrx_word' id='word_1_319' title='bbox 1086 3144 1304 3198; x_wconf 89' lang='lat' dir='ltr'>quoque</span> <span class='ocrx_word' id='word_1_320' title='bbox 1334 3126 1750 3200; x_wconf 81' lang='lat' dir='ltr'>presbyterum]</span> <span class='ocrx_word' id='word_1_321' title='bbox 1773 3128 1850 3182; x_wconf 83' lang='lat' dir='ltr'>af-</span> 
     </span>
    </p>
   </div>
   <div class='ocr_carea' id='block_1_42' title="bbox 1917 1970 3516 2044">
    <p class='ocr_par' dir='ltr' id='par_1_42' title="bbox 1917 1970 3516 2044">
     <span class='ocr_line' id='line_1_42' title="bbox 1917 1970 3516 2044; baseline 0.003 -20"><span class='ocrx_word' id='word_1_322' title='bbox 1917 1977 2151 2024; x_wconf 88' lang='lat' dir='ltr'>narratu</span> <span class='ocrx_word' id='word_1_323' title='bbox 2179 1970 2486 2037; x_wconf 78' lang='lat' dir='ltr'>difﬁcilem,</span> <span class='ocrx_word' id='word_1_324' title='bbox 2513 1971 2600 2024; x_wconf 88' lang='lat' dir='ltr'>vel</span> <span class='ocrx_word' id='word_1_325' title='bbox 2616 1970 2800 2042; x_wconf 91' lang='lat' dir='ltr'>potius</span> <span class='ocrx_word' id='word_1_326' title='bbox 2812 1988 2934 2042; x_wconf 68' lang='lat' dir='ltr'>quae</span> <span class='ocrx_word' id='word_1_327' title='bbox 2957 1971 3176 2024; x_wconf 88' lang='lat' dir='ltr'>narrari</span> <span class='ocrx_word' id='word_1_328' title='bbox 3199 1989 3312 2026; x_wconf 90' lang='lat' dir='ltr'>non</span> <span class='ocrx_word' id='word_1_329' title='bbox 3332 1979 3516 2044; x_wconf 89' lang='lat' dir='ltr'>potest</span> 
     </span>
    </p>
   </div>
   <div class='ocr_carea' id='block_1_43' title="bbox 1918 2058 3517 2129">
    <p class='ocr_par' dir='ltr' id='par_1_43' title="bbox 1918 2058 3517 2129">
     <span class='ocr_line' id='line_1_43' title="bbox 1918 2058 3517 2129; baseline 0.003 -17"><span class='ocrx_word' id='word_1_330' title='bbox 1918 2058 2090 2115; x_wconf 88' lang='lat' dir='ltr'>vitam</span> <span class='ocrx_word' id='word_1_331' title='bbox 2125 2059 2510 2129; x_wconf 87' lang='lat' dir='ltr'>transegisset,</span> <span class='ocrx_word' id='word_1_332' title='bbox 2542 2058 2819 2114; x_wconf 87' lang='lat' dir='ltr'>habitavit</span> <span class='ocrx_word' id='word_1_333' title='bbox 2845 2060 3006 2114; x_wconf 89' lang='lat' dir='ltr'>initio</span> <span class='ocrx_word' id='word_1_334' title='bbox 3031 2061 3181 2114; x_wconf 89' lang='lat' dir='ltr'>ultra</span> <span class='ocrx_word' id='word_1_335' title='bbox 3210 2062 3430 2117; x_wconf 88' lang='lat' dir='ltr'>Scetem</span> <span class='ocrx_word' id='word_1_336' title='bbox 3455 2063 3517 2118; x_wconf 91' lang='lat' dir='ltr'>in</span> 
     </span>
    </p>
   </div>
   <div class='ocr_carea' id='block_1_44' title="bbox 1921 2148 3518 2220">
    <p class='ocr_par' dir='ltr' id='par_1_44' title="bbox 1921 2148 3518 2220">
     <span class='ocr_line' id='line_1_44' title="bbox 1921 2148 3518 2220; baseline 0.002 -18"><span class='ocrx_word' id='word_1_337' title='bbox 1921 2164 1988 2202; x_wconf 88' lang='lat' dir='ltr'>ea</span> <span class='ocrx_word' id='word_1_338' title='bbox 2009 2165 2131 2220; x_wconf 67' lang='lat' dir='ltr'>quae</span> <span class='ocrx_word' id='word_1_339' title='bbox 2149 2148 2356 2202; x_wconf 91' lang='lat' dir='ltr'>dicitur</span> <span class='ocrx_word' id='word_1_340' title='bbox 2381 2148 2601 2220; x_wconf 74' lang='grc' dir='ltr'>Κλίμαξ,</span> <span class='ocrx_word' id='word_1_341' title='bbox 2629 2148 2686 2202; x_wconf 89' lang='lat' dir='ltr'>id</span> <span class='ocrx_word' id='word_1_342' title='bbox 2715 2154 2802 2202; x_wconf 89' lang='lat' dir='ltr'>est</span> <span class='ocrx_word' id='word_1_343' title='bbox 2826 2148 2992 2204; x_wconf 88' lang='lat' dir='ltr'>scala.</span> <span class='ocrx_word' id='word_1_344' title='bbox 3023 2149 3122 2204; x_wconf 90' lang='lat' dir='ltr'>Est</span> <span class='ocrx_word' id='word_1_345' title='bbox 3142 2155 3332 2204; x_wconf 87' lang='lat' dir='ltr'>autem</span> <span class='ocrx_word' id='word_1_346' title='bbox 3361 2150 3518 2206; x_wconf 90' lang='lat' dir='ltr'>locus</span> 
     </span>
    </p>
   </div>
   <div class='ocr_carea' id='block_1_45' title="bbox 1923 2237 3520 2312">
    <p class='ocr_par' dir='ltr' id='par_1_45' title="bbox 1923 2237 3520 2312">
     <span class='ocr_line' id='line_1_45' title="bbox 1923 2237 3520 2312; baseline 0.003 -22"><span class='ocrx_word' id='word_1_347' title='bbox 1923 2237 2018 2308; x_wconf 89' lang='lat' dir='ltr'>qui</span> <span class='ocrx_word' id='word_1_348' title='bbox 2038 2237 2117 2291; x_wconf 91' lang='lat' dir='ltr'>sic</span> <span class='ocrx_word' id='word_1_349' title='bbox 2145 2237 2351 2292; x_wconf 89' lang='lat' dir='ltr'>dicitur</span> <span class='ocrx_word' id='word_1_350' title='bbox 2375 2237 2434 2292; x_wconf 91' lang='lat' dir='ltr'>in</span> <span class='ocrx_word' id='word_1_351' title='bbox 2465 2254 2574 2308; x_wconf 90' lang='lat' dir='ltr'>quo</span> <span class='ocrx_word' id='word_1_352' title='bbox 2588 2254 2751 2292; x_wconf 91' lang='lat' dir='ltr'>nemo</span> <span class='ocrx_word' id='word_1_353' title='bbox 2767 2244 2952 2309; x_wconf 89' lang='lat' dir='ltr'>potest</span> <span class='ocrx_word' id='word_1_354' title='bbox 2979 2238 3520 2312; x_wconf 85' lang='lat' dir='ltr'>habitare,propter-</span> 
     </span>
    </p>
   </div>
   <div class='ocr_carea' id='block_1_46' title="bbox 1924 2327 3524 2398">
    <p class='ocr_par' dir='ltr' id='par_1_46' title="bbox 1924 2327 3524 2398">
     <span class='ocr_line' id='line_1_46' title="bbox 1924 2327 3524 2398; baseline 0.003 -18"><span class='ocrx_word' id='word_1_355' title='bbox 1924 2343 1992 2380; x_wconf 87' lang='lat' dir='ltr'>ea</span> <span class='ocrx_word' id='word_1_356' title='bbox 2026 2327 2174 2397; x_wconf 90' lang='lat' dir='ltr'>quod</span> <span class='ocrx_word' id='word_1_357' title='bbox 2206 2335 2416 2398; x_wconf 90' lang='lat' dir='ltr'>puteus</span> <span class='ocrx_word' id='word_1_358' title='bbox 2448 2343 2724 2398; x_wconf 86' lang='lat' dir='ltr'>aquarum</span> <span class='ocrx_word' id='word_1_359' title='bbox 2753 2327 2923 2381; x_wconf 89' lang='lat' dir='ltr'>distet</span> <span class='ocrx_word' id='word_1_360' title='bbox 2941 2327 3134 2382; x_wconf 88' lang='lat' dir='ltr'>decem</span> <span class='ocrx_word' id='word_1_361' title='bbox 3163 2334 3220 2382; x_wconf 90' lang='lat' dir='ltr'>et</span> <span class='ocrx_word' id='word_1_362' title='bbox 3238 2333 3361 2383; x_wconf 87' lang='lat' dir='ltr'>octo</span> <span class='ocrx_word' id='word_1_363' title='bbox 3400 2329 3524 2384; x_wconf 90' lang='lat' dir='ltr'>mil-</span> 
     </span>
    </p>
   </div>
   <div class='ocr_carea' id='block_1_47' title="bbox 1921 2413 3518 2491">
    <p class='ocr_par' dir='ltr' id='par_1_47' title="bbox 1921 2413 3518 2491">
     <span class='ocr_line' id='line_1_47' title="bbox 1921 2413 3518 2491; baseline 0.002 -24"><span class='ocrx_word' id='word_1_364' title='bbox 1921 2413 2178 2468; x_wconf 87' lang='lat' dir='ltr'>liaribus.</span> <span class='ocrx_word' id='word_1_365' title='bbox 2202 2414 2343 2468; x_wconf 92' lang='lat' dir='ltr'>Cum</span> <span class='ocrx_word' id='word_1_366' title='bbox 2374 2413 2424 2468; x_wconf 92' lang='lat' dir='ltr'>is</span> <span class='ocrx_word' id='word_1_367' title='bbox 2453 2431 2584 2484; x_wconf 88' lang='lat' dir='ltr'>ergo</span> <span class='ocrx_word' id='word_1_368' title='bbox 2620 2415 2800 2469; x_wconf 88' lang='lat' dir='ltr'>multa</span> <span class='ocrx_word' id='word_1_369' title='bbox 2828 2432 2960 2469; x_wconf 88' lang='lat' dir='ltr'>vasa</span> <span class='ocrx_word' id='word_1_370' title='bbox 3000 2415 3193 2470; x_wconf 88' lang='lat' dir='ltr'>ﬁctilia</span> <span class='ocrx_word' id='word_1_371' title='bbox 3221 2421 3518 2491; x_wconf 62' lang='lat' dir='ltr'>portasset,</span> 
     </span>
    </p>
   </div>
   <div class='ocr_carea' id='block_1_48' title="bbox 1923 2503 3528 2576">
    <p class='ocr_par' dir='ltr' id='par_1_48' title="bbox 1923 2503 3528 2576">
     <span class='ocr_line' id='line_1_48' title="bbox 1923 2503 3528 2576; baseline 0.002 -19"><span class='ocrx_word' id='word_1_372' title='bbox 1923 2510 1981 2557; x_wconf 92' lang='lat' dir='ltr'>et</span> <span class='ocrx_word' id='word_1_373' title='bbox 2009 2503 2306 2559; x_wconf 90' lang='lat' dir='ltr'>Decembri</span> <span class='ocrx_word' id='word_1_374' title='bbox 2345 2509 2402 2558; x_wconf 90' lang='lat' dir='ltr'>et</span> <span class='ocrx_word' id='word_1_375' title='bbox 2440 2504 2709 2558; x_wconf 86' lang='lat' dir='ltr'>Januario</span> <span class='ocrx_word' id='word_1_376' title='bbox 2739 2521 2932 2558; x_wconf 88' lang='lat' dir='ltr'>mense</span> <span class='ocrx_word' id='word_1_377' title='bbox 2983 2521 3170 2559; x_wconf 90' lang='lat' dir='ltr'>rorem</span> <span class='ocrx_word' id='word_1_378' title='bbox 3210 2505 3528 2576; x_wconf 86' lang='lat' dir='ltr'>collegisset</span> 
     </span>
    </p>
   </div>
   <div class='ocr_carea' id='block_1_49' title="bbox 1931 2592 3529 2666">
    <p class='ocr_par' dir='ltr' id='par_1_49' title="bbox 1931 2592 3529 2666">
     <span class='ocr_line' id='line_1_49' title="bbox 1931 2592 3529 2666; baseline 0.002 -20"><span class='ocrx_word' id='word_1_379' title='bbox 1931 2595 2038 2660; x_wconf 91' lang='lat' dir='ltr'>(est</span> <span class='ocrx_word' id='word_1_380' title='bbox 2062 2593 2208 2646; x_wconf 91' lang='lat' dir='ltr'>enim</span> <span class='ocrx_word' id='word_1_381' title='bbox 2239 2594 2578 2664; x_wconf 89' lang='lat' dir='ltr'>permultum</span> <span class='ocrx_word' id='word_1_382' title='bbox 2603 2593 2747 2647; x_wconf 90' lang='lat' dir='ltr'>roris</span> <span class='ocrx_word' id='word_1_383' title='bbox 2767 2592 2826 2647; x_wconf 92' lang='lat' dir='ltr'>in</span> <span class='ocrx_word' id='word_1_384' title='bbox 2853 2593 2963 2647; x_wconf 82' lang='lat' dir='ltr'>illis</span> <span class='ocrx_word' id='word_1_385' title='bbox 2988 2593 3258 2665; x_wconf 88' lang='lat' dir='ltr'>partibus)</span> <span class='ocrx_word' id='word_1_386' title='bbox 3284 2599 3341 2648; x_wconf 88' lang='lat' dir='ltr'>et</span> <span class='ocrx_word' id='word_1_387' title='bbox 3365 2611 3529 2666; x_wconf 90' lang='lat' dir='ltr'>spon-</span> 
     </span>
    </p>
   </div>
   <div class='ocr_carea' id='block_1_50' title="bbox 1926 2681 3526 2753">
    <p class='ocr_par' dir='ltr' id='par_1_50' title="bbox 1926 2681 3526 2753">
     <span class='ocr_line' id='line_1_50' title="bbox 1926 2681 3526 2753; baseline 0.002 -18"><span class='ocrx_word' id='word_1_388' title='bbox 1926 2682 2022 2752; x_wconf 89' lang='lat' dir='ltr'>gia</span> <span class='ocrx_word' id='word_1_389' title='bbox 2057 2699 2123 2736; x_wconf 85' lang='lat' dir='ltr'>ex</span> <span class='ocrx_word' id='word_1_390' title='bbox 2152 2682 2431 2753; x_wconf 84' lang='lat' dir='ltr'>lapidibus</span> <span class='ocrx_word' id='word_1_391' title='bbox 2453 2681 2834 2753; x_wconf 77' lang='lat' dir='ltr'>expressisset,</span> <span class='ocrx_word' id='word_1_392' title='bbox 2869 2683 3115 2752; x_wconf 89' lang='lat' dir='ltr'>perstitit</span> <span class='ocrx_word' id='word_1_393' title='bbox 3134 2683 3248 2736; x_wconf 89' lang='lat' dir='ltr'>illic</span> <span class='ocrx_word' id='word_1_394' title='bbox 3265 2682 3526 2738; x_wconf 88' lang='lat' dir='ltr'>habitans</span> 
     </span>
    </p>
   </div>
   <div class='ocr_carea' id='block_1_51' title="bbox 1929 2770 3532 2842">
    <p class='ocr_par' dir='ltr' id='par_1_51' title="bbox 1929 2770 3532 2842">
     <span class='ocr_line' id='line_1_51' title="bbox 1929 2770 3532 2842; baseline 0.002 -18"><span class='ocrx_word' id='word_1_395' title='bbox 1929 2787 2106 2825; x_wconf 90' lang='lat' dir='ltr'>annos</span> <span class='ocrx_word' id='word_1_396' title='bbox 2138 2771 2476 2842; x_wconf 89' lang='lat' dir='ltr'>quindecim.</span> <span class='ocrx_word' id='word_1_397' title='bbox 2520 2771 2628 2836; x_wconf 87' lang='lat' dir='ltr'>Qui</span> <span class='ocrx_word' id='word_1_398' title='bbox 2683 2770 3032 2826; x_wconf 88' lang='lat' dir='ltr'>abalienatus</span> <span class='ocrx_word' id='word_1_399' title='bbox 3091 2789 3126 2826; x_wconf 86' lang='lat' dir='ltr'>a</span> <span class='ocrx_word' id='word_1_400' title='bbox 3172 2771 3428 2828; x_wconf 85' lang='lat' dir='ltr'>doctrina</span> <span class='ocrx_word' id='word_1_401' title='bbox 3473 2780 3532 2827; x_wconf 92' lang='lat' dir='ltr'>et</span> 
     </span>
    </p>
   </div>
   <div class='ocr_carea' id='block_1_52' title="bbox 1931 2861 3533 2930">
    <p class='ocr_par' dir='ltr' id='par_1_52' title="bbox 1931 2861 3533 2930">
     <span class='ocr_line' id='line_1_52' title="bbox 1931 2861 3533 2930; baseline 0.001 -16"><span class='ocrx_word' id='word_1_402' title='bbox 1931 2861 2322 2930; x_wconf 86' lang='lat' dir='ltr'>congressione</span> <span class='ocrx_word' id='word_1_403' title='bbox 2378 2861 2625 2915; x_wconf 91' lang='lat' dir='ltr'>virorum</span> <span class='ocrx_word' id='word_1_404' title='bbox 2677 2865 3000 2915; x_wconf 89' lang='lat' dir='ltr'>sanctorum</span> <span class='ocrx_word' id='word_1_405' title='bbox 3051 2866 3108 2915; x_wconf 87' lang='lat' dir='ltr'>et</span> <span class='ocrx_word' id='word_1_406' title='bbox 3162 2861 3408 2916; x_wconf 88' lang='lat' dir='ltr'>utilitate</span> <span class='ocrx_word' id='word_1_407' title='bbox 3473 2868 3533 2916; x_wconf 91' lang='lat' dir='ltr'>et</span> 
     </span>
    </p>
   </div>
   <div class='ocr_carea' id='block_1_53' title="bbox 1931 2950 3530 3015">
    <p class='ocr_par' dir='ltr' id='par_1_53' title="bbox 1931 2950 3530 3015">
     <span class='ocr_line' id='line_1_53' title="bbox 1931 2950 3530 3015; baseline 0.002 -13"><span class='ocrx_word' id='word_1_408' title='bbox 1931 2950 2203 3004; x_wconf 86' lang='lat' dir='ltr'>continua</span> <span class='ocrx_word' id='word_1_409' title='bbox 2264 2957 2748 3004; x_wconf 83' lang='lat' dir='ltr'>sacramentorum</span> <span class='ocrx_word' id='word_1_410' title='bbox 2813 2950 3222 3015; x_wconf 90' lang='lat' dir='ltr'>communione,</span> <span class='ocrx_word' id='word_1_411' title='bbox 3286 2967 3322 3004; x_wconf 89' lang='lat' dir='ltr'>a</span> <span class='ocrx_word' id='word_1_412' title='bbox 3375 2956 3530 3005; x_wconf 85' lang='lat' dir='ltr'>recta</span> 
     </span>
    </p>
   </div>
   <div class='ocr_carea' id='block_1_54' title="bbox 1930 3039 3532 3111">
    <p class='ocr_par' dir='ltr' id='par_1_54' title="bbox 1930 3039 3532 3111">
     <span class='ocr_line' id='line_1_54' title="bbox 1930 3039 3532 3111; baseline 0.001 -19"><span class='ocrx_word' id='word_1_413' title='bbox 1930 3039 2019 3093; x_wconf 88' lang='lat' dir='ltr'>via</span> <span class='ocrx_word' id='word_1_414' title='bbox 2071 3055 2249 3111; x_wconf 88' lang='lat' dir='ltr'>usque</span> <span class='ocrx_word' id='word_1_415' title='bbox 2304 3039 2444 3094; x_wconf 88' lang='lat' dir='ltr'>adeo</span> <span class='ocrx_word' id='word_1_416' title='bbox 2485 3039 2730 3104; x_wconf 88' lang='lat' dir='ltr'>recessit,</span> <span class='ocrx_word' id='word_1_417' title='bbox 2765 3045 2830 3093; x_wconf 92' lang='lat' dir='ltr'>ut</span> <span class='ocrx_word' id='word_1_418' title='bbox 2877 3039 3023 3110; x_wconf 88' lang='lat' dir='ltr'>quod</span> <span class='ocrx_word' id='word_1_419' title='bbox 3053 3039 3306 3092; x_wconf 90' lang='lat' dir='ltr'>nonnulli</span> <span class='ocrx_word' id='word_1_420' title='bbox 3333 3039 3532 3094; x_wconf 88' lang='lat' dir='ltr'>dicunt</span> 
     </span>
    </p>
   </div>
   <div class='ocr_carea' id='block_1_55' title="bbox 1931 3127 3530 3198">
    <p class='ocr_par' dir='ltr' id='par_1_55' title="bbox 1931 3127 3530 3198">
     <span class='ocr_line' id='line_1_55' title="bbox 1931 3127 3530 3198; baseline 0.002 -18"><span class='ocrx_word' id='word_1_421' title='bbox 1931 3127 2111 3198; x_wconf 90' lang='lat' dir='ltr'>impii,</span> <span class='ocrx_word' id='word_1_422' title='bbox 2153 3145 2287 3183; x_wconf 76' lang='lat' dir='ltr'>casu</span> <span class='ocrx_word' id='word_1_423' title='bbox 2323 3128 2514 3182; x_wconf 89' lang='lat' dir='ltr'>omnia</span> <span class='ocrx_word' id='word_1_424' title='bbox 2559 3129 2700 3191; x_wconf 86' lang='lat' dir='ltr'>ﬁeri,</span> <span class='ocrx_word' id='word_1_425' title='bbox 2734 3127 2782 3180; x_wconf 91' lang='lat' dir='ltr'>is</span> <span class='ocrx_word' id='word_1_426' title='bbox 2837 3143 3057 3198; x_wconf 90' lang='lat' dir='ltr'>quoque</span> <span class='ocrx_word' id='word_1_427' title='bbox 3086 3127 3276 3180; x_wconf 84' lang='lat' dir='ltr'>infelix</span> <span class='ocrx_word' id='word_1_428' title='bbox 3305 3127 3362 3180; x_wconf 92' lang='lat' dir='ltr'>id</span> <span class='ocrx_word' id='word_1_429' title='bbox 3391 3127 3530 3183; x_wconf 84' lang='lat' dir='ltr'>fate-</span> 
     </span>
    </p>
   </div>
   <div class='ocr_carea' id='block_1_56' title="bbox 245 3214 3529 3288">
    <p class='ocr_par' dir='ltr' id='par_1_56' title="bbox 245 3214 3529 3288">
     <span class='ocr_line' id='line_1_56' title="bbox 245 3214 3529 3288; baseline 0 -17"><span class='ocrx_word' id='word_1_430' title='bbox 245 3217 383 3271; x_wconf 83' lang='lat' dir='ltr'>fecit</span> <span class='ocrx_word' id='word_1_431' title='bbox 408 3217 766 3284; x_wconf 89' lang='lat' dir='ltr'>contumelia,</span> <span class='ocrx_word' id='word_1_432' title='bbox 797 3216 1017 3272; x_wconf 89' lang='lat' dir='ltr'>dicens:</span> <span class='ocrx_word' id='word_1_433' title='bbox 1053 3217 1160 3280; x_wconf 88' lang='lat' dir='ltr'>Qui</span> <span class='ocrx_word' id='word_1_434' title='bbox 1191 3221 1303 3271; x_wconf 75' lang='lat' dir='ltr'>tum</span> <span class='ocrx_word' id='word_1_435' title='bbox 1332 3217 1598 3271; x_wconf 69' lang='lat' dir='ltr'>doctrina:</span> <span class='ocrx_word' id='word_1_436' title='bbox 1629 3223 1845 3288; x_wconf 87' lang='lat' dir='ltr'>parent,</span> <span class='ocrx_word' id='word_1_437' title='bbox 1869 3220 1912 3280; x_wconf 78' lang='grc' dir='ltr'>Ο</span> <span class='ocrx_word' id='word_1_438' title='bbox 1932 3223 2106 3283; x_wconf 90' lang='lat' dir='ltr'>retur,</span> <span class='ocrx_word' id='word_1_439' title='bbox 2141 3217 2392 3272; x_wconf 68' lang='lat' dir='ltr'>daemone</span> <span class='ocrx_word' id='word_1_440' title='bbox 2438 3215 2643 3270; x_wconf 88' lang='lat' dir='ltr'>erroris</span> <span class='ocrx_word' id='word_1_441' title='bbox 2689 3215 2952 3286; x_wconf 90' lang='lat' dir='ltr'>deinceps</span> <span class='ocrx_word' id='word_1_442' title='bbox 2981 3215 3040 3269; x_wconf 91' lang='lat' dir='ltr'>in</span> <span class='ocrx_word' id='word_1_443' title='bbox 3083 3232 3212 3270; x_wconf 90' lang='lat' dir='ltr'>eum</span> <span class='ocrx_word' id='word_1_444' title='bbox 3237 3214 3529 3271; x_wconf 87' lang='lat' dir='ltr'>obtinente</span> 
     </span>
    </p>
   </div>
   <div class='ocr_carea' id='block_1_57' title="bbox 245 3303 3530 3378">
    <p class='ocr_par' dir='ltr' id='par_1_57' title="bbox 245 3303 3530 3378">
     <span class='ocr_line' id='line_1_57' title="bbox 245 3303 3530 3378; baseline 0 -18"><span class='ocrx_word' id='word_1_445' title='bbox 245 3307 636 3377; x_wconf 86' lang='lat' dir='ltr'>decipiuntur;</span> <span class='ocrx_word' id='word_1_446' title='bbox 668 3323 782 3362; x_wconf 87' lang='lat' dir='ltr'>non</span> <span class='ocrx_word' id='word_1_447' title='bbox 811 3305 1656 3378; x_wconf 84' lang='lat' dir='ltr'>oportetenimaliosmagistros</span> <span class='ocrx_word' id='word_1_448' title='bbox 1673 3313 1853 3360; x_wconf 84' lang='lat' dir='ltr'>atten-</span> <span class='ocrx_word' id='word_1_449' title='bbox 1933 3305 2254 3376; x_wconf 86' lang='lat' dir='ltr'>imperium.</span> <span class='ocrx_word' id='word_1_450' title='bbox 2307 3305 2410 3360; x_wconf 88' lang='lat' dir='ltr'>Hic</span> <span class='ocrx_word' id='word_1_451' title='bbox 2453 3305 2605 3359; x_wconf 90' lang='lat' dir='ltr'>enim</span> <span class='ocrx_word' id='word_1_452' title='bbox 2645 3303 2904 3358; x_wconf 90' lang='lat' dir='ltr'>inimicus</span> <span class='ocrx_word' id='word_1_453' title='bbox 2951 3321 3092 3359; x_wconf 88' lang='lat' dir='ltr'>vano</span> <span class='ocrx_word' id='word_1_454' title='bbox 3138 3304 3268 3358; x_wconf 91' lang='lat' dir='ltr'>huic</span> <span class='ocrx_word' id='word_1_455' title='bbox 3313 3304 3530 3360; x_wconf 87' lang='lat' dir='ltr'>homini</span> 
     </span>
    </p>
   </div>
   <div class='ocr_carea' id='block_1_58' title="bbox 244 3395 1850 3467">
    <p class='ocr_par' dir='ltr' id='par_1_58' title="bbox 244 3395 1850 3467">
     <span class='ocr_line' id='line_1_58' title="bbox 244 3395 1850 3467; baseline -0.001 -17"><span class='ocrx_word' id='word_1_456' title='bbox 244 3395 385 3450; x_wconf 89' lang='lat' dir='ltr'>dere</span> <span class='ocrx_word' id='word_1_457' title='bbox 410 3401 612 3467; x_wconf 61' lang='lat' dir='ltr'>praeter</span> <span class='ocrx_word' id='word_1_458' title='bbox 633 3395 938 3450; x_wconf 89' lang='lat' dir='ltr'>Christum.</span> <span class='ocrx_word' id='word_1_459' title='bbox 961 3395 1186 3450; x_wconf 88' lang='lat' dir='ltr'>Abusus</span> <span class='ocrx_word' id='word_1_460' title='bbox 1215 3401 1302 3449; x_wconf 88' lang='lat' dir='ltr'>est</span> <span class='ocrx_word' id='word_1_461' title='bbox 1328 3400 1516 3449; x_wconf 89' lang='lat' dir='ltr'>autem</span> <span class='ocrx_word' id='word_1_462' title='bbox 1529 3395 1850 3450; x_wconf 85' lang='lat' dir='ltr'>testimonio</span> 
     </span>
    </p>
   </div>
   <div class='ocr_carea' id='block_1_59' title="bbox 245 3484 1844 3557">
    <p class='ocr_par' dir='ltr' id='par_1_59' title="bbox 245 3484 1844 3557">
     <span class='ocr_line' id='line_1_59' title="bbox 245 3484 1844 3557; baseline -0.001 -18"><span class='ocrx_word' id='word_1_463' title='bbox 245 3485 896 3557; x_wconf 81' lang='lat' dir='ltr'>quoqueadpervcrsum</span> <span class='ocrx_word' id='word_1_464' title='bbox 921 3502 1150 3556; x_wconf 89' lang='lat' dir='ltr'>scopum</span> <span class='ocrx_word' id='word_1_465' title='bbox 1181 3501 1294 3539; x_wconf 62' lang='lat' dir='ltr'>suae</span> <span class='ocrx_word' id='word_1_466' title='bbox 1315 3485 1583 3551; x_wconf 73' lang='lat' dir='ltr'>stultitiae,</span> <span class='ocrx_word' id='word_1_467' title='bbox 1617 3484 1806 3538; x_wconf 90' lang='lat' dir='ltr'>dicens</span> <span class='ocrx_word' id='word_1_468' title='bbox 1833 3503 1844 3538; x_wconf 90' lang='lat'>:</span> 
     </span>
    </p>
   </div>
   <div class='ocr_carea' id='block_1_60' title="bbox 242 3574 1845 3645">
    <p class='ocr_par' dir='ltr' id='par_1_60' title="bbox 242 3574 1845 3645">
     <span class='ocr_line' id='line_1_60' title="bbox 242 3574 1845 3645; baseline -0.002 -15"><span class='ocrx_word' id='word_1_469' title='bbox 242 3575 334 3630; x_wconf 78' lang='lat' dir='ltr'>Ne</span> <span class='ocrx_word' id='word_1_470' title='bbox 362 3575 686 3630; x_wconf 85' lang='lat' dir='ltr'>vocaveritis</span> <span class='ocrx_word' id='word_1_471' title='bbox 700 3574 1032 3645; x_wconf 84' lang='lat' dir='ltr'>magistrum</span> <span class='ocrx_word' id='word_1_472' title='bbox 1047 3591 1216 3645; x_wconf 88' lang='lat' dir='ltr'>super</span> <span class='ocrx_word' id='word_1_473' title='bbox 1243 3579 1453 3628; x_wconf 88' lang='lat' dir='ltr'>terram</span> <span class='ocrx_word' id='word_1_474' title='bbox 1475 3575 1845 3636; x_wconf 55' lang='lat' dir='ltr'>(Matt/ax“).</span> 
     </span>
    </p>
   </div>
   <div class='ocr_carea' id='block_1_61' title="bbox 243 3663 1846 3736">
    <p class='ocr_par' dir='ltr' id='par_1_61' title="bbox 243 3663 1846 3736">
     <span class='ocr_line' id='line_1_61' title="bbox 243 3663 1846 3736; baseline -0.001 -16"><span class='ocrx_word' id='word_1_475' title='bbox 243 3664 357 3730; x_wconf 86' lang='lat' dir='ltr'>Qui</span> <span class='ocrx_word' id='word_1_476' title='bbox 384 3665 505 3736; x_wconf 87' lang='lat' dir='ltr'>ipse</span> <span class='ocrx_word' id='word_1_477' title='bbox 533 3681 753 3736; x_wconf 87' lang='lat' dir='ltr'>quoque</span> <span class='ocrx_word' id='word_1_478' title='bbox 765 3670 1012 3718; x_wconf 91' lang='lat' dir='ltr'>mentem</span> <span class='ocrx_word' id='word_1_479' title='bbox 1041 3663 1180 3718; x_wconf 89' lang='lat' dir='ltr'>adeo</span> <span class='ocrx_word' id='word_1_480' title='bbox 1199 3663 1397 3718; x_wconf 89' lang='lat' dir='ltr'>habuit</span> <span class='ocrx_word' id='word_1_481' title='bbox 1425 3663 1846 3718; x_wconf 83' lang='lat' dir='ltr'>obtenebratam</span> 
     </span>
    </p>
   </div>
   <div class='ocr_carea' id='block_1_62' title="bbox 242 3752 1850 3824">
    <p class='ocr_par' dir='ltr' id='par_1_62' title="bbox 242 3752 1850 3824">
     <span class='ocr_line' id='line_1_62' title="bbox 242 3752 1850 3824; baseline -0.001 -17"><span class='ocrx_word' id='word_1_482' title='bbox 242 3769 394 3807; x_wconf 84' lang='lat' dir='ltr'>vana</span> <span class='ocrx_word' id='word_1_483' title='bbox 422 3753 787 3824; x_wconf 89' lang='lat' dir='ltr'>persuasione</span> <span class='ocrx_word' id='word_1_484' title='bbox 803 3770 917 3808; x_wconf 63' lang='lat' dir='ltr'>sua:</span> <span class='ocrx_word' id='word_1_485' title='bbox 947 3753 1245 3824; x_wconf 89' lang='lat' dir='ltr'>opinionis,</span> <span class='ocrx_word' id='word_1_486' title='bbox 1271 3757 1334 3807; x_wconf 92' lang='lat' dir='ltr'>ut</span> <span class='ocrx_word' id='word_1_487' title='bbox 1359 3753 1528 3807; x_wconf 78' lang='lat' dir='ltr'>fuerit</span> <span class='ocrx_word' id='word_1_488' title='bbox 1555 3753 1726 3808; x_wconf 89' lang='lat' dir='ltr'>etiam</span> <span class='ocrx_word' id='word_1_489' title='bbox 1743 3752 1850 3806; x_wconf 87' lang='lat' dir='ltr'>fer-</span> 
     </span>
    </p>
   </div>
   <div class='ocr_carea' id='block_1_63' title="bbox 240 3843 1842 3900">
    <p class='ocr_par' dir='ltr' id='par_1_63' title="bbox 240 3843 1842 3900">
     <span class='ocr_line' id='line_1_63' title="bbox 240 3843 1842 3900; baseline -0.001 0"><span class='ocrx_word' id='word_1_490' title='bbox 240 3860 312 3900; x_wconf 88' lang='lat' dir='ltr'>ro</span> <span class='ocrx_word' id='word_1_491' title='bbox 341 3843 558 3898; x_wconf 90' lang='lat' dir='ltr'>vinctus</span> <span class='ocrx_word' id='word_1_492' title='bbox 598 3859 726 3897; x_wconf 90' lang='lat' dir='ltr'>cum</span> <span class='ocrx_word' id='word_1_493' title='bbox 773 3843 948 3897; x_wconf 90' lang='lat' dir='ltr'>nollet</span> <span class='ocrx_word' id='word_1_494' title='bbox 993 3843 1288 3897; x_wconf 87' lang='lat' dir='ltr'>convenire</span> <span class='ocrx_word' id='word_1_495' title='bbox 1345 3843 1416 3896; x_wconf 86' lang='lat' dir='ltr'>ad</span> <span class='ocrx_word' id='word_1_496' title='bbox 1469 3848 1842 3899; x_wconf 86' lang='lat' dir='ltr'>sacramenta.</span> 
     </span>
    </p>
   </div>
   <div class='ocr_carea' id='block_1_64' title="bbox 238 3930 1847 3988">
    <p class='ocr_par' dir='ltr' id='par_1_64' title="bbox 238 3930 1847 3988">
     <span class='ocr_line' id='line_1_64' title="bbox 238 3930 1847 3988; baseline -0.002 0"><span class='ocrx_word' id='word_1_497' title='bbox 238 3931 446 3988; x_wconf 80' lang='lat' dir='ltr'>Amica</span> <span class='ocrx_word' id='word_1_498' title='bbox 465 3938 656 3986; x_wconf 82' lang='lat' dir='ltr'>autem</span> <span class='ocrx_word' id='word_1_499' title='bbox 675 3931 1034 3987; x_wconf 85' lang='lat' dir='ltr'>veritas.Fuit</span> <span class='ocrx_word' id='word_1_500' title='bbox 1051 3931 1098 3984; x_wconf 92' lang='lat' dir='ltr'>is</span> <span class='ocrx_word' id='word_1_501' title='bbox 1119 3930 1512 3986; x_wconf 73' lang='lat' dir='ltr'>vitzeinstituto</span> <span class='ocrx_word' id='word_1_502' title='bbox 1545 3931 1847 3986; x_wconf 89' lang='lat' dir='ltr'>admodum</span> 
     </span>
    </p>
   </div>
   <div class='ocr_carea' id='block_1_65' title="bbox 243 4020 1846 4090">
    <p class='ocr_par' dir='ltr' id='par_1_65' title="bbox 243 4020 1846 4090">
     <span class='ocr_line' id='line_1_65' title="bbox 243 4020 1846 4090; baseline -0.001 -14"><span class='ocrx_word' id='word_1_503' title='bbox 243 4020 445 4076; x_wconf 86' lang='lat' dir='ltr'>subtili</span> <span class='ocrx_word' id='word_1_504' title='bbox 475 4025 531 4074; x_wconf 85' lang='lat' dir='ltr'>et</span> <span class='ocrx_word' id='word_1_505' title='bbox 557 4021 984 4085; x_wconf 87' lang='lat' dir='ltr'>accurato,adeo</span> <span class='ocrx_word' id='word_1_506' title='bbox 1007 4026 1070 4074; x_wconf 92' lang='lat' dir='ltr'>ut</span> <span class='ocrx_word' id='word_1_507' title='bbox 1090 4020 1252 4074; x_wconf 89' lang='lat' dir='ltr'>multi</span> <span class='ocrx_word' id='word_1_508' title='bbox 1271 4020 1690 4090; x_wconf 76' lang='lat' dir='ltr'>dicaiit,quibus</span> <span class='ocrx_word' id='word_1_509' title='bbox 1718 4037 1846 4074; x_wconf 89' lang='lat' dir='ltr'>cum</span> 
     </span>
    </p>
   </div>
   <div class='ocr_carea' id='block_1_66' title="bbox 243 4108 1847 4181">
    <p class='ocr_par' dir='ltr' id='par_1_66' title="bbox 243 4108 1847 4181">
     <span class='ocr_line' id='line_1_66' title="bbox 243 4108 1847 4181; baseline -0.001 -16"><span class='ocrx_word' id='word_1_510' title='bbox 243 4125 317 4165; x_wconf 90' lang='lat' dir='ltr'>eo</span> <span class='ocrx_word' id='word_1_511' title='bbox 346 4108 667 4165; x_wconf 90' lang='lat' dir='ltr'>intercessit</span> <span class='ocrx_word' id='word_1_512' title='bbox 692 4109 1058 4174; x_wconf 88' lang='lat' dir='ltr'>consuetudo,</span> <span class='ocrx_word' id='word_1_513' title='bbox 1089 4110 1236 4180; x_wconf 90' lang='lat' dir='ltr'>quod</span> <span class='ocrx_word' id='word_1_514' title='bbox 1261 4127 1408 4181; x_wconf 62' lang='lat' dir='ltr'>saepe</span> <span class='ocrx_word' id='word_1_515' title='bbox 1438 4126 1551 4164; x_wconf 88' lang='lat' dir='ltr'>non</span> <span class='ocrx_word' id='word_1_516' title='bbox 1573 4109 1679 4164; x_wconf 90' lang='lat' dir='ltr'>nisi</span> <span class='ocrx_word' id='word_1_517' title='bbox 1719 4115 1847 4181; x_wconf 91' lang='lat' dir='ltr'>post</span> 
     </span>
    </p>
   </div>
   <div class='ocr_carea' id='block_1_67' title="bbox 240 4197 1844 4265">
    <p class='ocr_par' dir='ltr' id='par_1_67' title="bbox 240 4197 1844 4265">
     <span class='ocr_line' id='line_1_67' title="bbox 240 4197 1844 4265; baseline -0.001 -12"><span class='ocrx_word' id='word_1_518' title='bbox 240 4204 366 4253; x_wconf 88' lang='lat' dir='ltr'>tres</span> <span class='ocrx_word' id='word_1_519' title='bbox 394 4214 613 4254; x_wconf 89' lang='lat' dir='ltr'>menses</span> <span class='ocrx_word' id='word_1_520' title='bbox 634 4197 982 4265; x_wconf 84' lang='lat' dir='ltr'>comedebat;</span> <span class='ocrx_word' id='word_1_521' title='bbox 1005 4203 1299 4252; x_wconf 89' lang='lat' dir='ltr'>contentus</span> <span class='ocrx_word' id='word_1_522' title='bbox 1329 4198 1722 4252; x_wconf 89' lang='lat' dir='ltr'>communione</span> <span class='ocrx_word' id='word_1_523' title='bbox 1752 4215 1844 4252; x_wconf 88' lang='lat' dir='ltr'>sa-</span> 
     </span>
    </p>
   </div>
   <div class='ocr_carea' id='block_1_68' title="bbox 243 4286 1840 4360">
    <p class='ocr_par' dir='ltr' id='par_1_68' title="bbox 243 4286 1840 4360">
     <span class='ocr_line' id='line_1_68' title="bbox 243 4286 1840 4360; baseline -0.001 -18"><span class='ocrx_word' id='word_1_524' title='bbox 243 4292 691 4352; x_wconf 85' lang='lat' dir='ltr'>cramentorum,</span> <span class='ocrx_word' id='word_1_525' title='bbox 720 4291 778 4342; x_wconf 91' lang='lat' dir='ltr'>ct</span> <span class='ocrx_word' id='word_1_526' title='bbox 794 4287 973 4342; x_wconf 89' lang='lat' dir='ltr'>sicubi</span> <span class='ocrx_word' id='word_1_527' title='bbox 1000 4286 1052 4341; x_wconf 90' lang='lat' dir='ltr'>ei</span> <span class='ocrx_word' id='word_1_528' title='bbox 1075 4287 1426 4360; x_wconf 89' lang='lat' dir='ltr'>apparuisset</span> <span class='ocrx_word' id='word_1_529' title='bbox 1457 4289 1577 4342; x_wconf 85' lang='lat' dir='ltr'>olus</span> <span class='ocrx_word' id='word_1_530' title='bbox 1601 4292 1840 4358; x_wconf 83' lang='lat' dir='ltr'>agreste.</span> 
     </span>
    </p>
   </div>
   <div class='ocr_carea' id='block_1_69' title="bbox 237 4375 1844 4448">
    <p class='ocr_par' dir='ltr' id='par_1_69' title="bbox 237 4375 1844 4448">
     <span class='ocr_line' id='line_1_69' title="bbox 237 4375 1844 4448; baseline -0.001 -16"><span class='ocrx_word' id='word_1_531' title='bbox 237 4377 451 4448; x_wconf 77' lang='lat' dir='ltr'>Accepi</span> <span class='ocrx_word' id='word_1_532' title='bbox 477 4382 667 4432; x_wconf 89' lang='lat' dir='ltr'>autem</span> <span class='ocrx_word' id='word_1_533' title='bbox 709 4393 812 4447; x_wconf 86' lang='lat' dir='ltr'>ego</span> <span class='ocrx_word' id='word_1_534' title='bbox 842 4393 1064 4448; x_wconf 86' lang='lat' dir='ltr'>quoque</span> <span class='ocrx_word' id='word_1_535' title='bbox 1113 4379 1235 4448; x_wconf 84' lang='lat' dir='ltr'>ejus</span> <span class='ocrx_word' id='word_1_536' title='bbox 1274 4375 1680 4448; x_wconf 63' lang='lat' dir='ltr'>ciiperientiam</span> <span class='ocrx_word' id='word_1_537' title='bbox 1717 4394 1844 4430; x_wconf 89' lang='lat' dir='ltr'>cum</span> 
     </span>
    </p>
   </div>
   <div class='ocr_carea' id='block_1_70' title="bbox 229 4465 1840 4530">
    <p class='ocr_par' dir='ltr' id='par_1_70' title="bbox 229 4465 1840 4530">
     <span class='ocr_line' id='line_1_70' title="bbox 229 4465 1840 4530; baseline 0.001 -11"><span class='ocrx_word' id='word_1_538' title='bbox 229 4466 402 4520; x_wconf 88' lang='lat' dir='ltr'>beato</span> <span class='ocrx_word' id='word_1_539' title='bbox 430 4465 652 4530; x_wconf 87' lang='lat' dir='ltr'>Albino,</span> <span class='ocrx_word' id='word_1_540' title='bbox 685 4482 812 4520; x_wconf 90' lang='lat' dir='ltr'>cum</span> <span class='ocrx_word' id='word_1_541' title='bbox 852 4465 995 4520; x_wconf 90' lang='lat' dir='ltr'>irem</span> <span class='ocrx_word' id='word_1_542' title='bbox 1029 4465 1089 4520; x_wconf 91' lang='lat' dir='ltr'>in</span> <span class='ocrx_word' id='word_1_543' title='bbox 1137 4467 1357 4521; x_wconf 87' lang='lat' dir='ltr'>Scetem</span> <span class='ocrx_word' id='word_1_544' title='bbox 1386 4479 1398 4515; x_wconf 87' lang='lat'>:</span> <span class='ocrx_word' id='word_1_545' title='bbox 1428 4466 1623 4520; x_wconf 90' lang='lat' dir='ltr'>aberat</span> <span class='ocrx_word' id='word_1_546' title='bbox 1652 4472 1840 4520; x_wconf 89' lang='lat' dir='ltr'>autem</span> 
     </span>
    </p>
   </div>
   <div class='ocr_carea' id='block_1_71' title="bbox 1933 3391 3523 3465">
    <p class='ocr_par' dir='ltr' id='par_1_71' title="bbox 1933 3391 3523 3465">
     <span class='ocr_line' id='line_1_71' title="bbox 1933 3391 3523 3465; baseline 0 -17"><span class='ocrx_word' id='word_1_547' title='bbox 1933 3395 2234 3465; x_wconf 78' lang='lat' dir='ltr'>suggessit,</span> <span class='ocrx_word' id='word_1_548' title='bbox 2267 3399 2332 3450; x_wconf 85' lang='lat' dir='ltr'>ut</span> <span class='ocrx_word' id='word_1_549' title='bbox 2359 3395 2570 3448; x_wconf 85' lang='lat' dir='ltr'>diceret</span> <span class='ocrx_word' id='word_1_550' title='bbox 2595 3411 2684 3448; x_wconf 88' lang='lat' dir='ltr'>res</span> <span class='ocrx_word' id='word_1_551' title='bbox 2713 3393 2924 3448; x_wconf 89' lang='lat' dir='ltr'>nullam</span> <span class='ocrx_word' id='word_1_552' title='bbox 2953 3391 3159 3447; x_wconf 89' lang='lat' dir='ltr'>habere</span> <span class='ocrx_word' id='word_1_553' title='bbox 3187 3393 3523 3460; x_wconf 87' lang='lat' dir='ltr'>essentiam;</span> 
     </span>
    </p>
   </div>
   <div class='ocr_carea' id='block_1_72' title="bbox 1931 3481 3529 3554">
    <p class='ocr_par' dir='ltr' id='par_1_72' title="bbox 1931 3481 3529 3554">
     <span class='ocr_line' id='line_1_72' title="bbox 1931 3481 3529 3554; baseline -0.001 -15"><span class='ocrx_word' id='word_1_554' title='bbox 1931 3485 2029 3539; x_wconf 86' lang='lat' dir='ltr'>sed</span> <span class='ocrx_word' id='word_1_555' title='bbox 2060 3484 2291 3538; x_wconf 89' lang='lat' dir='ltr'>omnino</span> <span class='ocrx_word' id='word_1_556' title='bbox 2333 3501 2452 3538; x_wconf 88' lang='lat' dir='ltr'>esse</span> <span class='ocrx_word' id='word_1_557' title='bbox 2495 3483 2685 3537; x_wconf 87' lang='lat' dir='ltr'>omnia</span> <span class='ocrx_word' id='word_1_558' title='bbox 2733 3499 2797 3537; x_wconf 82' lang='lat' dir='ltr'>ex</span> <span class='ocrx_word' id='word_1_559' title='bbox 2839 3499 2905 3536; x_wconf 93' lang='lat' dir='ltr'>eo</span> <span class='ocrx_word' id='word_1_560' title='bbox 2952 3483 3100 3554; x_wconf 90' lang='lat' dir='ltr'>quod</span> <span class='ocrx_word' id='word_1_561' title='bbox 3142 3481 3384 3538; x_wconf 89' lang='lat' dir='ltr'>mundus</span> <span class='ocrx_word' id='word_1_562' title='bbox 3413 3483 3529 3538; x_wconf 86' lang='lat' dir='ltr'>fer-</span> 
     </span>
    </p>
   </div>
   <div class='ocr_carea' id='block_1_73' title="bbox 1930 3571 3528 3644">
    <p class='ocr_par' dir='ltr' id='par_1_73' title="bbox 1930 3571 3528 3644">
     <span class='ocr_line' id='line_1_73' title="bbox 1930 3571 3528 3644; baseline 0 -17"><span class='ocrx_word' id='word_1_563' title='bbox 1930 3579 2088 3628; x_wconf 90' lang='lat' dir='ltr'>retur</span> <span class='ocrx_word' id='word_1_564' title='bbox 2116 3590 2218 3628; x_wconf 89' lang='lat' dir='ltr'>sua</span> <span class='ocrx_word' id='word_1_565' title='bbox 2262 3579 2478 3644; x_wconf 90' lang='lat' dir='ltr'>sponte.</span> <span class='ocrx_word' id='word_1_566' title='bbox 2518 3574 2582 3628; x_wconf 91' lang='lat' dir='ltr'>In</span> <span class='ocrx_word' id='word_1_567' title='bbox 2611 3571 2779 3642; x_wconf 90' lang='lat' dir='ltr'>hujus</span> <span class='ocrx_word' id='word_1_568' title='bbox 2808 3588 2940 3642; x_wconf 89' lang='lat' dir='ltr'>ergo</span> <span class='ocrx_word' id='word_1_569' title='bbox 2969 3571 3219 3626; x_wconf 89' lang='lat' dir='ltr'>animam</span> <span class='ocrx_word' id='word_1_570' title='bbox 3255 3572 3372 3626; x_wconf 71' lang='lat' dir='ltr'>haec</span> <span class='ocrx_word' id='word_1_571' title='bbox 3416 3572 3528 3627; x_wconf 88' lang='lat' dir='ltr'>im-</span> 
     </span>
    </p>
   </div>
   <div class='ocr_carea' id='block_1_74' title="bbox 1930 3660 3528 3728">
    <p class='ocr_par' dir='ltr' id='par_1_74' title="bbox 1930 3660 3528 3728">
     <span class='ocr_line' id='line_1_74' title="bbox 1930 3660 3528 3728; baseline 0 -12"><span class='ocrx_word' id='word_1_572' title='bbox 1930 3663 2088 3717; x_wconf 88' lang='lat' dir='ltr'>misit</span> <span class='ocrx_word' id='word_1_573' title='bbox 2123 3662 2374 3716; x_wconf 90' lang='lat' dir='ltr'>omnium</span> <span class='ocrx_word' id='word_1_574' title='bbox 2419 3662 2544 3716; x_wconf 66' lang='lat' dir='ltr'>vitae</span> <span class='ocrx_word' id='word_1_575' title='bbox 2593 3661 2786 3728; x_wconf 90' lang='lat' dir='ltr'>hostis,</span> <span class='ocrx_word' id='word_1_576' title='bbox 2819 3661 3089 3715; x_wconf 88' lang='lat' dir='ltr'>dicendo:</span> <span class='ocrx_word' id='word_1_577' title='bbox 3123 3660 3264 3716; x_wconf 90' lang='lat' dir='ltr'>Cum</span> <span class='ocrx_word' id='word_1_578' title='bbox 3309 3678 3400 3716; x_wconf 90' lang='lat' dir='ltr'>res</span> <span class='ocrx_word' id='word_1_579' title='bbox 3444 3661 3528 3716; x_wconf 86' lang='lat' dir='ltr'>ita</span> 
     </span>
    </p>
   </div>
   <div class='ocr_carea' id='block_1_75' title="bbox 1931 3750 3524 3822">
    <p class='ocr_par' dir='ltr' id='par_1_75' title="bbox 1931 3750 3524 3822">
     <span class='ocr_line' id='line_1_75' title="bbox 1931 3750 3524 3822; baseline -0.001 -16"><span class='ocrx_word' id='word_1_580' title='bbox 1931 3768 1991 3806; x_wconf 90' lang='lat' dir='ltr'>se</span> <span class='ocrx_word' id='word_1_581' title='bbox 2042 3753 2304 3818; x_wconf 83' lang='lat' dir='ltr'>habeant,</span> <span class='ocrx_word' id='word_1_582' title='bbox 2363 3751 2497 3822; x_wconf 90' lang='lat' dir='ltr'>quid</span> <span class='ocrx_word' id='word_1_583' title='bbox 2547 3751 2757 3804; x_wconf 86' lang='lat' dir='ltr'>frustra</span> <span class='ocrx_word' id='word_1_584' title='bbox 2811 3750 3053 3821; x_wconf 90' lang='lat' dir='ltr'>teipsum</span> <span class='ocrx_word' id='word_1_585' title='bbox 3112 3750 3246 3805; x_wconf 87' lang='lat' dir='ltr'>foris</span> <span class='ocrx_word' id='word_1_586' title='bbox 3293 3751 3524 3806; x_wconf 87' lang='lat' dir='ltr'>domas?</span> 
     </span>
    </p>
   </div>
   <div class='ocr_carea' id='block_1_76' title="bbox 1932 3839 3525 3910">
    <p class='ocr_par' dir='ltr' id='par_1_76' title="bbox 1932 3839 3525 3910">
     <span class='ocr_line' id='line_1_76' title="bbox 1932 3839 3525 3910; baseline 0 -15"><span class='ocrx_word' id='word_1_587' title='bbox 1932 3841 2210 3905; x_wconf 87' lang='lat' dir='ltr'>Quidnam</span> <span class='ocrx_word' id='word_1_588' title='bbox 2239 3846 2294 3894; x_wconf 90' lang='lat' dir='ltr'>te</span> <span class='ocrx_word' id='word_1_589' title='bbox 2318 3839 2556 3910; x_wconf 88' lang='lat' dir='ltr'>juvabit,</span> <span class='ocrx_word' id='word_1_590' title='bbox 2604 3839 2922 3904; x_wconf 71' lang='lat' dir='ltr'>Ptolemaee,</span> <span class='ocrx_word' id='word_1_591' title='bbox 2967 3839 3014 3892; x_wconf 92' lang='lat' dir='ltr'>si</span> <span class='ocrx_word' id='word_1_592' title='bbox 3058 3857 3171 3894; x_wconf 91' lang='lat' dir='ltr'>non</span> <span class='ocrx_word' id='word_1_593' title='bbox 3217 3839 3291 3894; x_wconf 90' lang='lat' dir='ltr'>sit</span> <span class='ocrx_word' id='word_1_594' title='bbox 3339 3857 3525 3896; x_wconf 81' lang='lat' dir='ltr'>remu-</span> 
     </span>
    </p>
   </div>
   <div class='ocr_carea' id='block_1_77' title="bbox 1931 3928 3525 3994">
    <p class='ocr_par' dir='ltr' id='par_1_77' title="bbox 1931 3928 3525 3994">
     <span class='ocr_line' id='line_1_77' title="bbox 1931 3928 3525 3994; baseline 0.001 -10"><span class='ocrx_word' id='word_1_595' title='bbox 1931 3931 2148 3984; x_wconf 89' lang='lat' dir='ltr'>neratio</span> <span class='ocrx_word' id='word_1_596' title='bbox 2168 3931 2192 3982; x_wconf 76' lang='lat'><strong>7</strong></span> <span class='ocrx_word' id='word_1_597' title='bbox 2213 3930 2482 3994; x_wconf 64' lang='lat' dir='ltr'>Quaenam</span> <span class='ocrx_word' id='word_1_598' title='bbox 2515 3935 2703 3983; x_wconf 87' lang='lat' dir='ltr'>autem</span> <span class='ocrx_word' id='word_1_599' title='bbox 2743 3928 2847 3983; x_wconf 91' lang='lat' dir='ltr'>tibi</span> <span class='ocrx_word' id='word_1_600' title='bbox 2883 3928 3168 3982; x_wconf 79' lang='lat' dir='ltr'>sufficeret</span> <span class='ocrx_word' id='word_1_601' title='bbox 3197 3946 3408 3984; x_wconf 87' lang='lat' dir='ltr'>merces</span> <span class='ocrx_word' id='word_1_602' title='bbox 3437 3934 3525 3985; x_wconf 88' lang='lat' dir='ltr'>tot</span> 
     </span>
    </p>
   </div>
   <div class='ocr_carea' id='block_1_78' title="bbox 1931 4016 3522 4088">
    <p class='ocr_par' dir='ltr' id='par_1_78' title="bbox 1931 4016 3522 4088">
     <span class='ocr_line' id='line_1_78' title="bbox 1931 4016 3522 4088; baseline 0 -16"><span class='ocrx_word' id='word_1_603' title='bbox 1931 4025 1988 4073; x_wconf 92' lang='lat' dir='ltr'>et</span> <span class='ocrx_word' id='word_1_604' title='bbox 2023 4024 2308 4073; x_wconf 89' lang='lat' dir='ltr'>tantorum</span> <span class='ocrx_word' id='word_1_605' title='bbox 2335 4017 2612 4081; x_wconf 87' lang='lat' dir='ltr'>laborum,</span> <span class='ocrx_word' id='word_1_606' title='bbox 2647 4016 2868 4070; x_wconf 87' lang='lat' dir='ltr'>etiarnsi</span> <span class='ocrx_word' id='word_1_607' title='bbox 2903 4022 3054 4071; x_wconf 89' lang='lat' dir='ltr'>esset</span> <span class='ocrx_word' id='word_1_608' title='bbox 3091 4017 3186 4088; x_wconf 90' lang='lat' dir='ltr'>qui</span> <span class='ocrx_word' id='word_1_609' title='bbox 3228 4018 3522 4072; x_wconf 85' lang='lat' dir='ltr'>redderet?</span> 
     </span>
    </p>
   </div>
   <div class='ocr_carea' id='block_1_79' title="bbox 1929 4105 3523 4177">
    <p class='ocr_par' dir='ltr' id='par_1_79' title="bbox 1929 4105 3523 4177">
     <span class='ocr_line' id='line_1_79' title="bbox 1929 4105 3523 4177; baseline 0 -15"><span class='ocrx_word' id='word_1_610' title='bbox 1929 4107 2220 4172; x_wconf 87' lang='lat' dir='ltr'>Quodnam</span> <span class='ocrx_word' id='word_1_611' title='bbox 2243 4113 2430 4162; x_wconf 88' lang='lat' dir='ltr'>autem</span> <span class='ocrx_word' id='word_1_612' title='bbox 2459 4111 2545 4160; x_wconf 91' lang='lat' dir='ltr'>est</span> <span class='ocrx_word' id='word_1_613' title='bbox 2566 4105 2844 4176; x_wconf 89' lang='lat' dir='ltr'>judicium</span> <span class='ocrx_word' id='word_1_614' title='bbox 2873 4105 3021 4177; x_wconf 92' lang='lat' dir='ltr'>quod</span> <span class='ocrx_word' id='word_1_615' title='bbox 3052 4106 3342 4162; x_wconf 88' lang='lat' dir='ltr'>minantur</span> <span class='ocrx_word' id='word_1_616' title='bbox 3369 4107 3523 4162; x_wconf 88' lang='lat' dir='ltr'>Scri-</span> 
     </span>
    </p>
   </div>
   <div class='ocr_carea' id='block_1_80' title="bbox 1927 4193 3523 4268">
    <p class='ocr_par' dir='ltr' id='par_1_80' title="bbox 1927 4193 3523 4268">
     <span class='ocr_line' id='line_1_80' title="bbox 1927 4193 3523 4268; baseline 0 -18"><span class='ocrx_word' id='word_1_617' title='bbox 1927 4203 2125 4268; x_wconf 81' lang='lat' dir='ltr'>pturae.</span> <span class='ocrx_word' id='word_1_618' title='bbox 2169 4196 2214 4250; x_wconf 90' lang='lat' dir='ltr'>si</span> <span class='ocrx_word' id='word_1_619' title='bbox 2243 4197 2402 4250; x_wconf 89' lang='lat' dir='ltr'>nulla</span> <span class='ocrx_word' id='word_1_620' title='bbox 2430 4195 2504 4249; x_wconf 89' lang='lat' dir='ltr'>sit</span> <span class='ocrx_word' id='word_1_621' title='bbox 2539 4193 2888 4266; x_wconf 87' lang='lat' dir='ltr'>providentia</span> <span class='ocrx_word' id='word_1_622' title='bbox 2908 4195 2933 4247; x_wconf 69' lang='grc' dir='ltr'>’ἶ</span> <span class='ocrx_word' id='word_1_623' title='bbox 2971 4194 3071 4249; x_wconf 79' lang='lat' dir='ltr'>llis</span> <span class='ocrx_word' id='word_1_624' title='bbox 3116 4196 3380 4250; x_wconf 88' lang='lat' dir='ltr'>satanicis</span> <span class='ocrx_word' id='word_1_625' title='bbox 3409 4196 3523 4250; x_wconf 88' lang='lat' dir='ltr'>cir-</span> 
     </span>
    </p>
   </div>
   <div class='ocr_carea' id='block_1_81' title="bbox 1928 4283 3524 4357">
    <p class='ocr_par' dir='ltr' id='par_1_81' title="bbox 1928 4283 3524 4357">
     <span class='ocr_line' id='line_1_81' title="bbox 1928 4283 3524 4357; baseline 0.001 -17"><span class='ocrx_word' id='word_1_626' title='bbox 1928 4291 2252 4357; x_wconf 89' lang='lat' dir='ltr'>cumseptus</span> <span class='ocrx_word' id='word_1_627' title='bbox 2268 4283 2698 4355; x_wconf 88' lang='lat' dir='ltr'>cogitationibus</span> <span class='ocrx_word' id='word_1_628' title='bbox 2719 4283 3068 4338; x_wconf 88' lang='lat' dir='ltr'>miserrimus</span> <span class='ocrx_word' id='word_1_629' title='bbox 3083 4285 3524 4352; x_wconf 73' lang='lat' dir='ltr'>Ptolemaeus,di-</span> 
     </span>
    </p>
   </div>
   <div class='ocr_carea' id='block_1_82' title="bbox 1928 4372 3519 4447">
    <p class='ocr_par' dir='ltr' id='par_1_82' title="bbox 1928 4372 3519 4447">
     <span class='ocr_line' id='line_1_82' title="bbox 1928 4372 3519 4447; baseline -0.001 -15"><span class='ocrx_word' id='word_1_630' title='bbox 1928 4377 2074 4432; x_wconf 91' lang='lat' dir='ltr'>citur</span> <span class='ocrx_word' id='word_1_631' title='bbox 2087 4393 2209 4430; x_wconf 87' lang='lat' dir='ltr'>esse</span> <span class='ocrx_word' id='word_1_632' title='bbox 2238 4380 2436 4428; x_wconf 74' lang='lat' dir='ltr'>emotae</span> <span class='ocrx_word' id='word_1_633' title='bbox 2460 4373 2680 4436; x_wconf 86' lang='lat' dir='ltr'>mentis,</span> <span class='ocrx_word' id='word_1_634' title='bbox 2691 4379 2748 4426; x_wconf 92' lang='lat' dir='ltr'>et</span> <span class='ocrx_word' id='word_1_635' title='bbox 2758 4372 3048 4444; x_wconf 91' lang='lat' dir='ltr'>hucusque</span> <span class='ocrx_word' id='word_1_636' title='bbox 3069 4390 3257 4428; x_wconf 87' lang='lat' dir='ltr'>errare</span> <span class='ocrx_word' id='word_1_637' title='bbox 3279 4374 3338 4428; x_wconf 91' lang='lat' dir='ltr'>in</span> <span class='ocrx_word' id='word_1_638' title='bbox 3355 4375 3519 4447; x_wconf 65' lang='lat' dir='ltr'>Egy-</span> 
     </span>
    </p>
   </div>
   <div class='ocr_carea' id='block_1_83' title="bbox 1927 4461 3519 4538">
    <p class='ocr_par' dir='ltr' id='par_1_83' title="bbox 1927 4461 3519 4538">
     <span class='ocr_line' id='line_1_83' title="bbox 1927 4461 3519 4538; baseline 0 -18"><span class='ocrx_word' id='word_1_639' title='bbox 1927 4472 2042 4538; x_wconf 83' lang='lat' dir='ltr'>pto,</span> <span class='ocrx_word' id='word_1_640' title='bbox 2073 4471 2130 4518; x_wconf 90' lang='lat' dir='ltr'>et</span> <span class='ocrx_word' id='word_1_641' title='bbox 2155 4465 2402 4534; x_wconf 89' lang='lat' dir='ltr'>seipsum</span> <span class='ocrx_word' id='word_1_642' title='bbox 2431 4461 2708 4516; x_wconf 89' lang='lat' dir='ltr'>dedidisse</span> <span class='ocrx_word' id='word_1_643' title='bbox 2731 4461 2876 4531; x_wconf 84' lang='lat' dir='ltr'>gulae</span> <span class='ocrx_word' id='word_1_644' title='bbox 2898 4466 2954 4514; x_wconf 88' lang='lat' dir='ltr'>et</span> <span class='ocrx_word' id='word_1_645' title='bbox 2975 4461 3392 4526; x_wconf 89' lang='lat' dir='ltr'>ebrietati,cum</span> <span class='ocrx_word' id='word_1_646' title='bbox 3422 4481 3519 4520; x_wconf 86' lang='lat' dir='ltr'>ne-</span> 
     </span>
    </p>
   </div>
   <div class='ocr_carea' id='block_1_84' title="bbox 230 4541 3514 4625">
    <p class='ocr_par' dir='ltr' id='par_1_84' title="bbox 230 4541 3514 4625">
     <span class='ocr_line' id='line_1_84' title="bbox 230 4541 3514 4625; baseline -0.002 -14"><span class='ocrx_word' id='word_1_647' title='bbox 230 4556 401 4611; x_wconf 88' lang='lat' dir='ltr'>Scete</span> <span class='ocrx_word' id='word_1_648' title='bbox 420 4571 455 4608; x_wconf 88' lang='lat' dir='ltr'>a</span> <span class='ocrx_word' id='word_1_649' title='bbox 477 4554 636 4609; x_wconf 90' lang='lat' dir='ltr'>nobis</span> <span class='ocrx_word' id='word_1_650' title='bbox 654 4554 1029 4625; x_wconf 85' lang='lat' dir='ltr'>quadraginta</span> <span class='ocrx_word' id='word_1_651' title='bbox 1046 4555 1469 4609; x_wconf 89' lang='lat' dir='ltr'>milliaribus.In</span> <span class='ocrx_word' id='word_1_652' title='bbox 1489 4555 1576 4609; x_wconf 92' lang='lat' dir='ltr'>his</span> <span class='ocrx_word' id='word_1_653' title='bbox 1597 4555 1835 4624; x_wconf 86' lang='lat' dir='ltr'>quadra-</span> <span class='ocrx_word' id='word_1_654' title='bbox 1850 4541 1900 4600; x_wconf 85' lang='lat' dir='ltr'><strong>D</strong></span> <span class='ocrx_word' id='word_1_655' title='bbox 1917 4555 2066 4610; x_wconf 86' lang='lat' dir='ltr'>mine</span> <span class='ocrx_word' id='word_1_656' title='bbox 2087 4551 2542 4617; x_wconf 79' lang='lat' dir='ltr'>conversans,sed</span> <span class='ocrx_word' id='word_1_657' title='bbox 2558 4555 2744 4604; x_wconf 90' lang='lat' dir='ltr'>mutus</span> <span class='ocrx_word' id='word_1_658' title='bbox 2767 4551 2949 4604; x_wconf 88' lang='lat' dir='ltr'>forum</span> <span class='ocrx_word' id='word_1_659' title='bbox 2971 4549 3514 4616; x_wconf 87' lang='lat' dir='ltr'>obiens,miserabile</span> 
     </span>
    </p>
   </div>
   <div class='ocr_carea' id='block_1_85' title="bbox 225 4643 1832 4716">
    <p class='ocr_par' dir='ltr' id='par_1_85' title="bbox 225 4643 1832 4716">
     <span class='ocr_line' id='line_1_85' title="bbox 225 4643 1832 4716; baseline 0 -18"><span class='ocrx_word' id='word_1_660' title='bbox 225 4644 397 4716; x_wconf 84' lang='lat' dir='ltr'>ginta</span> <span class='ocrx_word' id='word_1_661' title='bbox 414 4643 747 4698; x_wconf 88' lang='lat' dir='ltr'>milliaribus</span> <span class='ocrx_word' id='word_1_662' title='bbox 779 4661 880 4698; x_wconf 90' lang='lat' dir='ltr'>nos</span> <span class='ocrx_word' id='word_1_663' title='bbox 910 4643 994 4698; x_wconf 88' lang='lat' dir='ltr'>bis</span> <span class='ocrx_word' id='word_1_664' title='bbox 1021 4644 1384 4710; x_wconf 86' lang='lat' dir='ltr'>comedimus,</span> <span class='ocrx_word' id='word_1_665' title='bbox 1427 4649 1484 4699; x_wconf 90' lang='lat' dir='ltr'>et</span> <span class='ocrx_word' id='word_1_666' title='bbox 1512 4650 1600 4698; x_wconf 91' lang='lat' dir='ltr'>ter</span> <span class='ocrx_word' id='word_1_667' title='bbox 1627 4660 1832 4714; x_wconf 87' lang='lat' dir='ltr'>aquam</span> 
     </span>
    </p>
   </div>
   <div class='ocr_carea' id='block_1_86' title="bbox 224 4731 1834 4805">
    <p class='ocr_par' dir='ltr' id='par_1_86' title="bbox 224 4731 1834 4805">
     <span class='ocr_line' id='line_1_86' title="bbox 224 4731 1834 4805; baseline -0.001 -17"><span class='ocrx_word' id='word_1_668' title='bbox 224 4731 510 4801; x_wconf 89' lang='lat' dir='ltr'>bibimus;</span> <span class='ocrx_word' id='word_1_669' title='bbox 538 4733 632 4788; x_wconf 87' lang='lat' dir='ltr'>ille</span> <span class='ocrx_word' id='word_1_670' title='bbox 660 4750 790 4788; x_wconf 89' lang='lat' dir='ltr'>vero</span> <span class='ocrx_word' id='word_1_671' title='bbox 821 4749 949 4788; x_wconf 87' lang='lat' dir='ltr'>cum</span> <span class='ocrx_word' id='word_1_672' title='bbox 977 4733 1120 4789; x_wconf 89' lang='lat' dir='ltr'>nihil</span> <span class='ocrx_word' id='word_1_673' title='bbox 1145 4737 1428 4804; x_wconf 86' lang='lat' dir='ltr'>gustasset</span> <span class='ocrx_word' id='word_1_674' title='bbox 1453 4734 1622 4805; x_wconf 85' lang='lat' dir='ltr'>pedes</span> <span class='ocrx_word' id='word_1_675' title='bbox 1650 4733 1834 4803; x_wconf 87' lang='lat' dir='ltr'>ingre-</span> 
     </span>
    </p>
   </div>
   <div class='ocr_carea' id='block_1_87' title="bbox 226 4822 1825 4894">
    <p class='ocr_par' dir='ltr' id='par_1_87' title="bbox 226 4822 1825 4894">
     <span class='ocr_line' id='line_1_87' title="bbox 226 4822 1825 4894; baseline -0.001 -16"><span class='ocrx_word' id='word_1_676' title='bbox 226 4822 412 4889; x_wconf 85' lang='lat' dir='ltr'>diens,</span> <span class='ocrx_word' id='word_1_677' title='bbox 437 4823 822 4894; x_wconf 82' lang='lat' dir='ltr'>pronuntiavit</span> <span class='ocrx_word' id='word_1_678' title='bbox 849 4822 1173 4878; x_wconf 85' lang='lat' dir='ltr'>memoriter</span> <span class='ocrx_word' id='word_1_679' title='bbox 1208 4823 1524 4894; x_wconf 86' lang='lat' dir='ltr'>quindecim</span> <span class='ocrx_word' id='word_1_680' title='bbox 1559 4823 1825 4894; x_wconf 89' lang='lat' dir='ltr'>psalmos,</span> 
     </span>
    </p>
   </div>
   <div class='ocr_carea' id='block_1_88' title="bbox 227 4911 1832 4984">
    <p class='ocr_par' dir='ltr' id='par_1_88' title="bbox 227 4911 1832 4984">
     <span class='ocr_line' id='line_1_88' title="bbox 227 4911 1832 4984; baseline -0.001 -16"><span class='ocrx_word' id='word_1_681' title='bbox 227 4911 436 4968; x_wconf 89' lang='lat' dir='ltr'>deinde</span> <span class='ocrx_word' id='word_1_682' title='bbox 465 4928 734 4983; x_wconf 85' lang='lat' dir='ltr'>magnum</span> <span class='ocrx_word' id='word_1_683' title='bbox 764 4913 1064 4984; x_wconf 84' lang='lat' dir='ltr'>psalmum,</span> <span class='ocrx_word' id='word_1_684' title='bbox 1087 4912 1290 4967; x_wconf 87' lang='lat' dir='ltr'>deinde</span> <span class='ocrx_word' id='word_1_685' title='bbox 1312 4912 1606 4983; x_wconf 89' lang='lat' dir='ltr'>epistolam</span> <span class='ocrx_word' id='word_1_686' title='bbox 1631 4912 1704 4966; x_wconf 91' lang='lat' dir='ltr'>ad</span> <span class='ocrx_word' id='word_1_687' title='bbox 1725 4913 1832 4967; x_wconf 78' lang='lat' dir='ltr'>lle-</span> 
     </span>
    </p>
   </div>
   <div class='ocr_carea' id='block_1_89' title="bbox 224 5001 1828 5073">
    <p class='ocr_par' dir='ltr' id='par_1_89' title="bbox 224 5001 1828 5073">
     <span class='ocr_line' id='line_1_89' title="bbox 224 5001 1828 5073; baseline -0.001 -17"><span class='ocrx_word' id='word_1_688' title='bbox 224 5001 638 5067; x_wconf 76' lang='lat' dir='ltr'>brznos,deinde</span> <span class='ocrx_word' id='word_1_689' title='bbox 648 5001 941 5067; x_wconf 86' lang='lat' dir='ltr'>Isaiam,et</span> <span class='ocrx_word' id='word_1_690' title='bbox 958 5007 1180 5073; x_wconf 88' lang='lat' dir='ltr'>partem</span> <span class='ocrx_word' id='word_1_691' title='bbox 1199 5001 1652 5072; x_wconf 87' lang='lat' dir='ltr'>propheticorum</span> <span class='ocrx_word' id='word_1_692' title='bbox 1669 5001 1828 5055; x_wconf 84' lang='lat' dir='ltr'>Jere-</span> 
     </span>
    </p>
   </div>
   <div class='ocr_carea' id='block_1_90' title="bbox 224 5088 1827 5160">
    <p class='ocr_par' dir='ltr' id='par_1_90' title="bbox 224 5088 1827 5160">
     <span class='ocr_line' id='line_1_90' title="bbox 224 5088 1827 5160; baseline 0.001 -15"><span class='ocrx_word' id='word_1_693' title='bbox 224 5089 590 5155; x_wconf 68' lang='lat' dir='ltr'>mim,deinde</span> <span class='ocrx_word' id='word_1_694' title='bbox 607 5091 818 5145; x_wconf 89' lang='lat' dir='ltr'>Lucam</span> <span class='ocrx_word' id='word_1_695' title='bbox 838 5089 1478 5160; x_wconf 84' lang='lat' dir='ltr'>Evangelistam,deinde</span> <span class='ocrx_word' id='word_1_696' title='bbox 1503 5088 1827 5147; x_wconf 85' lang='lat' dir='ltr'>Proverbia.</span> 
     </span>
    </p>
   </div>
   <div class='ocr_carea' id='block_1_91' title="bbox 226 5178 1830 5250">
    <p class='ocr_par' dir='ltr' id='par_1_91' title="bbox 226 5178 1830 5250">
     <span class='ocr_line' id='line_1_91' title="bbox 226 5178 1830 5250; baseline -0.003 -14"><span class='ocrx_word' id='word_1_697' title='bbox 226 5181 378 5236; x_wconf 85' lang='lat' dir='ltr'>Eum</span> <span class='ocrx_word' id='word_1_698' title='bbox 403 5183 595 5234; x_wconf 88' lang='lat' dir='ltr'>autem</span> <span class='ocrx_word' id='word_1_699' title='bbox 611 5179 996 5235; x_wconf 83' lang='lat' dir='ltr'>ambulantem</span> <span class='ocrx_word' id='word_1_700' title='bbox 1007 5196 1121 5234; x_wconf 92' lang='lat' dir='ltr'>non</span> <span class='ocrx_word' id='word_1_701' title='bbox 1135 5185 1388 5250; x_wconf 87' lang='lat' dir='ltr'>poteram</span> <span class='ocrx_word' id='word_1_702' title='bbox 1397 5197 1459 5234; x_wconf 89' lang='lat' dir='ltr'>us</span> <span class='ocrx_word' id='word_1_703' title='bbox 1481 5179 1747 5250; x_wconf 89' lang='lat' dir='ltr'>consequi</span> <span class='ocrx_word' id='word_1_704' title='bbox 1758 5178 1830 5232; x_wconf 92' lang='lat' dir='ltr'>.Is</span> 
     </span>
    </p>
   </div>
   <div class='ocr_carea' id='block_1_92' title="bbox 224 5267 1831 5341">
    <p class='ocr_par' dir='ltr' id='par_1_92' title="bbox 224 5267 1831 5341">
     <span class='ocr_line' id='line_1_92' title="bbox 224 5267 1831 5341; baseline -0.001 -19"><span class='ocrx_word' id='word_1_705' title='bbox 224 5271 519 5341; x_wconf 89' lang='lat' dir='ltr'>postremo</span> <span class='ocrx_word' id='word_1_706' title='bbox 529 5273 790 5340; x_wconf 88' lang='lat' dir='ltr'>arreptus</span> <span class='ocrx_word' id='word_1_707' title='bbox 813 5285 852 5322; x_wconf 84' lang='lat' dir='ltr'>a</span> <span class='ocrx_word' id='word_1_708' title='bbox 865 5269 1000 5322; x_wconf 87' lang='lat' dir='ltr'>mali</span> <span class='ocrx_word' id='word_1_709' title='bbox 1022 5269 1294 5324; x_wconf 71' lang='lat' dir='ltr'>daemonis</span> <span class='ocrx_word' id='word_1_710' title='bbox 1305 5269 1722 5341; x_wconf 87' lang='lat' dir='ltr'>operatione,ut</span> <span class='ocrx_word' id='word_1_711' title='bbox 1736 5267 1831 5339; x_wconf 90' lang='lat' dir='ltr'>qui</span> 
     </span>
    </p>
   </div>
   <div class='ocr_carea' id='block_1_93' title="bbox 223 5355 1836 5430">
    <p class='ocr_par' dir='ltr' id='par_1_93' title="bbox 223 5355 1836 5430">
     <span class='ocr_line' id='line_1_93' title="bbox 223 5355 1836 5430; baseline 0 -18"><span class='ocrx_word' id='word_1_712' title='bbox 223 5355 576 5429; x_wconf 42' lang='grc' dir='ltr'>ψει-θεαί·δῦ</span> <span class='ocrx_word' id='word_1_713' title='bbox 591 5357 723 5428; x_wconf 87' lang='lat' dir='ltr'>igne</span> <span class='ocrx_word' id='word_1_714' title='bbox 738 5357 1316 5425; x_wconf 87' lang='lat' dir='ltr'>vehementissimo,in</span> <span class='ocrx_word' id='word_1_715' title='bbox 1331 5376 1436 5414; x_wconf 89' lang='lat' dir='ltr'>sua</span> <span class='ocrx_word' id='word_1_716' title='bbox 1451 5359 1677 5430; x_wconf 84' lang='lat' dir='ltr'>quidem</span> <span class='ocrx_word' id='word_1_717' title='bbox 1695 5357 1836 5412; x_wconf 88' lang='lat' dir='ltr'>cella</span> 
     </span>
    </p>
   </div>
   <div class='ocr_carea' id='block_1_94' title="bbox 223 5445 1830 5518">
    <p class='ocr_par' dir='ltr' id='par_1_94' title="bbox 223 5445 1830 5518">
     <span class='ocr_line' id='line_1_94' title="bbox 223 5445 1830 5518; baseline -0.001 -15"><span class='ocrx_word' id='word_1_718' title='bbox 223 5445 431 5503; x_wconf 82' lang='lat' dir='ltr'>sedere</span> <span class='ocrx_word' id='word_1_719' title='bbox 457 5462 570 5500; x_wconf 89' lang='lat' dir='ltr'>non</span> <span class='ocrx_word' id='word_1_720' title='bbox 599 5451 825 5516; x_wconf 87' lang='lat' dir='ltr'>poterat</span> <span class='ocrx_word' id='word_1_721' title='bbox 855 5465 868 5500; x_wconf 89' lang='lat'><strong>:</strong></span> <span class='ocrx_word' id='word_1_722' title='bbox 900 5447 1180 5518; x_wconf 86' lang='lat' dir='ltr'>profectus</span> <span class='ocrx_word' id='word_1_723' title='bbox 1207 5455 1399 5503; x_wconf 84' lang='lat' dir='ltr'>autem</span> <span class='ocrx_word' id='word_1_724' title='bbox 1413 5447 1830 5514; x_wconf 83' lang='lat' dir='ltr'>Alexandriam,</span> 
     </span>
    </p>
   </div>
   <div class='ocr_carea' id='block_1_95' title="bbox 223 5535 1840 5607">
    <p class='ocr_par' dir='ltr' id='par_1_95' title="bbox 223 5535 1840 5607">
     <span class='ocr_line' id='line_1_95' title="bbox 223 5535 1840 5607; baseline -0.002 -13"><span class='ocrx_word' id='word_1_725' title='bbox 223 5535 420 5594; x_wconf 84' lang='lat' dir='ltr'>divino</span> <span class='ocrx_word' id='word_1_726' title='bbox 449 5535 694 5607; x_wconf 88' lang='lat' dir='ltr'>quodam</span> <span class='ocrx_word' id='word_1_727' title='bbox 723 5535 954 5591; x_wconf 86' lang='lat' dir='ltr'>consilio</span> <span class='ocrx_word' id='word_1_728' title='bbox 983 5537 1209 5592; x_wconf 87' lang='lat' dir='ltr'>clavum</span> <span class='ocrx_word' id='word_1_729' title='bbox 1228 5539 1382 5592; x_wconf 85' lang='lat' dir='ltr'>clavo</span> <span class='ocrx_word' id='word_1_730' title='bbox 1427 5537 1688 5592; x_wconf 77' lang='lat' dir='ltr'>extrusit.</span> <span class='ocrx_word' id='word_1_731' title='bbox 1724 5536 1840 5592; x_wconf 88' lang='lat' dir='ltr'>Sua</span> 
     </span>
    </p>
   </div>
   <div class='ocr_carea' id='block_1_96' title="bbox 223 5623 1840 5698">
    <p class='ocr_par' dir='ltr' id='par_1_96' title="bbox 223 5623 1840 5698">
     <span class='ocr_line' id='line_1_96' title="bbox 223 5623 1840 5698; baseline -0.002 -14"><span class='ocrx_word' id='word_1_732' title='bbox 223 5627 436 5698; x_wconf 78' lang='lat' dir='ltr'>sponte</span> <span class='ocrx_word' id='word_1_733' title='bbox 461 5623 615 5680; x_wconf 88' lang='lat' dir='ltr'>enim</span> <span class='ocrx_word' id='word_1_734' title='bbox 628 5623 828 5680; x_wconf 86' lang='lat' dir='ltr'>incidit</span> <span class='ocrx_word' id='word_1_735' title='bbox 853 5624 919 5681; x_wconf 87' lang='lat' dir='ltr'>in</span> <span class='ocrx_word' id='word_1_736' title='bbox 933 5626 1320 5698; x_wconf 82' lang='lat' dir='ltr'>promiscuum</span> <span class='ocrx_word' id='word_1_737' title='bbox 1345 5633 1402 5682; x_wconf 87' lang='lat' dir='ltr'>et</span> <span class='ocrx_word' id='word_1_738' title='bbox 1425 5627 1840 5682; x_wconf 61' lang='lat' dir='ltr'>indifferentem</span> 
     </span>
    </p>
   </div>
   <div class='ocr_carea' id='block_1_97' title="bbox 227 5713 1838 5790">
    <p class='ocr_par' dir='ltr' id='par_1_97' title="bbox 227 5713 1838 5790">
     <span class='ocr_line' id='line_1_97' title="bbox 227 5713 1838 5790; baseline 0 -16"><span class='ocrx_word' id='word_1_739' title='bbox 227 5728 434 5774; x_wconf 88' lang='lat' dir='ltr'>rerum</span> <span class='ocrx_word' id='word_1_740' title='bbox 461 5729 648 5784; x_wconf 90' lang='lat' dir='ltr'>usum,</span> <span class='ocrx_word' id='word_1_741' title='bbox 689 5713 918 5772; x_wconf 86' lang='lat' dir='ltr'>inventa</span> <span class='ocrx_word' id='word_1_742' title='bbox 965 5721 1164 5790; x_wconf 82' lang='lat' dir='ltr'>postea</span> <span class='ocrx_word' id='word_1_743' title='bbox 1209 5717 1396 5774; x_wconf 89' lang='lat' dir='ltr'>salute</span> <span class='ocrx_word' id='word_1_744' title='bbox 1441 5715 1838 5774; x_wconf 86' lang='lat' dir='ltr'>involuntaria.</span> 
     </span>
    </p>
   </div>
   <div class='ocr_carea' id='block_1_98' title="bbox 1917 4639 3508 4714">
    <p class='ocr_par' dir='ltr' id='par_1_98' title="bbox 1917 4639 3508 4714">
     <span class='ocr_line' id='line_1_98' title="bbox 1917 4639 3508 4714; baseline -0.003 -16"><span class='ocrx_word' id='word_1_745' title='bbox 1917 4649 1974 4698; x_wconf 89' lang='lat' dir='ltr'>et</span> <span class='ocrx_word' id='word_1_746' title='bbox 2004 4641 2359 4714; x_wconf 84' lang='lat' dir='ltr'>lacrymabile</span> <span class='ocrx_word' id='word_1_747' title='bbox 2397 4639 2774 4711; x_wconf 87' lang='lat' dir='ltr'>spectaculum</span> <span class='ocrx_word' id='word_1_748' title='bbox 2824 4639 3284 4694; x_wconf 87' lang='lat' dir='ltr'>Christianorum</span> <span class='ocrx_word' id='word_1_749' title='bbox 3314 4641 3508 4708; x_wconf 90' lang='lat' dir='ltr'>oculis,</span> 
     </span>
    </p>
   </div>
   <div class='ocr_carea' id='block_1_99' title="bbox 1913 4729 3506 4800">
    <p class='ocr_par' dir='ltr' id='par_1_99' title="bbox 1913 4729 3506 4800">
     <span class='ocr_line' id='line_1_99' title="bbox 1913 4729 3506 4800; baseline 0.001 -14"><span class='ocrx_word' id='word_1_750' title='bbox 1913 4732 2218 4786; x_wconf 90' lang='lat' dir='ltr'>ludibrium</span> <span class='ocrx_word' id='word_1_751' title='bbox 2259 4737 2449 4785; x_wconf 89' lang='lat' dir='ltr'>autem</span> <span class='ocrx_word' id='word_1_752' title='bbox 2479 4729 2551 4784; x_wconf 91' lang='lat' dir='ltr'>iis</span> <span class='ocrx_word' id='word_1_753' title='bbox 2577 4729 2673 4800; x_wconf 91' lang='lat' dir='ltr'>qui</span> <span class='ocrx_word' id='word_1_754' title='bbox 2701 4729 2868 4782; x_wconf 87' lang='lat' dir='ltr'>vitam</span> <span class='ocrx_word' id='word_1_755' title='bbox 2908 4736 3171 4784; x_wconf 88' lang='lat' dir='ltr'>nostram</span> <span class='ocrx_word' id='word_1_756' title='bbox 3204 4729 3506 4788; x_wconf 89' lang='lat' dir='ltr'>-nesciunt.</span> 
     </span>
    </p>
   </div>
   <div class='ocr_carea' id='block_1_100' title="bbox 1915 4817 3510 4880">
    <p class='ocr_par' dir='ltr' id='par_1_100' title="bbox 1915 4817 3510 4880">
     <span class='ocr_line' id='line_1_100' title="bbox 1915 4817 3510 4880; baseline -0.002 -3"><span class='ocrx_word' id='word_1_757' title='bbox 1915 4823 2044 4877; x_wconf 78' lang='lat' dir='ltr'>Haec</span> <span class='ocrx_word' id='word_1_758' title='bbox 2065 4827 2250 4876; x_wconf 89' lang='lat' dir='ltr'>autem</span> <span class='ocrx_word' id='word_1_759' title='bbox 2272 4817 2997 4880; x_wconf 83' lang='lat' dir='ltr'>calamitasimmedicabilis</span> <span class='ocrx_word' id='word_1_760' title='bbox 3017 4818 3155 4873; x_wconf 90' lang='lat' dir='ltr'>mise</span> <span class='ocrx_word' id='word_1_761' title='bbox 3168 4819 3510 4874; x_wconf 89' lang='lat' dir='ltr'>ruminvasit</span> 
     </span>
    </p>
   </div>
   <div class='ocr_carea' id='block_1_101' title="bbox 1913 4907 3505 4980">
    <p class='ocr_par' dir='ltr' id='par_1_101' title="bbox 1913 4907 3505 4980">
     <span class='ocr_line' id='line_1_101' title="bbox 1913 4907 3505 4980; baseline -0.003 -13"><span class='ocrx_word' id='word_1_762' title='bbox 1913 4912 2370 4972; x_wconf 65' lang='lat' dir='ltr'>Ptolemmum,ex</span> <span class='ocrx_word' id='word_1_763' title='bbox 2388 4908 2622 4963; x_wconf 88' lang='lat' dir='ltr'>rationis</span> <span class='ocrx_word' id='word_1_764' title='bbox 2645 4912 2871 4979; x_wconf 87' lang='lat' dir='ltr'>experte</span> <span class='ocrx_word' id='word_1_765' title='bbox 2891 4907 3134 4980; x_wconf 86' lang='lat' dir='ltr'>quadam</span> <span class='ocrx_word' id='word_1_766' title='bbox 3153 4908 3505 4980; x_wconf 84' lang='lat' dir='ltr'>arrogantia,</span> 
     </span>
    </p>
   </div>
   <div class='ocr_carea' id='block_1_102' title="bbox 1915 4996 3507 5073">
    <p class='ocr_par' dir='ltr' id='par_1_102' title="bbox 1915 4996 3507 5073">
     <span class='ocr_line' id='line_1_102' title="bbox 1915 4996 3507 5073; baseline -0.004 -17"><span class='ocrx_word' id='word_1_767' title='bbox 1915 5002 2066 5073; x_wconf 90' lang='lat' dir='ltr'>quod</span> <span class='ocrx_word' id='word_1_768' title='bbox 2091 5018 2126 5054; x_wconf 91' lang='lat' dir='ltr'>a</span> <span class='ocrx_word' id='word_1_769' title='bbox 2155 5001 2446 5056; x_wconf 89' lang='lat' dir='ltr'>seductore</span> <span class='ocrx_word' id='word_1_770' title='bbox 2485 4998 2739 5052; x_wconf 77' lang='lat' dir='ltr'>daemone</span> <span class='ocrx_word' id='word_1_771' title='bbox 2786 4996 3004 5062; x_wconf 84' lang='lat' dir='ltr'>illusus,</span> <span class='ocrx_word' id='word_1_772' title='bbox 3047 4997 3398 5052; x_wconf 83' lang='lat' dir='ltr'>existimaret</span> <span class='ocrx_word' id='word_1_773' title='bbox 3446 5015 3507 5051; x_wconf 89' lang='lat' dir='ltr'>se</span> 
     </span>
    </p>
   </div>
   <div class='ocr_carea' id='block_1_103' title="bbox 1915 5085 3509 5162">
    <p class='ocr_par' dir='ltr' id='par_1_103' title="bbox 1915 5085 3509 5162">
     <span class='ocr_line' id='line_1_103' title="bbox 1915 5085 3509 5162; baseline -0.004 -16"><span class='ocrx_word' id='word_1_774' title='bbox 1915 5091 2148 5146; x_wconf 88' lang='lat' dir='ltr'>scientia</span> <span class='ocrx_word' id='word_1_775' title='bbox 2175 5091 2385 5162; x_wconf 88' lang='lat' dir='ltr'>pollere</span> <span class='ocrx_word' id='word_1_776' title='bbox 2419 5103 2590 5158; x_wconf 88' lang='lat' dir='ltr'>super</span> <span class='ocrx_word' id='word_1_777' title='bbox 2628 5103 2822 5141; x_wconf 92' lang='lat' dir='ltr'>omnes</span> <span class='ocrx_word' id='word_1_778' title='bbox 2860 5091 3082 5140; x_wconf 89' lang='lat' dir='ltr'>sanctos</span> <span class='ocrx_word' id='word_1_779' title='bbox 3131 5085 3327 5140; x_wconf 89' lang='lat' dir='ltr'>Patres</span> <span class='ocrx_word' id='word_1_780' title='bbox 3363 5104 3374 5140; x_wconf 92' lang='lat'>:</span> <span class='ocrx_word' id='word_1_781' title='bbox 3406 5103 3509 5157; x_wconf 89' lang='lat' dir='ltr'>per</span> 
     </span>
    </p>
   </div>
   <div class='ocr_carea' id='block_1_104' title="bbox 1917 5175 3510 5252">
    <p class='ocr_par' dir='ltr' id='par_1_104' title="bbox 1917 5175 3510 5252">
     <span class='ocr_line' id='line_1_104' title="bbox 1917 5175 3510 5252; baseline -0.003 -17"><span class='ocrx_word' id='word_1_782' title='bbox 1917 5197 2085 5252; x_wconf 89' lang='lat' dir='ltr'>quam</span> <span class='ocrx_word' id='word_1_783' title='bbox 2115 5179 2363 5244; x_wconf 83' lang='lat' dir='ltr'>inﬂatus,</span> <span class='ocrx_word' id='word_1_784' title='bbox 2389 5177 2476 5232; x_wconf 90' lang='lat' dir='ltr'>sui</span> <span class='ocrx_word' id='word_1_785' title='bbox 2505 5176 2682 5248; x_wconf 89' lang='lat' dir='ltr'>ipsius</span> <span class='ocrx_word' id='word_1_786' title='bbox 2729 5175 2927 5241; x_wconf 89' lang='lat' dir='ltr'>hostis,</span> <span class='ocrx_word' id='word_1_787' title='bbox 2961 5191 3206 5246; x_wconf 59' lang='lat' dir='ltr'>princeps</span> <span class='ocrx_word' id='word_1_788' title='bbox 3235 5175 3398 5228; x_wconf 88' lang='lat' dir='ltr'>datus</span> <span class='ocrx_word' id='word_1_789' title='bbox 3425 5182 3510 5230; x_wconf 91' lang='lat' dir='ltr'>est</span> 
     </span>
    </p>
   </div>
   <div class='ocr_carea' id='block_1_105' title="bbox 1915 5263 3511 5341">
    <p class='ocr_par' dir='ltr' id='par_1_105' title="bbox 1915 5263 3511 5341">
     <span class='ocr_line' id='line_1_105' title="bbox 1915 5263 3511 5341; baseline -0.004 -16"><span class='ocrx_word' id='word_1_790' title='bbox 1915 5270 1975 5324; x_wconf 91' lang='lat' dir='ltr'>in</span> <span class='ocrx_word' id='word_1_791' title='bbox 2003 5269 2340 5341; x_wconf 87' lang='lat' dir='ltr'>profundum</span> <span class='ocrx_word' id='word_1_792' title='bbox 2369 5266 2785 5331; x_wconf 87' lang='lat' dir='ltr'>interitus,cum</span> <span class='ocrx_word' id='word_1_793' title='bbox 2807 5263 3021 5319; x_wconf 90' lang='lat' dir='ltr'>nullum</span> <span class='ocrx_word' id='word_1_794' title='bbox 3037 5280 3287 5334; x_wconf 89' lang='lat' dir='ltr'>unquam</span> <span class='ocrx_word' id='word_1_795' title='bbox 3312 5280 3511 5318; x_wconf 88' lang='lat' dir='ltr'>conve-</span> 
     </span>
    </p>
   </div>
   <div class='ocr_carea' id='block_1_106' title="bbox 1917 5352 3512 5424">
    <p class='ocr_par' dir='ltr' id='par_1_106' title="bbox 1917 5352 3512 5424">
     <span class='ocr_line' id='line_1_106' title="bbox 1917 5352 3512 5424; baseline -0.004 -10"><span class='ocrx_word' id='word_1_796' title='bbox 1917 5359 2094 5416; x_wconf 82' lang='lat' dir='ltr'>nisset</span> <span class='ocrx_word' id='word_1_797' title='bbox 2121 5373 2190 5413; x_wconf 77' lang='lat' dir='ltr'>ex</span> <span class='ocrx_word' id='word_1_798' title='bbox 2225 5357 2432 5412; x_wconf 88' lang='lat' dir='ltr'>sanctis</span> <span class='ocrx_word' id='word_1_799' title='bbox 2457 5355 2720 5410; x_wconf 85' lang='lat' dir='ltr'>Patribus</span> <span class='ocrx_word' id='word_1_800' title='bbox 2750 5353 2846 5424; x_wconf 92' lang='lat' dir='ltr'>qui</span> <span class='ocrx_word' id='word_1_801' title='bbox 2871 5353 3155 5424; x_wconf 84' lang='lat' dir='ltr'>sapienter</span> <span class='ocrx_word' id='word_1_802' title='bbox 3166 5352 3512 5424; x_wconf 83' lang='lat' dir='ltr'>gubernave-</span> 
     </span>
    </p>
   </div>
   <div class='ocr_carea' id='block_1_107' title="bbox 1917 5440 3508 5512">
    <p class='ocr_par' dir='ltr' id='par_1_107' title="bbox 1917 5440 3508 5512">
     <span class='ocr_line' id='line_1_107' title="bbox 1917 5440 3508 5512; baseline -0.004 -10"><span class='ocrx_word' id='word_1_803' title='bbox 1917 5453 2068 5508; x_wconf 82' lang='lat' dir='ltr'>rant,</span> <span class='ocrx_word' id='word_1_804' title='bbox 2087 5464 2188 5502; x_wconf 90' lang='lat' dir='ltr'>nec</span> <span class='ocrx_word' id='word_1_805' title='bbox 2217 5463 2411 5501; x_wconf 90' lang='lat' dir='ltr'>eorum</span> <span class='ocrx_word' id='word_1_806' title='bbox 2440 5445 2611 5499; x_wconf 77' lang='lat' dir='ltr'>fuerit</span> <span class='ocrx_word' id='word_1_807' title='bbox 2643 5443 2906 5498; x_wconf 84' lang='lat' dir='ltr'>fundatus</span> <span class='ocrx_word' id='word_1_808' title='bbox 2937 5441 3176 5512; x_wconf 88' lang='lat' dir='ltr'>spiritali</span> <span class='ocrx_word' id='word_1_809' title='bbox 3217 5440 3508 5507; x_wconf 83' lang='lat' dir='ltr'>doctrina;</span> 
     </span>
    </p>
   </div>
   <div class='ocr_carea' id='block_1_108' title="bbox 1921 5529 3513 5604">
    <p class='ocr_par' dir='ltr' id='par_1_108' title="bbox 1921 5529 3513 5604">
     <span class='ocr_line' id='line_1_108' title="bbox 1921 5529 3513 5604; baseline -0.005 -12"><span class='ocrx_word' id='word_1_810' title='bbox 1921 5537 2020 5592; x_wconf 87' lang='lat' dir='ltr'>sed</span> <span class='ocrx_word' id='word_1_811' title='bbox 2076 5537 2336 5592; x_wconf 82' lang='lat' dir='ltr'>inventus</span> <span class='ocrx_word' id='word_1_812' title='bbox 2391 5533 2604 5604; x_wconf 88' lang='lat' dir='ltr'>absque</span> <span class='ocrx_word' id='word_1_813' title='bbox 2650 5529 3046 5602; x_wconf 88' lang='lat' dir='ltr'>gubernatore,</span> <span class='ocrx_word' id='word_1_814' title='bbox 3079 5529 3139 5584; x_wconf 92' lang='lat' dir='ltr'>in</span> <span class='ocrx_word' id='word_1_815' title='bbox 3197 5535 3513 5586; x_wconf 86' lang='lat' dir='ltr'>extremum</span> 
     </span>
    </p>
   </div>
   <div class='ocr_carea' id='block_1_109' title="bbox 1923 5619 3514 5696">
    <p class='ocr_par' dir='ltr' id='par_1_109' title="bbox 1923 5619 3514 5696">
     <span class='ocr_line' id='line_1_109' title="bbox 1923 5619 3514 5696; baseline -0.003 -16"><span class='ocrx_word' id='word_1_816' title='bbox 1923 5624 2122 5680; x_wconf 90' lang='lat' dir='ltr'>mortis</span> <span class='ocrx_word' id='word_1_817' title='bbox 2149 5623 2489 5696; x_wconf 83' lang='lat' dir='ltr'>profundum</span> <span class='ocrx_word' id='word_1_818' title='bbox 2518 5620 2736 5688; x_wconf 91' lang='lat' dir='ltr'>cecidit,</span> <span class='ocrx_word' id='word_1_819' title='bbox 2767 5625 2825 5676; x_wconf 93' lang='lat' dir='ltr'>et</span> <span class='ocrx_word' id='word_1_820' title='bbox 2857 5619 3004 5675; x_wconf 91' lang='lat' dir='ltr'>sicut</span> <span class='ocrx_word' id='word_1_821' title='bbox 3037 5619 3205 5675; x_wconf 87' lang='lat' dir='ltr'>arbor</span> <span class='ocrx_word' id='word_1_822' title='bbox 3243 5619 3514 5676; x_wconf 87' lang='lat' dir='ltr'>viridibus</span> 
     </span>
    </p>
   </div>
   <div class='ocr_carea' id='block_1_110' title="bbox 1923 5707 3518 5790">
    <p class='ocr_par' dir='ltr' id='par_1_110' title="bbox 1923 5707 3518 5790">
     <span class='ocr_line' id='line_1_110' title="bbox 1923 5707 3518 5790; baseline -0.005 -20"><span class='ocrx_word' id='word_1_823' title='bbox 1923 5714 2070 5771; x_wconf 88' lang='lat' dir='ltr'>foliis</span> <span class='ocrx_word' id='word_1_824' title='bbox 2097 5717 2335 5782; x_wconf 86' lang='lat' dir='ltr'>comata,</span> <span class='ocrx_word' id='word_1_825' title='bbox 2369 5717 2427 5768; x_wconf 91' lang='lat' dir='ltr'>et</span> <span class='ocrx_word' id='word_1_826' title='bbox 2450 5707 2723 5767; x_wconf 87' lang='lat' dir='ltr'>fructibus</span> <span class='ocrx_word' id='word_1_827' title='bbox 2751 5715 2968 5779; x_wconf 87' lang='lat' dir='ltr'>ornata,</span> <span class='ocrx_word' id='word_1_828' title='bbox 3001 5726 3125 5783; x_wconf 80' lang='lat' dir='ltr'>quae</span> <span class='ocrx_word' id='word_1_829' title='bbox 3152 5725 3264 5788; x_wconf 82' lang='lat' dir='ltr'>uno</span> <span class='ocrx_word' id='word_1_830' title='bbox 3293 5714 3518 5790; x_wconf 63' lang='lat' dir='ltr'>tempe:</span> 
     </span>
    </p>
   </div>
  </div>
