3910 6382
424 398 586 461 -1135

445 525 525 580 ris
552 519 836 576 momento
866 505 1124 564 omnibus
1141 495 1311 556 simul
1338 497 1424 550 est
1449 491 1682 556 nudata,

647 607 792 662 Nam
811 605 876 656 ut
894 597 1165 668 scriptum
1185 593 1304 645 est:
1329 583 1542 650 Quibus
1579 595 1693 636 non
1722 581 1808 632 est
1829 573 2036 646 guber-

448 699 621 765 natio,
653 695 694 750 ii
721 691 932 748 cadunt
956 690 1022 740 ut
1049 681 1182 738 folia
1215 680 1392 746 (Prov.
1417 674 1516 765 xi).

982 769 1225 830 CAPUT
1245 762 1472 822 XXXIV
1487 806 1500 818 .

980 867 1054 920 De
1089 863 1308 927 virgine
1337 859 1511 922 lapsa.

518 965 662 1024 Novi
688 977 884 1019 rursus
905 951 1210 1028 quamdam
1233 943 1504 1016 virginem
1515 940 1543 993 J
1549 931 1892 1006 erosolymis,
1917 943 2040 1000 quae

448 1072 669 1116 saccum
715 1046 956 1123 gestavit
993 1038 1282 1102 sexennio,
1334 1035 1520 1098 σεθῦ
1565 1032 1622 1082 et
1657 1023 1763 1078 fuit
1793 1020 2038 1084 inclusa;

561 1112 773 1215 aliquid
793 1134 1007 1206 accepit
1017 1149 1082 1186 ex
1102 1129 1171 1184 iis
1190 1141 1312 1198 qum
1331 1120 1574 1176 tendunt
1585 1115 1654 1170 ad
1667 1112 2031 1215 voluptatem,

443 1237 543 1292 sed
565 1197 847 1288 summam
879 1217 1282 1280 continentiam
1315 1207 1564 1266 exercuit
1587 1206 1736 1260 inter
1779 1197 2032 1254 feminas.

443 1328 648 1382 Postea
681 1324 873 1376 autem
897 1331 933 1368 a
959 1310 1145 1366 divino
1175 1306 1398 1360 deserta
1425 1295 1630 1353 auxilio
1659 1305 1862 1364 proper
1889 1302 2040 1341 sum.

443 1429 596 1470 mam
625 1406 948 1482 superbiam
977 1416 1100 1472 quae
1131 1395 1409 1450 malorum
1435 1384 1686 1442 omnium
1715 1385 1800 1435 est
1826 1375 2034 1440 nutrix,

448 1507 610 1576 lapsa
635 1465 740 1566 est,
765 1502 824 1551 et
849 1496 1044 1565 aperta
1067 1488 1315 1541 fenestra
1338 1475 1567 1534 admisit
1589 1487 1720 1528 eum
1747 1466 1843 1541 qui
1872 1465 1922 1520 ei
1951 1465 2042 1519 in-

1134 1575 1139 1576 ,
1187 1573 1195 1576 -
1445 1566 1456 1576 .
1509 1570 1516 1576 .
1776 1575 1805 1576 η
1823 1573 1838 1576 ,
1858 1556 1881 1576 ,
1929 1569 2037 1576 μη

451 1556 749 1653 serviebat,
781 1591 838 1640 et
871 1597 998 1636 cum
1028 1594 1092 1632 eo
1120 1573 1228 1629 fuit
1258 1566 1592 1629 commixta;
1641 1576 1706 1615 eo
1737 1556 1886 1629 quod
1929 1569 2044 1608 non

453 1681 639 1738 divino
667 1672 954 1750 proposito
981 1673 1038 1723 et
1063 1683 1128 1720 ex
1156 1659 1428 1718 charitate
1471 1671 1531 1708 se
1571 1649 1914 1710 exercuerat,
1946 1641 2046 1697 sed

450 1778 515 1828 ut
537 1740 797 1824 humanae
826 1776 1004 1817 scenae
1052 1751 1306 1814 serviret,
1340 1744 1490 1818 quod
1520 1740 1748 1814 quidem
1778 1740 1864 1790 est
1887 1748 2046 1786 vana:

1550 366 1648 422 DE
1670 361 1860 420 VITIS
1897 352 2195 415 PATRUM
2230 351 2446 408 LIBER
2479 345 2634 404 VIII.

1712 485 1932 543 reddita
1951 484 2040 535 est
2057 479 2104 538 A
2123 477 2206 531 fer
2232 475 2604 538 affectionem,
2634 475 2702 524 ut
2729 483 2924 523 earum
2941 480 3134 522 curam
3151 481 3346 536 geram
3371 469 3439 519 ut
3465 462 3712 536 postulat

3581 334 3712 397 1136

2117 566 2283 621 ratio.
2304 566 2446 620 Cum
2465 563 2664 618 fuisset
2682 575 2814 630 ergo
2834 571 3220 629 vespera,eum
3239 571 3471 609 somnus
3491 568 3712 624 oppres-

2119 655 2192 710 sit
2219 656 2279 710 in
2315 653 2636 710 solitudine.
2664 647 2965 703 Venientes
2995 650 3184 701 autem
3211 644 3280 698 ad
3311 660 3442 698 eum
3464 648 3583 697 tres
3610 659 3710 696 an-

2119 745 2250 816 geli,
2293 749 2359 798 ut
2399 743 2519 814 ipse
2548 737 2685 795 mihi
2715 737 2984 801 narravit,
3008 751 3138 790 eum
3181 733 3510 798 retinentes,
3541 732 3592 786 ei
3632 731 3710 785 di-

2121 839 2258 888 cunt
2287 853 2302 888 :
2335 834 2450 887 Cur
2466 828 2654 886 exiisti
2683 844 2749 882 ex
2786 824 3126 881 monasterio
3162 822 3500 878 feminarum
3520 821 3546 874 ?
3572 821 3710 876 Rem

2121 923 2313 994 itaque
2343 922 2423 976 eis
2454 918 2724 984 narravit,
2750 915 2969 971 dicens:
2993 911 3178 968 Timui
3206 929 3276 966 ne
3305 917 3364 966 et
3389 911 3515 965 illas
3551 909 3709 963 laede-

2123 1029 2243 1068 rem
2271 1018 2328 1067 et
2352 1011 2648 1082 meipsum.
2676 1007 2884 1062 Dicunt
2901 1005 2952 1059 ei
2981 1001 3164 1074 angeli
3195 1019 3206 1054 :
3242 1000 3302 1056 Si
3331 1006 3386 1056 te
3410 1016 3543 1071 ergo
3570 998 3708 1054 libe-

2125 1101 2435 1157 raverimus
2458 1099 2528 1154 ab
2557 1099 2662 1152 hac
2705 1094 3016 1158 affectione,
3050 1090 3275 1155 redibis,
3303 1095 3363 1145 et
3389 1105 3588 1144 earum
3619 1104 3708 1142 cu-

2117 1208 2238 1246 ram
2259 1207 2421 1262 geres
2435 1189 2464 1242 ‘P
2492 1189 2592 1244 His
2611 1202 2872 1242 assensus
2894 1189 3000 1238 est.
3021 1180 3106 1236 Ab
3123 1197 3189 1236 eo
3209 1183 3398 1234 autem
3417 1179 3707 1249 jusjuran-

2120 1281 2255 1336 dum
2285 1279 2516 1350 exigunt
2553 1291 2566 1326 :
2606 1275 2876 1332 narrabat
2903 1277 3092 1328 autem
3116 1267 3538 1342 jusjurandum.
3571 1268 3706 1322 Jura

2121 1369 2283 1424 nobis
2302 1369 2415 1423 tale
2440 1366 2837 1439 jusjurandum
2865 1381 2876 1416 :
2903 1363 3012 1418 Per
3026 1377 3154 1416 eum
3172 1359 3267 1431 qui
3286 1357 3399 1413 mei
3412 1373 3603 1412 curam
3616 1373 3709 1428 ge-

2121 1460 2216 1525 rit,
2231 1475 2426 1513 earum
2453 1473 2646 1511 curam
2675 1470 2890 1526 geram.
2921 1453 3039 1506 Hoc
3066 1450 3146 1504 eis
3179 1447 3406 1519 juravit.
3429 1447 3584 1502 Tunc
3605 1462 3706 1501 an-

2125 1550 2236 1622 geli
2267 1566 2398 1604 eum
2424 1551 2729 1603 tenuerunt
2767 1563 2778 1598 :
2828 1559 2976 1599 unus
3003 1557 3224 1602 manus,
3257 1543 3315 1594 et
3348 1537 3494 1592 alter
3525 1537 3710 1608 pedes,

2127 1638 2330 1695 tertius
2357 1643 2546 1693 autem
2567 1641 2796 1706 accepta
2823 1632 3092 1688 novacula
3119 1627 3321 1684 excidit
3344 1629 3466 1698 ejus
3493 1626 3716 1680 testicu-

2128 1729 2211 1784 los
2225 1734 2492 1799 tanquam
2506 1726 2563 1780 in
2576 1723 2798 1788 exstasi,
2823 1738 2936 1777 non
2951 1737 3096 1785 vere,
3109 1719 3206 1774 sed
3224 1717 3464 1789 quadam
3483 1715 3713 1770 visione.

455 1803 515 1828 ιιι
538 1803 796 1824 ιιυιυαιιυυ
827 1803 1004 1817 υννυνυ
1052 1803 1132 1810 -σν-
1159 1803 1165 1806 τ
1182 1803 1216 1806 --
1241 1803 1251 1804 ί
1295 1803 1306 1814 1
1357 1803 1374 1818 ι
1535 1803 1556 1814 ,

449 1861 640 1934 gloriae
662 1863 715 1912 et
739 1852 897 1928 parvi
926 1843 1190 1918 instituti.
1217 1842 1362 1896 Nam
1386 1851 1513 1890 cum
1546 1832 1668 1902 ejus
1699 1827 1804 1898 piae
1827 1822 2042 1894 cogita-
2062 1806 2105 1868 Β
2127 1819 2296 1873 Visus
2327 1823 2413 1872 est
2447 1831 2580 1886 ergo
2601 1815 2660 1868 in
2694 1813 2793 1868 illa
2819 1809 3024 1866 exstasi
3044 1807 3210 1863 veluti
3235 1805 3448 1860 excisus
3471 1803 3647 1859 fuisse
3663 1810 3720 1858 et

1188 1931 1199 1934 -
1288 1929 1303 1934 _
1536 1922 1572 1934 υ
1702 1916 1757 1934 ν·
1786 1933 1789 1934 ,
1844 1911 2012 1934 :ﬂ-u-
2132 1913 2357 1934 ,....ιηιηη
2412 1907 2544 1934 nn";
2586 1903 2690 1934 ιηιυι
2719 1902 3066 1934 ξηιοιηιυπνοηι
3091 1897 3270 1934 incum
3299 1893 3479 1934 arma“
3528 1893 3717 1934 Αἴθρη-

450 1911 632 2007 :iones
660 1911 940 2015 oceupatze
971 1938 1160 1992 essent
1184 1931 1244 1984 in
1273 1922 1608 1983 damnandis
1666 1916 1812 1980 aliis,
1844 1911 2048 1966 incita-

452 2045 610 2097 retur
639 2041 831 2092 autem
850 2031 1038 2086 furore
1067 2042 1102 2079 a
1128 2023 1380 2077 daemone
1408 2009 1703 2084 superbiae,
1727 2019 1904 2074 eoque
1930 1999 2050 2054 val-

453 2133 522 2186 de
549 2127 940 2186 delectaretur,
970 2116 1040 2172 ab
1069 2130 1137 2169 ea
1162 2105 1396 2165 recessit
1416 2106 1641 2158 sanctus
1669 2094 1904 2165 angelus
1952 2105 2052 2144 cu-

451 2226 568 2276 stos
579 2209 984 2287 temperantiae.

524 2307 657 2364 Ideo
681 2272 872 2360 autem
903 2293 1252 2366 scripsimus,
1284 2302 1317 2342 ο
1335 2283 1585 2338 virorum
1614 2272 1957 2336 fidelissime,
1993 2272 2052 2323 et

452 2399 626 2453 vitam
656 2407 853 2450 eorum
881 2387 979 2460 qui
999 2401 1060 2440 se
1084 2385 1236 2436 recte
1259 2381 1317 2432 et
1339 2391 1406 2429 ex
1430 2371 1638 2426 virtute
1657 2365 1972 2436 gesserunt,
1993 2362 2051 2413 et

456 2503 652 2542 eorum
682 2482 777 2555 qui
809 2457 940 2552 post
965 2473 1172 2530 multos
1200 2466 1419 2522 labores
1439 2476 1540 2534 per
1566 2457 1744 2512 otium
1775 2458 1834 2506 et
1859 2464 2050 2555 socqr—

455 2577 606 2632 (liam
639 2591 674 2628 a
697 2537 920 2628 summo
936 2570 993 2620 et
1003 2555 1408 2636 perfectissimo
1419 2551 1542 2604 vitae
1564 2545 1824 2601 instituto
1841 2537 2054 2594 excide-

455 2670 609 2731 runt,
643 2660 794 2733 capti
825 2674 861 2712 a
887 2633 1108 2710 diabolo
1137 2661 1304 2704 omne
1333 2657 1512 2713 genus
1538 2633 1776 2706 laqueis,
1806 2635 1872 2685 ut
1884 2643 2056 2684 unus-

458 2719 698 2827 quisque
713 2719 784 2804 ex
801 2763 916 2802 sua:
940 2743 1064 2796 vita:
1091 2736 1352 2793 instituto
1379 2727 1699 2796 intelligens
1729 2719 1946 2776 occulta
1971 2732 2057 2816 re-

455 2804 539 2898 tia
561 2804 741 2896 hbstis
766 2837 1062 2896 bnnorum,
1103 2825 1284 2896 fugiat
1331 2821 1454 2891 ejus
1485 2817 1732 2886 laqueos.
1772 2811 1914 2865 Cum
1943 2804 2057 2860 sint

457 2947 594 3002 ergo
625 2923 966 2995 multi,iique
988 2915 1178 2987 magni
1204 2911 1308 2966 viri
1329 2914 1386 2964 et
1400 2899 1787 2972 mulieres,qui
1808 2897 1878 2953 ab
1893 2894 2053 2950 initio

455 2985 698 3078 scvrecte
725 2985 1024 3086 gesserunt
1061 2985 1120 3060 in
1147 3004 1384 3058 honesto
1411 2994 1671 3050 instituto
1699 2985 2053 3044 exercitatio-

454 3111 566 3176 nis,
599 3105 827 3163 tandem
849 3105 1042 3156 autem
1071 3095 1300 3150 fuerunt
1321 3084 1499 3142 eversi
1535 3079 1806 3136 radicitus
1831 3075 1904 3130 ab
1931 3089 2052 3128 om-

457 3199 620 3254 nium
635 3193 930 3251 hominum
944 3181 1283 3246 adversario;
1303 3194 1369 3232 ex
1395 3171 1590 3229 multis
1611 3170 1758 3223 facta
1768 3162 2054 3220 mentione

458 3301 790 3361 paucorum,
812 3277 1086 3354 plurimos
1101 3267 1396 3345 praeteribo
1421 3259 1664 3326 silentio,
1677 3262 1744 3312 ut
1756 3255 1852 3327 qui
1871 3267 2055 3323 neque

455 3340 608 3452 ipsos
624 3374 858 3444 erigam,
891 3381 1074 3438 neque
1105 3359 1244 3416 mihi
1275 3353 1508 3430 prosim,
1535 3351 1672 3404 dum
1699 3347 1761 3400 in
1802 3344 1870 3398 iis
1905 3340 2056 3396 mul-

1171 3450 1179 3452 .
1288 3447 1335 3452 --
1394 3441 1479 3452 ...
1567 3438 1696 3452 .
1808 3431 2025 3452 ___,,~_

459 3431 581 3522 tum
604 3431 897 3526 immoror,
921 3462 979 3512 et
1021 3450 1252 3509 eximios
1277 3441 1486 3501 Christi
1525 3438 1769 3494 athletas
1807 3431 2051 3502 negligo,

459 3573 576 3614 non
595 3567 833 3610 narrans
864 3546 1102 3600 virtutes
1130 3537 1328 3594 divinae
1376 3545 1572 3588 eorum
1620 3519 2055 3582 exercitationis.

1017 3627 1251 3688 CAPUT
1279 3621 1500 3680 XXXV.

1000 3725 1118 3777 Vita
1153 3717 1364 3772 abbatis
1392 3713 1542 3766 EI‘IJ'.

535 3825 684 3883 Elias
713 3819 942 3894 quidam
968 3810 1214 3884 optimus
1253 3801 1606 3863 exercitator,
1637 3793 1742 3850 fuit
1779 3789 2060 3861 virginum

464 3879 1101 3974 amantissimus,curam
1116 3915 1184 3968 ge
1191 3904 1318 3950 rens
1329 3889 1504 3964 partis
1513 3879 2066 3942 imbecillioris.Sunt

466 4005 615 4062 enim
644 4002 785 4056 tales
814 3995 1041 4053 animm,
1081 3985 1285 4060 quibus
1326 3984 1436 4036 fert
1483 3976 1612 4032 finis
1651 3967 2060 4031 testimonium,

465 4093 616 4167 quod
643 4091 700 4146 id
729 4087 940 4143 faciant
963 4097 1028 4136 ex
1053 4073 1350 4132 virtute.ls
1365 4085 1492 4124 cum
1511 4065 1776 4120 misertus
1805 4061 1952 4113 esset
1979 4071 2065 4167 qr-

467 4143 615 4238 dinis
642 4177 978 4233 feminarum
993 4184 1116 4239 qua:
1135 4182 1196 4218 se
1225 4162 1503 4221 exercent,
1518 4153 1752 4208 haberet
1779 4152 1968 4202 autem
1986 4143 2066 4198 fa-

467 4233 704 4328 ;uItates
733 4267 792 4320 in
814 4233 1049 4318 Athribe
1077 4257 1209 4326 [Al.,
1231 4244 1498 4318 Athlebe]
1512 4233 2066 4328 civitate,aedificavit

467 4373 739 4431 magnum
767 4346 1193 4408 monasterium,
1225 4344 1282 4394 et
1326 4337 1440 4392 illic
1480 4326 1838 4401 congregavit
1871 4339 2064 4380 omnes

470 4468 594 4524 quae
613 4444 879 4502 errabant
904 4435 1170 4507 virgines,

469 4540 635 4596 nibus
663 4549 855 4590 curam
883 4543 1104 4600 gerens,
1127 4535 1302 4592 suppe

470 4645 636 4686 usum
665 4623 952 4698 pertinent
975 4609 1354 4671 necessarium
1389 4624 1401 4658 :
1435 4603 1650 4664 hortos,
1689 4603 1747 4652 et
1774 4594 1845 4650 ad
1869 4607 2062 4648 eorum

471 4682 754 4774 culturam
791 4707 1173 4766 instrumenta
1206 4697 1334 4766 :75),
1369 4699 1538 4764 atque
1567 4695 1632 4744 ut
1658 4684 1830 4742 semel
1858 4682 2060 4745 dicam,

471 4805 662 4862 omnia
689 4819 812 4874 quae
833 4795 1082 4871 postulat
1095 4791 1210 4844 vita
1237 4777 1766 4841 exercitationisEa:
1794 4777 1983 4828 autem
1999 4786 2066 4824 ex

469 4867 860 4952 diversisvitze
886 4879 1160 4940 institutis
1181 4882 1240 4932 et
1260 4874 1480 4947 privata
1501 4868 1753 4923 deductae
1773 4867 2068 4918 consuetu-

471 4986 620 5051 dine,
648 4983 798 5037 inter
818 4993 878 5032 se
897 4967 1300 5044 depugnabant
1323 4961 1565 5017 assidue.
1581 4958 1724 5012 Cum
1749 4968 1882 5023 ergo
1907 4965 2068 5022 opor-

468 5079 619 5131 teret
643 5073 794 5126 hunc
816 5067 1072 5121 sanctum
1094 5064 1150 5112 et
1175 5072 1270 5110 eas
1299 5051 1514 5114 audire,
1541 5053 1598 5101 et
1626 5044 1844 5100 efficere
1871 5045 1938 5094 ut
1965 5055 2066 5110 pa-

471 5181 593 5222 cem
623 5163 771 5217 inter
787 5173 847 5210 se
859 5153 1164 5211 servarent,
1174 5145 1481 5213 collegerat
1499 5137 1650 5192 enim
1671 5133 1741 5188 ad
1763 5133 2061 5194 trecentas,

470 5262 529 5310 et
553 5265 779 5310 necesse
809 5245 860 5301 ei
888 5243 1073 5298 fuerat
1091 5252 1212 5292 esse
1237 5247 1432 5288 earum
1461 5228 1796 5282 intercessor
1819 5216 2064 5280 biennio,

469 5343 600 5398 licet
632 5342 801 5396 aetate
843 5329 1072 5404 juveni:
1103 5327 1228 5380 erat
1273 5319 1426 5375 enim
1455 5314 1679 5370 circiter
1707 5307 1942 5378 triginta
1967 5309 2068 5360 aut

469 5397 1040 5504 quadraginta'annos
1059 5409 1298 5478 natus,is
1319 5409 1570 5463 tentatus
1590 5400 1697 5456 fuit
1715 5397 2062 5504 avoluptate.

471 5484 520 5576 Ᾰ
545 5484 887 5575 monasterio
923 5513 1114 5564 autem
1141 5499 1411 5557 recedens
1437 5494 1686 5564 jejunus,
1721 5484 1946 5542 errabat
1965 5499 2066 5556 per

471 5607 834 5664 solitudinem
875 5600 1016 5655 duos
1039 5594 1182 5658 dies,
1214 5591 1321 5645 hoc
1348 5598 1571 5655 rogans,
1606 5584 1665 5634 et
1687 5577 1878 5632 dicens
1907 5593 1920 5629 :
1954 5577 2068 5630 Aut

473 5697 660 5755 occide
686 5696 1050 5762 me,ueipsas
1068 5682 1288 5738 videam
1318 5673 1564 5734 afflictus
1588 5688 1602 5740 ;
1625 5671 1726 5725 aut
1751 5681 1936 5722 meam
1969 5677 2066 5719 au-

2130 1913 2378 1962 curatus.
2412 1907 2545 1960 Post
2586 1903 2692 1956 hoc
2719 1902 3071 1970 interrogant
3091 1897 3275 1968 ipsum
3299 1893 3504 1966 angeli,
3528 1893 3717 1948 dicen-

2131 2000 2216 2050 tes
2250 2014 2261 2049 :
2297 1991 2533 2049 Sensisti
2581 1991 2884 2046 utilitatem
2936 1974 3220 2058 aliquam?
3267 1981 3362 2038 Eis
3408 1981 3542 2036 dicit
3567 1981 3664 2036 ille
3705 1998 3719 2036 :

2131 2083 2310 2138 Valde
2334 2096 2599 2152 magnam
2626 2069 2812 2150 accepi
2851 2076 3189 2141 utilitatem;
3216 2071 3376 2127 valde
3405 2070 3554 2126 enim
3579 2071 3725 2125 leva-

2131 2179 2224 2228 tus
2248 2189 2392 2238 sum,
2418 2177 2475 2225 et
2502 2184 2831 2242 persuasum
2879 2163 3058 2220 habeo
3087 2179 3180 2218 me
3217 2178 3336 2216 esse
3369 2158 3668 2214 liberatum
3689 2176 3723 2214 a

2129 2263 2320 2318 labore
2347 2267 2404 2316 et
2431 2259 2749 2316 affectione.
2768 2257 2924 2312 Tunc
2939 2253 3123 2326 angeli
3140 2252 3190 2307 ei
3213 2251 3440 2306 dicunt:
3460 2249 3566 2303 Abi
3590 2265 3721 2318 ergo

2131 2353 2204 2408 ad
2247 2358 2408 2408 tuum
2451 2347 2876 2405 monasterium.
2914 2345 3190 2400 Reversus
3241 2346 3326 2396 est
3363 2343 3548 2394 autem
3597 2343 3724 2409 post

2134 2442 2380 2514 quinque
2403 2440 2542 2504 dies,
2557 2455 2687 2494 eum
2705 2437 2932 2506 lugente
2953 2437 3072 2488 toto
3109 2429 3466 2494 monasterio,
3491 2433 3550 2482 et
3571 2427 3723 2481 intus

2135 2531 2418 2602 ingressus
2440 2535 2560 2596 est;
2593 2533 2762 2597 atque
2787 2541 2852 2579 ex
2873 2540 2938 2578 eo
2956 2529 3210 2592 tempore
3241 2517 3448 2573 mansit
3488 2517 3548 2571 in
3583 2515 3725 2570 cella

2136 2621 2207 2676 ad
2229 2621 2407 2675 lactus
2439 2620 2548 2688 (sic)
2569 2607 3372 2684 monasterii,quandoquidem
3408 2623 3537 2661 cum
3574 2608 3726 2660 esset

2136 2727 2329 2782 prope,
2354 2725 2448 2762 eas
2467 2703 2783 2775 corrigebat
2809 2701 3056 2766 assidue,
3073 2703 3347 2771 quantum
3365 2695 3424 2751 in
3453 2695 3552 2749 illo
3580 2699 3722 2748 erat.

2137 2801 2280 2854 Cum
2307 2803 2496 2852 autem
2522 2802 2718 2867 postea
2732 2791 2963 2847 vixisset
2979 2789 3118 2844 alios
3134 2784 3506 2859 quadraginta
3525 2799 3722 2848 annos,

2137 2887 2458 2944 affirmabat
2476 2880 2914 2953 Patribus,quod
2942 2878 3012 2934 ab
3038 2895 3102 2932 eo
3123 2883 3375 2948 tempore
3398 2891 3512 2928 non
3532 2889 3726 2928 ascen-

2137 2979 2300 3033 derat
2325 2977 2386 3031 in
2415 2991 2511 3029 cor
2539 2975 2661 3044 ejus
2703 2969 2922 3026 affe:tio
2953 2965 3274 3038 cupiditatis
3304 2963 3566 3018 feminia.
3599 2962 3731 3016 Haec

2137 3073 2224 3122 est
2237 3065 2421 3137 gratia
2436 3063 2616 3119 sancti
2637 3061 2738 3115 viri
2757 3057 3094 3124 Eliae,ethazc
3113 3051 3516 3118 exercitatio,et
3533 3067 3727 3124 quem-

2077 3133 2121 3194 Ο
2138 3155 2443 3212 admodum
2468 3167 2660 3208 curam
2680 3149 2854 3220 gessit
2878 3143 3202 3202 monasterii
3230 3142 3531 3214 virginum.

2675 3237 2908 3294 CAPUT
2935 3233 3181 3290 XXXVI.

2611 3333 2728 3384 l-‘ita
2755 3327 2968 3382 abbatis
2997 3323 3269 3380 Dorothci.

2209 3422 2313 3479 Cui
2337 3419 2604 3478 successit
2622 3416 2941 3474 Dorotheus
2965 3413 3051 3467 vir
3075 3407 3521 3484 probatissimus,
3543 3405 3644 3477 qui
3674 3403 3734 3460 in

2137 3512 2286 3568 bona
2311 3513 2509 3577 vita,et
2534 3525 2658 3580 quae
2677 3507 2738 3561 in
2759 3503 2974 3576 agendo
3002 3505 3275 3566 versatur,
3291 3495 3598 3554 consenuit.
3619 3494 3736 3559 Qui

2139 3619 2265 3659 cum
2294 3618 2408 3656 non
2420 3603 2607 3672 posset
2619 3595 2847 3668 quidem
2869 3592 2950 3647 sic
2975 3607 3168 3646 curam
3187 3603 3382 3660 gerere
3401 3583 3732 3640 monasterii

2141 3697 2208 3747 ut.
2229 3691 2322 3746 hic
2349 3690 2756 3758 beatus,neque
2796 3680 3093 3738 mansisset
3112 3678 3171 3733 in
3199 3677 3296 3732 illa
3321 3675 3478 3739 cella,
3511 3673 3566 3727 in
3593 3672 3728 3744 ipso

2143 3778 2486 3836 monasterio
2513 3777 2571 3832 in
2601 3772 2876 3846 superiori
2893 3768 3177 3825 cwnaculo
3207 3765 3455 3838 scipsum
3478 3761 3728 3828 inclusit,

2145 3877 2202 3926 et
2229 3869 2359 3924 fecit
2386 3869 2689 3923 fenestram
2721 3879 2843 3934 quae
2881 3857 3170 3932 spectabat
3210 3855 3280 3910 ad
3327 3851 3734 3908 monasterium

2145 3959 2501 4021 feminarum,
2528 3971 2698 4027 quam
2726 3949 3020 4007 claudebat
3041 3953 3098 4002 et
3119 3943 3421 4018 aperiebat.
3454 3943 3736 4012 Perpetuo

2146 4066 2278 4121 ergo
2304 4044 2587 4102 assidebat
2611 4043 2888 4105 fenestrae,
2915 4037 3310 4121 procurans_ut
3335 4032 3481 4086 inter
3507 4047 3598 4085 eas
3633 4045 3741 4101 pn-

2143 4155 2269 4210 gna:
2287 4139 2592 4192 cessarent.
2627 4131 2828 4202 Sicque
2846 4127 2905 4183 in
2925 4123 3200 4198 superiori
3226 4109 3505 4177 caenaculo
3534 4133 3738 4173 conse-

2145 4228 2290 4293 nuit,
2331 4243 2458 4282 cum
2482 4241 2585 4278 nec
2621 4221 2774 4277 ullus
2819 4232 3073 4273 seorsum
3093 4212 3409 4274 ascendere,
3431 4224 3610 4280 neque
3639 4207 3738 4262 ille

2146 4323 2335 4390 posset
2360 4312 2717 4378 descendere,
2743 4324 2856 4364 non
2879 4305 3032 4362 enim
3061 4301 3285 4358 stabant
3303 4299 3480 4356 scalae.
3497 4297 3625 4352 Haec
3647 4303 3739 4351 est

1200 4427 1607 4498 consequenter
1647 4433 1843 4473 earum
1865 4414 1924 4468 in
1950 4427 2067 4467 om-
2145 4407 2295 4462 beati
2340 4401 2608 4460 Dorotbei
2652 4397 2917 4470 religiosa
2957 4400 3015 4450 et
3040 4390 3336 4448 virtutibus
3369 4392 3564 4444 ornata
3591 4385 3734 4440 vita.

1306 4487 1494 4572 (litans
1523 4510 1604 4566 eis
1631 4506 1821 4564 omnia
1849 4520 1971 4576 quae
1995 4500 2066 4556 ad
2087 4492 2254 4552 DHic
2282 4495 2533 4566 ejusdem
2561 4490 2687 4546 vitae
2716 4487 2864 4543 ﬁnis.

2677 4575 2911 4633 CAPUT
2941 4571 3214 4629 XXXVII.

2643 4669 2717 4724 De
2745 4668 2946 4721 Amma
2973 4664 3235 4718 Piamun.

2227 4767 2414 4831 τειθ
2439 4761 2570 4817 Fuit
2584 4755 2838 4830 quaedam
2849 4753 3004 4823 virgo
3018 4750 3252 4806 Piamun
3262 4762 3403 4819 ,quze
3423 4761 3594 4800 annos
3605 4743 3738 4798 vita:

2148 4873 2262 4910 suae
2281 4852 2417 4908 vixit
2435 4867 2560 4905 cum
2584 4851 2765 4902 matre
2792 4840 3037 4916 propria,
3066 4839 3187 4894 sola
3213 4853 3340 4893 cum
3367 4835 3484 4890 sola
3512 4850 3740 4905 vespere

2148 4943 2460 5003 comedens,
2485 4944 2542 4994 et
2552 4937 2730 4992 linum
2741 4949 2900 4988 nens.
2917 4931 3046 4985 Haec
3056 4927 3286 4998 dignata
3296 4921 3571 4995 estgratia
3589 4939 3742 4994 pra:-

2149 5031 2407 5089 dictionis
2421 5030 2739 5084 futurorum
2758 5022 2906 5078 inter
2933 5013 3428 5074 hominesAccidit
3436 5011 3739 5083 aliquando

2149 5123 2208 5178 in
2227 5123 2486 5194 1Egypto,
2505 5133 2629 5172 cum
2653 5113 2814 5170 Nilus
2825 5107 3168 5172 ascenderet,
3189 5109 3256 5160 ut
3280 5103 3432 5158 vicus
3449 5101 3626 5155 vicum
3647 5100 3741 5154 in-

2149 5211 2408 5277 vaderet;
2439 5207 2692 5280 pugnant
2713 5201 2866 5256 enim
2894 5214 2996 5271 pro
3017 5209 3292 5267 aquarum
3303 5188 3735 5255 divisione,adeo

2147 5305 2214 5354 ut
2241 5277 2552 5369 sequantur
2571 5291 2748 5348 credes
2791 5293 2849 5344 et
2868 5283 3260 5342 sauciationes.
3291 5277 3577 5336 Potentior
3602 5293 3742 5348 ergo

2147 5389 2300 5444 vicus
2320 5389 2442 5458 ejus
2463 5384 2644 5439 vicum
2669 5377 2888 5444 invasit,
2907 5381 2962 5431 et
2985 5373 3140 5429 venit
3163 5371 3408 5426 virorum
3437 5365 3739 5422 multitudo

2147 5495 2274 5534 cum
2301 5474 2510 5531 lanceis
2558 5477 2615 5528 et
2665 5467 2855 5534 clavis,
2881 5470 2946 5521 ut
2973 5465 3097 5535 ejus
3140 5460 3324 5516 vicum
3371 5454 3734 5513 exscinderet.

2147 5565 2342 5624 Astitit
2359 5569 2550 5620 autem
2567 5559 2697 5616 huic
2717 5557 2896 5612 beatae
2915 5551 3148 5624 angelus
3168 5549 3416 5604 revelans
3441 5559 3632 5601 eorum
3650 5543 3740 5599 in-

2147 5657 2467 5723 vasionem;
2495 5657 2553 5709 et
2597 5645 2880 5708 accersitis
2906 5642 3012 5700 vici
3047 5637 3404 5714 presbyteris,
3433 5634 3510 5692 eis
3539 5631 3676 5690 dicit
3718 5653 3732 5688 :
