  <div class='ocr_page' id='page_1' title='image "/cluster/home/n/w/nwhite01/storage/ocr_20150623/73/umn.31951002477366m/574.png"; bbox 0 0 3910 6446; ppageno 0'>
   <div class='ocr_carea' id='block_1_1' title="bbox 280 408 415 468">
    <p class='ocr_par' dir='ltr' id='par_1_1' title="bbox 280 408 415 468">
     <span class='ocr_line' id='line_1_1' title="bbox 280 408 415 468; baseline 0.015 -2"><span class='ocrx_word' id='word_1_1' title='bbox 280 408 415 468; x_wconf 75' lang='lat'><strong>1187</strong></span> 
     </span>
    </p>
   </div>
   <div class='ocr_carea' id='block_1_2' title="bbox 1532 417 2287 480">
    <p class='ocr_par' dir='ltr' id='par_1_2' title="bbox 1532 417 2287 480">
     <span class='ocr_line' id='line_1_2' title="bbox 1532 417 2287 480; baseline -0.007 -4"><span class='ocrx_word' id='word_1_2' title='bbox 1532 418 1878 480; x_wconf 73' lang='lat' dir='ltr'><strong>HISTORIA.</strong></span> <span class='ocrx_word' id='word_1_3' title='bbox 1911 417 2264 474; x_wconf 79' lang='lat' dir='ltr'><strong>LAUSIACA</strong></span> <span class='ocrx_word' id='word_1_4' title='bbox 2275 457 2287 471; x_wconf 93' lang='lat'><strong>.</strong></span> 
     </span>
    </p>
   </div>
   <div class='ocr_carea' id='block_1_3' title="bbox 3408 417 3545 478">
    <p class='ocr_par' dir='ltr' id='par_1_3' title="bbox 3408 417 3545 478">
     <span class='ocr_line' id='line_1_3' title="bbox 3408 417 3545 478; baseline -0.015 0"><span class='ocrx_word' id='word_1_5' title='bbox 3408 417 3545 478; x_wconf 83' lang='grc'><strong>1138</strong></span> 
     </span>
    </p>
   </div>
   <div class='ocr_carea' id='block_1_4' title="bbox 270 532 3544 617">
    <p class='ocr_par' dir='ltr' id='par_1_4' title="bbox 270 532 3544 617">
     <span class='ocr_line' id='line_1_4' title="bbox 270 532 3544 617; baseline 0.004 -28"><span class='ocrx_word' id='word_1_6' title='bbox 270 532 458 603; x_wconf 82' lang='lat' dir='ltr'><strong>Exite,</strong></span> <span class='ocrx_word' id='word_1_7' title='bbox 484 541 541 593; x_wconf 89' lang='lat' dir='ltr'><strong>et</strong></span> <span class='ocrx_word' id='word_1_8' title='bbox 560 555 624 594; x_wconf 83' lang='lat' dir='ltr'><strong>ex</strong></span> <span class='ocrx_word' id='word_1_9' title='bbox 652 538 756 596; x_wconf 90' lang='lat' dir='ltr'><strong>hoc</strong></span> <span class='ocrx_word' id='word_1_10' title='bbox 785 540 899 597; x_wconf 85' lang='lat' dir='ltr'><strong>vico</strong></span> <span class='ocrx_word' id='word_1_11' title='bbox 921 543 1194 598; x_wconf 89' lang='lat' dir='ltr'><strong>occurrite</strong></span> <span class='ocrx_word' id='word_1_12' title='bbox 1211 543 1291 599; x_wconf 89' lang='lat' dir='ltr'><strong>eis</strong></span> <span class='ocrx_word' id='word_1_13' title='bbox 1308 545 1403 617; x_wconf 90' lang='lat' dir='ltr'><strong>qui</strong></span> <span class='ocrx_word' id='word_1_14' title='bbox 1424 546 1655 604; x_wconf 90' lang='lat' dir='ltr'><strong>veniunt</strong></span> <span class='ocrx_word' id='word_1_15' title='bbox 1673 552 1863 602; x_wconf 85' lang='lat' dir='ltr'><strong>contra</strong></span> <span class='ocrx_word' id='word_1_16' title='bbox 1878 543 1932 606; x_wconf 76' lang='grc' dir='ltr'>Α</span> <span class='ocrx_word' id='word_1_17' title='bbox 1950 546 2082 597; x_wconf 87' lang='lat' dir='ltr'><strong>tuor</strong></span> <span class='ocrx_word' id='word_1_18' title='bbox 2104 542 2327 597; x_wconf 83' lang='lat' dir='ltr'><strong>ordines</strong></span> <span class='ocrx_word' id='word_1_19' title='bbox 2344 542 2602 611; x_wconf 80' lang='lat' dir='ltr'><strong>fratrum,</strong></span> <span class='ocrx_word' id='word_1_20' title='bbox 2619 532 2686 598; x_wconf 62' lang='lat' dir='ltr'><strong>es</strong></span> <span class='ocrx_word' id='word_1_21' title='bbox 2707 560 2944 599; x_wconf 90' lang='lat' dir='ltr'><strong>numero</strong></span> <span class='ocrx_word' id='word_1_22' title='bbox 2963 544 3159 616; x_wconf 84' lang='lat' dir='ltr'><strong>viginti</strong></span> <span class='ocrx_word' id='word_1_23' title='bbox 3181 551 3425 617; x_wconf 83' lang='lat' dir='ltr'>quatuor</span> <span class='ocrx_word' id='word_1_24' title='bbox 3448 546 3544 601; x_wconf 88' lang='lat' dir='ltr'><strong>lit-</strong></span> 
     </span>
    </p>
   </div>
   <div class='ocr_carea' id='block_1_5' title="bbox 268 633 1869 706">
    <p class='ocr_par' dir='ltr' id='par_1_5' title="bbox 268 633 1869 706">
     <span class='ocr_line' id='line_1_5' title="bbox 268 633 1869 706; baseline 0.009 -30"><span class='ocrx_word' id='word_1_25' title='bbox 268 640 391 691; x_wconf 86' lang='lat' dir='ltr'><strong>vos,</strong></span> <span class='ocrx_word' id='word_1_26' title='bbox 421 642 491 680; x_wconf 92' lang='lat' dir='ltr'><strong>ne</strong></span> <span class='ocrx_word' id='word_1_27' title='bbox 519 644 616 683; x_wconf 89' lang='lat' dir='ltr'><strong>vos</strong></span> <span class='ocrx_word' id='word_1_28' title='bbox 643 646 864 702; x_wconf 90' lang='lat' dir='ltr'><strong>quoque</strong></span> <span class='ocrx_word' id='word_1_29' title='bbox 887 647 1001 686; x_wconf 89' lang='lat' dir='ltr'><strong>una</strong></span> <span class='ocrx_word' id='word_1_30' title='bbox 1027 649 1154 687; x_wconf 90' lang='lat' dir='ltr'><strong>cum</strong></span> <span class='ocrx_word' id='word_1_31' title='bbox 1177 633 1294 687; x_wconf 88' lang='lat' dir='ltr'><strong>vico</strong></span> <span class='ocrx_word' id='word_1_32' title='bbox 1314 636 1576 705; x_wconf 88' lang='lat' dir='ltr'><strong>pereatis,</strong></span> <span class='ocrx_word' id='word_1_33' title='bbox 1600 641 1656 691; x_wconf 90' lang='lat' dir='ltr'><strong>et</strong></span> <span class='ocrx_word' id='word_1_34' title='bbox 1675 641 1869 706; x_wconf 82' lang='lat' dir='ltr'><strong>rogate</strong></span> 
     </span>
    </p>
   </div>
   <div class='ocr_carea' id='block_1_6' title="bbox 271 715 1869 797">
    <p class='ocr_par' dir='ltr' id='par_1_6' title="bbox 271 715 1869 797">
     <span class='ocr_line' id='line_1_6' title="bbox 271 715 1869 797; baseline 0.008 -31"><span class='ocrx_word' id='word_1_35' title='bbox 271 729 371 767; x_wconf 89' lang='lat' dir='ltr'><strong>eos</strong></span> <span class='ocrx_word' id='word_1_36' title='bbox 387 719 451 769; x_wconf 91' lang='lat' dir='ltr'><strong>ut</strong></span> <span class='ocrx_word' id='word_1_37' title='bbox 473 715 747 773; x_wconf 82' lang='lat' dir='ltr'><strong>desistant</strong></span> <span class='ocrx_word' id='word_1_38' title='bbox 764 719 834 774; x_wconf 87' lang='lat' dir='ltr'><strong>ab</strong></span> <span class='ocrx_word' id='word_1_39' title='bbox 850 720 1069 775; x_wconf 83' lang='lat' dir='ltr'>insidiis</span> <span class='ocrx_word' id='word_1_40' title='bbox 1094 721 1359 777; x_wconf 89' lang='lat' dir='ltr'><strong>adversus</strong></span> <span class='ocrx_word' id='word_1_41' title='bbox 1382 741 1475 779; x_wconf 91' lang='lat' dir='ltr'><strong>vos</strong></span> <span class='ocrx_word' id='word_1_42' title='bbox 1493 727 1722 797; x_wconf 88' lang='lat' dir='ltr'><strong>paratis.</strong></span> <span class='ocrx_word' id='word_1_43' title='bbox 1737 727 1869 781; x_wconf 90' lang='lat' dir='ltr'><strong>Ter-</strong></span> 
     </span>
    </p>
   </div>
   <div class='ocr_carea' id='block_1_7' title="bbox 267 800 1866 884">
    <p class='ocr_par' dir='ltr' id='par_1_7' title="bbox 267 800 1866 884">
     <span class='ocr_line' id='line_1_7' title="bbox 267 800 1866 884; baseline 0.009 -28"><span class='ocrx_word' id='word_1_44' title='bbox 267 800 369 857; x_wconf 89' lang='lat' dir='ltr'><strong>riti</strong></span> <span class='ocrx_word' id='word_1_45' title='bbox 393 809 582 861; x_wconf 90' lang='lat' dir='ltr'><strong>autem</strong></span> <span class='ocrx_word' id='word_1_46' title='bbox 607 806 800 881; x_wconf 65' lang='lat' dir='ltr'><strong>presb)</strong></span> <span class='ocrx_word' id='word_1_47' title='bbox 812 809 919 864; x_wconf 89' lang='lat' dir='ltr'><strong>teri</strong></span> <span class='ocrx_word' id='word_1_48' title='bbox 949 810 999 864; x_wconf 93' lang='lat' dir='ltr'><strong>ei</strong></span> <span class='ocrx_word' id='word_1_49' title='bbox 1030 811 1101 865; x_wconf 90' lang='lat' dir='ltr'><strong>ad</strong></span> <span class='ocrx_word' id='word_1_50' title='bbox 1127 812 1297 882; x_wconf 83' lang='lat' dir='ltr'><strong>pedes</strong></span> <span class='ocrx_word' id='word_1_51' title='bbox 1327 814 1718 884; x_wconf 84' lang='lat' dir='ltr'><strong>procumbunt,</strong></span> <span class='ocrx_word' id='word_1_52' title='bbox 1740 832 1866 870; x_wconf 89' lang='lat' dir='ltr'><strong>eam</strong></span> 
     </span>
    </p>
   </div>
   <div class='ocr_carea' id='block_1_8' title="bbox 264 896 1864 963">
    <p class='ocr_par' dir='ltr' id='par_1_8' title="bbox 264 896 1864 963">
     <span class='ocr_line' id='line_1_8' title="bbox 264 896 1864 963; baseline 0.009 -19"><span class='ocrx_word' id='word_1_53' title='bbox 264 898 536 963; x_wconf 79' lang='lat' dir='ltr'><strong>rogantes</strong></span> <span class='ocrx_word' id='word_1_54' title='bbox 562 901 620 950; x_wconf 91' lang='lat' dir='ltr'><strong>et</strong></span> <span class='ocrx_word' id='word_1_55' title='bbox 648 896 931 953; x_wconf 85' lang='lat' dir='ltr'><strong>dicentes:</strong></span> <span class='ocrx_word' id='word_1_56' title='bbox 960 900 1073 954; x_wconf 92' lang='lat' dir='ltr'><strong>Nos</strong></span> <span class='ocrx_word' id='word_1_57' title='bbox 1091 917 1207 961; x_wconf 70' lang='lat' dir='ltr'><strong>non</strong></span> <span class='ocrx_word' id='word_1_58' title='bbox 1236 902 1506 959; x_wconf 80' lang='lat' dir='ltr'><strong>audemus</strong></span> <span class='ocrx_word' id='word_1_59' title='bbox 1544 904 1624 958; x_wconf 89' lang='lat' dir='ltr'><strong>eis</strong></span> <span class='ocrx_word' id='word_1_60' title='bbox 1653 905 1733 959; x_wconf 91' lang='lat' dir='ltr'><strong>ire</strong></span> <span class='ocrx_word' id='word_1_61' title='bbox 1763 903 1864 958; x_wconf 90' lang='lat' dir='ltr'><strong>ob-</strong></span> 
     </span>
    </p>
   </div>
   <div class='ocr_carea' id='block_1_9' title="bbox 264 981 1864 1064">
    <p class='ocr_par' dir='ltr' id='par_1_9' title="bbox 264 981 1864 1064">
     <span class='ocr_line' id='line_1_9' title="bbox 264 981 1864 1064; baseline 0.009 -30"><span class='ocrx_word' id='word_1_62' title='bbox 264 981 448 1050; x_wconf 89' lang='lat' dir='ltr'><strong>viam;</strong></span> <span class='ocrx_word' id='word_1_63' title='bbox 478 984 685 1040; x_wconf 88' lang='lat' dir='ltr'><strong>scimus</strong></span> <span class='ocrx_word' id='word_1_64' title='bbox 714 987 866 1041; x_wconf 91' lang='lat' dir='ltr'><strong>enim</strong></span> <span class='ocrx_word' id='word_1_65' title='bbox 886 1004 1081 1043; x_wconf 90' lang='lat' dir='ltr'><strong>eorum</strong></span> <span class='ocrx_word' id='word_1_66' title='bbox 1110 991 1498 1047; x_wconf 88' lang='lat' dir='ltr'><strong>temulentiam</strong></span> <span class='ocrx_word' id='word_1_67' title='bbox 1531 997 1587 1047; x_wconf 88' lang='lat' dir='ltr'><strong>et</strong></span> <span class='ocrx_word' id='word_1_68' title='bbox 1613 994 1864 1064; x_wconf 88' lang='lat' dir='ltr'><strong>petulan-</strong></span> 
     </span>
    </p>
   </div>
   <div class='ocr_carea' id='block_1_10' title="bbox 264 1069 1863 1140">
    <p class='ocr_par' dir='ltr' id='par_1_10' title="bbox 264 1069 1863 1140">
     <span class='ocr_line' id='line_1_10' title="bbox 264 1069 1863 1140; baseline 0.008 -16"><span class='ocrx_word' id='word_1_69' title='bbox 264 1069 441 1140; x_wconf 86' lang='lat' dir='ltr'><strong>tiam;</strong></span> <span class='ocrx_word' id='word_1_70' title='bbox 463 1074 558 1127; x_wconf 91' lang='lat' dir='ltr'><strong>sed</strong></span> <span class='ocrx_word' id='word_1_71' title='bbox 583 1075 631 1129; x_wconf 93' lang='lat' dir='ltr'><strong>si</strong></span> <span class='ocrx_word' id='word_1_72' title='bbox 668 1075 803 1131; x_wconf 88' lang='lat' dir='ltr'><strong>facis</strong></span> <span class='ocrx_word' id='word_1_73' title='bbox 822 1077 1265 1134; x_wconf 85' lang='lat' dir='ltr'><strong>misericordiam</strong></span> <span class='ocrx_word' id='word_1_74' title='bbox 1294 1080 1353 1135; x_wconf 93' lang='lat' dir='ltr'><strong>in</strong></span> <span class='ocrx_word' id='word_1_75' title='bbox 1377 1098 1477 1135; x_wconf 90' lang='lat' dir='ltr'><strong>nos</strong></span> <span class='ocrx_word' id='word_1_76' title='bbox 1516 1082 1651 1136; x_wconf 89' lang='lat' dir='ltr'><strong>etin</strong></span> <span class='ocrx_word' id='word_1_77' title='bbox 1682 1088 1863 1137; x_wconf 90' lang='lat' dir='ltr'><strong>totum</strong></span> 
     </span>
    </p>
   </div>
   <div class='ocr_carea' id='block_1_11' title="bbox 263 1159 1857 1241">
    <p class='ocr_par' dir='ltr' id='par_1_11' title="bbox 263 1159 1857 1241">
     <span class='ocr_line' id='line_1_11' title="bbox 263 1159 1857 1241; baseline 0.008 -28"><span class='ocrx_word' id='word_1_78' title='bbox 263 1159 474 1229; x_wconf 86' lang='lat' dir='ltr'><strong>vicum,</strong></span> <span class='ocrx_word' id='word_1_79' title='bbox 491 1166 547 1217; x_wconf 91' lang='lat' dir='ltr'><strong>et</strong></span> <span class='ocrx_word' id='word_1_80' title='bbox 568 1162 628 1218; x_wconf 93' lang='lat' dir='ltr'><strong>in</strong></span> <span class='ocrx_word' id='word_1_81' title='bbox 649 1164 879 1221; x_wconf 90' lang='lat' dir='ltr'><strong>domum</strong></span> <span class='ocrx_word' id='word_1_82' title='bbox 896 1171 1070 1234; x_wconf 89' lang='lat' dir='ltr'><strong>tuam,</strong></span> <span class='ocrx_word' id='word_1_83' title='bbox 1090 1168 1212 1241; x_wconf 92' lang='lat' dir='ltr'><strong>ipsa</strong></span> <span class='ocrx_word' id='word_1_84' title='bbox 1231 1168 1311 1223; x_wconf 88' lang='lat' dir='ltr'><strong>eis</strong></span> <span class='ocrx_word' id='word_1_85' title='bbox 1332 1171 1598 1240; x_wconf 88' lang='lat' dir='ltr'><strong>egredere</strong></span> <span class='ocrx_word' id='word_1_86' title='bbox 1619 1171 1857 1238; x_wconf 84' lang='lat' dir='ltr'><strong>obviam,</strong></span> 
     </span>
    </p>
   </div>
   <div class='ocr_carea' id='block_1_12' title="bbox 261 1248 1861 1323">
    <p class='ocr_par' dir='ltr' id='par_1_12' title="bbox 261 1248 1861 1323">
     <span class='ocr_line' id='line_1_12' title="bbox 261 1248 1861 1323; baseline 0.009 -22"><span class='ocrx_word' id='word_1_87' title='bbox 261 1248 504 1322; x_wconf 90' lang='lat' dir='ltr'><strong>illosque</strong></span> <span class='ocrx_word' id='word_1_88' title='bbox 530 1260 756 1323; x_wconf 89' lang='lat' dir='ltr'><strong>pacatos</strong></span> <span class='ocrx_word' id='word_1_89' title='bbox 776 1262 981 1311; x_wconf 81' lang='lat' dir='ltr'><strong>averte.</strong></span> <span class='ocrx_word' id='word_1_90' title='bbox 1012 1258 1113 1311; x_wconf 89' lang='lat' dir='ltr'><strong>Illa</strong></span> <span class='ocrx_word' id='word_1_91' title='bbox 1140 1263 1328 1312; x_wconf 89' lang='lat' dir='ltr'><strong>autem</strong></span> <span class='ocrx_word' id='word_1_92' title='bbox 1350 1276 1477 1313; x_wconf 91' lang='lat' dir='ltr'><strong>cum</strong></span> <span class='ocrx_word' id='word_1_93' title='bbox 1501 1277 1612 1314; x_wconf 90' lang='lat' dir='ltr'><strong>non</strong></span> <span class='ocrx_word' id='word_1_94' title='bbox 1632 1278 1861 1315; x_wconf 79' lang='lat' dir='ltr'><strong>assensa</strong></span> 
     </span>
    </p>
   </div>
   <div class='ocr_carea' id='block_1_13' title="bbox 262 1341 1857 1414">
    <p class='ocr_par' dir='ltr' id='par_1_13' title="bbox 262 1341 1857 1414">
     <span class='ocr_line' id='line_1_13' title="bbox 262 1341 1857 1414; baseline 0.009 -24"><span class='ocrx_word' id='word_1_95' title='bbox 262 1345 434 1405; x_wconf 85' lang='lat' dir='ltr'><strong>esset,</strong></span> <span class='ocrx_word' id='word_1_96' title='bbox 458 1341 685 1398; x_wconf 89' lang='lat' dir='ltr'><strong>veniens</strong></span> <span class='ocrx_word' id='word_1_97' title='bbox 713 1343 771 1398; x_wconf 91' lang='lat' dir='ltr'><strong>in</strong></span> <span class='ocrx_word' id='word_1_98' title='bbox 801 1361 962 1400; x_wconf 90' lang='lat' dir='ltr'><strong>suam</strong></span> <span class='ocrx_word' id='word_1_99' title='bbox 991 1346 1407 1414; x_wconf 90' lang='lat' dir='ltr'><strong>domunculam,</strong></span> <span class='ocrx_word' id='word_1_100' title='bbox 1431 1349 1589 1403; x_wconf 83' lang='lat' dir='ltr'><strong>stetit</strong></span> <span class='ocrx_word' id='word_1_101' title='bbox 1618 1355 1734 1404; x_wconf 82' lang='lat' dir='ltr'><strong>tota</strong></span> <span class='ocrx_word' id='word_1_102' title='bbox 1755 1367 1857 1404; x_wconf 89' lang='lat' dir='ltr'><strong>no-</strong></span> 
     </span>
    </p>
   </div>
   <div class='ocr_carea' id='block_1_14' title="bbox 259 1430 1860 1507">
    <p class='ocr_par' dir='ltr' id='par_1_14' title="bbox 259 1430 1860 1507">
     <span class='ocr_line' id='line_1_14' title="bbox 259 1430 1860 1507; baseline 0.008 -28"><span class='ocrx_word' id='word_1_103' title='bbox 259 1430 355 1480; x_wconf 89' lang='lat' dir='ltr'><strong>cte</strong></span> <span class='ocrx_word' id='word_1_104' title='bbox 379 1444 546 1484; x_wconf 84' lang='lat' dir='ltr'><strong>orans</strong></span> <span class='ocrx_word' id='word_1_105' title='bbox 584 1435 641 1485; x_wconf 93' lang='lat' dir='ltr'><strong>et</strong></span> <span class='ocrx_word' id='word_1_106' title='bbox 664 1448 814 1502; x_wconf 85' lang='lat' dir='ltr'><strong>genu</strong></span> <span class='ocrx_word' id='word_1_107' title='bbox 850 1433 1083 1488; x_wconf 86' lang='lat' dir='ltr'><strong>minime</strong></span> <span class='ocrx_word' id='word_1_108' title='bbox 1114 1436 1356 1501; x_wconf 86' lang='lat' dir='ltr'><strong>ﬂectens,</strong></span> <span class='ocrx_word' id='word_1_109' title='bbox 1391 1438 1490 1490; x_wconf 88' lang='lat' dir='ltr'><strong>sed</strong></span> <span class='ocrx_word' id='word_1_110' title='bbox 1523 1454 1743 1507; x_wconf 87' lang='lat' dir='ltr'><strong>rogans,</strong></span> <span class='ocrx_word' id='word_1_111' title='bbox 1780 1438 1860 1492; x_wconf 91' lang='lat' dir='ltr'><strong>di-</strong></span> 
     </span>
    </p>
   </div>
   <div class='ocr_carea' id='block_1_15' title="bbox 260 1516 1859 1599">
    <p class='ocr_par' dir='ltr' id='par_1_15' title="bbox 260 1516 1859 1599">
     <span class='ocr_line' id='line_1_15' title="bbox 260 1516 1859 1599; baseline 0.008 -30"><span class='ocrx_word' id='word_1_112' title='bbox 260 1516 442 1571; x_wconf 89' lang='lat' dir='ltr'><strong>cendo</strong></span> <span class='ocrx_word' id='word_1_113' title='bbox 469 1535 481 1571; x_wconf 91' lang='lat'>:</span> <span class='ocrx_word' id='word_1_114' title='bbox 516 1519 752 1575; x_wconf 86' lang='lat' dir='ltr'><strong>Domine</strong></span> <span class='ocrx_word' id='word_1_115' title='bbox 774 1522 870 1592; x_wconf 88' lang='lat' dir='ltr'><strong>qui</strong></span> <span class='ocrx_word' id='word_1_116' title='bbox 893 1522 1114 1593; x_wconf 87' lang='lat' dir='ltr'><strong>judicas</strong></span> <span class='ocrx_word' id='word_1_117' title='bbox 1134 1529 1363 1591; x_wconf 89' lang='lat' dir='ltr'><strong>terram,</strong></span> <span class='ocrx_word' id='word_1_118' title='bbox 1388 1526 1477 1579; x_wconf 90' lang='lat' dir='ltr'><strong>cui</strong></span> <span class='ocrx_word' id='word_1_119' title='bbox 1508 1527 1649 1580; x_wconf 88' lang='lat' dir='ltr'>nihil</span> <span class='ocrx_word' id='word_1_120' title='bbox 1679 1528 1859 1599; x_wconf 83' lang='lat' dir='ltr'><strong>placet</strong></span> 
     </span>
    </p>
   </div>
   <div class='ocr_carea' id='block_1_16' title="bbox 257 1605 1858 1681">
    <p class='ocr_par' dir='ltr' id='par_1_16' title="bbox 257 1605 1858 1681">
     <span class='ocr_line' id='line_1_16' title="bbox 257 1605 1858 1681; baseline 0.008 -24"><span class='ocrx_word' id='word_1_121' title='bbox 257 1605 413 1677; x_wconf 87' lang='lat' dir='ltr'><strong>quod</strong></span> <span class='ocrx_word' id='word_1_122' title='bbox 433 1611 520 1660; x_wconf 89' lang='lat' dir='ltr'><strong>est</strong></span> <span class='ocrx_word' id='word_1_123' title='bbox 545 1606 621 1678; x_wconf 90' lang='lat' dir='ltr'><strong>inj</strong></span> <span class='ocrx_word' id='word_1_124' title='bbox 631 1613 839 1673; x_wconf 89' lang='lat' dir='ltr'><strong>ustum,</strong></span> <span class='ocrx_word' id='word_1_125' title='bbox 854 1627 980 1665; x_wconf 87' lang='lat' dir='ltr'><strong>cum</strong></span> <span class='ocrx_word' id='word_1_126' title='bbox 1002 1611 1118 1666; x_wconf 78' lang='lat' dir='ltr'><strong>haec</strong></span> <span class='ocrx_word' id='word_1_127' title='bbox 1137 1613 1207 1666; x_wconf 89' lang='lat' dir='ltr'><strong>ad</strong></span> <span class='ocrx_word' id='word_1_128' title='bbox 1227 1618 1283 1668; x_wconf 91' lang='lat' dir='ltr'><strong>te</strong></span> <span class='ocrx_word' id='word_1_129' title='bbox 1297 1615 1511 1669; x_wconf 81' lang='lat' dir='ltr'><strong>venerit</strong></span> <span class='ocrx_word' id='word_1_130' title='bbox 1531 1616 1729 1681; x_wconf 82' lang='lat' dir='ltr'><strong>oratio,</strong></span> <span class='ocrx_word' id='word_1_131' title='bbox 1746 1616 1858 1670; x_wconf 91' lang='lat' dir='ltr'><strong>vir-</strong></span> 
     </span>
    </p>
   </div>
   <div class='ocr_carea' id='block_1_17' title="bbox 249 1698 1853 1774">
    <p class='ocr_par' dir='ltr' id='par_1_17' title="bbox 249 1698 1853 1774">
     <span class='ocr_line' id='line_1_17' title="bbox 249 1698 1853 1774; baseline 0.008 -27"><span class='ocrx_word' id='word_1_132' title='bbox 249 1699 352 1748; x_wconf 89' lang='lat' dir='ltr'><strong>tus</strong></span> <span class='ocrx_word' id='word_1_133' title='bbox 379 1699 480 1749; x_wconf 88' lang='lat' dir='ltr'><strong>tua</strong></span> <span class='ocrx_word' id='word_1_134' title='bbox 522 1712 615 1751; x_wconf 90' lang='lat' dir='ltr'><strong>eos</strong></span> <span class='ocrx_word' id='word_1_135' title='bbox 649 1698 812 1753; x_wconf 88' lang='lat' dir='ltr'><strong>sistat</strong></span> <span class='ocrx_word' id='word_1_136' title='bbox 846 1698 1163 1755; x_wconf 87' lang='lat' dir='ltr'><strong>immobiles</strong></span> <span class='ocrx_word' id='word_1_137' title='bbox 1201 1707 1471 1774; x_wconf 82' lang='lat' dir='ltr'><strong>tanquam</strong></span> <span class='ocrx_word' id='word_1_138' title='bbox 1514 1705 1853 1772; x_wconf 83' lang='lat' dir='ltr'><strong>columnam,</strong></span> 
     </span>
    </p>
   </div>
   <div class='ocr_carea' id='block_1_18' title="bbox 1949 633 3546 706">
    <p class='ocr_par' dir='ltr' id='par_1_18' title="bbox 1949 633 3546 706">
     <span class='ocr_line' id='line_1_18' title="bbox 1949 633 3546 706; baseline 0.003 -21"><span class='ocrx_word' id='word_1_139' title='bbox 1949 637 2221 700; x_wconf 89' lang='lat' dir='ltr'><strong>terarum;</strong></span> <span class='ocrx_word' id='word_1_140' title='bbox 2239 633 2923 705; x_wconf 72' lang='lat' dir='ltr'><strong>prmcepitqueunicuique</strong></span> <span class='ocrx_word' id='word_1_141' title='bbox 2940 634 3123 689; x_wconf 89' lang='lat' dir='ltr'><strong>ordini</strong></span> <span class='ocrx_word' id='word_1_142' title='bbox 3138 636 3428 706; x_wconf 89' lang='lat' dir='ltr'><strong>imponere</strong></span> <span class='ocrx_word' id='word_1_143' title='bbox 3442 653 3546 689; x_wconf 86' lang='lat' dir='ltr'><strong>no-</strong></span> 
     </span>
    </p>
   </div>
   <div class='ocr_carea' id='block_1_19' title="bbox 1948 722 3542 796">
    <p class='ocr_par' dir='ltr' id='par_1_19' title="bbox 1948 722 3542 796">
     <span class='ocr_line' id='line_1_19' title="bbox 1948 722 3542 796; baseline 0.003 -21"><span class='ocrx_word' id='word_1_144' title='bbox 1948 738 2078 775; x_wconf 88' lang='lat' dir='ltr'><strong>men</strong></span> <span class='ocrx_word' id='word_1_145' title='bbox 2107 722 2449 795; x_wconf 73' lang='lat' dir='ltr'><strong>elementum</strong></span> <span class='ocrx_word' id='word_1_146' title='bbox 2480 722 2752 789; x_wconf 67' lang='lat' dir='ltr'><strong>Graecum,</strong></span> <span class='ocrx_word' id='word_1_147' title='bbox 2785 722 2854 776; x_wconf 87' lang='lat' dir='ltr'><strong>ab</strong></span> <span class='ocrx_word' id='word_1_148' title='bbox 2884 744 2933 788; x_wconf 84' lang='grc' dir='ltr'><strong>α,</strong></span> <span class='ocrx_word' id='word_1_149' title='bbox 2966 726 3013 793; x_wconf 88' lang='grc' dir='ltr'><strong>β,</strong></span> <span class='ocrx_word' id='word_1_150' title='bbox 3047 729 3104 778; x_wconf 90' lang='lat' dir='ltr'><strong>et</strong></span> <span class='ocrx_word' id='word_1_151' title='bbox 3131 741 3253 795; x_wconf 63' lang='lat' dir='ltr'><strong>quae</strong></span> <span class='ocrx_word' id='word_1_152' title='bbox 3279 725 3542 796; x_wconf 84' lang='lat' dir='ltr'><strong>deinceps</strong></span> 
     </span>
    </p>
   </div>
   <div class='ocr_carea' id='block_1_20' title="bbox 1947 812 3541 883">
    <p class='ocr_par' dir='ltr' id='par_1_20' title="bbox 1947 812 3541 883">
     <span class='ocr_line' id='line_1_20' title="bbox 1947 812 3541 883; baseline 0.002 -18"><span class='ocrx_word' id='word_1_153' title='bbox 1947 816 2281 882; x_wconf 87' lang='lat' dir='ltr'><strong>sequuntur,</strong></span> <span class='ocrx_word' id='word_1_154' title='bbox 2300 827 2480 882; x_wconf 88' lang='lat' dir='ltr'><strong>usque</strong></span> <span class='ocrx_word' id='word_1_155' title='bbox 2500 812 2569 865; x_wconf 90' lang='lat' dir='ltr'><strong>ad</strong></span> <span class='ocrx_word' id='word_1_156' title='bbox 2592 833 2653 875; x_wconf 84' lang='grc' dir='ltr'><strong>ω,</strong></span> <span class='ocrx_word' id='word_1_157' title='bbox 2672 819 2737 865; x_wconf 92' lang='lat' dir='ltr'><strong>ut</strong></span> <span class='ocrx_word' id='word_1_158' title='bbox 2750 813 2885 866; x_wconf 93' lang='lat' dir='ltr'><strong>dum</strong></span> <span class='ocrx_word' id='word_1_159' title='bbox 2904 813 3217 883; x_wconf 85' lang='lat' dir='ltr'><strong>interrogat</strong></span> <span class='ocrx_word' id='word_1_160' title='bbox 3231 814 3541 869; x_wconf 88' lang='lat' dir='ltr'><strong>archiman-</strong></span> 
     </span>
    </p>
   </div>
   <div class='ocr_carea' id='block_1_21' title="bbox 1947 900 3542 971">
    <p class='ocr_par' dir='ltr' id='par_1_21' title="bbox 1947 900 3542 971">
     <span class='ocr_line' id='line_1_21' title="bbox 1947 900 3542 971; baseline 0.003 -18"><span class='ocrx_word' id='word_1_161' title='bbox 1947 900 2092 954; x_wconf 89' lang='lat' dir='ltr'><strong>drita</strong></span> <span class='ocrx_word' id='word_1_162' title='bbox 2115 900 2182 954; x_wconf 92' lang='lat' dir='ltr'><strong>de</strong></span> <span class='ocrx_word' id='word_1_163' title='bbox 2205 900 2395 971; x_wconf 61' lang='lat' dir='ltr'><strong>aliquo</strong></span> <span class='ocrx_word' id='word_1_164' title='bbox 2423 900 2482 954; x_wconf 92' lang='lat' dir='ltr'><strong>in</strong></span> <span class='ocrx_word' id='word_1_165' title='bbox 2508 905 2669 954; x_wconf 86' lang='lat' dir='ltr'><strong>tanta</strong></span> <span class='ocrx_word' id='word_1_166' title='bbox 2688 900 3389 967; x_wconf 86' lang='lat' dir='ltr'><strong>multitudine,sciscitetur</strong></span> <span class='ocrx_word' id='word_1_167' title='bbox 3412 919 3542 957; x_wconf 90' lang='lat' dir='ltr'><strong>eum</strong></span> 
     </span>
    </p>
   </div>
   <div class='ocr_carea' id='block_1_22' title="bbox 1946 988 3536 1061">
    <p class='ocr_par' dir='ltr' id='par_1_22' title="bbox 1946 988 3536 1061">
     <span class='ocr_line' id='line_1_22' title="bbox 1946 988 3536 1061; baseline 0.001 -18"><span class='ocrx_word' id='word_1_168' title='bbox 1946 989 2043 1060; x_wconf 89' lang='lat' dir='ltr'><strong>qui</strong></span> <span class='ocrx_word' id='word_1_169' title='bbox 2080 996 2165 1043; x_wconf 89' lang='lat' dir='ltr'><strong>est</strong></span> <span class='ocrx_word' id='word_1_170' title='bbox 2200 988 2269 1043; x_wconf 87' lang='lat' dir='ltr'><strong>ab</strong></span> <span class='ocrx_word' id='word_1_171' title='bbox 2299 1006 2364 1043; x_wconf 92' lang='lat' dir='ltr'><strong>eo</strong></span> <span class='ocrx_word' id='word_1_172' title='bbox 2402 990 2699 1056; x_wconf 91' lang='lat' dir='ltr'><strong>secundus,</strong></span> <span class='ocrx_word' id='word_1_173' title='bbox 2732 992 3009 1061; x_wconf 91' lang='lat' dir='ltr'><strong>quomodo</strong></span> <span class='ocrx_word' id='word_1_174' title='bbox 3039 1008 3098 1046; x_wconf 91' lang='lat' dir='ltr'><strong>se</strong></span> <span class='ocrx_word' id='word_1_175' title='bbox 3122 991 3293 1045; x_wconf 87' lang='lat' dir='ltr'><strong>habet</strong></span> <span class='ocrx_word' id='word_1_176' title='bbox 3317 991 3453 1045; x_wconf 88' lang='lat' dir='ltr'><strong>ordo</strong></span> <span class='ocrx_word' id='word_1_177' title='bbox 3485 1011 3536 1053; x_wconf 89' lang='grc' dir='ltr'><strong>α,</strong></span> 
     </span>
    </p>
   </div>
   <div class='ocr_carea' id='block_1_23' title="bbox 1945 1079 3539 1158">
    <p class='ocr_par' dir='ltr' id='par_1_23' title="bbox 1945 1079 3539 1158">
     <span class='ocr_line' id='line_1_23' title="bbox 1945 1079 3539 1158; baseline 0.003 -27"><span class='ocrx_word' id='word_1_178' title='bbox 1945 1083 2045 1132; x_wconf 90' lang='lat' dir='ltr'><strong>aut</strong></span> <span class='ocrx_word' id='word_1_179' title='bbox 2072 1079 2349 1148; x_wconf 88' lang='lat' dir='ltr'><strong>quomodo</strong></span> <span class='ocrx_word' id='word_1_180' title='bbox 2379 1096 2438 1133; x_wconf 90' lang='lat' dir='ltr'><strong>se</strong></span> <span class='ocrx_word' id='word_1_181' title='bbox 2466 1079 2636 1133; x_wconf 85' lang='lat' dir='ltr'><strong>habet</strong></span> <span class='ocrx_word' id='word_1_182' title='bbox 2664 1080 2800 1135; x_wconf 92' lang='lat' dir='ltr'><strong>ordo</strong></span> <span class='ocrx_word' id='word_1_183' title='bbox 2833 1083 2879 1151; x_wconf 79' lang='grc' dir='ltr'><strong>β.</strong></span> <span class='ocrx_word' id='word_1_184' title='bbox 2914 1081 3128 1158; x_wconf 78' lang='lat' dir='ltr'><strong>Rursus</strong></span> <span class='ocrx_word' id='word_1_185' title='bbox 3157 1081 3340 1135; x_wconf 85' lang='lat' dir='ltr'><strong>saluta</strong></span> <span class='ocrx_word' id='word_1_186' title='bbox 3370 1102 3416 1152; x_wconf 90' lang='grc' dir='ltr'><strong>ρ,</strong></span> <span class='ocrx_word' id='word_1_187' title='bbox 3448 1097 3539 1135; x_wconf 89' lang='lat' dir='ltr'><strong>se-</strong></span> 
     </span>
    </p>
   </div>
   <div class='ocr_carea' id='block_1_24' title="bbox 1945 1168 3539 1239">
    <p class='ocr_par' dir='ltr' id='par_1_24' title="bbox 1945 1168 3539 1239">
     <span class='ocr_line' id='line_1_24' title="bbox 1945 1168 3539 1239; baseline 0 -19"><span class='ocrx_word' id='word_1_188' title='bbox 1945 1168 2166 1236; x_wconf 88' lang='lat' dir='ltr'><strong>quendo</strong></span> <span class='ocrx_word' id='word_1_189' title='bbox 2194 1168 2473 1238; x_wconf 87' lang='lat' dir='ltr'><strong>quoddam</strong></span> <span class='ocrx_word' id='word_1_190' title='bbox 2502 1168 2796 1239; x_wconf 84' lang='lat' dir='ltr'><strong>proprium</strong></span> <span class='ocrx_word' id='word_1_191' title='bbox 2833 1186 3039 1225; x_wconf 82' lang='lat' dir='ltr'><strong>nomen</strong></span> <span class='ocrx_word' id='word_1_192' title='bbox 3087 1170 3404 1224; x_wconf 89' lang='lat' dir='ltr'><strong>litterarum</strong></span> <span class='ocrx_word' id='word_1_193' title='bbox 3433 1187 3446 1221; x_wconf 88' lang='lat'><strong>:</strong></span> <span class='ocrx_word' id='word_1_194' title='bbox 3480 1170 3539 1221; x_wconf 91' lang='lat' dir='ltr'><strong>et</strong></span> 
     </span>
    </p>
   </div>
   <div class='ocr_carea' id='block_1_25' title="bbox 1944 1254 3538 1329">
    <p class='ocr_par' dir='ltr' id='par_1_25' title="bbox 1944 1254 3538 1329">
     <span class='ocr_line' id='line_1_25' title="bbox 1944 1254 3538 1329; baseline 0.001 -21"><span class='ocrx_word' id='word_1_195' title='bbox 1944 1254 2377 1326; x_wconf 89' lang='lat' dir='ltr'><strong>simplicioribus</strong></span> <span class='ocrx_word' id='word_1_196' title='bbox 2405 1258 2631 1328; x_wconf 88' lang='lat' dir='ltr'><strong>quidem</strong></span> <span class='ocrx_word' id='word_1_197' title='bbox 2658 1262 2713 1311; x_wconf 91' lang='lat' dir='ltr'><strong>et</strong></span> <span class='ocrx_word' id='word_1_198' title='bbox 2734 1258 3127 1313; x_wconf 89' lang='lat' dir='ltr'><strong>sincerioribus</strong></span> <span class='ocrx_word' id='word_1_199' title='bbox 3156 1259 3411 1329; x_wconf 90' lang='lat' dir='ltr'><strong>impones</strong></span> <span class='ocrx_word' id='word_1_200' title='bbox 3439 1273 3538 1311; x_wconf 83' lang='lat' dir='ltr'><strong>no-</strong></span> 
     </span>
    </p>
   </div>
   <div class='ocr_carea' id='block_1_26' title="bbox 1942 1345 3540 1409">
    <p class='ocr_par' dir='ltr' id='par_1_26' title="bbox 1942 1345 3540 1409">
     <span class='ocr_line' id='line_1_26' title="bbox 1942 1345 3540 1409; baseline 0.001 -12"><span class='ocrx_word' id='word_1_201' title='bbox 1942 1360 2072 1397; x_wconf 88' lang='lat' dir='ltr'><strong>men</strong></span> <span class='ocrx_word' id='word_1_202' title='bbox 2094 1362 2126 1405; x_wconf 77' lang='grc' dir='ltr'><strong>ις</strong></span> <span class='ocrx_word' id='word_1_203' title='bbox 2152 1345 2555 1399; x_wconf 83' lang='lat' dir='ltr'><strong>difﬁcilioribus</strong></span> <span class='ocrx_word' id='word_1_204' title='bbox 2575 1352 2766 1400; x_wconf 89' lang='lat' dir='ltr'><strong>autem</strong></span> <span class='ocrx_word' id='word_1_205' title='bbox 2788 1347 2811 1409; x_wconf 78' lang='grc' dir='ltr'>ξ</span> <span class='ocrx_word' id='word_1_206' title='bbox 2834 1365 2845 1399; x_wconf 89' lang='lat'>:</span> <span class='ocrx_word' id='word_1_207' title='bbox 2871 1352 2928 1401; x_wconf 93' lang='lat' dir='ltr'><strong>et</strong></span> <span class='ocrx_word' id='word_1_208' title='bbox 2946 1348 3025 1401; x_wconf 89' lang='lat' dir='ltr'><strong>sic</strong></span> <span class='ocrx_word' id='word_1_209' title='bbox 3043 1348 3436 1401; x_wconf 82' lang='lat' dir='ltr'><strong>convenienter</strong></span> <span class='ocrx_word' id='word_1_210' title='bbox 3455 1346 3540 1399; x_wconf 91' lang='lat' dir='ltr'><strong>in-</strong></span> 
     </span>
    </p>
   </div>
   <div class='ocr_carea' id='block_1_27' title="bbox 1942 1432 3533 1506">
    <p class='ocr_par' dir='ltr' id='par_1_27' title="bbox 1942 1432 3533 1506">
     <span class='ocr_line' id='line_1_27' title="bbox 1942 1432 3533 1506; baseline 0.001 -21"><span class='ocrx_word' id='word_1_211' title='bbox 1942 1432 2154 1486; x_wconf 86' lang='lat' dir='ltr'><strong>stitutis</strong></span> <span class='ocrx_word' id='word_1_212' title='bbox 2178 1450 2373 1488; x_wconf 86' lang='lat' dir='ltr'><strong>eorum</strong></span> <span class='ocrx_word' id='word_1_213' title='bbox 2403 1441 2459 1488; x_wconf 87' lang='lat' dir='ltr'><strong>et</strong></span> <span class='ocrx_word' id='word_1_214' title='bbox 2484 1435 2610 1488; x_wconf 76' lang='lat' dir='ltr'><strong>vitae</strong></span> <span class='ocrx_word' id='word_1_215' title='bbox 2641 1440 2697 1488; x_wconf 89' lang='lat' dir='ltr'><strong>et</strong></span> <span class='ocrx_word' id='word_1_216' title='bbox 2724 1436 2992 1501; x_wconf 89' lang='lat' dir='ltr'><strong>moribus,</strong></span> <span class='ocrx_word' id='word_1_217' title='bbox 3032 1435 3322 1506; x_wconf 91' lang='lat' dir='ltr'><strong>unicuiqui</strong></span> <span class='ocrx_word' id='word_1_218' title='bbox 3351 1433 3533 1489; x_wconf 88' lang='lat' dir='ltr'><strong>ordini</strong></span> 
     </span>
    </p>
   </div>
   <div class='ocr_carea' id='block_1_28' title="bbox 1942 1520 3535 1595">
    <p class='ocr_par' dir='ltr' id='par_1_28' title="bbox 1942 1520 3535 1595">
     <span class='ocr_line' id='line_1_28' title="bbox 1942 1520 3535 1595; baseline 0.001 -20"><span class='ocrx_word' id='word_1_219' title='bbox 1942 1520 2282 1577; x_wconf 89' lang='lat' dir='ltr'><strong>elementum</strong></span> <span class='ocrx_word' id='word_1_220' title='bbox 2318 1523 2516 1578; x_wconf 82' lang='lat' dir='ltr'><strong>litterae</strong></span> <span class='ocrx_word' id='word_1_221' title='bbox 2558 1523 2976 1589; x_wconf 86' lang='lat' dir='ltr'><strong>accomodabis;</strong></span> <span class='ocrx_word' id='word_1_222' title='bbox 3011 1523 3143 1578; x_wconf 89' lang='lat' dir='ltr'><strong>solis</strong></span> <span class='ocrx_word' id='word_1_223' title='bbox 3189 1523 3535 1595; x_wconf 88' lang='lat' dir='ltr'><strong>spiritalibus</strong></span> 
     </span>
    </p>
   </div>
   <div class='ocr_carea' id='block_1_29' title="bbox 1936 1609 3531 1684">
    <p class='ocr_par' dir='ltr' id='par_1_29' title="bbox 1936 1609 3531 1684">
     <span class='ocr_line' id='line_1_29' title="bbox 1936 1609 3531 1684; baseline 0.002 -22"><span class='ocrx_word' id='word_1_224' title='bbox 1936 1609 2383 1681; x_wconf 80' lang='lat' dir='ltr'><strong>iatelligentibus</strong></span> <span class='ocrx_word' id='word_1_225' title='bbox 2399 1629 2465 1665; x_wconf 89' lang='lat' dir='ltr'><strong>ea</strong></span> <span class='ocrx_word' id='word_1_226' title='bbox 2484 1630 2607 1682; x_wconf 69' lang='lat' dir='ltr'><strong>quae</strong></span> <span class='ocrx_word' id='word_1_227' title='bbox 2631 1612 3324 1684; x_wconf 86' lang='lat' dir='ltr'><strong>signiﬁcantur.Scriptum</strong></span> <span class='ocrx_word' id='word_1_228' title='bbox 3343 1617 3531 1666; x_wconf 89' lang='lat' dir='ltr'><strong>autem</strong></span> 
     </span>
    </p>
   </div>
   <div class='ocr_carea' id='block_1_30' title="bbox 1939 1698 3536 1772">
    <p class='ocr_par' dir='ltr' id='par_1_30' title="bbox 1939 1698 3536 1772">
     <span class='ocr_line' id='line_1_30' title="bbox 1939 1698 3536 1772; baseline 0.003 -23"><span class='ocrx_word' id='word_1_229' title='bbox 1939 1704 2061 1751; x_wconf 88' lang='lat' dir='ltr'><strong>erat</strong></span> <span class='ocrx_word' id='word_1_230' title='bbox 2088 1699 2145 1752; x_wconf 93' lang='lat' dir='ltr'><strong>in</strong></span> <span class='ocrx_word' id='word_1_231' title='bbox 2174 1698 2368 1753; x_wconf 86' lang='lat' dir='ltr'><strong>tabula</strong></span> <span class='ocrx_word' id='word_1_232' title='bbox 2394 1718 2407 1753; x_wconf 88' lang='lat'><strong>:</strong></span> <span class='ocrx_word' id='word_1_233' title='bbox 2442 1700 2500 1754; x_wconf 90' lang='lat' dir='ltr'><strong>Si</strong></span> <span class='ocrx_word' id='word_1_234' title='bbox 2524 1701 2740 1754; x_wconf 85' lang='lat' dir='ltr'><strong>venerit</strong></span> <span class='ocrx_word' id='word_1_235' title='bbox 2768 1701 2970 1772; x_wconf 87' lang='lat' dir='ltr'><strong>hospes</strong></span> <span class='ocrx_word' id='word_1_236' title='bbox 2995 1700 3226 1755; x_wconf 87' lang='lat' dir='ltr'><strong>alterius</strong></span> <span class='ocrx_word' id='word_1_237' title='bbox 3258 1705 3536 1754; x_wconf 87' lang='lat' dir='ltr'><strong>monaste-</strong></span> 
     </span>
    </p>
   </div>
   <div class='ocr_carea' id='block_1_31' title="bbox 252 1781 3535 1865">
    <p class='ocr_par' dir='ltr' id='par_1_31' title="bbox 252 1781 3535 1865">
     <span class='ocr_line' id='line_1_31' title="bbox 252 1781 3535 1865; baseline 0.005 -29"><span class='ocrx_word' id='word_1_238' title='bbox 252 1781 578 1856; x_wconf 89' lang='lat' dir='ltr'><strong>ubicunque</strong></span> <span class='ocrx_word' id='word_1_239' title='bbox 600 1803 694 1841; x_wconf 91' lang='lat' dir='ltr'><strong>eos</strong></span> <span class='ocrx_word' id='word_1_240' title='bbox 724 1787 1173 1859; x_wconf 80' lang='lat' dir='ltr'><strong>deprehenderit.</strong></span> <span class='ocrx_word' id='word_1_241' title='bbox 1192 1792 1333 1846; x_wconf 90' lang='lat' dir='ltr'><strong>Cum</strong></span> <span class='ocrx_word' id='word_1_242' title='bbox 1357 1792 1473 1847; x_wconf 77' lang='lat' dir='ltr'><strong>haec</strong></span> <span class='ocrx_word' id='word_1_243' title='bbox 1489 1800 1682 1847; x_wconf 88' lang='lat' dir='ltr'><strong>sancta</strong></span> <span class='ocrx_word' id='word_1_244' title='bbox 1700 1790 1855 1865; x_wconf 83' lang='lat' dir='ltr'><strong>virgo</strong></span> <span class='ocrx_word' id='word_1_245' title='bbox 1937 1785 2024 1850; x_wconf 75' lang='lat' dir='ltr'><strong>rii.</strong></span> <span class='ocrx_word' id='word_1_246' title='bbox 2055 1787 2203 1858; x_wconf 85' lang='lat' dir='ltr'><strong>quod</strong></span> <span class='ocrx_word' id='word_1_247' title='bbox 2234 1787 2404 1842; x_wconf 80' lang='lat' dir='ltr'><strong>habet</strong></span> <span class='ocrx_word' id='word_1_248' title='bbox 2430 1789 2599 1842; x_wconf 79' lang='lat' dir='ltr'><strong>aliam</strong></span> <span class='ocrx_word' id='word_1_249' title='bbox 2628 1789 3019 1848; x_wconf 82' lang='lat' dir='ltr'><strong>formam.cum</strong></span> <span class='ocrx_word' id='word_1_250' title='bbox 3036 1789 3116 1843; x_wconf 86' lang='lat' dir='ltr'><strong>eis</strong></span> <span class='ocrx_word' id='word_1_251' title='bbox 3141 1806 3243 1843; x_wconf 78' lang='lat' dir='ltr'><strong>nec</strong></span> <span class='ocrx_word' id='word_1_252' title='bbox 3276 1790 3535 1844; x_wconf 84' lang='lat' dir='ltr'><strong>comedat</strong></span> 
     </span>
    </p>
   </div>
   <div class='ocr_carea' id='block_1_32' title="bbox 249 1871 3531 1953">
    <p class='ocr_par' dir='ltr' id='par_1_32' title="bbox 249 1871 3531 1953">
     <span class='ocr_line' id='line_1_32' title="bbox 249 1871 3531 1953; baseline 0.006 -29"><span class='ocrx_word' id='word_1_253' title='bbox 249 1871 337 1925; x_wconf 87' lang='lat' dir='ltr'><strong>sic</strong></span> <span class='ocrx_word' id='word_1_254' title='bbox 366 1879 599 1942; x_wconf 85' lang='lat' dir='ltr'><strong>orasset,</strong></span> <span class='ocrx_word' id='word_1_255' title='bbox 641 1876 752 1930; x_wconf 86' lang='lat' dir='ltr'><strong>tale</strong></span> <span class='ocrx_word' id='word_1_256' title='bbox 799 1878 930 1948; x_wconf 90' lang='lat' dir='ltr'><strong>quid</strong></span> <span class='ocrx_word' id='word_1_257' title='bbox 985 1879 1202 1935; x_wconf 89' lang='lat' dir='ltr'><strong>accidit.</strong></span> <span class='ocrx_word' id='word_1_258' title='bbox 1255 1882 1456 1936; x_wconf 86' lang='lat' dir='ltr'><strong>Hostes</strong></span> <span class='ocrx_word' id='word_1_259' title='bbox 1484 1883 1631 1936; x_wconf 88' lang='lat' dir='ltr'><strong>circa</strong></span> <span class='ocrx_word' id='word_1_260' title='bbox 1657 1884 1916 1953; x_wconf 83' lang='lat' dir='ltr'><strong>horamB</strong></span> <span class='ocrx_word' id='word_1_261' title='bbox 1935 1892 2036 1929; x_wconf 75' lang='lat' dir='ltr'><strong>nec</strong></span> <span class='ocrx_word' id='word_1_262' title='bbox 2063 1876 2235 1943; x_wconf 69' lang='lat' dir='ltr'><strong>bibat,</strong></span> <span class='ocrx_word' id='word_1_263' title='bbox 2269 1883 2325 1931; x_wconf 74' lang='lat' dir='ltr'><strong>et</strong></span> <span class='ocrx_word' id='word_1_264' title='bbox 2356 1894 2456 1931; x_wconf 75' lang='lat' dir='ltr'><strong>nec</strong></span> <span class='ocrx_word' id='word_1_265' title='bbox 2498 1879 2849 1948; x_wconf 64' lang='lat' dir='ltr'><strong>ingrediatur</strong></span> <span class='ocrx_word' id='word_1_266' title='bbox 2877 1878 2935 1932; x_wconf 81' lang='grc' dir='ltr'><strong>ίῐι</strong></span> <span class='ocrx_word' id='word_1_267' title='bbox 2966 1879 3389 1943; x_wconf 60' lang='lat' dir='ltr'><strong>monasterium.</strong></span> <span class='ocrx_word' id='word_1_268' title='bbox 3421 1879 3531 1933; x_wconf 71' lang='grc' dir='ltr'><strong>ηίεί</strong></span> 
     </span>
    </p>
   </div>
   <div class='ocr_carea' id='block_1_33' title="bbox 247 1961 3533 2043">
    <p class='ocr_par' dir='ltr' id='par_1_33' title="bbox 247 1961 3533 2043">
     <span class='ocr_line' id='line_1_33' title="bbox 247 1961 3533 2043; baseline 0.002 -28"><span class='ocrx_word' id='word_1_269' title='bbox 247 1961 518 2031; x_wconf 88' lang='lat' dir='ltr'><strong>primam,</strong></span> <span class='ocrx_word' id='word_1_270' title='bbox 542 1980 577 2018; x_wconf 89' lang='lat' dir='ltr'><strong>a</strong></span> <span class='ocrx_word' id='word_1_271' title='bbox 603 1963 785 2019; x_wconf 89' lang='lat' dir='ltr'><strong>tribus</strong></span> <span class='ocrx_word' id='word_1_272' title='bbox 816 1966 1167 2035; x_wconf 89' lang='lat' dir='ltr'><strong>milliaribus,</strong></span> <span class='ocrx_word' id='word_1_273' title='bbox 1198 1968 1256 2023; x_wconf 92' lang='lat' dir='ltr'><strong>in</strong></span> <span class='ocrx_word' id='word_1_274' title='bbox 1295 1970 1416 2025; x_wconf 92' lang='lat' dir='ltr'><strong>loco</strong></span> <span class='ocrx_word' id='word_1_275' title='bbox 1459 1971 1553 2026; x_wconf 77' lang='lat' dir='ltr'><strong>fixi</strong></span> <span class='ocrx_word' id='word_1_276' title='bbox 1580 1978 1851 2043; x_wconf 85' lang='lat' dir='ltr'><strong>tanquam</strong></span> <span class='ocrx_word' id='word_1_277' title='bbox 1932 1963 2103 2018; x_wconf 86' lang='lat' dir='ltr'><strong>fuerit</strong></span> <span class='ocrx_word' id='word_1_278' title='bbox 2130 1966 2387 2021; x_wconf 88' lang='lat' dir='ltr'><strong>inventus</strong></span> <span class='ocrx_word' id='word_1_279' title='bbox 2414 1968 2472 2021; x_wconf 92' lang='lat' dir='ltr'><strong>in</strong></span> <span class='ocrx_word' id='word_1_280' title='bbox 2498 1967 2606 2021; x_wconf 86' lang='lat' dir='ltr'><strong>via.</strong></span> <span class='ocrx_word' id='word_1_281' title='bbox 2624 1969 2797 2022; x_wconf 89' lang='lat' dir='ltr'><strong>Porro</strong></span> <span class='ocrx_word' id='word_1_282' title='bbox 2827 1984 2956 2021; x_wconf 91' lang='lat' dir='ltr'><strong>eum</strong></span> <span class='ocrx_word' id='word_1_283' title='bbox 2978 1968 3073 2039; x_wconf 93' lang='lat' dir='ltr'><strong>qui</strong></span> <span class='ocrx_word' id='word_1_284' title='bbox 3095 1968 3266 2022; x_wconf 88' lang='lat' dir='ltr'><strong>semel</strong></span> <span class='ocrx_word' id='word_1_285' title='bbox 3286 1968 3533 2037; x_wconf 86' lang='lat' dir='ltr'><strong>ingredi-</strong></span> 
     </span>
    </p>
   </div>
   <div class='ocr_carea' id='block_1_34' title="bbox 246 2050 1851 2132">
    <p class='ocr_par' dir='ltr' id='par_1_34' title="bbox 246 2050 1851 2132">
     <span class='ocr_line' id='line_1_34' title="bbox 246 2050 1851 2132; baseline 0.007 -28"><span class='ocrx_word' id='word_1_286' title='bbox 246 2050 531 2120; x_wconf 88' lang='lat' dir='ltr'><strong>columna,</strong></span> <span class='ocrx_word' id='word_1_287' title='bbox 553 2052 875 2109; x_wconf 85' lang='lat' dir='ltr'><strong>labefactari</strong></span> <span class='ocrx_word' id='word_1_288' title='bbox 890 2073 1002 2110; x_wconf 91' lang='lat' dir='ltr'><strong>non</strong></span> <span class='ocrx_word' id='word_1_289' title='bbox 1023 2062 1300 2128; x_wconf 87' lang='lat' dir='ltr'><strong>poterant.</strong></span> <span class='ocrx_word' id='word_1_290' title='bbox 1319 2060 1436 2114; x_wconf 89' lang='lat' dir='ltr'><strong>Illis</strong></span> <span class='ocrx_word' id='word_1_291' title='bbox 1457 2077 1677 2132; x_wconf 88' lang='lat' dir='ltr'><strong>quoque</strong></span> <span class='ocrx_word' id='word_1_292' title='bbox 1699 2079 1851 2115; x_wconf 85' lang='lat' dir='ltr'><strong>reve-</strong></span> 
     </span>
    </p>
   </div>
   <div class='ocr_carea' id='block_1_35' title="bbox 245 2135 1848 2214">
    <p class='ocr_par' dir='ltr' id='par_1_35' title="bbox 245 2135 1848 2214">
     <span class='ocr_line' id='line_1_35' title="bbox 245 2135 1848 2214; baseline 0.008 -21"><span class='ocrx_word' id='word_1_293' title='bbox 245 2139 431 2195; x_wconf 84' lang='lat' dir='ltr'><strong>latum</strong></span> <span class='ocrx_word' id='word_1_294' title='bbox 463 2135 548 2196; x_wconf 82' lang='lat' dir='ltr'><strong>est</strong></span> <span class='ocrx_word' id='word_1_295' title='bbox 563 2144 709 2214; x_wconf 89' lang='lat' dir='ltr'><strong>quod</strong></span> <span class='ocrx_word' id='word_1_296' title='bbox 741 2161 912 2199; x_wconf 77' lang='lat' dir='ltr'><strong>servae</strong></span> <span class='ocrx_word' id='word_1_297' title='bbox 942 2146 1147 2201; x_wconf 85' lang='lat' dir='ltr'><strong>Christi</strong></span> <span class='ocrx_word' id='word_1_298' title='bbox 1174 2148 1411 2204; x_wconf 89' lang='lat' dir='ltr'><strong>Piamun</strong></span> <span class='ocrx_word' id='word_1_299' title='bbox 1436 2149 1848 2206; x_wconf 90' lang='lat' dir='ltr'><strong>intercessioni-</strong></span> 
     </span>
    </p>
   </div>
   <div class='ocr_carea' id='block_1_36' title="bbox 244 2227 1848 2310">
    <p class='ocr_par' dir='ltr' id='par_1_36' title="bbox 244 2227 1848 2310">
     <span class='ocr_line' id='line_1_36' title="bbox 244 2227 1848 2310; baseline 0.008 -29"><span class='ocrx_word' id='word_1_300' title='bbox 244 2227 356 2285; x_wconf 90' lang='lat' dir='ltr'><strong>bus</strong></span> <span class='ocrx_word' id='word_1_301' title='bbox 380 2229 590 2286; x_wconf 85' lang='lat' dir='ltr'><strong>factum</strong></span> <span class='ocrx_word' id='word_1_302' title='bbox 636 2237 721 2286; x_wconf 90' lang='lat' dir='ltr'><strong>est</strong></span> <span class='ocrx_word' id='word_1_303' title='bbox 754 2233 833 2288; x_wconf 89' lang='lat' dir='ltr'><strong>eis</strong></span> <span class='ocrx_word' id='word_1_304' title='bbox 858 2234 1354 2307; x_wconf 88' lang='lat' dir='ltr'><strong>impedimentum;</strong></span> <span class='ocrx_word' id='word_1_305' title='bbox 1378 2237 1529 2310; x_wconf 90' lang='lat' dir='ltr'><strong>iique</strong></span> <span class='ocrx_word' id='word_1_306' title='bbox 1559 2239 1629 2293; x_wconf 90' lang='lat' dir='ltr'><strong>ad</strong></span> <span class='ocrx_word' id='word_1_307' title='bbox 1667 2240 1848 2296; x_wconf 91' lang='lat' dir='ltr'><strong>vicum</strong></span> 
     </span>
    </p>
   </div>
   <div class='ocr_carea' id='block_1_37' title="bbox 242 2318 1848 2400">
    <p class='ocr_par' dir='ltr' id='par_1_37' title="bbox 242 2318 1848 2400">
     <span class='ocr_line' id='line_1_37' title="bbox 242 2318 1848 2400; baseline 0.007 -28"><span class='ocrx_word' id='word_1_308' title='bbox 242 2318 539 2375; x_wconf 87' lang='lat' dir='ltr'><strong>mittentes</strong></span> <span class='ocrx_word' id='word_1_309' title='bbox 559 2337 749 2392; x_wconf 88' lang='lat' dir='ltr'><strong>pacem</strong></span> <span class='ocrx_word' id='word_1_310' title='bbox 781 2324 1083 2395; x_wconf 89' lang='lat' dir='ltr'><strong>petierunt,</strong></span> <span class='ocrx_word' id='word_1_311' title='bbox 1106 2326 1384 2381; x_wconf 89' lang='lat' dir='ltr'><strong>dicentes:</strong></span> <span class='ocrx_word' id='word_1_312' title='bbox 1414 2329 1581 2398; x_wconf 87' lang='lat' dir='ltr'><strong>Agite</strong></span> <span class='ocrx_word' id='word_1_313' title='bbox 1596 2329 1848 2400; x_wconf 87' lang='lat' dir='ltr'><strong>Deogra-</strong></span> 
     </span>
    </p>
   </div>
   <div class='ocr_carea' id='block_1_38' title="bbox 242 2406 1844 2488">
    <p class='ocr_par' dir='ltr' id='par_1_38' title="bbox 242 2406 1844 2488">
     <span class='ocr_line' id='line_1_38' title="bbox 242 2406 1844 2488; baseline 0.008 -28"><span class='ocrx_word' id='word_1_314' title='bbox 242 2406 360 2461; x_wconf 89' lang='lat' dir='ltr'><strong>tias</strong></span> <span class='ocrx_word' id='word_1_315' title='bbox 406 2415 464 2463; x_wconf 90' lang='lat' dir='ltr'><strong>et</strong></span> <span class='ocrx_word' id='word_1_316' title='bbox 489 2410 750 2481; x_wconf 89' lang='lat' dir='ltr'><strong>precibus</strong></span> <span class='ocrx_word' id='word_1_317' title='bbox 796 2413 1037 2470; x_wconf 87' lang='lat' dir='ltr'><strong>Piamun</strong></span> <span class='ocrx_word' id='word_1_318' title='bbox 1067 2432 1189 2486; x_wconf 80' lang='lat' dir='ltr'><strong>quae</strong></span> <span class='ocrx_word' id='word_1_319' title='bbox 1218 2432 1319 2471; x_wconf 88' lang='lat' dir='ltr'><strong>nos</strong></span> <span class='ocrx_word' id='word_1_320' title='bbox 1353 2416 1748 2488; x_wconf 89' lang='lat' dir='ltr'><strong>impedierunt,</strong></span> <span class='ocrx_word' id='word_1_321' title='bbox 1774 2435 1844 2473; x_wconf 89' lang='lat' dir='ltr'><strong>ne</strong></span> 
     </span>
    </p>
   </div>
   <div class='ocr_carea' id='block_1_39' title="bbox 241 2498 1312 2568">
    <p class='ocr_par' dir='ltr' id='par_1_39' title="bbox 241 2498 1312 2568">
     <span class='ocr_line' id='line_1_39' title="bbox 241 2498 1312 2568; baseline 0.009 -17"><span class='ocrx_word' id='word_1_322' title='bbox 241 2512 515 2568; x_wconf 85' lang='lat' dir='ltr'><strong>magnum</strong></span> <span class='ocrx_word' id='word_1_323' title='bbox 540 2498 696 2554; x_wconf 85' lang='lat' dir='ltr'><strong>vobis</strong></span> <span class='ocrx_word' id='word_1_324' title='bbox 724 2502 935 2557; x_wconf 90' lang='lat' dir='ltr'><strong>malum</strong></span> <span class='ocrx_word' id='word_1_325' title='bbox 961 2503 1312 2561; x_wconf 76' lang='lat' dir='ltr'><strong>inferremus.</strong></span> 
     </span>
    </p>
   </div>
   <div class='ocr_carea' id='block_1_40' title="bbox 768 2591 1325 2650">
    <p class='ocr_par' dir='ltr' id='par_1_40' title="bbox 768 2591 1325 2650">
     <span class='ocr_line' id='line_1_40' title="bbox 768 2591 1325 2650; baseline 0.004 -4"><span class='ocrx_word' id='word_1_326' title='bbox 768 2591 1001 2648; x_wconf 81' lang='lat' dir='ltr'><strong>CAPUT</strong></span> <span class='ocrx_word' id='word_1_327' title='bbox 1025 2594 1325 2650; x_wconf 83' lang='lat' dir='ltr'><strong>XXXVIII.</strong></span> 
     </span>
    </p>
   </div>
   <div class='ocr_carea' id='block_1_41' title="bbox 256 2675 1841 2757">
    <p class='ocr_par' dir='ltr' id='par_1_41' title="bbox 256 2675 1841 2757">
     <span class='ocr_line' id='line_1_41' title="bbox 256 2675 1841 2757; baseline 0.009 -29"><span class='ocrx_word' id='word_1_328' title='bbox 256 2675 375 2729; x_wconf 78' lang='lat' dir='ltr'><strong>Vita</strong></span> <span class='ocrx_word' id='word_1_329' title='bbox 403 2678 613 2733; x_wconf 77' lang='lat' dir='ltr'><strong>abbatis</strong></span> <span class='ocrx_word' id='word_1_330' title='bbox 653 2680 938 2735; x_wconf 74' lang='lat' dir='ltr'><strong>Pachomiz&#39;</strong></span> <span class='ocrx_word' id='word_1_331' title='bbox 970 2678 1097 2751; x_wconf 80' lang='grc'>(76),</span> <span class='ocrx_word' id='word_1_332' title='bbox 1134 2688 1183 2737; x_wconf 83' lang='lat' dir='ltr'><strong>et</strong></span> <span class='ocrx_word' id='word_1_333' title='bbox 1218 2701 1407 2739; x_wconf 81' lang='lat' dir='ltr'><strong>eorum</strong></span> <span class='ocrx_word' id='word_1_334' title='bbox 1445 2687 1545 2755; x_wconf 76' lang='lat' dir='ltr'><strong>qui</strong></span> <span class='ocrx_word' id='word_1_335' title='bbox 1572 2702 1696 2740; x_wconf 82' lang='lat' dir='ltr'><strong>cum</strong></span> <span class='ocrx_word' id='word_1_336' title='bbox 1728 2690 1841 2757; x_wconf 72' lang='lat' dir='ltr'><strong>ipso</strong></span> 
     </span>
    </p>
   </div>
   <div class='ocr_carea' id='block_1_42' title="bbox 949 2777 1129 2825">
    <p class='ocr_par' dir='ltr' id='par_1_42' title="bbox 949 2777 1129 2825">
     <span class='ocr_line' id='line_1_42' title="bbox 949 2777 1129 2825; baseline 0.006 -1"><span class='ocrx_word' id='word_1_337' title='bbox 949 2777 1129 2825; x_wconf 79' lang='lat' dir='ltr'><strong>erant.</strong></span> 
     </span>
    </p>
   </div>
   <div class='ocr_carea' id='block_1_43' title="bbox 314 2853 1838 2933">
    <p class='ocr_par' dir='ltr' id='par_1_43' title="bbox 314 2853 1838 2933">
     <span class='ocr_line' id='line_1_43' title="bbox 314 2853 1838 2933; baseline 0.007 -23"><span class='ocrx_word' id='word_1_338' title='bbox 314 2853 656 2912; x_wconf 89' lang='lat' dir='ltr'><strong>Tabennesis</strong></span> <span class='ocrx_word' id='word_1_339' title='bbox 687 2855 790 2925; x_wconf 86' lang='lat'><strong>(77)</strong></span> <span class='ocrx_word' id='word_1_340' title='bbox 843 2863 929 2913; x_wconf 91' lang='lat' dir='ltr'><strong>est</strong></span> <span class='ocrx_word' id='word_1_341' title='bbox 956 2860 1111 2915; x_wconf 92' lang='lat' dir='ltr'><strong>locus</strong></span> <span class='ocrx_word' id='word_1_342' title='bbox 1140 2861 1221 2916; x_wconf 91' lang='lat' dir='ltr'><strong>sic</strong></span> <span class='ocrx_word' id='word_1_343' title='bbox 1249 2862 1561 2933; x_wconf 89' lang='lat' dir='ltr'><strong>appellatus</strong></span> <span class='ocrx_word' id='word_1_344' title='bbox 1591 2865 1648 2918; x_wconf 92' lang='lat' dir='ltr'><strong>in</strong></span> <span class='ocrx_word' id='word_1_345' title='bbox 1686 2865 1838 2919; x_wconf 87' lang='lat' dir='ltr'><strong>The-</strong></span> 
     </span>
    </p>
   </div>
   <div class='ocr_carea' id='block_1_44' title="bbox 239 2941 1837 3019">
    <p class='ocr_par' dir='ltr' id='par_1_44' title="bbox 239 2941 1837 3019">
     <span class='ocr_line' id='line_1_44' title="bbox 239 2941 1837 3019; baseline 0.007 -22"><span class='ocrx_word' id='word_1_346' title='bbox 239 2941 428 3011; x_wconf 86' lang='lat' dir='ltr'><strong>baide,</strong></span> <span class='ocrx_word' id='word_1_347' title='bbox 457 2944 516 3000; x_wconf 90' lang='lat' dir='ltr'><strong>in</strong></span> <span class='ocrx_word' id='word_1_348' title='bbox 545 2962 655 3017; x_wconf 89' lang='lat' dir='ltr'><strong>quo</strong></span> <span class='ocrx_word' id='word_1_349' title='bbox 684 2946 791 3002; x_wconf 84' lang='lat' dir='ltr'><strong>fuit</strong></span> <span class='ocrx_word' id='word_1_350' title='bbox 815 2948 1147 3005; x_wconf 90' lang='lat' dir='ltr'><strong>Pachomius</strong></span> <span class='ocrx_word' id='word_1_351' title='bbox 1186 2952 1510 3019; x_wconf 86' lang='lat' dir='ltr'><strong>monachus,</strong></span> <span class='ocrx_word' id='word_1_352' title='bbox 1559 2953 1644 3007; x_wconf 93' lang='lat' dir='ltr'><strong>vir</strong></span> <span class='ocrx_word' id='word_1_353' title='bbox 1675 2970 1740 3008; x_wconf 85' lang='lat' dir='ltr'><strong>ex</strong></span> <span class='ocrx_word' id='word_1_354' title='bbox 1768 2954 1837 3008; x_wconf 93' lang='lat' dir='ltr'><strong>iis</strong></span> 
     </span>
    </p>
   </div>
   <div class='ocr_carea' id='block_1_45' title="bbox 236 3031 1836 3111">
    <p class='ocr_par' dir='ltr' id='par_1_45' title="bbox 236 3031 1836 3111">
     <span class='ocr_line' id='line_1_45' title="bbox 236 3031 1836 3111; baseline 0.008 -26"><span class='ocrx_word' id='word_1_355' title='bbox 236 3031 340 3102; x_wconf 90' lang='lat' dir='ltr'><strong>qui</strong></span> <span class='ocrx_word' id='word_1_356' title='bbox 370 3033 625 3090; x_wconf 82' lang='lat' dir='ltr'><strong>vixerunt</strong></span> <span class='ocrx_word' id='word_1_357' title='bbox 663 3035 724 3091; x_wconf 91' lang='lat' dir='ltr'><strong>in</strong></span> <span class='ocrx_word' id='word_1_358' title='bbox 771 3053 992 3092; x_wconf 92' lang='lat' dir='ltr'><strong>summo</strong></span> <span class='ocrx_word' id='word_1_359' title='bbox 1034 3043 1090 3093; x_wconf 91' lang='lat' dir='ltr'><strong>et</strong></span> <span class='ocrx_word' id='word_1_360' title='bbox 1130 3040 1375 3111; x_wconf 89' lang='lat' dir='ltr'><strong>perfecto</strong></span> <span class='ocrx_word' id='word_1_361' title='bbox 1404 3041 1528 3096; x_wconf 63' lang='lat' dir='ltr'><strong>vitae</strong></span> <span class='ocrx_word' id='word_1_362' title='bbox 1575 3041 1836 3098; x_wconf 91' lang='lat' dir='ltr'><strong>instituto</strong></span> 
     </span>
    </p>
   </div>
   <div class='ocr_carea' id='block_1_46' title="bbox 238 3122 1838 3201">
    <p class='ocr_par' dir='ltr' id='par_1_46' title="bbox 238 3122 1838 3201">
     <span class='ocr_line' id='line_1_46' title="bbox 238 3122 1838 3201; baseline 0.008 -27"><span class='ocrx_word' id='word_1_363' title='bbox 238 3122 391 3184; x_wconf 84' lang='lat' dir='ltr'><strong>(Vita</strong></span> <span class='ocrx_word' id='word_1_364' title='bbox 421 3126 537 3191; x_wconf 76' lang='lat' dir='ltr'><strong>ejus</strong></span> <span class='ocrx_word' id='word_1_365' title='bbox 565 3140 755 3194; x_wconf 80' lang='lat' dir='ltr'><strong>supra,</strong></span> <span class='ocrx_word' id='word_1_366' title='bbox 791 3130 830 3180; x_wconf 85' lang='grc' dir='ltr'><strong>ι.</strong></span> <span class='ocrx_word' id='word_1_367' title='bbox 862 3126 925 3198; x_wconf 90' lang='lat' dir='ltr'><strong>I),</strong></span> <span class='ocrx_word' id='word_1_368' title='bbox 954 3127 1094 3182; x_wconf 90' lang='lat' dir='ltr'><strong>adeo</strong></span> <span class='ocrx_word' id='word_1_369' title='bbox 1126 3134 1191 3183; x_wconf 90' lang='lat' dir='ltr'><strong>ut</strong></span> <span class='ocrx_word' id='word_1_370' title='bbox 1221 3130 1269 3183; x_wconf 90' lang='lat' dir='ltr'><strong>is</strong></span> <span class='ocrx_word' id='word_1_371' title='bbox 1293 3129 1465 3184; x_wconf 88' lang='lat' dir='ltr'><strong>fuerit</strong></span> <span class='ocrx_word' id='word_1_372' title='bbox 1495 3131 1759 3201; x_wconf 86' lang='lat' dir='ltr'><strong>dignatus</strong></span> <span class='ocrx_word' id='word_1_373' title='bbox 1780 3137 1838 3187; x_wconf 92' lang='lat' dir='ltr'><strong>et</strong></span> 
     </span>
    </p>
   </div>
   <div class='ocr_carea' id='block_1_47' title="bbox 1929 2057 3529 2126">
    <p class='ocr_par' dir='ltr' id='par_1_47' title="bbox 1929 2057 3529 2126">
     <span class='ocr_line' id='line_1_47' title="bbox 1929 2057 3529 2126; baseline 0.002 -19"><span class='ocrx_word' id='word_1_374' title='bbox 1929 2058 2043 2121; x_wconf 90' lang='lat' dir='ltr'><strong>tur,</strong></span> <span class='ocrx_word' id='word_1_375' title='bbox 2080 2072 2182 2109; x_wconf 90' lang='lat' dir='ltr'><strong>nec</strong></span> <span class='ocrx_word' id='word_1_376' title='bbox 2202 2061 2389 2126; x_wconf 89' lang='lat' dir='ltr'><strong>potest</strong></span> <span class='ocrx_word' id='word_1_377' title='bbox 2410 2073 2536 2111; x_wconf 93' lang='lat' dir='ltr'><strong>cum</strong></span> <span class='ocrx_word' id='word_1_378' title='bbox 2567 2057 2649 2110; x_wconf 90' lang='lat' dir='ltr'><strong>eis</strong></span> <span class='ocrx_word' id='word_1_379' title='bbox 2674 2057 2744 2110; x_wconf 86' lang='lat' dir='ltr'><strong>ad</strong></span> <span class='ocrx_word' id='word_1_380' title='bbox 2777 2057 3086 2111; x_wconf 88' lang='lat' dir='ltr'><strong>triennium</strong></span> <span class='ocrx_word' id='word_1_381' title='bbox 3106 2058 3384 2111; x_wconf 89' lang='lat' dir='ltr'><strong>sustinere</strong></span> <span class='ocrx_word' id='word_1_382' title='bbox 3413 2073 3529 2110; x_wconf 84' lang='lat' dir='ltr'><strong>cer-</strong></span> 
     </span>
    </p>
   </div>
   <div class='ocr_carea' id='block_1_48' title="bbox 1929 2146 3527 2217">
    <p class='ocr_par' dir='ltr' id='par_1_48' title="bbox 1929 2146 3527 2217">
     <span class='ocr_line' id='line_1_48' title="bbox 1929 2146 3527 2217; baseline 0.002 -21"><span class='ocrx_word' id='word_1_383' title='bbox 1929 2148 2140 2209; x_wconf 90' lang='lat' dir='ltr'><strong>tamen,</strong></span> <span class='ocrx_word' id='word_1_384' title='bbox 2164 2161 2278 2199; x_wconf 91' lang='lat' dir='ltr'><strong>non</strong></span> <span class='ocrx_word' id='word_1_385' title='bbox 2315 2146 2597 2213; x_wconf 85' lang='lat' dir='ltr'><strong>admittes;</strong></span> <span class='ocrx_word' id='word_1_386' title='bbox 2632 2147 2729 2200; x_wconf 90' lang='lat' dir='ltr'><strong>sed</strong></span> <span class='ocrx_word' id='word_1_387' title='bbox 2759 2163 2885 2201; x_wconf 94' lang='lat' dir='ltr'><strong>cum</strong></span> <span class='ocrx_word' id='word_1_388' title='bbox 2919 2163 3090 2217; x_wconf 87' lang='lat' dir='ltr'><strong>opera</strong></span> <span class='ocrx_word' id='word_1_389' title='bbox 3116 2146 3309 2200; x_wconf 87' lang='lat' dir='ltr'><strong>fecerit</strong></span> <span class='ocrx_word' id='word_1_390' title='bbox 3332 2146 3527 2199; x_wconf 80' lang='lat' dir='ltr'><strong>difﬁci-</strong></span> 
     </span>
    </p>
   </div>
   <div class='ocr_carea' id='block_1_49' title="bbox 1932 2232 3527 2306">
    <p class='ocr_par' dir='ltr' id='par_1_49' title="bbox 1932 2232 3527 2306">
     <span class='ocr_line' id='line_1_49' title="bbox 1932 2232 3527 2306; baseline 0.003 -21"><span class='ocrx_word' id='word_1_391' title='bbox 1932 2232 2091 2298; x_wconf 86' lang='lat' dir='ltr'><strong>liora,</strong></span> <span class='ocrx_word' id='word_1_392' title='bbox 2117 2234 2196 2287; x_wconf 92' lang='lat' dir='ltr'><strong>sic</strong></span> <span class='ocrx_word' id='word_1_393' title='bbox 2223 2235 2458 2305; x_wconf 86' lang='lat' dir='ltr'><strong>prodeat</strong></span> <span class='ocrx_word' id='word_1_394' title='bbox 2485 2236 2542 2289; x_wconf 90' lang='lat' dir='ltr'><strong>in</strong></span> <span class='ocrx_word' id='word_1_395' title='bbox 2565 2236 2811 2290; x_wconf 88' lang='lat' dir='ltr'><strong>stadium</strong></span> <span class='ocrx_word' id='word_1_396' title='bbox 2834 2241 2959 2306; x_wconf 61' lang='lat' dir='ltr'><strong>pmt</strong></span> <span class='ocrx_word' id='word_1_397' title='bbox 2977 2235 3304 2289; x_wconf 89' lang='lat' dir='ltr'><strong>triennium.</strong></span> <span class='ocrx_word' id='word_1_398' title='bbox 3332 2236 3527 2290; x_wconf 90' lang='lat' dir='ltr'><strong>Come-</strong></span> 
     </span>
    </p>
   </div>
   <div class='ocr_carea' id='block_1_50' title="bbox 1930 2321 3525 2396">
    <p class='ocr_par' dir='ltr' id='par_1_50' title="bbox 1930 2321 3525 2396">
     <span class='ocr_line' id='line_1_50' title="bbox 1930 2321 3525 2396; baseline 0.003 -22"><span class='ocrx_word' id='word_1_399' title='bbox 1930 2321 2126 2376; x_wconf 90' lang='lat' dir='ltr'><strong>dentes</strong></span> <span class='ocrx_word' id='word_1_400' title='bbox 2154 2328 2344 2378; x_wconf 90' lang='lat' dir='ltr'><strong>autem</strong></span> <span class='ocrx_word' id='word_1_401' title='bbox 2378 2324 2562 2378; x_wconf 83' lang='lat' dir='ltr'><strong>velent</strong></span> <span class='ocrx_word' id='word_1_402' title='bbox 2593 2325 2779 2396; x_wconf 88' lang='lat' dir='ltr'><strong>capita</strong></span> <span class='ocrx_word' id='word_1_403' title='bbox 2805 2324 3056 2390; x_wconf 89' lang='lat' dir='ltr'><strong>cucullis,</strong></span> <span class='ocrx_word' id='word_1_404' title='bbox 3089 2341 3161 2379; x_wconf 90' lang='lat' dir='ltr'><strong>ne</strong></span> <span class='ocrx_word' id='word_1_405' title='bbox 3206 2324 3380 2379; x_wconf 86' lang='lat' dir='ltr'><strong>frater</strong></span> <span class='ocrx_word' id='word_1_406' title='bbox 3407 2324 3525 2379; x_wconf 88' lang='lat' dir='ltr'><strong>fra-</strong></span> 
     </span>
    </p>
   </div>
   <div class='ocr_carea' id='block_1_51' title="bbox 1928 2412 3520 2485">
    <p class='ocr_par' dir='ltr' id='par_1_51' title="bbox 1928 2412 3520 2485">
     <span class='ocr_line' id='line_1_51' title="bbox 1928 2412 3520 2485; baseline 0.003 -22"><span class='ocrx_word' id='word_1_407' title='bbox 1928 2414 2075 2465; x_wconf 88' lang='lat' dir='ltr'><strong>trem</strong></span> <span class='ocrx_word' id='word_1_408' title='bbox 2100 2412 2289 2468; x_wconf 88' lang='lat' dir='ltr'><strong>videat</strong></span> <span class='ocrx_word' id='word_1_409' title='bbox 2303 2415 2685 2468; x_wconf 89' lang='lat' dir='ltr'><strong>mandentem.</strong></span> <span class='ocrx_word' id='word_1_410' title='bbox 2710 2413 3038 2468; x_wconf 90' lang='lat' dir='ltr'><strong>Comedenti</strong></span> <span class='ocrx_word' id='word_1_411' title='bbox 3059 2430 3171 2468; x_wconf 91' lang='lat' dir='ltr'><strong>non</strong></span> <span class='ocrx_word' id='word_1_412' title='bbox 3195 2414 3327 2468; x_wconf 91' lang='lat' dir='ltr'><strong>licet</strong></span> <span class='ocrx_word' id='word_1_413' title='bbox 3344 2414 3520 2485; x_wconf 91' lang='lat' dir='ltr'><strong>loqui,</strong></span> 
     </span>
    </p>
   </div>
   <div class='ocr_carea' id='block_1_52' title="bbox 1924 2503 3521 2574">
    <p class='ocr_par' dir='ltr' id='par_1_52' title="bbox 1924 2503 3521 2574">
     <span class='ocr_line' id='line_1_52' title="bbox 1924 2503 3521 2574; baseline 0.002 -21"><span class='ocrx_word' id='word_1_414' title='bbox 1924 2515 2027 2554; x_wconf 89' lang='lat' dir='ltr'><strong>nec</strong></span> <span class='ocrx_word' id='word_1_415' title='bbox 2066 2505 2223 2556; x_wconf 83' lang='lat' dir='ltr'><strong>extra</strong></span> <span class='ocrx_word' id='word_1_416' title='bbox 2243 2503 2514 2573; x_wconf 88' lang='lat' dir='ltr'><strong>quadram</strong></span> <span class='ocrx_word' id='word_1_417' title='bbox 2544 2509 2601 2556; x_wconf 91' lang='lat' dir='ltr'><strong>et</strong></span> <span class='ocrx_word' id='word_1_418' title='bbox 2632 2520 2886 2558; x_wconf 86' lang='lat' dir='ltr'><strong>mensam</strong></span> <span class='ocrx_word' id='word_1_419' title='bbox 2924 2520 3164 2574; x_wconf 89' lang='lat' dir='ltr'><strong>usquam</strong></span> <span class='ocrx_word' id='word_1_420' title='bbox 3192 2503 3302 2557; x_wconf 90' lang='lat' dir='ltr'><strong>alio</strong></span> <span class='ocrx_word' id='word_1_421' title='bbox 3331 2504 3521 2558; x_wconf 91' lang='lat' dir='ltr'><strong>oculos</strong></span> 
     </span>
    </p>
   </div>
   <div class='ocr_carea' id='block_1_53' title="bbox 1924 2591 3522 2663">
    <p class='ocr_par' dir='ltr' id='par_1_53' title="bbox 1924 2591 3522 2663">
     <span class='ocr_line' id='line_1_53' title="bbox 1924 2591 3522 2663; baseline 0.003 -23"><span class='ocrx_word' id='word_1_422' title='bbox 1924 2598 2266 2645; x_wconf 90' lang='lat' dir='ltr'><strong>convertere.</strong></span> <span class='ocrx_word' id='word_1_423' title='bbox 2286 2592 2592 2646; x_wconf 87' lang='lat' dir='ltr'><strong>Constituit</strong></span> <span class='ocrx_word' id='word_1_424' title='bbox 2613 2597 2801 2645; x_wconf 85' lang='lat' dir='ltr'><strong>autem</strong></span> <span class='ocrx_word' id='word_1_425' title='bbox 2815 2597 2881 2646; x_wconf 89' lang='lat' dir='ltr'><strong>ut</strong></span> <span class='ocrx_word' id='word_1_426' title='bbox 2896 2608 2996 2663; x_wconf 92' lang='lat' dir='ltr'><strong>per</strong></span> <span class='ocrx_word' id='word_1_427' title='bbox 3014 2597 3198 2645; x_wconf 90' lang='lat' dir='ltr'><strong>totum</strong></span> <span class='ocrx_word' id='word_1_428' title='bbox 3218 2591 3365 2645; x_wconf 89' lang='lat' dir='ltr'><strong>diem</strong></span> <span class='ocrx_word' id='word_1_429' title='bbox 3381 2591 3522 2646; x_wconf 72' lang='lat' dir='ltr'><strong>face-</strong></span> 
     </span>
    </p>
   </div>
   <div class='ocr_carea' id='block_1_54' title="bbox 1924 2680 3521 2751">
    <p class='ocr_par' dir='ltr' id='par_1_54' title="bbox 1924 2680 3521 2751">
     <span class='ocr_line' id='line_1_54' title="bbox 1924 2680 3521 2751; baseline 0.001 -20"><span class='ocrx_word' id='word_1_430' title='bbox 1924 2688 2051 2732; x_wconf 90' lang='lat' dir='ltr'><strong>rent</strong></span> <span class='ocrx_word' id='word_1_431' title='bbox 2079 2680 2373 2734; x_wconf 90' lang='lat' dir='ltr'><strong>duodecim</strong></span> <span class='ocrx_word' id='word_1_432' title='bbox 2396 2681 2696 2747; x_wconf 82' lang='lat' dir='ltr'><strong>orationes,</strong></span> <span class='ocrx_word' id='word_1_433' title='bbox 2719 2686 2776 2735; x_wconf 91' lang='lat' dir='ltr'><strong>et</strong></span> <span class='ocrx_word' id='word_1_434' title='bbox 2796 2697 2925 2735; x_wconf 89' lang='lat' dir='ltr'><strong>cum</strong></span> <span class='ocrx_word' id='word_1_435' title='bbox 2946 2681 3017 2734; x_wconf 89' lang='lat' dir='ltr'><strong>ad</strong></span> <span class='ocrx_word' id='word_1_436' title='bbox 3038 2680 3419 2751; x_wconf 90' lang='lat' dir='ltr'><strong>vespertinum</strong></span> <span class='ocrx_word' id='word_1_437' title='bbox 3438 2680 3521 2733; x_wconf 90' lang='lat' dir='ltr'><strong>lu-</strong></span> 
     </span>
    </p>
   </div>
   <div class='ocr_carea' id='block_1_55' title="bbox 1924 2768 3516 2840">
    <p class='ocr_par' dir='ltr' id='par_1_55' title="bbox 1924 2768 3516 2840">
     <span class='ocr_line' id='line_1_55' title="bbox 1924 2768 3516 2840; baseline 0.001 -18"><span class='ocrx_word' id='word_1_438' title='bbox 1924 2780 2053 2822; x_wconf 87' lang='lat' dir='ltr'><strong>men</strong></span> <span class='ocrx_word' id='word_1_439' title='bbox 2076 2768 2177 2840; x_wconf 83' lang='lat'><strong>(79)</strong></span> <span class='ocrx_word' id='word_1_440' title='bbox 2208 2770 2481 2837; x_wconf 87' lang='lat' dir='ltr'><strong>venirent,</strong></span> <span class='ocrx_word' id='word_1_441' title='bbox 2509 2770 2642 2824; x_wconf 90' lang='lat' dir='ltr'><strong>etin</strong></span> <span class='ocrx_word' id='word_1_442' title='bbox 2662 2769 2950 2825; x_wconf 89' lang='lat' dir='ltr'><strong>nocturnis</strong></span> <span class='ocrx_word' id='word_1_443' title='bbox 2972 2770 3175 2840; x_wconf 84' lang='lat' dir='ltr'><strong>vigiliis</strong></span> <span class='ocrx_word' id='word_1_444' title='bbox 3197 2769 3516 2834; x_wconf 88' lang='lat' dir='ltr'><strong>duodecim,</strong></span> 
     </span>
    </p>
   </div>
   <div class='ocr_carea' id='block_1_56' title="bbox 1923 2858 3520 2925">
    <p class='ocr_par' dir='ltr' id='par_1_56' title="bbox 1923 2858 3520 2925">
     <span class='ocr_line' id='line_1_56' title="bbox 1923 2858 3520 2925; baseline 0 -14"><span class='ocrx_word' id='word_1_445' title='bbox 1923 2864 1980 2913; x_wconf 90' lang='lat' dir='ltr'><strong>et</strong></span> <span class='ocrx_word' id='word_1_446' title='bbox 2012 2858 2150 2912; x_wconf 87' lang='lat' dir='ltr'><strong>hora</strong></span> <span class='ocrx_word' id='word_1_447' title='bbox 2192 2876 2340 2913; x_wconf 91' lang='lat' dir='ltr'><strong>nona</strong></span> <span class='ocrx_word' id='word_1_448' title='bbox 2385 2864 2520 2914; x_wconf 88' lang='lat' dir='ltr'><strong>tres.</strong></span> <span class='ocrx_word' id='word_1_449' title='bbox 2559 2865 2741 2925; x_wconf 53' lang='lat' dir='ltr'><strong>U31</strong></span> <span class='ocrx_word' id='word_1_450' title='bbox 2765 2859 3001 2924; x_wconf 87' lang='lat' dir='ltr'><strong>Quando</strong></span> <span class='ocrx_word' id='word_1_451' title='bbox 3023 2863 3215 2913; x_wconf 86' lang='lat' dir='ltr'><strong>autem</strong></span> <span class='ocrx_word' id='word_1_452' title='bbox 3235 2858 3520 2912; x_wconf 88' lang='lat' dir='ltr'><strong>videretur</strong></span> 
     </span>
    </p>
   </div>
   <div class='ocr_carea' id='block_1_57' title="bbox 1921 2948 3517 3014">
    <p class='ocr_par' dir='ltr' id='par_1_57' title="bbox 1921 2948 3517 3014">
     <span class='ocr_line' id='line_1_57' title="bbox 1921 2948 3517 3014; baseline 0 -13"><span class='ocrx_word' id='word_1_453' title='bbox 1921 2948 2326 3003; x_wconf 89' lang='lat' dir='ltr'><strong>comedendum</strong></span> <span class='ocrx_word' id='word_1_454' title='bbox 2356 2965 2478 3003; x_wconf 90' lang='lat' dir='ltr'><strong>esse</strong></span> <span class='ocrx_word' id='word_1_455' title='bbox 2525 2948 2893 3014; x_wconf 90' lang='lat' dir='ltr'><strong>multitudini,</strong></span> <span class='ocrx_word' id='word_1_456' title='bbox 2926 2948 3219 3002; x_wconf 89' lang='lat' dir='ltr'><strong>constituit</strong></span> <span class='ocrx_word' id='word_1_457' title='bbox 3241 2952 3305 3001; x_wconf 93' lang='lat' dir='ltr'><strong>ut</strong></span> <span class='ocrx_word' id='word_1_458' title='bbox 3338 2964 3517 3002; x_wconf 91' lang='lat' dir='ltr'><strong>unus-</strong></span> 
     </span>
    </p>
   </div>
   <div class='ocr_carea' id='block_1_58' title="bbox 1920 3037 3516 3109">
    <p class='ocr_par' dir='ltr' id='par_1_58' title="bbox 1920 3037 3516 3109">
     <span class='ocr_line' id='line_1_58' title="bbox 1920 3037 3516 3109; baseline -0.001 -18"><span class='ocrx_word' id='word_1_459' title='bbox 1920 3037 2157 3108; x_wconf 90' lang='lat' dir='ltr'><strong>quisque</strong></span> <span class='ocrx_word' id='word_1_460' title='bbox 2178 3038 2314 3092; x_wconf 91' lang='lat' dir='ltr'><strong>ordo</strong></span> <span class='ocrx_word' id='word_1_461' title='bbox 2342 3038 2403 3092; x_wconf 91' lang='lat' dir='ltr'><strong>in</strong></span> <span class='ocrx_word' id='word_1_462' title='bbox 2427 3054 2764 3109; x_wconf 90' lang='lat' dir='ltr'><strong>unaquaque</strong></span> <span class='ocrx_word' id='word_1_463' title='bbox 2788 3037 3042 3092; x_wconf 86' lang='lat' dir='ltr'><strong>oratione</strong></span> <span class='ocrx_word' id='word_1_464' title='bbox 3061 3037 3339 3108; x_wconf 88' lang='lat' dir='ltr'><strong>psalmum</strong></span> <span class='ocrx_word' id='word_1_465' title='bbox 3359 3037 3516 3108; x_wconf 88' lang='lat' dir='ltr'><strong>prius</strong></span> 
     </span>
    </p>
   </div>
   <div class='ocr_carea' id='block_1_59' title="bbox 1918 3125 3514 3197">
    <p class='ocr_par' dir='ltr' id='par_1_59' title="bbox 1918 3125 3514 3197">
     <span class='ocr_line' id='line_1_59' title="bbox 1918 3125 3514 3197; baseline -0.001 -17"><span class='ocrx_word' id='word_1_466' title='bbox 1918 3132 2166 3181; x_wconf 85' lang='lat' dir='ltr'><strong>caneret.</strong></span> <span class='ocrx_word' id='word_1_467' title='bbox 2201 3128 2341 3181; x_wconf 91' lang='lat' dir='ltr'><strong>Cum</strong></span> <span class='ocrx_word' id='word_1_468' title='bbox 2368 3133 2558 3182; x_wconf 90' lang='lat' dir='ltr'><strong>autem</strong></span> <span class='ocrx_word' id='word_1_469' title='bbox 2589 3144 2828 3197; x_wconf 88' lang='lat' dir='ltr'><strong>magnus</strong></span> <span class='ocrx_word' id='word_1_470' title='bbox 2849 3125 3182 3181; x_wconf 89' lang='lat' dir='ltr'><strong>Pachomius</strong></span> <span class='ocrx_word' id='word_1_471' title='bbox 3202 3130 3396 3179; x_wconf 88' lang='lat' dir='ltr'><strong>contra</strong></span> <span class='ocrx_word' id='word_1_472' title='bbox 3415 3141 3514 3179; x_wconf 90' lang='lat' dir='ltr'><strong>an-</strong></span> 
     </span>
    </p>
   </div>
   <div class='ocr_carea' id='block_1_60' title="bbox 229 3210 3511 3290">
    <p class='ocr_par' dir='ltr' id='par_1_60' title="bbox 229 3210 3511 3290">
     <span class='ocr_line' id='line_1_60' title="bbox 229 3210 3511 3290; baseline 0.002 -27"><span class='ocrx_word' id='word_1_473' title='bbox 229 3210 557 3266; x_wconf 90' lang='lat' dir='ltr'><strong>futurorum</strong></span> <span class='ocrx_word' id='word_1_474' title='bbox 585 3214 1038 3284; x_wconf 82' lang='lat' dir='ltr'><strong>praedictionibus</strong></span> <span class='ocrx_word' id='word_1_475' title='bbox 1068 3223 1125 3272; x_wconf 93' lang='lat' dir='ltr'><strong>et</strong></span> <span class='ocrx_word' id='word_1_476' title='bbox 1153 3219 1418 3289; x_wconf 89' lang='lat' dir='ltr'><strong>angelicis</strong></span> <span class='ocrx_word' id='word_1_477' title='bbox 1439 3219 1761 3275; x_wconf 89' lang='lat' dir='ltr'><strong>visionibus.</strong></span> <span class='ocrx_word' id='word_1_478' title='bbox 1780 3222 1833 3276; x_wconf 91' lang='lat' dir='ltr'><strong>Is</strong></span> <span class='ocrx_word' id='word_1_479' title='bbox 1850 3224 1893 3284; x_wconf 84' lang='lat' dir='ltr'><strong>C</strong></span> <span class='ocrx_word' id='word_1_480' title='bbox 1913 3216 2104 3286; x_wconf 84' lang='lat' dir='ltr'><strong>gelum</strong></span> <span class='ocrx_word' id='word_1_481' title='bbox 2133 3216 2344 3270; x_wconf 87' lang='lat' dir='ltr'><strong>diceret</strong></span> <span class='ocrx_word' id='word_1_482' title='bbox 2372 3233 2495 3290; x_wconf 85' lang='lat' dir='ltr'><strong>esse</strong></span> <span class='ocrx_word' id='word_1_483' title='bbox 2514 3233 2722 3288; x_wconf 89' lang='lat' dir='ltr'><strong>paucas</strong></span> <span class='ocrx_word' id='word_1_484' title='bbox 2751 3215 3051 3281; x_wconf 89' lang='lat' dir='ltr'><strong>orationes,</strong></span> <span class='ocrx_word' id='word_1_485' title='bbox 3090 3214 3140 3268; x_wconf 91' lang='lat' dir='ltr'><strong>ei</strong></span> <span class='ocrx_word' id='word_1_486' title='bbox 3172 3214 3309 3268; x_wconf 88' lang='lat' dir='ltr'><strong>dicit</strong></span> <span class='ocrx_word' id='word_1_487' title='bbox 3335 3230 3511 3285; x_wconf 84' lang='lat' dir='ltr'><strong>ange-</strong></span> 
     </span>
    </p>
   </div>
   <div class='ocr_carea' id='block_1_61' title="bbox 231 3299 3508 3378">
    <p class='ocr_par' dir='ltr' id='par_1_61' title="bbox 231 3299 3508 3378">
     <span class='ocr_line' id='line_1_61' title="bbox 231 3299 3508 3378; baseline 0.002 -25"><span class='ocrx_word' id='word_1_488' title='bbox 231 3299 346 3354; x_wconf 85' lang='lat' dir='ltr'><strong>fuit</strong></span> <span class='ocrx_word' id='word_1_489' title='bbox 371 3300 526 3355; x_wconf 89' lang='lat' dir='ltr'><strong>valde</strong></span> <span class='ocrx_word' id='word_1_490' title='bbox 555 3318 752 3357; x_wconf 87' lang='lat' dir='ltr'><strong>amans</strong></span> <span class='ocrx_word' id='word_1_491' title='bbox 781 3321 1112 3377; x_wconf 74' lang='lat' dir='ltr'><strong>pauperum,</strong></span> <span class='ocrx_word' id='word_1_492' title='bbox 1147 3313 1203 3362; x_wconf 77' lang='lat' dir='ltr'><strong>et</strong></span> <span class='ocrx_word' id='word_1_493' title='bbox 1230 3324 1436 3378; x_wconf 72' lang='lat' dir='ltr'><strong>magna</strong></span> <span class='ocrx_word' id='word_1_494' title='bbox 1472 3309 1743 3364; x_wconf 67' lang='lat' dir='ltr'><strong>charimte</strong></span> <span class='ocrx_word' id='word_1_495' title='bbox 1772 3310 1831 3365; x_wconf 81' lang='lat' dir='ltr'>in</span> <span class='ocrx_word' id='word_1_496' title='bbox 1914 3304 2031 3358; x_wconf 88' lang='lat' dir='ltr'><strong>lus:</strong></span> <span class='ocrx_word' id='word_1_497' title='bbox 2057 3305 2172 3359; x_wconf 86' lang='lat' dir='ltr'><strong>Has</strong></span> <span class='ocrx_word' id='word_1_498' title='bbox 2217 3305 2501 3371; x_wconf 88' lang='lat' dir='ltr'><strong>constitui,</strong></span> <span class='ocrx_word' id='word_1_499' title='bbox 2546 3311 2609 3359; x_wconf 92' lang='lat' dir='ltr'><strong>ut</strong></span> <span class='ocrx_word' id='word_1_500' title='bbox 2636 3304 2792 3375; x_wconf 89' lang='lat' dir='ltr'><strong>parvi</strong></span> <span class='ocrx_word' id='word_1_501' title='bbox 2826 3320 3049 3375; x_wconf 88' lang='lat' dir='ltr'><strong>quoque</strong></span> <span class='ocrx_word' id='word_1_502' title='bbox 3075 3304 3292 3375; x_wconf 89' lang='lat' dir='ltr'><strong>possint</strong></span> <span class='ocrx_word' id='word_1_503' title='bbox 3318 3321 3508 3374; x_wconf 85' lang='lat' dir='ltr'><strong>proce-</strong></span> 
     </span>
    </p>
   </div>
   <div class='ocr_carea' id='block_1_62' title="bbox 230 3388 3502 3468">
    <p class='ocr_par' dir='ltr' id='par_1_62' title="bbox 230 3388 3502 3468">
     <span class='ocr_line' id='line_1_62' title="bbox 230 3388 3502 3468; baseline 0.002 -26"><span class='ocrx_word' id='word_1_504' title='bbox 230 3388 512 3444; x_wconf 86' lang='lat' dir='ltr'><strong>homines.</strong></span> <span class='ocrx_word' id='word_1_505' title='bbox 527 3391 607 3445; x_wconf 89' lang='lat' dir='ltr'><strong>Eo</strong></span> <span class='ocrx_word' id='word_1_506' title='bbox 623 3408 755 3463; x_wconf 85' lang='lat' dir='ltr'><strong>ergo</strong></span> <span class='ocrx_word' id='word_1_507' title='bbox 777 3394 1005 3449; x_wconf 87' lang='lat' dir='ltr'><strong>sedente</strong></span> <span class='ocrx_word' id='word_1_508' title='bbox 1021 3395 1078 3450; x_wconf 92' lang='lat' dir='ltr'><strong>in</strong></span> <span class='ocrx_word' id='word_1_509' title='bbox 1096 3396 1202 3451; x_wconf 88' lang='lat' dir='ltr'><strong>hac</strong></span> <span class='ocrx_word' id='word_1_510' title='bbox 1213 3398 1496 3468; x_wconf 88' lang='lat' dir='ltr'><strong>spelunca,</strong></span> <span class='ocrx_word' id='word_1_511' title='bbox 1510 3398 1661 3453; x_wconf 91' lang='lat' dir='ltr'><strong>visus</strong></span> <span class='ocrx_word' id='word_1_512' title='bbox 1674 3407 1758 3454; x_wconf 90' lang='lat' dir='ltr'><strong>est</strong></span> <span class='ocrx_word' id='word_1_513' title='bbox 1778 3402 1830 3455; x_wconf 88' lang='lat' dir='ltr'><strong>ei</strong></span> <span class='ocrx_word' id='word_1_514' title='bbox 1912 3393 2043 3447; x_wconf 75' lang='lat' dir='ltr'><strong>dere</strong></span> <span class='ocrx_word' id='word_1_515' title='bbox 2069 3393 2139 3447; x_wconf 78' lang='lat' dir='ltr'><strong>ad</strong></span> <span class='ocrx_word' id='word_1_516' title='bbox 2168 3395 2566 3465; x_wconf 82' lang='lat' dir='ltr'><strong>perﬁciendam</strong></span> <span class='ocrx_word' id='word_1_517' title='bbox 2588 3394 2859 3464; x_wconf 82' lang='lat' dir='ltr'><strong>regulam,</strong></span> <span class='ocrx_word' id='word_1_518' title='bbox 2877 3410 2979 3448; x_wconf 88' lang='lat' dir='ltr'><strong>nec</strong></span> <span class='ocrx_word' id='word_1_519' title='bbox 2993 3393 3073 3447; x_wconf 90' lang='lat' dir='ltr'><strong>eis</strong></span> <span class='ocrx_word' id='word_1_520' title='bbox 3086 3392 3160 3446; x_wconf 92' lang='lat' dir='ltr'><strong>sit</strong></span> <span class='ocrx_word' id='word_1_521' title='bbox 3172 3393 3502 3459; x_wconf 90' lang='lat' dir='ltr'><strong>molestum;</strong></span> 
     </span>
    </p>
   </div>
   <div class='ocr_carea' id='block_1_63' title="bbox 228 3478 1826 3559">
    <p class='ocr_par' dir='ltr' id='par_1_63' title="bbox 228 3478 1826 3559">
     <span class='ocr_line' id='line_1_63' title="bbox 228 3478 1826 3559; baseline 0.008 -28"><span class='ocrx_word' id='word_1_522' title='bbox 228 3478 469 3548; x_wconf 85' lang='lat' dir='ltr'><strong>angelus</strong></span> <span class='ocrx_word' id='word_1_523' title='bbox 484 3480 738 3550; x_wconf 84' lang='lat' dir='ltr'><strong>‘Domini,</strong></span> <span class='ocrx_word' id='word_1_524' title='bbox 770 3482 866 3553; x_wconf 89' lang='lat' dir='ltr'><strong>qui</strong></span> <span class='ocrx_word' id='word_1_525' title='bbox 896 3484 946 3538; x_wconf 93' lang='lat' dir='ltr'><strong>ei</strong></span> <span class='ocrx_word' id='word_1_526' title='bbox 980 3484 1114 3540; x_wconf 92' lang='lat' dir='ltr'><strong>dicit</strong></span> <span class='ocrx_word' id='word_1_527' title='bbox 1146 3504 1157 3540; x_wconf 90' lang='lat'>:</span> <span class='ocrx_word' id='word_1_528' title='bbox 1192 3486 1474 3554; x_wconf 89' lang='lat' dir='ltr'><strong>Pachomi,</strong></span> <span class='ocrx_word' id='word_1_529' title='bbox 1508 3504 1575 3542; x_wconf 85' lang='lat' dir='ltr'><strong>ea</strong></span> <span class='ocrx_word' id='word_1_530' title='bbox 1601 3489 1826 3559; x_wconf 89' lang='lat' dir='ltr'><strong>quidem</strong></span> 
     </span>
    </p>
   </div>
   <div class='ocr_carea' id='block_1_64' title="bbox 229 3568 1827 3646">
    <p class='ocr_par' dir='ltr' id='par_1_64' title="bbox 229 3568 1827 3646">
     <span class='ocr_line' id='line_1_64' title="bbox 229 3568 1827 3646; baseline 0.007 -25"><span class='ocrx_word' id='word_1_531' title='bbox 229 3582 359 3639; x_wconf 74' lang='lat' dir='ltr'><strong>quae</strong></span> <span class='ocrx_word' id='word_1_532' title='bbox 378 3568 448 3623; x_wconf 90' lang='lat' dir='ltr'><strong>ad</strong></span> <span class='ocrx_word' id='word_1_533' title='bbox 469 3573 524 3623; x_wconf 87' lang='lat' dir='ltr'><strong>te</strong></span> <span class='ocrx_word' id='word_1_534' title='bbox 547 3571 849 3642; x_wconf 89' lang='lat' dir='ltr'><strong>pertinent,</strong></span> <span class='ocrx_word' id='word_1_535' title='bbox 868 3582 1018 3627; x_wconf 90' lang='lat' dir='ltr'><strong>recte</strong></span> <span class='ocrx_word' id='word_1_536' title='bbox 1049 3580 1105 3628; x_wconf 91' lang='lat' dir='ltr'><strong>et</strong></span> <span class='ocrx_word' id='word_1_537' title='bbox 1135 3592 1201 3628; x_wconf 86' lang='lat' dir='ltr'><strong>ex</strong></span> <span class='ocrx_word' id='word_1_538' title='bbox 1229 3575 1434 3630; x_wconf 90' lang='lat' dir='ltr'><strong>virtute</strong></span> <span class='ocrx_word' id='word_1_539' title='bbox 1455 3577 1682 3646; x_wconf 90' lang='lat' dir='ltr'><strong>gessisti</strong></span> <span class='ocrx_word' id='word_1_540' title='bbox 1707 3595 1827 3646; x_wconf 91' lang='lat' dir='ltr'><strong>;su-</strong></span> 
     </span>
    </p>
   </div>
   <div class='ocr_carea' id='block_1_65' title="bbox 226 3661 1826 3737">
    <p class='ocr_par' dir='ltr' id='par_1_65' title="bbox 226 3661 1826 3737">
     <span class='ocr_line' id='line_1_65' title="bbox 226 3661 1826 3737; baseline 0.007 -27"><span class='ocrx_word' id='word_1_541' title='bbox 226 3672 571 3728; x_wconf 87' lang='lat' dir='ltr'><strong>pervacanee</strong></span> <span class='ocrx_word' id='word_1_542' title='bbox 600 3676 733 3730; x_wconf 88' lang='lat' dir='ltr'><strong>ergo</strong></span> <span class='ocrx_word' id='word_1_543' title='bbox 763 3661 924 3715; x_wconf 89' lang='lat' dir='ltr'><strong>sedes</strong></span> <span class='ocrx_word' id='word_1_544' title='bbox 946 3662 1004 3716; x_wconf 91' lang='lat' dir='ltr'><strong>in</strong></span> <span class='ocrx_word' id='word_1_545' title='bbox 1032 3663 1137 3717; x_wconf 89' lang='lat' dir='ltr'><strong>hoc</strong></span> <span class='ocrx_word' id='word_1_546' title='bbox 1164 3664 1283 3718; x_wconf 92' lang='lat' dir='ltr'><strong>loco</strong></span> <span class='ocrx_word' id='word_1_547' title='bbox 1308 3683 1321 3732; x_wconf 89' lang='lat'><strong>;</strong></span> <span class='ocrx_word' id='word_1_548' title='bbox 1354 3682 1457 3735; x_wconf 83' lang='lat' dir='ltr'><strong>age</strong></span> <span class='ocrx_word' id='word_1_549' title='bbox 1487 3683 1640 3736; x_wconf 87' lang='lat' dir='ltr'><strong>ergo,</strong></span> <span class='ocrx_word' id='word_1_550' title='bbox 1666 3684 1826 3737; x_wconf 87' lang='lat' dir='ltr'><strong>egre-</strong></span> 
     </span>
    </p>
   </div>
   <div class='ocr_carea' id='block_1_66' title="bbox 225 3745 1822 3822">
    <p class='ocr_par' dir='ltr' id='par_1_66' title="bbox 225 3745 1822 3822">
     <span class='ocr_line' id='line_1_66' title="bbox 225 3745 1822 3822; baseline 0.008 -23"><span class='ocrx_word' id='word_1_551' title='bbox 225 3745 383 3811; x_wconf 84' lang='lat' dir='ltr'><strong>dere,</strong></span> <span class='ocrx_word' id='word_1_552' title='bbox 409 3752 465 3801; x_wconf 92' lang='lat' dir='ltr'><strong>et</strong></span> <span class='ocrx_word' id='word_1_553' title='bbox 491 3763 771 3820; x_wconf 76' lang='lat' dir='ltr'><strong>congrege</strong></span> <span class='ocrx_word' id='word_1_554' title='bbox 797 3766 991 3805; x_wconf 88' lang='lat' dir='ltr'><strong>omnes</strong></span> <span class='ocrx_word' id='word_1_555' title='bbox 1006 3752 1261 3822; x_wconf 90' lang='lat' dir='ltr'><strong>juniores</strong></span> <span class='ocrx_word' id='word_1_556' title='bbox 1290 3755 1610 3819; x_wconf 87' lang='lat' dir='ltr'><strong>monachos,</strong></span> <span class='ocrx_word' id='word_1_557' title='bbox 1644 3762 1701 3810; x_wconf 92' lang='lat' dir='ltr'><strong>et</strong></span> <span class='ocrx_word' id='word_1_558' title='bbox 1720 3757 1822 3810; x_wconf 88' lang='lat' dir='ltr'><strong>ha-</strong></span> 
     </span>
    </p>
   </div>
   <div class='ocr_carea' id='block_1_67' title="bbox 222 3833 1823 3913">
    <p class='ocr_par' dir='ltr' id='par_1_67' title="bbox 222 3833 1823 3913">
     <span class='ocr_line' id='line_1_67' title="bbox 222 3833 1823 3913; baseline 0.007 -25"><span class='ocrx_word' id='word_1_559' title='bbox 222 3833 351 3889; x_wconf 82' lang='lat' dir='ltr'><strong>bita</strong></span> <span class='ocrx_word' id='word_1_560' title='bbox 375 3852 501 3890; x_wconf 91' lang='lat' dir='ltr'><strong>cum</strong></span> <span class='ocrx_word' id='word_1_561' title='bbox 528 3838 629 3904; x_wconf 89' lang='lat' dir='ltr'><strong>eis,</strong></span> <span class='ocrx_word' id='word_1_562' title='bbox 654 3843 711 3892; x_wconf 92' lang='lat' dir='ltr'><strong>et</strong></span> <span class='ocrx_word' id='word_1_563' title='bbox 730 3856 970 3910; x_wconf 90' lang='lat' dir='ltr'><strong>sequens</strong></span> <span class='ocrx_word' id='word_1_564' title='bbox 986 3841 1226 3897; x_wconf 80' lang='lat' dir='ltr'><strong>formam</strong></span> <span class='ocrx_word' id='word_1_565' title='bbox 1251 3859 1418 3913; x_wconf 89' lang='lat' dir='ltr'><strong>quam</strong></span> <span class='ocrx_word' id='word_1_566' title='bbox 1439 3844 1583 3898; x_wconf 90' lang='lat' dir='ltr'><strong>dabo</strong></span> <span class='ocrx_word' id='word_1_567' title='bbox 1603 3844 1721 3912; x_wconf 91' lang='lat' dir='ltr'><strong>tibi,</strong></span> <span class='ocrx_word' id='word_1_568' title='bbox 1742 3847 1823 3901; x_wconf 92' lang='lat' dir='ltr'><strong>eis</strong></span> 
     </span>
    </p>
   </div>
   <div class='ocr_carea' id='block_1_68' title="bbox 218 3922 1823 4004">
    <p class='ocr_par' dir='ltr' id='par_1_68' title="bbox 218 3922 1823 4004">
     <span class='ocr_line' id='line_1_68' title="bbox 218 3922 1823 4004; baseline 0.006 -27"><span class='ocrx_word' id='word_1_569' title='bbox 218 3922 380 3994; x_wconf 83' lang='lat' dir='ltr'><strong>leges</strong></span> <span class='ocrx_word' id='word_1_570' title='bbox 397 3926 692 3982; x_wconf 86' lang='lat' dir='ltr'><strong>constitue.</strong></span> <span class='ocrx_word' id='word_1_571' title='bbox 715 3927 891 4000; x_wconf 88' lang='lat' dir='ltr'><strong>Eique</strong></span> <span class='ocrx_word' id='word_1_572' title='bbox 918 3929 1072 3983; x_wconf 90' lang='lat' dir='ltr'><strong>dedit</strong></span> <span class='ocrx_word' id='word_1_573' title='bbox 1100 3930 1349 3985; x_wconf 87' lang='lat' dir='ltr'><strong>tabulam</strong></span> <span class='ocrx_word' id='word_1_574' title='bbox 1371 3948 1601 3999; x_wconf 82' lang='lat' dir='ltr'><strong>aeneam,</strong></span> <span class='ocrx_word' id='word_1_575' title='bbox 1627 3933 1687 3987; x_wconf 92' lang='lat' dir='ltr'><strong>in</strong></span> <span class='ocrx_word' id='word_1_576' title='bbox 1710 3950 1823 4004; x_wconf 89' lang='lat' dir='ltr'><strong>qua</strong></span> 
     </span>
    </p>
   </div>
   <div class='ocr_carea' id='block_1_69' title="bbox 218 4011 1822 4091">
    <p class='ocr_par' dir='ltr' id='par_1_69' title="bbox 218 4011 1822 4091">
     <span class='ocr_line' id='line_1_69' title="bbox 218 4011 1822 4091; baseline 0.007 -26"><span class='ocrx_word' id='word_1_577' title='bbox 218 4011 343 4066; x_wconf 73' lang='lat' dir='ltr'><strong>haec</strong></span> <span class='ocrx_word' id='word_1_578' title='bbox 370 4014 577 4086; x_wconf 89' lang='lat' dir='ltr'><strong>scripta</strong></span> <span class='ocrx_word' id='word_1_579' title='bbox 599 4015 824 4071; x_wconf 87' lang='lat' dir='ltr'><strong>fuerant</strong></span> <span class='ocrx_word' id='word_1_580' title='bbox 851 4035 863 4069; x_wconf 87' lang='lat'><strong>:</strong></span> <span class='ocrx_word' id='word_1_581' title='bbox 887 4017 1140 4073; x_wconf 90' lang='lat' dir='ltr'><strong>Concede</strong></span> <span class='ocrx_word' id='word_1_582' title='bbox 1160 4020 1461 4091; x_wconf 90' lang='lat' dir='ltr'><strong>unicuique</strong></span> <span class='ocrx_word' id='word_1_583' title='bbox 1478 4026 1542 4075; x_wconf 90' lang='lat' dir='ltr'><strong>ut</strong></span> <span class='ocrx_word' id='word_1_584' title='bbox 1564 4023 1822 4077; x_wconf 87' lang='lat' dir='ltr'><strong>comedat</strong></span> 
     </span>
    </p>
   </div>
   <div class='ocr_carea' id='block_1_70' title="bbox 218 4100 1818 4181">
    <p class='ocr_par' dir='ltr' id='par_1_70' title="bbox 218 4100 1818 4181">
     <span class='ocr_line' id='line_1_70' title="bbox 218 4100 1818 4181; baseline 0.008 -27"><span class='ocrx_word' id='word_1_585' title='bbox 218 4106 283 4155; x_wconf 84' lang='lat' dir='ltr'><strong>et</strong></span> <span class='ocrx_word' id='word_1_586' title='bbox 302 4100 457 4158; x_wconf 88' lang='lat' dir='ltr'><strong>bibat</strong></span> <span class='ocrx_word' id='word_1_587' title='bbox 466 4121 566 4175; x_wconf 91' lang='lat' dir='ltr'><strong>pro</strong></span> <span class='ocrx_word' id='word_1_588' title='bbox 589 4105 797 4161; x_wconf 90' lang='lat' dir='ltr'><strong>viribus</strong></span> <span class='ocrx_word' id='word_1_589' title='bbox 808 4107 1220 4163; x_wconf 81' lang='lat' dir='ltr'><strong>come’dentium</strong></span> <span class='ocrx_word' id='word_1_590' title='bbox 1237 4127 1249 4175; x_wconf 93' lang='lat'><strong>;</strong></span> <span class='ocrx_word' id='word_1_591' title='bbox 1267 4108 1351 4163; x_wconf 90' lang='lat' dir='ltr'><strong>eis</strong></span> <span class='ocrx_word' id='word_1_592' title='bbox 1375 4126 1596 4181; x_wconf 89' lang='lat' dir='ltr'><strong>quoque</strong></span> <span class='ocrx_word' id='word_1_593' title='bbox 1611 4112 1818 4166; x_wconf 85' lang='lat' dir='ltr'><strong>manda</strong></span> 
     </span>
    </p>
   </div>
   <div class='ocr_carea' id='block_1_71' title="bbox 215 4196 1812 4271">
    <p class='ocr_par' dir='ltr' id='par_1_71' title="bbox 215 4196 1812 4271">
     <span class='ocr_line' id='line_1_71' title="bbox 215 4196 1812 4271; baseline 0.006 -26"><span class='ocrx_word' id='word_1_594' title='bbox 215 4207 396 4263; x_wconf 88' lang='lat' dir='ltr'><strong>opera</strong></span> <span class='ocrx_word' id='word_1_595' title='bbox 428 4210 549 4265; x_wconf 74' lang='lat' dir='ltr'><strong>quae</strong></span> <span class='ocrx_word' id='word_1_596' title='bbox 579 4196 939 4267; x_wconf 89' lang='lat' dir='ltr'><strong>proportione</strong></span> <span class='ocrx_word' id='word_1_597' title='bbox 967 4198 1299 4252; x_wconf 88' lang='lat' dir='ltr'><strong>conveniant</strong></span> <span class='ocrx_word' id='word_1_598' title='bbox 1329 4216 1392 4252; x_wconf 88' lang='lat' dir='ltr'><strong>ac</strong></span> <span class='ocrx_word' id='word_1_599' title='bbox 1421 4200 1812 4271; x_wconf 89' lang='lat' dir='ltr'><strong>respondeant,</strong></span> 
     </span>
    </p>
   </div>
   <div class='ocr_carea' id='block_1_72' title="bbox 215 4285 1816 4360">
    <p class='ocr_par' dir='ltr' id='par_1_72' title="bbox 215 4285 1816 4360">
     <span class='ocr_line' id='line_1_72' title="bbox 215 4285 1816 4360; baseline 0.006 -25"><span class='ocrx_word' id='word_1_600' title='bbox 215 4285 281 4335; x_wconf 87' lang='lat' dir='ltr'><strong>et</strong></span> <span class='ocrx_word' id='word_1_601' title='bbox 309 4297 491 4353; x_wconf 89' lang='lat' dir='ltr'><strong>neque</strong></span> <span class='ocrx_word' id='word_1_602' title='bbox 510 4285 770 4354; x_wconf 86' lang='lat' dir='ltr'><strong>jejunare</strong></span> <span class='ocrx_word' id='word_1_603' title='bbox 788 4286 1019 4356; x_wconf 89' lang='lat' dir='ltr'><strong>prohibe</strong></span> <span class='ocrx_word' id='word_1_604' title='bbox 1031 4303 1132 4341; x_wconf 92' lang='lat' dir='ltr'><strong>nec</strong></span> <span class='ocrx_word' id='word_1_605' title='bbox 1146 4288 1457 4342; x_wconf 86' lang='lat' dir='ltr'><strong>comedere.</strong></span> <span class='ocrx_word' id='word_1_606' title='bbox 1479 4289 1568 4343; x_wconf 93' lang='lat' dir='ltr'><strong>Sic</strong></span> <span class='ocrx_word' id='word_1_607' title='bbox 1588 4289 1816 4360; x_wconf 90' lang='lat' dir='ltr'><strong>quidem</strong></span> 
     </span>
    </p>
   </div>
   <div class='ocr_carea' id='block_1_73' title="bbox 212 4370 1816 4446">
    <p class='ocr_par' dir='ltr' id='par_1_73' title="bbox 212 4370 1816 4446">
     <span class='ocr_line' id='line_1_73' title="bbox 212 4370 1816 4446; baseline 0.006 -22"><span class='ocrx_word' id='word_1_608' title='bbox 212 4370 455 4427; x_wconf 81' lang='lat' dir='ltr'><strong>fortibus</strong></span> <span class='ocrx_word' id='word_1_609' title='bbox 474 4372 641 4428; x_wconf 86' lang='lat' dir='ltr'><strong>fortia</strong></span> <span class='ocrx_word' id='word_1_610' title='bbox 658 4374 866 4428; x_wconf 88' lang='lat' dir='ltr'><strong>manda</strong></span> <span class='ocrx_word' id='word_1_611' title='bbox 877 4391 1065 4446; x_wconf 88' lang='lat' dir='ltr'><strong>opera,</strong></span> <span class='ocrx_word' id='word_1_612' title='bbox 1087 4375 1367 4431; x_wconf 92' lang='lat' dir='ltr'><strong>imbecilla</strong></span> <span class='ocrx_word' id='word_1_613' title='bbox 1388 4383 1577 4432; x_wconf 90' lang='lat' dir='ltr'><strong>autem</strong></span> <span class='ocrx_word' id='word_1_614' title='bbox 1598 4385 1655 4432; x_wconf 90' lang='lat' dir='ltr'><strong>et</strong></span> <span class='ocrx_word' id='word_1_615' title='bbox 1673 4380 1816 4434; x_wconf 87' lang='lat' dir='ltr'><strong>levia</strong></span> 
     </span>
    </p>
   </div>
   <div class='ocr_carea' id='block_1_74' title="bbox 210 4460 1814 4532">
    <p class='ocr_par' dir='ltr' id='par_1_74' title="bbox 210 4460 1814 4532">
     <span class='ocr_line' id='line_1_74' title="bbox 210 4460 1814 4532; baseline 0.006 -19"><span class='ocrx_word' id='word_1_616' title='bbox 210 4460 288 4514; x_wconf 89' lang='lat' dir='ltr'><strong>iis</strong></span> <span class='ocrx_word' id='word_1_617' title='bbox 310 4461 404 4531; x_wconf 88' lang='lat' dir='ltr'><strong>qui</strong></span> <span class='ocrx_word' id='word_1_618' title='bbox 425 4478 483 4515; x_wconf 90' lang='lat' dir='ltr'><strong>se</strong></span> <span class='ocrx_word' id='word_1_619' title='bbox 509 4463 686 4532; x_wconf 88' lang='lat' dir='ltr'><strong>magis</strong></span> <span class='ocrx_word' id='word_1_620' title='bbox 707 4470 986 4531; x_wconf 81' lang='lat' dir='ltr'><strong>exercent,</strong></span> <span class='ocrx_word' id='word_1_621' title='bbox 1012 4469 1068 4518; x_wconf 90' lang='lat' dir='ltr'><strong>et</strong></span> <span class='ocrx_word' id='word_1_622' title='bbox 1091 4470 1224 4519; x_wconf 90' lang='lat' dir='ltr'><strong>sunt</strong></span> <span class='ocrx_word' id='word_1_623' title='bbox 1273 4466 1684 4522; x_wconf 87' lang='lat' dir='ltr'><strong>imbecilliores.</strong></span> <span class='ocrx_word' id='word_1_624' title='bbox 1705 4469 1814 4523; x_wconf 86' lang='lat' dir='ltr'><strong>Fac</strong></span> 
     </span>
    </p>
   </div>
   <div class='ocr_carea' id='block_1_75' title="bbox 1911 3482 3506 3554">
    <p class='ocr_par' dir='ltr' id='par_1_75' title="bbox 1911 3482 3506 3554">
     <span class='ocr_line' id='line_1_75' title="bbox 1911 3482 3506 3554; baseline -0.001 -18"><span class='ocrx_word' id='word_1_625' title='bbox 1911 3482 2007 3554; x_wconf 90' lang='lat' dir='ltr'><strong>qui</strong></span> <span class='ocrx_word' id='word_1_626' title='bbox 2038 3488 2230 3537; x_wconf 89' lang='lat' dir='ltr'><strong>autem</strong></span> <span class='ocrx_word' id='word_1_627' title='bbox 2251 3489 2383 3537; x_wconf 90' lang='lat' dir='ltr'><strong>sunt</strong></span> <span class='ocrx_word' id='word_1_628' title='bbox 2411 3483 2659 3554; x_wconf 89' lang='lat' dir='ltr'><strong>perfecti,</strong></span> <span class='ocrx_word' id='word_1_629' title='bbox 2690 3499 2802 3537; x_wconf 91' lang='lat' dir='ltr'><strong>non</strong></span> <span class='ocrx_word' id='word_1_630' title='bbox 2848 3500 2987 3554; x_wconf 89' lang='lat' dir='ltr'><strong>opus</strong></span> <span class='ocrx_word' id='word_1_631' title='bbox 3023 3482 3233 3536; x_wconf 87' lang='lat' dir='ltr'><strong>habent</strong></span> <span class='ocrx_word' id='word_1_632' title='bbox 3255 3487 3320 3536; x_wconf 89' lang='lat' dir='ltr'><strong>ut</strong></span> <span class='ocrx_word' id='word_1_633' title='bbox 3352 3482 3506 3552; x_wconf 88' lang='lat' dir='ltr'><strong>leges</strong></span> 
     </span>
    </p>
   </div>
   <div class='ocr_carea' id='block_1_76' title="bbox 1911 3571 3502 3643">
    <p class='ocr_par' dir='ltr' id='par_1_76' title="bbox 1911 3571 3502 3643">
     <span class='ocr_line' id='line_1_76' title="bbox 1911 3571 3502 3643; baseline 0.001 -19"><span class='ocrx_word' id='word_1_634' title='bbox 1911 3571 1990 3625; x_wconf 92' lang='lat' dir='ltr'><strong>eis</strong></span> <span class='ocrx_word' id='word_1_635' title='bbox 2020 3572 2307 3639; x_wconf 86' lang='lat' dir='ltr'><strong>ferantur;</strong></span> <span class='ocrx_word' id='word_1_636' title='bbox 2345 3589 2477 3627; x_wconf 87' lang='lat' dir='ltr'><strong>nam</strong></span> <span class='ocrx_word' id='word_1_637' title='bbox 2503 3589 2631 3626; x_wconf 89' lang='lat' dir='ltr'><strong>cum</strong></span> <span class='ocrx_word' id='word_1_638' title='bbox 2660 3589 2759 3643; x_wconf 88' lang='lat' dir='ltr'><strong>per</strong></span> <span class='ocrx_word' id='word_1_639' title='bbox 2783 3588 2842 3625; x_wconf 92' lang='lat' dir='ltr'><strong>se</strong></span> <span class='ocrx_word' id='word_1_640' title='bbox 2869 3577 3001 3626; x_wconf 91' lang='lat' dir='ltr'><strong>sunt</strong></span> <span class='ocrx_word' id='word_1_641' title='bbox 3028 3571 3087 3625; x_wconf 91' lang='lat' dir='ltr'><strong>in</strong></span> <span class='ocrx_word' id='word_1_642' title='bbox 3117 3571 3291 3639; x_wconf 85' lang='lat' dir='ltr'><strong>cellis,</strong></span> <span class='ocrx_word' id='word_1_643' title='bbox 3322 3576 3502 3625; x_wconf 88' lang='lat' dir='ltr'><strong>totam</strong></span> 
     </span>
    </p>
   </div>
   <div class='ocr_carea' id='block_1_77' title="bbox 1907 3660 3505 3732">
    <p class='ocr_par' dir='ltr' id='par_1_77' title="bbox 1907 3660 3505 3732">
     <span class='ocr_line' id='line_1_77' title="bbox 1907 3660 3505 3732; baseline 0.001 -19"><span class='ocrx_word' id='word_1_644' title='bbox 1907 3677 2069 3715; x_wconf 89' lang='lat' dir='ltr'><strong>suam</strong></span> <span class='ocrx_word' id='word_1_645' title='bbox 2089 3662 2258 3716; x_wconf 88' lang='lat' dir='ltr'><strong>vitam</strong></span> <span class='ocrx_word' id='word_1_646' title='bbox 2281 3662 2410 3715; x_wconf 89' lang='lat' dir='ltr'><strong>attri</strong></span> <span class='ocrx_word' id='word_1_647' title='bbox 2420 3660 3082 3732; x_wconf 86' lang='lat' dir='ltr'><strong>buuntcontemplationi.</strong></span> <span class='ocrx_word' id='word_1_648' title='bbox 3099 3660 3199 3714; x_wconf 90' lang='lat' dir='ltr'><strong>His</strong></span> <span class='ocrx_word' id='word_1_649' title='bbox 3220 3665 3410 3714; x_wconf 90' lang='lat' dir='ltr'><strong>autem</strong></span> <span class='ocrx_word' id='word_1_650' title='bbox 3430 3661 3505 3714; x_wconf 91' lang='lat' dir='ltr'><strong>le-</strong></span> 
     </span>
    </p>
   </div>
   <div class='ocr_carea' id='block_1_78' title="bbox 1903 3749 3495 3822">
    <p class='ocr_par' dir='ltr' id='par_1_78' title="bbox 1903 3749 3495 3822">
     <span class='ocr_line' id='line_1_78' title="bbox 1903 3749 3495 3822; baseline 0 -19"><span class='ocrx_word' id='word_1_651' title='bbox 1903 3766 2031 3819; x_wconf 88' lang='lat' dir='ltr'><strong>gem</strong></span> <span class='ocrx_word' id='word_1_652' title='bbox 2062 3751 2183 3814; x_wconf 90' lang='lat' dir='ltr'><strong>tuli,</strong></span> <span class='ocrx_word' id='word_1_653' title='bbox 2210 3750 2306 3822; x_wconf 91' lang='lat' dir='ltr'><strong>qui</strong></span> <span class='ocrx_word' id='word_1_654' title='bbox 2325 3756 2570 3805; x_wconf 90' lang='lat' dir='ltr'><strong>mentem</strong></span> <span class='ocrx_word' id='word_1_655' title='bbox 2591 3749 3038 3804; x_wconf 88' lang='lat' dir='ltr'><strong>minimehabent</strong></span> <span class='ocrx_word' id='word_1_656' title='bbox 3066 3750 3495 3819; x_wconf 85' lang='lat' dir='ltr'><strong>intelligentem,</strong></span> 
     </span>
    </p>
   </div>
   <div class='ocr_carea' id='block_1_79' title="bbox 1904 3838 3499 3906">
    <p class='ocr_par' dir='ltr' id='par_1_79' title="bbox 1904 3838 3499 3906">
     <span class='ocr_line' id='line_1_79' title="bbox 1904 3838 3499 3906; baseline 0.001 -14"><span class='ocrx_word' id='word_1_657' title='bbox 1904 3845 1969 3892; x_wconf 93' lang='lat' dir='ltr'><strong>ut</strong></span> <span class='ocrx_word' id='word_1_658' title='bbox 1993 3838 2138 3893; x_wconf 89' lang='lat' dir='ltr'><strong>sicut</strong></span> <span class='ocrx_word' id='word_1_659' title='bbox 2166 3839 2311 3894; x_wconf 90' lang='lat' dir='ltr'><strong>servi</strong></span> <span class='ocrx_word' id='word_1_660' title='bbox 2341 3846 2717 3906; x_wconf 87' lang='lat' dir='ltr'><strong>contumaces,</strong></span> <span class='ocrx_word' id='word_1_661' title='bbox 2746 3846 2901 3894; x_wconf 90' lang='lat' dir='ltr'><strong>metu</strong></span> <span class='ocrx_word' id='word_1_662' title='bbox 2921 3838 3135 3892; x_wconf 90' lang='lat' dir='ltr'><strong>domini</strong></span> <span class='ocrx_word' id='word_1_663' title='bbox 3161 3843 3344 3892; x_wconf 91' lang='lat' dir='ltr'><strong>totum</strong></span> <span class='ocrx_word' id='word_1_664' title='bbox 3373 3839 3499 3893; x_wconf 77' lang='lat' dir='ltr'><strong>vitae</strong></span> 
     </span>
    </p>
   </div>
   <div class='ocr_carea' id='block_1_80' title="bbox 1902 3927 3492 3999">
    <p class='ocr_par' dir='ltr' id='par_1_80' title="bbox 1902 3927 3492 3999">
     <span class='ocr_line' id='line_1_80' title="bbox 1902 3927 3492 3999; baseline 0.001 -18"><span class='ocrx_word' id='word_1_665' title='bbox 1902 3927 2225 3982; x_wconf 89' lang='lat' dir='ltr'><strong>institutum</strong></span> <span class='ocrx_word' id='word_1_666' title='bbox 2255 3928 2573 3999; x_wconf 90' lang='lat' dir='ltr'><strong>implentes,</strong></span> <span class='ocrx_word' id='word_1_667' title='bbox 2610 3945 2804 3982; x_wconf 76' lang='lat' dir='ltr'><strong>secure</strong></span> <span class='ocrx_word' id='word_1_668' title='bbox 2826 3933 2882 3981; x_wconf 93' lang='lat' dir='ltr'><strong>et</strong></span> <span class='ocrx_word' id='word_1_669' title='bbox 2904 3927 3078 3981; x_wconf 89' lang='lat' dir='ltr'><strong>libere</strong></span> <span class='ocrx_word' id='word_1_670' title='bbox 3105 3927 3332 3997; x_wconf 89' lang='lat' dir='ltr'><strong>degant.</strong></span> <span class='ocrx_word' id='word_1_671' title='bbox 3350 3928 3492 3982; x_wconf 89' lang='lat' dir='ltr'><strong>Cum</strong></span> 
     </span>
    </p>
   </div>
   <div class='ocr_carea' id='block_1_81' title="bbox 1900 4017 3488 4088">
    <p class='ocr_par' dir='ltr' id='par_1_81' title="bbox 1900 4017 3488 4088">
     <span class='ocr_line' id='line_1_81' title="bbox 1900 4017 3488 4088; baseline 0 -18"><span class='ocrx_word' id='word_1_672' title='bbox 1900 4017 2018 4071; x_wconf 67' lang='lat' dir='ltr'><strong>haec</strong></span> <span class='ocrx_word' id='word_1_673' title='bbox 2046 4018 2363 4072; x_wconf 90' lang='lat' dir='ltr'><strong>ordinasset</strong></span> <span class='ocrx_word' id='word_1_674' title='bbox 2384 4019 2636 4088; x_wconf 87' lang='lat' dir='ltr'><strong>angelus,</strong></span> <span class='ocrx_word' id='word_1_675' title='bbox 2688 4022 2745 4071; x_wconf 90' lang='lat' dir='ltr'><strong>et</strong></span> <span class='ocrx_word' id='word_1_676' title='bbox 2776 4017 3065 4087; x_wconf 87' lang='lat' dir='ltr'><strong>implesset</strong></span> <span class='ocrx_word' id='word_1_677' title='bbox 3091 4017 3488 4079; x_wconf 89' lang='lat' dir='ltr'><strong>ministerium,</strong></span> 
     </span>
    </p>
   </div>
   <div class='ocr_carea' id='block_1_82' title="bbox 1898 4105 3495 4177">
    <p class='ocr_par' dir='ltr' id='par_1_82' title="bbox 1898 4105 3495 4177">
     <span class='ocr_line' id='line_1_82' title="bbox 1898 4105 3495 4177; baseline 0 -18"><span class='ocrx_word' id='word_1_678' title='bbox 1898 4106 2128 4160; x_wconf 86' lang='lat' dir='ltr'><strong>recessit</strong></span> <span class='ocrx_word' id='word_1_679' title='bbox 2156 4123 2189 4159; x_wconf 87' lang='lat' dir='ltr'><strong>a</strong></span> <span class='ocrx_word' id='word_1_680' title='bbox 2217 4123 2422 4177; x_wconf 87' lang='lat' dir='ltr'><strong>magno</strong></span> <span class='ocrx_word' id='word_1_681' title='bbox 2452 4106 2770 4161; x_wconf 90' lang='lat' dir='ltr'><strong>Pachomio.</strong></span> <span class='ocrx_word' id='word_1_682' title='bbox 2801 4106 2945 4161; x_wconf 88' lang='lat' dir='ltr'><strong>Sunt</strong></span> <span class='ocrx_word' id='word_1_683' title='bbox 2963 4111 3153 4159; x_wconf 90' lang='lat' dir='ltr'><strong>autem</strong></span> <span class='ocrx_word' id='word_1_684' title='bbox 3170 4105 3287 4159; x_wconf 57' lang='lat' dir='ltr'><strong>haec</strong></span> <span class='ocrx_word' id='word_1_685' title='bbox 3302 4121 3495 4160; x_wconf 87' lang='lat' dir='ltr'><strong>mona-</strong></span> 
     </span>
    </p>
   </div>
   <div class='ocr_carea' id='block_1_83' title="bbox 1899 4194 3493 4267">
    <p class='ocr_par' dir='ltr' id='par_1_83' title="bbox 1899 4194 3493 4267">
     <span class='ocr_line' id='line_1_83' title="bbox 1899 4194 3493 4267; baseline 0 -18"><span class='ocrx_word' id='word_1_686' title='bbox 1899 4195 2073 4250; x_wconf 89' lang='lat' dir='ltr'><strong>steria</strong></span> <span class='ocrx_word' id='word_1_687' title='bbox 2097 4212 2218 4267; x_wconf 61' lang='lat' dir='ltr'><strong>quae</strong></span> <span class='ocrx_word' id='word_1_688' title='bbox 2248 4196 2483 4250; x_wconf 89' lang='lat' dir='ltr'><strong>formam</strong></span> <span class='ocrx_word' id='word_1_689' title='bbox 2507 4196 2653 4250; x_wconf 90' lang='lat' dir='ltr'><strong>hanc</strong></span> <span class='ocrx_word' id='word_1_690' title='bbox 2673 4195 3056 4262; x_wconf 89' lang='lat' dir='ltr'><strong>obtinuerunt,</strong></span> <span class='ocrx_word' id='word_1_691' title='bbox 3070 4194 3336 4249; x_wconf 87' lang='lat' dir='ltr'><strong>habentia</strong></span> <span class='ocrx_word' id='word_1_692' title='bbox 3353 4195 3493 4249; x_wconf 89' lang='lat' dir='ltr'><strong>viro-</strong></span> 
     </span>
    </p>
   </div>
   <div class='ocr_carea' id='block_1_84' title="bbox 1897 4285 3491 4356">
    <p class='ocr_par' dir='ltr' id='par_1_84' title="bbox 1897 4285 3491 4356">
     <span class='ocr_line' id='line_1_84' title="bbox 1897 4285 3491 4356; baseline -0.001 -18"><span class='ocrx_word' id='word_1_693' title='bbox 1897 4301 2025 4339; x_wconf 90' lang='lat' dir='ltr'><strong>rum</strong></span> <span class='ocrx_word' id='word_1_694' title='bbox 2054 4286 2276 4340; x_wconf 89' lang='lat' dir='ltr'><strong>circiter</strong></span> <span class='ocrx_word' id='word_1_695' title='bbox 2311 4293 2527 4356; x_wconf 80' lang='lat' dir='ltr'><strong>septem</strong></span> <span class='ocrx_word' id='word_1_696' title='bbox 2568 4286 2762 4339; x_wconf 88' lang='lat' dir='ltr'><strong>millia.</strong></span> <span class='ocrx_word' id='word_1_697' title='bbox 2814 4286 2913 4339; x_wconf 92' lang='lat' dir='ltr'><strong>Est</strong></span> <span class='ocrx_word' id='word_1_698' title='bbox 2941 4290 3129 4339; x_wconf 86' lang='lat' dir='ltr'><strong>autem</strong></span> <span class='ocrx_word' id='word_1_699' title='bbox 3160 4285 3403 4356; x_wconf 86' lang='lat' dir='ltr'><strong>primum</strong></span> <span class='ocrx_word' id='word_1_700' title='bbox 3433 4289 3491 4338; x_wconf 90' lang='lat' dir='ltr'><strong>et</strong></span> 
     </span>
    </p>
   </div>
   <div class='ocr_carea' id='block_1_85' title="bbox 1898 4373 3490 4446">
    <p class='ocr_par' dir='ltr' id='par_1_85' title="bbox 1898 4373 3490 4446">
     <span class='ocr_line' id='line_1_85' title="bbox 1898 4373 3490 4446; baseline 0 -19"><span class='ocrx_word' id='word_1_701' title='bbox 1898 4390 2168 4444; x_wconf 85' lang='lat' dir='ltr'><strong>magnum</strong></span> <span class='ocrx_word' id='word_1_702' title='bbox 2206 4375 2632 4441; x_wconf 88' lang='lat' dir='ltr'><strong>monasterium,</strong></span> <span class='ocrx_word' id='word_1_703' title='bbox 2665 4376 2722 4428; x_wconf 92' lang='lat' dir='ltr'><strong>in</strong></span> <span class='ocrx_word' id='word_1_704' title='bbox 2756 4391 2865 4446; x_wconf 92' lang='lat' dir='ltr'><strong>quo</strong></span> <span class='ocrx_word' id='word_1_705' title='bbox 2902 4374 3021 4445; x_wconf 91' lang='lat' dir='ltr'><strong>ipse</strong></span> <span class='ocrx_word' id='word_1_706' title='bbox 3049 4374 3268 4427; x_wconf 88' lang='lat' dir='ltr'><strong>habitat</strong></span> <span class='ocrx_word' id='word_1_707' title='bbox 3293 4373 3490 4427; x_wconf 90' lang='lat' dir='ltr'><strong>beatus</strong></span> 
     </span>
    </p>
   </div>
   <div class='ocr_carea' id='block_1_86' title="bbox 1899 4463 3489 4535">
    <p class='ocr_par' dir='ltr' id='par_1_86' title="bbox 1899 4463 3489 4535">
     <span class='ocr_line' id='line_1_86' title="bbox 1899 4463 3489 4535; baseline -0.002 -17"><span class='ocrx_word' id='word_1_708' title='bbox 1899 4463 2251 4531; x_wconf 90' lang='lat' dir='ltr'><strong>Pachomius,</strong></span> <span class='ocrx_word' id='word_1_709' title='bbox 2278 4465 2424 4535; x_wconf 90' lang='lat' dir='ltr'><strong>quod</strong></span> <span class='ocrx_word' id='word_1_710' title='bbox 2454 4464 2563 4518; x_wconf 89' lang='lat' dir='ltr'><strong>alia</strong></span> <span class='ocrx_word' id='word_1_711' title='bbox 2579 4463 2797 4535; x_wconf 87' lang='lat' dir='ltr'><strong>peperit</strong></span> <span class='ocrx_word' id='word_1_712' title='bbox 2810 4463 3170 4527; x_wconf 88' lang='lat' dir='ltr'><strong>monasteria,</strong></span> <span class='ocrx_word' id='word_1_713' title='bbox 3194 4464 3489 4516; x_wconf 91' lang='lat' dir='ltr'><strong>continens</strong></span> 
     </span>
    </p>
   </div>
   <div class='ocr_carea' id='block_1_87' title="bbox 211 4550 3484 4640">
    <p class='ocr_par' dir='ltr' id='par_1_87' title="bbox 211 4550 3484 4640">
     <span class='ocr_line' id='line_1_87' title="bbox 211 4550 3484 4640; baseline 0 -36"><span class='ocrx_word' id='word_1_714' title='bbox 211 4554 407 4604; x_wconf 88' lang='lat' dir='ltr'><strong>autem</strong></span> <span class='ocrx_word' id='word_1_715' title='bbox 428 4550 673 4606; x_wconf 89' lang='lat' dir='ltr'><strong>diversas</strong></span> <span class='ocrx_word' id='word_1_716' title='bbox 702 4553 868 4607; x_wconf 88' lang='lat' dir='ltr'><strong>cellas</strong></span> <span class='ocrx_word' id='word_1_717' title='bbox 897 4553 955 4609; x_wconf 90' lang='lat' dir='ltr'><strong>in</strong></span> <span class='ocrx_word' id='word_1_718' title='bbox 976 4554 1172 4609; x_wconf 88' lang='lat' dir='ltr'><strong>eadem</strong></span> <span class='ocrx_word' id='word_1_719' title='bbox 1201 4555 1349 4621; x_wconf 77' lang='lat' dir='ltr'><strong>aula,</strong></span> <span class='ocrx_word' id='word_1_720' title='bbox 1383 4561 1440 4609; x_wconf 91' lang='lat' dir='ltr'><strong>et</strong></span> <span class='ocrx_word' id='word_1_721' title='bbox 1458 4561 1573 4611; x_wconf 90' lang='lat' dir='ltr'><strong>tres</strong></span> <span class='ocrx_word' id='word_1_722' title='bbox 1602 4558 1661 4611; x_wconf 92' lang='lat' dir='ltr'><strong>in</strong></span> <span class='ocrx_word' id='word_1_723' title='bbox 1689 4558 1810 4613; x_wconf 88' lang='lat' dir='ltr'><strong>cela</strong></span> <span class='ocrx_word' id='word_1_724' title='bbox 1827 4580 1877 4640; x_wconf 82' lang='lat' dir='ltr'><strong>D</strong></span> <span class='ocrx_word' id='word_1_725' title='bbox 1897 4568 2197 4608; x_wconf 80' lang='lat' dir='ltr'><strong>numerum</strong></span> <span class='ocrx_word' id='word_1_726' title='bbox 2236 4554 2458 4608; x_wconf 85' lang='lat' dir='ltr'><strong>Circiter</strong></span> <span class='ocrx_word' id='word_1_727' title='bbox 2477 4553 2627 4606; x_wconf 91' lang='lat' dir='ltr'><strong>mille</strong></span> <span class='ocrx_word' id='word_1_728' title='bbox 2657 4552 3196 4622; x_wconf 87' lang='lat' dir='ltr'><strong>quadringentorum</strong></span> <span class='ocrx_word' id='word_1_729' title='bbox 3218 4550 3484 4605; x_wconf 88' lang='lat' dir='ltr'><strong>virorum.</strong></span> 
     </span>
    </p>
   </div>
   <div class='ocr_carea' id='block_1_88' title="bbox 210 4641 1805 4717">
    <p class='ocr_par' dir='ltr' id='par_1_88' title="bbox 210 4641 1805 4717">
     <span class='ocr_line' id='line_1_88' title="bbox 210 4641 1805 4717; baseline 0.004 -23"><span class='ocrx_word' id='word_1_730' title='bbox 210 4645 502 4695; x_wconf 86' lang='lat' dir='ltr'><strong>maneant.</strong></span> <span class='ocrx_word' id='word_1_731' title='bbox 519 4641 790 4697; x_wconf 84' lang='lat' dir='ltr'><strong>Omnibus</strong></span> <span class='ocrx_word' id='word_1_732' title='bbox 803 4647 991 4698; x_wconf 87' lang='lat' dir='ltr'><strong>autem</strong></span> <span class='ocrx_word' id='word_1_733' title='bbox 1006 4642 1162 4697; x_wconf 90' lang='lat' dir='ltr'><strong>cibus</strong></span> <span class='ocrx_word' id='word_1_734' title='bbox 1178 4644 1237 4698; x_wconf 89' lang='lat' dir='ltr'><strong>in</strong></span> <span class='ocrx_word' id='word_1_735' title='bbox 1257 4661 1370 4699; x_wconf 91' lang='lat' dir='ltr'><strong>una</strong></span> <span class='ocrx_word' id='word_1_736' title='bbox 1381 4644 1545 4699; x_wconf 91' lang='lat' dir='ltr'><strong>domo</strong></span> <span class='ocrx_word' id='word_1_737' title='bbox 1556 4651 1805 4717; x_wconf 89' lang='lat' dir='ltr'><strong>paretur.</strong></span> 
     </span>
    </p>
   </div>
   <div class='ocr_carea' id='block_1_89' title="bbox 208 4729 1809 4800">
    <p class='ocr_par' dir='ltr' id='par_1_89' title="bbox 208 4729 1809 4800">
     <span class='ocr_line' id='line_1_89' title="bbox 208 4729 1809 4800; baseline 0.004 -18"><span class='ocrx_word' id='word_1_738' title='bbox 208 4729 515 4785; x_wconf 87' lang='lat' dir='ltr'><strong>Dormiant</strong></span> <span class='ocrx_word' id='word_1_739' title='bbox 542 4736 733 4785; x_wconf 88' lang='lat' dir='ltr'><strong>autem</strong></span> <span class='ocrx_word' id='word_1_740' title='bbox 775 4748 888 4786; x_wconf 92' lang='lat' dir='ltr'><strong>non</strong></span> <span class='ocrx_word' id='word_1_741' title='bbox 934 4731 1343 4800; x_wconf 89' lang='lat' dir='ltr'><strong>recumbentes,</strong></span> <span class='ocrx_word' id='word_1_742' title='bbox 1380 4734 1477 4788; x_wconf 88' lang='lat' dir='ltr'><strong>sed</strong></span> <span class='ocrx_word' id='word_1_743' title='bbox 1515 4736 1809 4790; x_wconf 79' lang='lat' dir='ltr'><strong>exstructis</strong></span> 
     </span>
    </p>
   </div>
   <div class='ocr_carea' id='block_1_90' title="bbox 207 4816 1809 4895">
    <p class='ocr_par' dir='ltr' id='par_1_90' title="bbox 207 4816 1809 4895">
     <span class='ocr_line' id='line_1_90' title="bbox 207 4816 1809 4895; baseline 0.004 -24"><span class='ocrx_word' id='word_1_744' title='bbox 207 4816 320 4872; x_wconf 89' lang='lat' dir='ltr'><strong>sibi</strong></span> <span class='ocrx_word' id='word_1_745' title='bbox 340 4817 565 4873; x_wconf 87' lang='lat' dir='ltr'><strong>sedibus</strong></span> <span class='ocrx_word' id='word_1_746' title='bbox 585 4820 750 4890; x_wconf 90' lang='lat' dir='ltr'><strong>paulo</strong></span> <span class='ocrx_word' id='word_1_747' title='bbox 771 4820 1169 4891; x_wconf 89' lang='lat' dir='ltr'><strong>supinioribus,</strong></span> <span class='ocrx_word' id='word_1_748' title='bbox 1192 4827 1249 4876; x_wconf 94' lang='lat' dir='ltr'><strong>et</strong></span> <span class='ocrx_word' id='word_1_749' title='bbox 1265 4822 1378 4876; x_wconf 92' lang='lat' dir='ltr'><strong>illic</strong></span> <span class='ocrx_word' id='word_1_750' title='bbox 1397 4822 1514 4877; x_wconf 90' lang='lat' dir='ltr'><strong>suis</strong></span> <span class='ocrx_word' id='word_1_751' title='bbox 1534 4823 1809 4895; x_wconf 87' lang='lat' dir='ltr'><strong>impositis</strong></span> 
     </span>
    </p>
   </div>
   <div class='ocr_carea' id='block_1_91' title="bbox 206 4907 1807 4983">
    <p class='ocr_par' dir='ltr' id='par_1_91' title="bbox 206 4907 1807 4983">
     <span class='ocr_line' id='line_1_91' title="bbox 206 4907 1807 4983; baseline 0.005 -24"><span class='ocrx_word' id='word_1_752' title='bbox 206 4907 479 4977; x_wconf 82' lang='lat' dir='ltr'><strong>stragulis</strong></span> <span class='ocrx_word' id='word_1_753' title='bbox 489 4908 775 4963; x_wconf 89' lang='lat' dir='ltr'><strong>dormiant</strong></span> <span class='ocrx_word' id='word_1_754' title='bbox 788 4910 1066 4964; x_wconf 89' lang='lat' dir='ltr'><strong>sedentes.</strong></span> <span class='ocrx_word' id='word_1_755' title='bbox 1087 4912 1270 4965; x_wconf 83' lang='lat' dir='ltr'><strong>Noctu</strong></span> <span class='ocrx_word' id='word_1_756' title='bbox 1287 4916 1474 4966; x_wconf 88' lang='lat' dir='ltr'><strong>autem</strong></span> <span class='ocrx_word' id='word_1_757' title='bbox 1489 4918 1714 4983; x_wconf 81' lang='lat' dir='ltr'><strong>gestent</strong></span> <span class='ocrx_word' id='word_1_758' title='bbox 1723 4914 1807 4967; x_wconf 92' lang='lat' dir='ltr'><strong>le-</strong></span> 
     </span>
    </p>
   </div>
   <div class='ocr_carea' id='block_1_92' title="bbox 204 4996 1808 5072">
    <p class='ocr_par' dir='ltr' id='par_1_92' title="bbox 204 4996 1808 5072">
     <span class='ocr_line' id='line_1_92' title="bbox 204 4996 1808 5072; baseline 0.004 -23"><span class='ocrx_word' id='word_1_759' title='bbox 204 4996 432 5051; x_wconf 89' lang='lat' dir='ltr'><strong>bitones</strong></span> <span class='ocrx_word' id='word_1_760' title='bbox 450 4996 647 5065; x_wconf 89' lang='lat' dir='ltr'><strong>lineos,</strong></span> <span class='ocrx_word' id='word_1_761' title='bbox 670 4998 952 5052; x_wconf 88' lang='lat' dir='ltr'><strong>succincti.</strong></span> <span class='ocrx_word' id='word_1_762' title='bbox 976 4998 1194 5055; x_wconf 82' lang='lat' dir='ltr'><strong>Habeat</strong></span> <span class='ocrx_word' id='word_1_763' title='bbox 1218 5000 1603 5072; x_wconf 89' lang='lat' dir='ltr'><strong>unusquisque</strong></span> <span class='ocrx_word' id='word_1_764' title='bbox 1625 5019 1691 5055; x_wconf 84' lang='lat' dir='ltr'><strong>ex</strong></span> <span class='ocrx_word' id='word_1_765' title='bbox 1720 5003 1808 5057; x_wconf 92' lang='lat' dir='ltr'><strong>his</strong></span> 
     </span>
    </p>
   </div>
   <div class='ocr_carea' id='block_1_93' title="bbox 199 5084 1807 5162">
    <p class='ocr_par' dir='ltr' id='par_1_93' title="bbox 199 5084 1807 5162">
     <span class='ocr_line' id='line_1_93' title="bbox 199 5084 1807 5162; baseline 0.004 -24"><span class='ocrx_word' id='word_1_766' title='bbox 199 5084 412 5157; x_wconf 88' lang='lat' dir='ltr'><strong>pellem</strong></span> <span class='ocrx_word' id='word_1_767' title='bbox 429 5086 651 5141; x_wconf 87' lang='lat' dir='ltr'><strong>ovillam</strong></span> <span class='ocrx_word' id='word_1_768' title='bbox 665 5086 850 5141; x_wconf 87' lang='lat' dir='ltr'><strong>albam</strong></span> <span class='ocrx_word' id='word_1_769' title='bbox 862 5087 1011 5142; x_wconf 69' lang='lat' dir='ltr'><strong>labor</strong></span> <span class='ocrx_word' id='word_1_770' title='bbox 1024 5094 1174 5143; x_wconf 87' lang='lat' dir='ltr'><strong>atam</strong></span> <span class='ocrx_word' id='word_1_771' title='bbox 1184 5130 1197 5155; x_wconf 91' lang='lat'><strong>,</strong></span> <span class='ocrx_word' id='word_1_772' title='bbox 1213 5089 1421 5161; x_wconf 89' lang='lat' dir='ltr'><strong>absque</strong></span> <span class='ocrx_word' id='word_1_773' title='bbox 1435 5107 1502 5144; x_wconf 87' lang='lat' dir='ltr'><strong>ea</strong></span> <span class='ocrx_word' id='word_1_774' title='bbox 1524 5108 1705 5162; x_wconf 90' lang='lat' dir='ltr'><strong>neque</strong></span> <span class='ocrx_word' id='word_1_775' title='bbox 1719 5107 1807 5145; x_wconf 87' lang='lat' dir='ltr'><strong>co-</strong></span> 
     </span>
    </p>
   </div>
   <div class='ocr_carea' id='block_1_94' title="bbox 199 5174 1806 5248">
    <p class='ocr_par' dir='ltr' id='par_1_94' title="bbox 199 5174 1806 5248">
     <span class='ocr_line' id='line_1_94' title="bbox 199 5174 1806 5248; baseline 0.004 -20"><span class='ocrx_word' id='word_1_776' title='bbox 199 5174 645 5247; x_wconf 88' lang='lat' dir='ltr'><strong>medant,neque</strong></span> <span class='ocrx_word' id='word_1_777' title='bbox 660 5176 1352 5248; x_wconf 87' lang='lat' dir='ltr'><strong>dormiant.Ingredientes</strong></span> <span class='ocrx_word' id='word_1_778' title='bbox 1367 5184 1554 5233; x_wconf 89' lang='lat' dir='ltr'><strong>autem</strong></span> <span class='ocrx_word' id='word_1_779' title='bbox 1566 5181 1637 5234; x_wconf 89' lang='lat' dir='ltr'><strong>ad</strong></span> <span class='ocrx_word' id='word_1_780' title='bbox 1650 5180 1806 5234; x_wconf 88' lang='lat' dir='ltr'><strong>Chri-</strong></span> 
     </span>
    </p>
   </div>
   <div class='ocr_carea' id='block_1_95' title="bbox 200 5262 1801 5334">
    <p class='ocr_par' dir='ltr' id='par_1_95' title="bbox 200 5262 1801 5334">
     <span class='ocr_line' id='line_1_95' title="bbox 200 5262 1801 5334; baseline 0.004 -17"><span class='ocrx_word' id='word_1_781' title='bbox 200 5262 281 5318; x_wconf 87' lang='lat' dir='ltr'><strong>sti</strong></span> <span class='ocrx_word' id='word_1_782' title='bbox 309 5265 764 5320; x_wconf 89' lang='lat' dir='ltr'><strong>communionem</strong></span> <span class='ocrx_word' id='word_1_783' title='bbox 790 5265 1031 5321; x_wconf 86' lang='lat' dir='ltr'><strong>Sabbato</strong></span> <span class='ocrx_word' id='word_1_784' title='bbox 1061 5271 1118 5320; x_wconf 91' lang='lat' dir='ltr'><strong>et</strong></span> <span class='ocrx_word' id='word_1_785' title='bbox 1157 5267 1466 5334; x_wconf 90' lang='lat' dir='ltr'><strong>Dominica,</strong></span> <span class='ocrx_word' id='word_1_786' title='bbox 1493 5286 1659 5323; x_wconf 89' lang='lat' dir='ltr'><strong>zonas</strong></span> <span class='ocrx_word' id='word_1_787' title='bbox 1689 5270 1801 5323; x_wconf 85' lang='lat' dir='ltr'><strong>sol-</strong></span> 
     </span>
    </p>
   </div>
   <div class='ocr_carea' id='block_1_96' title="bbox 196 5353 1801 5427">
    <p class='ocr_par' dir='ltr' id='par_1_96' title="bbox 196 5353 1801 5427">
     <span class='ocr_line' id='line_1_96' title="bbox 196 5353 1801 5427; baseline 0.004 -21"><span class='ocrx_word' id='word_1_788' title='bbox 196 5357 358 5419; x_wconf 77' lang='lat' dir='ltr'><strong>vent,</strong></span> <span class='ocrx_word' id='word_1_789' title='bbox 382 5360 439 5407; x_wconf 92' lang='lat' dir='ltr'><strong>et</strong></span> <span class='ocrx_word' id='word_1_790' title='bbox 453 5353 654 5424; x_wconf 90' lang='lat' dir='ltr'><strong>pellem</strong></span> <span class='ocrx_word' id='word_1_791' title='bbox 676 5355 897 5409; x_wconf 88' lang='lat' dir='ltr'><strong>ovillam</strong></span> <span class='ocrx_word' id='word_1_792' title='bbox 907 5356 1209 5427; x_wconf 90' lang='lat' dir='ltr'><strong>deponant,</strong></span> <span class='ocrx_word' id='word_1_793' title='bbox 1232 5362 1289 5410; x_wconf 92' lang='lat' dir='ltr'><strong>et</strong></span> <span class='ocrx_word' id='word_1_794' title='bbox 1303 5373 1430 5411; x_wconf 91' lang='lat' dir='ltr'><strong>cum</strong></span> <span class='ocrx_word' id='word_1_795' title='bbox 1447 5359 1566 5411; x_wconf 90' lang='lat' dir='ltr'><strong>sola</strong></span> <span class='ocrx_word' id='word_1_796' title='bbox 1584 5359 1801 5413; x_wconf 88' lang='lat' dir='ltr'><strong>cuculla</strong></span> 
     </span>
    </p>
   </div>
   <div class='ocr_carea' id='block_1_97' title="bbox 198 5440 1803 5515">
    <p class='ocr_par' dir='ltr' id='par_1_97' title="bbox 198 5440 1803 5515">
     <span class='ocr_line' id='line_1_97' title="bbox 198 5440 1803 5515; baseline 0.004 -21"><span class='ocrx_word' id='word_1_797' title='bbox 198 5440 618 5511; x_wconf 85' lang='lat' dir='ltr'><strong>ingrediantur.</strong></span> <span class='ocrx_word' id='word_1_798' title='bbox 640 5442 795 5497; x_wconf 90' lang='lat' dir='ltr'><strong>Fecit</strong></span> <span class='ocrx_word' id='word_1_799' title='bbox 807 5450 998 5497; x_wconf 87' lang='lat' dir='ltr'><strong>autem</strong></span> <span class='ocrx_word' id='word_1_800' title='bbox 1020 5443 1099 5497; x_wconf 88' lang='lat' dir='ltr'><strong>eis</strong></span> <span class='ocrx_word' id='word_1_801' title='bbox 1117 5444 1361 5498; x_wconf 87' lang='lat' dir='ltr'><strong>cucullas</strong></span> <span class='ocrx_word' id='word_1_802' title='bbox 1390 5446 1512 5499; x_wconf 90' lang='lat' dir='ltr'><strong>sine</strong></span> <span class='ocrx_word' id='word_1_803' title='bbox 1534 5446 1803 5515; x_wconf 84' lang='lat' dir='ltr'><strong>villis(78)</strong></span> 
     </span>
    </p>
   </div>
   <div class='ocr_carea' id='block_1_98' title="bbox 196 5531 1802 5606">
    <p class='ocr_par' dir='ltr' id='par_1_98' title="bbox 196 5531 1802 5606">
     <span class='ocr_line' id='line_1_98' title="bbox 196 5531 1802 5606; baseline 0.002 -20"><span class='ocrx_word' id='word_1_804' title='bbox 196 5536 478 5600; x_wconf 81' lang='lat' dir='ltr'><strong>tanquam</strong></span> <span class='ocrx_word' id='word_1_805' title='bbox 507 5531 714 5602; x_wconf 89' lang='lat' dir='ltr'><strong>pueris,</strong></span> <span class='ocrx_word' id='word_1_806' title='bbox 736 5532 795 5585; x_wconf 94' lang='lat' dir='ltr'><strong>in</strong></span> <span class='ocrx_word' id='word_1_807' title='bbox 817 5532 1021 5604; x_wconf 90' lang='lat' dir='ltr'><strong>quibus</strong></span> <span class='ocrx_word' id='word_1_808' title='bbox 1046 5532 1215 5587; x_wconf 90' lang='lat' dir='ltr'><strong>etiam</strong></span> <span class='ocrx_word' id='word_1_809' title='bbox 1232 5533 1403 5604; x_wconf 89' lang='lat' dir='ltr'><strong>jussit</strong></span> <span class='ocrx_word' id='word_1_810' title='bbox 1424 5535 1635 5606; x_wconf 90' lang='lat' dir='ltr'><strong>imponi</strong></span> <span class='ocrx_word' id='word_1_811' title='bbox 1658 5537 1802 5606; x_wconf 84' lang='lat' dir='ltr'><strong>ﬁgu-</strong></span> 
     </span>
    </p>
   </div>
   <div class='ocr_carea' id='block_1_99' title="bbox 197 5619 1803 5696">
    <p class='ocr_par' dir='ltr' id='par_1_99' title="bbox 197 5619 1803 5696">
     <span class='ocr_line' id='line_1_99' title="bbox 197 5619 1803 5696; baseline 0.002 -22"><span class='ocrx_word' id='word_1_812' title='bbox 197 5634 329 5674; x_wconf 85' lang='lat' dir='ltr'><strong>ram</strong></span> <span class='ocrx_word' id='word_1_813' title='bbox 358 5619 540 5674; x_wconf 86' lang='lat' dir='ltr'><strong>crucis</strong></span> <span class='ocrx_word' id='word_1_814' title='bbox 568 5637 882 5693; x_wconf 65' lang='lat' dir='ltr'><strong>purpureae.</strong></span> <span class='ocrx_word' id='word_1_815' title='bbox 904 5621 1080 5678; x_wconf 90' lang='lat' dir='ltr'><strong>Jussit</strong></span> <span class='ocrx_word' id='word_1_816' title='bbox 1097 5627 1288 5677; x_wconf 88' lang='lat' dir='ltr'><strong>autem</strong></span> <span class='ocrx_word' id='word_1_817' title='bbox 1318 5639 1439 5677; x_wconf 90' lang='lat' dir='ltr'><strong>esse</strong></span> <span class='ocrx_word' id='word_1_818' title='bbox 1458 5624 1654 5695; x_wconf 88' lang='lat' dir='ltr'><strong>viginti</strong></span> <span class='ocrx_word' id='word_1_819' title='bbox 1670 5640 1803 5696; x_wconf 90' lang='lat' dir='ltr'><strong>qua-</strong></span> 
     </span>
    </p>
   </div>
   <div class='ocr_carea' id='block_1_100' title="bbox 2438 4640 2936 4696">
    <p class='ocr_par' dir='ltr' id='par_1_100' title="bbox 2438 4640 2936 4696">
     <span class='ocr_line' id='line_1_100' title="bbox 2438 4640 2936 4696; baseline -0.002 0"><span class='ocrx_word' id='word_1_820' title='bbox 2438 4641 2672 4696; x_wconf 87' lang='lat' dir='ltr'><strong>CAPUT</strong></span> <span class='ocrx_word' id='word_1_821' title='bbox 2691 4640 2936 4695; x_wconf 87' lang='lat' dir='ltr'>XXXIX.</span> 
     </span>
    </p>
   </div>
   <div class='ocr_carea' id='block_1_101' title="bbox 2274 4726 3110 4799">
    <p class='ocr_par' dir='ltr' id='par_1_101' title="bbox 2274 4726 3110 4799">
     <span class='ocr_line' id='line_1_101' title="bbox 2274 4726 3110 4799; baseline -0.002 -15"><span class='ocrx_word' id='word_1_822' title='bbox 2274 4733 2391 4784; x_wconf 69' lang='lat' dir='ltr'><strong>Vita</strong></span> <span class='ocrx_word' id='word_1_823' title='bbox 2414 4733 2626 4784; x_wconf 82' lang='lat' dir='ltr'><strong>abbatis</strong></span> <span class='ocrx_word' id='word_1_824' title='bbox 2653 4730 2955 4798; x_wconf 77' lang='lat' dir='ltr'><strong>Aphthonii</strong></span> <span class='ocrx_word' id='word_1_825' title='bbox 2985 4726 3110 4799; x_wconf 88' lang='lat'><strong>(80).</strong></span> 
     </span>
    </p>
   </div>
   <div class='ocr_carea' id='block_1_102' title="bbox 1963 4817 3482 4891">
    <p class='ocr_par' dir='ltr' id='par_1_102' title="bbox 1963 4817 3482 4891">
     <span class='ocr_line' id='line_1_102' title="bbox 1963 4817 3482 4891; baseline -0.001 -16"><span class='ocrx_word' id='word_1_826' title='bbox 1963 4820 2118 4875; x_wconf 91' lang='lat' dir='ltr'><strong>Inter</strong></span> <span class='ocrx_word' id='word_1_827' title='bbox 2133 4836 2270 4891; x_wconf 86' lang='lat' dir='ltr'><strong>quos</strong></span> <span class='ocrx_word' id='word_1_828' title='bbox 2282 4825 2367 4874; x_wconf 91' lang='lat' dir='ltr'><strong>est</strong></span> <span class='ocrx_word' id='word_1_829' title='bbox 2381 4820 2549 4873; x_wconf 89' lang='lat' dir='ltr'><strong>etiam</strong></span> <span class='ocrx_word' id='word_1_830' title='bbox 2562 4835 2754 4873; x_wconf 90' lang='lat' dir='ltr'><strong>servus</strong></span> <span class='ocrx_word' id='word_1_831' title='bbox 2767 4818 2867 4872; x_wconf 91' lang='lat' dir='ltr'><strong>Dei</strong></span> <span class='ocrx_word' id='word_1_832' title='bbox 2883 4817 2977 4889; x_wconf 89' lang='lat' dir='ltr'><strong>qui</strong></span> <span class='ocrx_word' id='word_1_833' title='bbox 2990 4822 3220 4872; x_wconf 88' lang='lat' dir='ltr'><strong>vocatur</strong></span> <span class='ocrx_word' id='word_1_834' title='bbox 3231 4819 3482 4890; x_wconf 83' lang='lat' dir='ltr'><strong>Aphtho-</strong></span> 
     </span>
    </p>
   </div>
   <div class='ocr_carea' id='block_1_103' title="bbox 1889 4906 3482 4980">
    <p class='ocr_par' dir='ltr' id='par_1_103' title="bbox 1889 4906 3482 4980">
     <span class='ocr_line' id='line_1_103' title="bbox 1889 4906 3482 4980; baseline 0 -17"><span class='ocrx_word' id='word_1_835' title='bbox 1889 4908 2037 4975; x_wconf 89' lang='lat' dir='ltr'><strong>nius,</strong></span> <span class='ocrx_word' id='word_1_836' title='bbox 2056 4909 2153 4980; x_wconf 90' lang='lat' dir='ltr'><strong>qui</strong></span> <span class='ocrx_word' id='word_1_837' title='bbox 2181 4913 2266 4962; x_wconf 92' lang='lat' dir='ltr'><strong>est</strong></span> <span class='ocrx_word' id='word_1_838' title='bbox 2288 4907 2423 4962; x_wconf 91' lang='lat' dir='ltr'><strong>mihi</strong></span> <span class='ocrx_word' id='word_1_839' title='bbox 2444 4923 2746 4977; x_wconf 86' lang='lat' dir='ltr'><strong>germanus</strong></span> <span class='ocrx_word' id='word_1_840' title='bbox 2768 4923 2833 4960; x_wconf 88' lang='lat' dir='ltr'><strong>ac</strong></span> <span class='ocrx_word' id='word_1_841' title='bbox 2854 4906 3107 4961; x_wconf 89' lang='lat' dir='ltr'><strong>sincerus</strong></span> <span class='ocrx_word' id='word_1_842' title='bbox 3135 4908 3366 4973; x_wconf 89' lang='lat' dir='ltr'><strong>amicus,</strong></span> <span class='ocrx_word' id='word_1_843' title='bbox 3386 4908 3482 4980; x_wconf 90' lang='lat' dir='ltr'><strong>qui</strong></span> 
     </span>
    </p>
   </div>
   <div class='ocr_carea' id='block_1_104' title="bbox 1889 4995 3477 5054">
    <p class='ocr_par' dir='ltr' id='par_1_104' title="bbox 1889 4995 3477 5054">
     <span class='ocr_line' id='line_1_104' title="bbox 1889 4995 3477 5054; baseline 0.001 -2"><span class='ocrx_word' id='word_1_844' title='bbox 1889 5015 2039 5052; x_wconf 91' lang='lat' dir='ltr'><strong>nunc</strong></span> <span class='ocrx_word' id='word_1_845' title='bbox 2065 4997 2281 5052; x_wconf 89' lang='lat' dir='ltr'><strong>obtinet</strong></span> <span class='ocrx_word' id='word_1_846' title='bbox 2304 4997 2609 5051; x_wconf 90' lang='lat' dir='ltr'><strong>secundum</strong></span> <span class='ocrx_word' id='word_1_847' title='bbox 2651 4996 2832 5049; x_wconf 90' lang='lat' dir='ltr'><strong>locum</strong></span> <span class='ocrx_word' id='word_1_848' title='bbox 2865 4999 2922 5050; x_wconf 91' lang='lat' dir='ltr'><strong>in</strong></span> <span class='ocrx_word' id='word_1_849' title='bbox 2973 4995 3069 5050; x_wconf 91' lang='lat' dir='ltr'><strong>illo</strong></span> <span class='ocrx_word' id='word_1_850' title='bbox 3114 4998 3477 5054; x_wconf 86' lang='lat' dir='ltr'><strong>monasterio.</strong></span> 
     </span>
    </p>
   </div>
   <div class='ocr_carea' id='block_1_105' title="bbox 1889 5084 3480 5158">
    <p class='ocr_par' dir='ltr' id='par_1_105' title="bbox 1889 5084 3480 5158">
     <span class='ocr_line' id='line_1_105' title="bbox 1889 5084 3480 5158; baseline -0.001 -16"><span class='ocrx_word' id='word_1_851' title='bbox 1889 5088 2067 5152; x_wconf 89' lang='lat' dir='ltr'><strong>Quem</strong></span> <span class='ocrx_word' id='word_1_852' title='bbox 2098 5092 2162 5141; x_wconf 91' lang='lat' dir='ltr'><strong>ut</strong></span> <span class='ocrx_word' id='word_1_853' title='bbox 2183 5087 2278 5158; x_wconf 91' lang='lat' dir='ltr'><strong>qui</strong></span> <span class='ocrx_word' id='word_1_854' title='bbox 2307 5086 2381 5140; x_wconf 91' lang='lat' dir='ltr'><strong>sit</strong></span> <span class='ocrx_word' id='word_1_855' title='bbox 2395 5092 2592 5157; x_wconf 91' lang='lat' dir='ltr'><strong>potens</strong></span> <span class='ocrx_word' id='word_1_856' title='bbox 2612 5084 2671 5138; x_wconf 88' lang='lat' dir='ltr'><strong>in</strong></span> <span class='ocrx_word' id='word_1_857' title='bbox 2701 5085 2941 5152; x_wconf 89' lang='lat' dir='ltr'><strong>Christo,</strong></span> <span class='ocrx_word' id='word_1_858' title='bbox 2966 5086 3273 5157; x_wconf 84' lang='lat' dir='ltr'><strong>ﬁrmusque</strong></span> <span class='ocrx_word' id='word_1_859' title='bbox 3288 5102 3351 5140; x_wconf 89' lang='lat' dir='ltr'><strong>ac</strong></span> <span class='ocrx_word' id='word_1_860' title='bbox 3370 5092 3480 5140; x_wconf 90' lang='lat' dir='ltr'><strong>sta-</strong></span> 
     </span>
    </p>
   </div>
   <div class='ocr_carea' id='block_1_106' title="bbox 1887 5174 3477 5245">
    <p class='ocr_par' dir='ltr' id='par_1_106' title="bbox 1887 5174 3477 5245">
     <span class='ocr_line' id='line_1_106' title="bbox 1887 5174 3477 5245; baseline -0.002 -14"><span class='ocrx_word' id='word_1_861' title='bbox 1887 5176 2036 5241; x_wconf 90' lang='lat' dir='ltr'><strong>bilis,</strong></span> <span class='ocrx_word' id='word_1_862' title='bbox 2060 5193 2162 5230; x_wconf 91' lang='lat' dir='ltr'><strong>nec</strong></span> <span class='ocrx_word' id='word_1_863' title='bbox 2190 5176 2349 5230; x_wconf 84' lang='lat' dir='ltr'><strong>facile</strong></span> <span class='ocrx_word' id='word_1_864' title='bbox 2377 5174 2581 5228; x_wconf 78' lang='lat' dir='ltr'><strong>oilendi</strong></span> <span class='ocrx_word' id='word_1_865' title='bbox 2608 5174 2801 5245; x_wconf 90' lang='lat' dir='ltr'><strong>possit,</strong></span> <span class='ocrx_word' id='word_1_866' title='bbox 2826 5174 3059 5228; x_wconf 88' lang='lat' dir='ltr'><strong>mittunt</strong></span> <span class='ocrx_word' id='word_1_867' title='bbox 3083 5175 3151 5228; x_wconf 88' lang='lat' dir='ltr'><strong>ad</strong></span> <span class='ocrx_word' id='word_1_868' title='bbox 3178 5191 3309 5228; x_wconf 88' lang='lat' dir='ltr'><strong>suos</strong></span> <span class='ocrx_word' id='word_1_869' title='bbox 3336 5190 3477 5228; x_wconf 91' lang='lat' dir='ltr'><strong>usus</strong></span> 
     </span>
    </p>
   </div>
   <div class='ocr_carea' id='block_1_107' title="bbox 1885 5263 3480 5334">
    <p class='ocr_par' dir='ltr' id='par_1_107' title="bbox 1885 5263 3480 5334">
     <span class='ocr_line' id='line_1_107' title="bbox 1885 5263 3480 5334; baseline -0.002 -13"><span class='ocrx_word' id='word_1_870' title='bbox 1885 5265 2300 5330; x_wconf 80' lang='lat' dir='ltr'><strong>Alexandriam,</strong></span> <span class='ocrx_word' id='word_1_871' title='bbox 2327 5269 2392 5318; x_wconf 90' lang='lat' dir='ltr'><strong>ut</strong></span> <span class='ocrx_word' id='word_1_872' title='bbox 2422 5264 2625 5318; x_wconf 90' lang='lat' dir='ltr'><strong>vendat</strong></span> <span class='ocrx_word' id='word_1_873' title='bbox 2654 5263 2877 5334; x_wconf 88' lang='lat' dir='ltr'><strong>quidem</strong></span> <span class='ocrx_word' id='word_1_874' title='bbox 2908 5279 3102 5317; x_wconf 89' lang='lat' dir='ltr'><strong>eorum</strong></span> <span class='ocrx_word' id='word_1_875' title='bbox 3130 5269 3480 5333; x_wconf 83' lang='lat' dir='ltr'><strong>Opera,emat</strong></span> 
     </span>
    </p>
   </div>
   <div class='ocr_carea' id='block_1_108' title="bbox 1886 5352 3477 5427">
    <p class='ocr_par' dir='ltr' id='par_1_108' title="bbox 1886 5352 3477 5427">
     <span class='ocr_line' id='line_1_108' title="bbox 1886 5352 3477 5427; baseline -0.002 -17"><span class='ocrx_word' id='word_1_876' title='bbox 1886 5362 2074 5410; x_wconf 88' lang='lat' dir='ltr'><strong>autem</strong></span> <span class='ocrx_word' id='word_1_877' title='bbox 2107 5373 2231 5427; x_wconf 70' lang='lat' dir='ltr'><strong>quae</strong></span> <span class='ocrx_word' id='word_1_878' title='bbox 2251 5358 2383 5408; x_wconf 92' lang='lat' dir='ltr'><strong>sunt</strong></span> <span class='ocrx_word' id='word_1_879' title='bbox 2397 5353 2478 5407; x_wconf 89' lang='lat' dir='ltr'><strong>eis</strong></span> <span class='ocrx_word' id='word_1_880' title='bbox 2500 5353 2833 5407; x_wconf 87' lang='lat' dir='ltr'><strong>necessaria.</strong></span> <span class='ocrx_word' id='word_1_881' title='bbox 2858 5353 3200 5407; x_wconf 88' lang='lat' dir='ltr'><strong>Suntautem</strong></span> <span class='ocrx_word' id='word_1_882' title='bbox 3215 5352 3326 5406; x_wconf 87' lang='lat' dir='ltr'><strong>alia</strong></span> <span class='ocrx_word' id='word_1_883' title='bbox 3342 5369 3477 5423; x_wconf 90' lang='lat' dir='ltr'><strong>quo-</strong></span> 
     </span>
    </p>
   </div>
   <div class='ocr_carea' id='block_1_109' title="bbox 1885 5440 3472 5515">
    <p class='ocr_par' dir='ltr' id='par_1_109' title="bbox 1885 5440 3472 5515">
     <span class='ocr_line' id='line_1_109' title="bbox 1885 5440 3472 5515; baseline -0.003 -17"><span class='ocrx_word' id='word_1_884' title='bbox 1885 5460 1993 5515; x_wconf 89' lang='lat' dir='ltr'><strong>que</strong></span> <span class='ocrx_word' id='word_1_885' title='bbox 2022 5442 2363 5498; x_wconf 88' lang='lat' dir='ltr'><strong>monasteria</strong></span> <span class='ocrx_word' id='word_1_886' title='bbox 2385 5459 2507 5513; x_wconf 75' lang='lat' dir='ltr'><strong>quze</strong></span> <span class='ocrx_word' id='word_1_887' title='bbox 2527 5445 2787 5495; x_wconf 89' lang='lat' dir='ltr'><strong>constant</strong></span> <span class='ocrx_word' id='word_1_888' title='bbox 2809 5456 2874 5492; x_wconf 85' lang='lat' dir='ltr'><strong>ex</strong></span> <span class='ocrx_word' id='word_1_889' title='bbox 2897 5440 3149 5492; x_wconf 73' lang='lat' dir='ltr'><strong>ducentis</strong></span> <span class='ocrx_word' id='word_1_890' title='bbox 3167 5445 3225 5493; x_wconf 92' lang='lat' dir='ltr'><strong>et</strong></span> <span class='ocrx_word' id='word_1_891' title='bbox 3251 5446 3472 5494; x_wconf 89' lang='lat' dir='ltr'><strong>trecen-</strong></span> 
     </span>
    </p>
   </div>
   <div class='ocr_carea' id='block_1_110' title="bbox 1882 5527 3468 5601">
    <p class='ocr_par' dir='ltr' id='par_1_110' title="bbox 1882 5527 3468 5601">
     <span class='ocr_line' id='line_1_110' title="bbox 1882 5527 3468 5601; baseline -0.003 -13"><span class='ocrx_word' id='word_1_892' title='bbox 1882 5534 1956 5588; x_wconf 88' lang='lat' dir='ltr'><strong>tis</strong></span> <span class='ocrx_word' id='word_1_893' title='bbox 1968 5532 2262 5587; x_wconf 88' lang='lat' dir='ltr'><strong>animabus</strong></span> <span class='ocrx_word' id='word_1_894' title='bbox 2285 5544 2298 5575; x_wconf 73' lang='grc' dir='ltr'>ί</span> <span class='ocrx_word' id='word_1_895' title='bbox 2312 5572 2324 5585; x_wconf 91' lang='grc'><strong>.</strong></span> <span class='ocrx_word' id='word_1_896' title='bbox 2353 5536 2531 5601; x_wconf 81' lang='lat' dir='ltr'><strong>Atque</strong></span> <span class='ocrx_word' id='word_1_897' title='bbox 2540 5530 2596 5583; x_wconf 92' lang='lat' dir='ltr'><strong>in</strong></span> <span class='ocrx_word' id='word_1_898' title='bbox 2624 5528 2791 5582; x_wconf 90' lang='lat' dir='ltr'><strong>Panis</strong></span> <span class='ocrx_word' id='word_1_899' title='bbox 2803 5527 3027 5598; x_wconf 90' lang='lat' dir='ltr'><strong>quidem</strong></span> <span class='ocrx_word' id='word_1_900' title='bbox 3042 5528 3328 5597; x_wconf 87' lang='lat' dir='ltr'><strong>ingressus</strong></span> <span class='ocrx_word' id='word_1_901' title='bbox 3340 5545 3468 5584; x_wconf 92' lang='lat' dir='ltr'><strong>sum</strong></span> 
     </span>
    </p>
   </div>
   <div class='ocr_carea' id='block_1_111' title="bbox 1883 5617 3472 5693">
    <p class='ocr_par' dir='ltr' id='par_1_111' title="bbox 1883 5617 3472 5693">
     <span class='ocr_line' id='line_1_111' title="bbox 1883 5617 3472 5693; baseline -0.003 -16"><span class='ocrx_word' id='word_1_902' title='bbox 1883 5622 2165 5677; x_wconf 88' lang='lat' dir='ltr'><strong>civitatem</strong></span> <span class='ocrx_word' id='word_1_903' title='bbox 2191 5620 2313 5693; x_wconf 86' lang='lat'><strong>(8|),</strong></span> <span class='ocrx_word' id='word_1_904' title='bbox 2340 5621 2399 5675; x_wconf 90' lang='lat' dir='ltr'><strong>in</strong></span> <span class='ocrx_word' id='word_1_905' title='bbox 2418 5635 2529 5691; x_wconf 89' lang='lat' dir='ltr'><strong>qua</strong></span> <span class='ocrx_word' id='word_1_906' title='bbox 2562 5617 2964 5673; x_wconf 87' lang='lat' dir='ltr'><strong>monasterium</strong></span> <span class='ocrx_word' id='word_1_907' title='bbox 2995 5623 3215 5672; x_wconf 89' lang='lat' dir='ltr'><strong>constat</strong></span> <span class='ocrx_word' id='word_1_908' title='bbox 3245 5634 3310 5672; x_wconf 84' lang='lat' dir='ltr'><strong>ex</strong></span> <span class='ocrx_word' id='word_1_909' title='bbox 3339 5618 3472 5673; x_wconf 87' lang='lat' dir='ltr'><strong>viris</strong></span> 
     </span>
    </p>
   </div>
   <div class='ocr_carea' id='block_1_112' title="bbox 274 5743 2030 5819">
    <p class='ocr_par' dir='ltr' id='par_1_112' title="bbox 274 5743 2030 5819">
     <span class='ocr_line' id='line_1_112' title="bbox 274 5743 2030 5819; baseline 0.003 -21"><span class='ocrx_word' id='word_1_910' title='bbox 274 5746 293 5781; x_wconf 76' lang='grc'>²</span> <span class='ocrx_word' id='word_1_911' title='bbox 328 5744 434 5799; x_wconf 88' lang='lat' dir='ltr'><strong>Hic</strong></span> <span class='ocrx_word' id='word_1_912' title='bbox 460 5745 719 5815; x_wconf 68' lang='lat' dir='ltr'><strong>quaedam</strong></span> <span class='ocrx_word' id='word_1_913' title='bbox 749 5746 808 5801; x_wconf 90' lang='lat' dir='ltr'><strong>in</strong></span> <span class='ocrx_word' id='word_1_914' title='bbox 836 5746 1048 5814; x_wconf 80' lang='lat' dir='ltr'><strong>Graeco,</strong></span> <span class='ocrx_word' id='word_1_915' title='bbox 1085 5763 1207 5816; x_wconf 77' lang='lat' dir='ltr'><strong>quae</strong></span> <span class='ocrx_word' id='word_1_916' title='bbox 1238 5745 1409 5802; x_wconf 86' lang='lat' dir='ltr'><strong>habet</strong></span> <span class='ocrx_word' id='word_1_917' title='bbox 1438 5747 1760 5813; x_wconf 82' lang='lat' dir='ltr'><strong>Heraclides</strong></span> <span class='ocrx_word' id='word_1_918' title='bbox 1787 5764 1910 5819; x_wconf 84' lang='lat' dir='ltr'><strong>cap.</strong></span> <span class='ocrx_word' id='word_1_919' title='bbox 1946 5743 2030 5803; x_wconf 84' lang='lat' dir='ltr'><strong>l9.</strong></span> 
     </span>
    </p>
   </div>
  </div>
