3910 6372
423 299 566 361 1139

423 537 547 590 qua:
567 528 886 591 supersunt,
910 522 1188 578 aediﬁcant
1205 521 1492 591 (82)etiam
1512 526 1812 581 mulierum
1825 543 2016 581 mona-

418 609 611 676 steria,
645 617 702 665 et
730 611 1032 668 custodias.
1065 613 1228 667 Mane
1251 629 1382 684 ergo
1411 621 1707 684 surgentes
1735 615 1773 670 ii
1805 616 2006 688 quibus

414 715 522 752 sua
549 699 666 754 vice
693 700 798 755 hoc
819 717 1025 756 munus
1053 701 1311 772 obtingit,
1330 703 1426 756 alii
1453 704 1678 774 quidem
1707 711 1840 760 sunt
1856 723 2015 760 occu-

417 787 534 858 pati
557 789 616 843 in
635 789 840 856 culina,
859 790 955 845 alii
966 807 1097 845 vero
1117 796 1413 846 versantur
1429 791 1486 848 in
1504 794 1711 849 mensis
1727 795 2009 866 parandis,

415 893 628 932 mensa:
646 877 1000 949 imponentes
1015 896 1189 951 panes
1210 886 1266 935 et
1283 881 1436 935 olera
1451 883 1711 952 agrestia,
1728 883 2014 950 olivas,ca-

414 982 558 1033 seos,
582 971 637 1020 et
652 973 930 1023 extremas
951 970 1205 1024 carnium
1224 976 1432 1040 partes,
1452 977 1509 1024 et
1537 971 1880 1027 comminuta
1905 973 2014 1028 ole-

410 1071 496 1112 ra.
511 1055 702 1127 Atque
714 1056 1109 1128 ingrediuntur
1123 1059 1371 1131 quidem,
1388 1061 1484 1132 qui
1501 1061 1686 1116 minus
1704 1068 1834 1116 sunt
1850 1061 2014 1117 robu-

409 1143 504 1212 sti,
526 1145 668 1200 hora
689 1147 947 1218 septima,
981 1153 1038 1202 et
1058 1149 1381 1216 comedunt,
1398 1155 1462 1204 ut
1489 1149 1585 1220 qui
1609 1151 1725 1205 sint
1761 1150 2014 1206 imbecil-

413 1233 616 1302 liores;
651 1235 746 1289 alii
780 1253 950 1302 nona,
973 1238 1068 1291 alii
1094 1239 1332 1304 decima,
1357 1239 1451 1293 alii
1476 1256 1600 1293 sero
1635 1257 1882 1310 vespere,
1915 1241 2011 1294 alii

410 1329 541 1394 post
554 1323 808 1392 biduum,
823 1326 918 1380 alii
930 1333 1058 1397 post
1072 1327 1342 1392 triduum,
1359 1327 1454 1381 alii
1477 1334 1602 1398 post
1624 1329 1982 1400 quatriduum
1993 1369 2006 1395 ,

413 1412 510 1466 alii
520 1419 649 1485 post
660 1415 907 1486 quinque
924 1415 1060 1482 dies,
1079 1416 1216 1470 adeo
1237 1422 1302 1471 ut
1316 1418 1753 1489 unumquodque
1775 1419 2013 1473 elemen-

411 1507 536 1556 tum
563 1503 760 1558 horam
783 1505 1067 1575 propriam
1093 1505 1384 1575 signiﬁcet.
1414 1507 1506 1561 Sic
1527 1513 1716 1561 autem
1741 1515 1903 1561 erant
1921 1525 2011 1562 eo-

408 1607 539 1646 rum
563 1609 786 1664 quoque
807 1610 1008 1664 opera:
1039 1594 1180 1648 alius
1201 1595 1424 1664 quidem
1443 1595 1662 1650 laborat
1681 1597 1739 1651 in
1763 1614 1900 1668 agro
1923 1615 2010 1652 co-

410 1680 599 1747 lendo,
631 1682 775 1736 alius
805 1683 862 1736 in
884 1684 1064 1748 horto,
1100 1685 1242 1738 alius
1271 1685 1327 1739 in
1356 1685 1610 1756 pistrino,
1633 1687 1777 1741 alius
1799 1687 1854 1742 in
1885 1688 2010 1743 aeris

1527 307 1623 364 DE
1659 307 1850 366 VITIS
1887 304 2186 365 PATRUM
2219 304 2436 366 LIBER
2471 303 2627 360 VIII.

418 430 708 487 trecentis.
734 431 1008 487 Exercent
1047 436 1237 488 autem
1268 449 1493 492 omnem
1538 440 1738 504 artem,
1771 442 1828 494 et
1855 453 1922 492 ex
1952 436 2088 498 iisA

3560 301 3701 361 1140

2699 429 2932 487 CAPUT
2958 429 3101 485 XLI.

2230 525 2304 578 De
2348 523 2566 592 Virgine
2601 517 2704 590 (86)
2751 536 2870 590 qua:
2897 520 3200 574 simulabat
3235 521 3560 574 stultitiam.

2169 613 2234 669 In
2247 613 2350 668 hoc
2368 610 2707 666 monasterio
2727 611 2833 664 iuit
2847 609 2958 664 alia
2977 608 3132 678 virgo
3149 626 3271 680 qua:
3290 614 3525 680 propter
3541 608 3696 663 Chri-

2097 709 2248 758 stum
2265 701 2564 756 simulabat
2583 700 2882 754 stultitiam
2905 700 3125 771 (Petag.,
3145 701 3314 754 libetl.
3329 713 3483 764 xvm,
3503 715 3558 752 η.
3583 695 3690 766 19),

2102 795 2284 860 0‘38
2315 797 2372 846 et
2391 809 2450 845 se
2469 808 2504 844 a
2531 791 2783 846 daemone
2803 789 3082 860 occupari,
3109 788 3451 859 persuadens
3474 787 3579 842 sibi
3596 804 3695 859 per

2094 882 2214 936 hZBP.
2239 881 2505 934 virtutem
2529 879 2738 952 optime
2761 893 3036 942 exercere,
3065 893 3123 932 se
3139 877 3197 930 in
3226 893 3293 931 ea
3314 877 3578 948 praeclare
3593 894 3691 948 ge-

2096 988 2245 1036 rens,
2266 986 2436 1042 seque
2461 969 2700 1023 reddens
2725 967 3000 1039 abjectam
3025 972 3082 1020 et
3111 966 3400 1021 humilem.
3427 967 3584 1020 Hanc
3605 983 3692 1020 us-

2096 1078 2204 1132 que
2237 1060 2378 1114 adco
2406 1059 2634 1130 reliquae
2663 1063 2796 1112 sunt
2837 1061 3169 1128 aspernatae,
3205 1061 3270 1110 ut
3313 1071 3417 1110 nec
3454 1072 3583 1110 cum
3627 1071 3691 1109 ea

2096 1149 2319 1220 quidem
2346 1153 2722 1212 vescerentur,
2766 1147 2823 1200 id
2861 1146 2958 1200 illa
2987 1145 3290 1217 excipiente
3317 1157 3443 1199 cum
3473 1145 3685 1200 laetitia.

2094 1239 2424 1294 Discurrens
2445 1238 2636 1308 itaque
2659 1237 2718 1290 in
2739 1235 3004 1300 culinam,
3043 1233 3338 1288 exhibebat
3373 1233 3498 1288 aliis
3527 1251 3690 1288 omne

2092 1313 2271 1398 genus
2287 1327 2679 1388 ministerium,
2707 1325 2846 1378 adeo
2868 1329 3046 1378 utnec
3060 1325 3257 1378 horam
3274 1323 3498 1394 quidem
3518 1340 3687 1378 unam

2093 1417 2514 1480 intermitteret,
2541 1415 2636 1469 sed
2663 1420 2930 1485 tanquam
2949 1413 3149 1467 ancilla
3171 1413 3435 1467 serviret:
3459 1418 3690 1484 eratque

2095 1507 2210 1561 haec
2231 1507 2413 1562 beata.
2433 1511 2498 1559 ut
2517 1505 2742 1570 dicitur,
2758 1503 2992 1576 spongia
3007 1501 3352 1562 monasterii,
3372 1519 3564 1556 revera
3582 1503 3688 1556 im-

2095 1598 2252 1668 plens
2292 1596 2348 1650 id
2381 1595 2527 1667 quod
2561 1593 2832 1664 scriptum
2861 1598 2947 1646 est
2969 1592 3026 1646 in
3057 1591 3353 1662 Evangelio
3385 1610 3397 1644 :
3441 1591 3548 1655 Qui
3574 1593 3694 1646 vult

2093 1685 2242 1739 inter
2252 1701 2348 1737 vos
2365 1700 2486 1738 esse
2508 1699 2764 1753 magnus,
2783 1682 2856 1734 sit
2869 1680 3119 1734 omnium
3138 1695 3349 1738 servus.
3369 1685 3426 1732 et
3439 1681 3688 1734 omnium

413 1769 656 1839 ofﬁcina,
687 1772 830 1826 alius
856 1773 914 1828 in
941 1773 1280 1841 fabricando,
1317 1776 1461 1830 alius
1500 1775 1556 1830 in
1591 1782 1710 1831 arte
1754 1777 2006 1844 fullonia,
2030 1773 2352 1852 Bminister
2377 1773 2594 1838 (Matth.
2637 1786 2738 1838 xx;
2770 1772 2942 1824 Marc.
2979 1769 3076 1838 x.).
3105 1769 3174 1823 Et
3201 1783 3394 1822 rursus
3415 1767 3547 1822 alibi
3581 1787 3594 1822 :
3631 1768 3690 1822 Si

413 1858 559 1914 alius
588 1860 647 1914 in
667 1862 932 1932 parandis
953 1863 1116 1916 coriis
1139 1861 1268 1929 (83),
1293 1864 1434 1918 alius
1454 1864 1512 1918 in
1543 1867 1874 1920 consuendis
1895 1867 2010 1921 cal-

411 1949 542 2013 ceis,
559 1949 705 2005 alius
723 1951 781 2004 in
793 1952 1023 2022 pulchre
1050 1952 1363 2019 scribendo,
1382 1954 1524 2009 alius
1546 1954 1880 2010 contexebat
1897 1972 2012 2010 ma-

409 2053 554 2108 gnas
567 2044 805 2110 sportas,
829 2041 974 2095 alius
996 2042 1269 2097 canistros
1295 2048 1351 2097 et
1367 2043 1664 2114 sportulas.
1685 2045 2011 2100 Memoriter

411 2132 604 2182 autem
641 2145 836 2184 omnes
866 2141 1200 2202 expromunt
1229 2132 1566 2204 Scripturas.

483 2217 698 2272 Horum
715 2224 801 2272 est
818 2220 1116 2274 mulierum
1132 2238 1353 2292 quoque
1367 2223 1769 2278 monasterium
1791 2224 2014 2279 circiter

411 2307 972 2378 quadringentarum,
1006 2311 1152 2381 quod
1184 2311 1352 2364 habet
1371 2313 1622 2366 eamdem
1654 2313 1874 2369 vivendi
1907 2313 2014 2368 for-

409 2411 565 2450 mam
598 2401 655 2451 et
685 2397 834 2452 idem
858 2399 1201 2464 institutum,
1231 2412 1434 2471 prieter
1453 2402 1654 2472 pellem
1681 2402 1924 2458 ovillam.
1945 2403 2013 2458 Et

409 2491 546 2540 sunt
573 2486 801 2556 quidem
823 2488 1087 2543 mulieres
1107 2495 1264 2543 trans
1283 2491 1513 2544 fluvium
1537 2491 1722 2545 Nilum
1746 2509 1759 2558 ;
1781 2491 1886 2545 viri
1917 2508 2012 2547 au-

409 2580 526 2630 tem
553 2591 620 2630 ex
649 2576 882 2630 adverso
906 2595 1120 2632 earum.
1155 2579 1213 2632 Si
1240 2579 1394 2649 virgo
1425 2585 1613 2634 autem
1645 2579 1866 2646 abierit,
1889 2581 2014 2636 reli-

413 2679 537 2734 qua
552 2664 794 2736 virgines
807 2683 930 2720 cum
950 2683 1072 2721 eam
1093 2667 1162 2722 ad
1174 2669 1520 2739 sepulturam
1537 2669 2009 2736 concinnaverint,

413 2753 676 2818 eil'erunt,
701 2759 756 2807 et
776 2771 898 2808 eam
920 2761 1137 2827 ponunt
1156 2756 1224 2810 ad
1250 2758 1430 2827 ripam
1450 2758 1622 2812 ﬂuvii.
1647 2759 2012 2828 Trajicientes

411 2846 605 2898 autem
635 2842 836 2897 fratres
853 2861 978 2898 cum
1009 2845 1210 2916 palmis
1233 2853 1290 2900 et
1309 2845 1480 2900 ramis
1509 2847 1665 2902 olivae
1697 2853 1754 2902 et
1778 2849 2013 2918 psalmo-

413 2930 529 2996 dia,
561 2948 686 2986 eam
715 2934 1126 2996 transmittunt,
1161 2941 1218 2989 et
1247 2935 1305 2989 in
1335 2935 1452 2989 suis
1481 2935 1840 2992 monimentis
1861 2955 2016 3009 sepe-

413 3019 580 3075 liunt.
595 3019 809 3076 Praeter
827 3022 1217 3095 presbyterum
1235 3031 1426 3078 autem
1445 3031 1500 3078 et
1513 3025 1808 3080 diaconum
1827 3027 2013 3082 nullus

413 3109 624 3165 transit
645 3110 717 3164 ad
738 3113 1511 3176 monasteriumteminarum,
1529 3114 1698 3185 idque
1717 3115 1809 3169 die
1830 3115 2015 3172 Domi-
2031 3113 2074 3174 C

413 3199 560 3254 nico.

1015 3328 1249 3383 CAPUT
1291 3329 1431 3384 XL.1

414 3435 491 3507 De
529 3451 750 3520 Virgine
779 3449 904 3522 (84),
955 3453 1020 3507 de
1061 3455 1172 3524 qua‘
1219 3455 1413 3522 fuerat
1458 3455 1672 3509 dictum
1700 3457 1910 3524 falsum
1947 3463 2018 3512 te-

1046 3543 1370 3598 stimonium
1383 3585 1395 3598 .

487 3650 557 3705 In
579 3649 685 3704 hoc
704 3651 1044 3705 monasterio
1059 3651 1396 3706 feminarum
1418 3653 1534 3707 haec
1560 3669 1649 3707 res
1670 3653 1890 3709 accidit.
1917 3655 2018 3710 Su-

419 3743 513 3793 tor
532 3737 813 3794 seecularis
841 3757 968 3794 cum
988 3741 1303 3812 trajecisset
1325 3759 1426 3812 per
1451 3743 1849 3812 ignorantiam,
1875 3761 2021 3815 quie-

414 3827 576 3883 rebat
591 3845 732 3900 opus
757 3848 768 3882 :
787 3847 1014 3899 egressa
1033 3835 1224 3884 autem
1241 3847 1352 3885 una
1371 3831 1565 3900 junior
1583 3849 1751 3903 quam
1784 3833 1906 3902 ejus
1926 3851 2020 3904 po-

415 3917 657 3972 stularet
685 3921 829 3972 ratio
863 3922 970 3986 (est
999 3919 1151 3974 enim
1189 3921 1344 3973 locus
1374 3920 1644 3975 desertus.
1682 3921 1858 3977 invita
1888 3939 2018 3977 eum

420 4007 698 4072 convenit,
727 4007 994 4078 deditque
1015 4008 1066 4063 ei
1096 4025 1458 4080 responsum:
1487 4011 1602 4064 Nos
1633 4009 1904 4066 habemus
1924 4028 2019 4066 no-

418 4100 565 4151 stros
581 4097 949 4150 sutores.Alia
959 4102 1150 4152 autem
1165 4115 1288 4170 quae
1299 4100 1348 4168 ej
1358 4115 1420 4153 us
1430 4099 1644 4154 viderat
1657 4099 2016 4170 colloquium,

419 4201 550 4239 cum
579 4201 845 4256 processu
875 4186 1145 4257 temporis
1185 4187 1332 4241 inter
1361 4204 1456 4242 eas
1486 4194 1678 4243 exorta
1707 4197 1855 4244 esset
1883 4206 2018 4244 con-

416 4275 616 4340 tentio,
641 4291 710 4328 ex
731 4273 939 4329 diaboli
961 4277 1337 4345 suggestione,
1357 4293 1470 4348 pra:
1489 4295 1712 4332 summa
1733 4279 1948 4334 malitia
1964 4287 2021 4335 et

415 4363 591 4418 animi
622 4364 1081 4418 excandescentia
1107 4382 1229 4420 eam
1259 4367 1598 4422 calumniata
1628 4374 1713 4422 est
1733 4369 1882 4440 apud
1905 4370 2020 4425 ira-

2094 1863 2220 1934 quis
2248 1863 2466 1916 videtur
2485 1878 2605 1914 esse
2622 1859 2771 1914 inter
2793 1873 2887 1913 vos
2915 1857 3138 1929 sapiens
3163 1857 3220 1911 in
3243 1857 3346 1911 hoc
3375 1857 3594 1924 saeculo,
3616 1856 3691 1912 sit

2093 1953 2299 2007 stultus
2322 1957 2385 2006 ut
2405 1952 2504 2004 ﬁat
2520 1949 2742 2021 sapiens
2765 1951 2812 2017 (Ι
2834 1948 2954 2004 Cor.
2975 1953 3081 2011 III).
3101 1948 3283 2022 Atque
3311 1945 3549 2000 aliarum
3573 1947 3692 2018 qui-

2093 2043 2219 2096 dem
2238 2041 2516 2112 virginum
2533 2045 2656 2094 erat
2670 2037 2947 2109 ejusmodi
2963 2036 3277 2103 habitus,ut
3291 2042 3477 2092 essent
3491 2042 3685 2102 tonsae,

2095 2137 2152 2185 et
2175 2130 2446 2186 haberent
2465 2128 2708 2182 cucullos
2725 2127 2780 2180 in
2803 2126 3013 2198 capite;
3032 2126 3153 2197 ipsa
3172 2142 3304 2180 vero
3325 2141 3511 2196 panno
3523 2132 3690 2197 caput

2096 2221 2358 2274 obvoluta
2389 2217 2580 2274 obibat
2613 2231 2807 2270 earum
2837 2216 3087 2270 omnium
3121 2215 3516 2270 ministerium.
3552 2215 3688 2270 Eam

2095 2311 2250 2364 nulla
2269 2327 2336 2364 ex
2361 2305 2784 2380 quadringentis
2797 2305 2935 2360 vidit
2950 2305 3306 2359 mandentem
3328 2304 3586 2359 omnibus
3596 2321 3690 2359 an-

2095 2400 2182 2454 nis
2193 2400 2316 2453 vitae
2333 2399 2539 2452 suzeJn
2558 2412 2752 2450 mensa
2769 2411 3055 2466 nunquam
3065 2394 3416 2465 sedit,neque
3441 2411 3690 2466 unquam

2092 2490 2472 2558 fragmentum
2513 2486 2674 2558 panis
2717 2484 2975 2550 comedit,
3008 2483 3106 2538 sed
3148 2483 3322 2537 micas
3365 2497 3690 2538 mensarum

2096 2577 2329 2649 spongia
2355 2577 2638 2646 colligens,
2671 2579 2728 2626 et
2753 2573 2892 2626 ollas
2921 2572 3232 2636 lavans,his
3253 2577 3372 2626 erat
3403 2575 3688 2626 contenta.

2097 2670 2292 2738 Neque
2315 2683 2443 2720 vero
2457 2683 2522 2719 ea
2541 2679 2790 2735 unquam
2813 2663 2998 2716 induit
3009 2663 3428 2732 calceos,neque
3445 2661 3695 2732 aliquem

2097 2758 2282 2812 aii‘ecit
2300 2755 2658 2818 contumelia,
2679 2771 2790 2808 non
2805 2752 3195 2818 murmuravit,
3218 2768 3332 2805 non
3350 2767 3581 2822 parvum
3605 2752 3694 2805 vel

2096 2863 2366 2917 magnum
2389 2845 2523 2918 quid
2545 2851 2631 2898 est
2649 2844 2853 2907 locuta,
2874 2841 2978 2896 etsi
2995 2841 3336 2896 contumelia
3349 2839 3690 2906 afﬁceretur,

2097 2941 2154 2990 et
2183 2935 2385 3007 pugnis
2414 2934 2764 3000 tunderetur,
2799 2936 2857 2986 et
2884 2929 3194 2986 maledictis
3224 2935 3604 3003 appeteretur,
3641 2935 3700 2985 et

2098 3025 2329 3096 plurimi
2361 3040 2486 3080 eam
2507 3021 2992 3078 abominarentur.

2682 3146 2915 3207 CAPUT
2943 3145 3111 3202 XLII.

2590 3274 2664 3328 De
2709 3278 2897 3327 sancto
2925 3273 3192 3327 Pitirum.

2170 3384 2252 3440 De
2276 3383 2379 3436 hac
2400 3386 2612 3447 sancta,
2637 3383 2829 3434 sancto
2846 3378 3087 3434 Pitirum
3107 3375 3470 3442 anachoreta,
3489 3377 3584 3448 qui
3606 3393 3697 3432 se~

2099 3472 2267 3526 debat
2287 3472 2343 3526 in
2357 3467 2832 3544 Porphyrite,viro
2845 3467 3236 3540 probatissimo
3250 3467 3308 3544 in
3321 3466 3522 3520 virtute
3538 3481 3698 3520 exer-

2099 3561 2398 3625 citationis,
2409 3560 2588 3614 astitit
2600 3559 2852 3614 revelans
2867 3558 3300 3628 angelus(Pelag.
3311 3600 3324 3623 ,
3346 3557 3489 3612 libet!
3497 3597 3510 3608 .
3529 3567 3696 3614 xvm.

2103 3669 2260 3708 num.
2275 3650 2364 3717 19,
2383 3653 2481 3704 ubi
2495 3651 2706 3703 dicitur
2726 3649 3058 3716 Pyotcrius),
3085 3645 3180 3718 qui
3198 3646 3245 3700 ei
3266 3645 3404 3700 dixit
3425 3663 3436 3698 :
3461 3643 3698 3700 Curtibi

2102 3742 2306 3814 places,
2339 3745 2394 3794 et
2423 3745 2480 3798 te
2510 3738 2808 3810 magniﬁce
2839 3736 3216 3808 circumspicis
3247 3735 3316 3790 ob
3341 3751 3406 3790 ea
3433 3751 3548 3806 qua:
3574 3751 3608 3788 a
3638 3740 3699 3790 te

2101 3835 2253 3885 recte
2281 3835 2338 3884 et
2358 3846 2423 3882 ex
2451 3827 2656 3882 virtute
2677 3831 2970 3898 geruntur,
3005 3832 3068 3882 ut
3097 3825 3190 3897 qui
3221 3825 3298 3880 sis
3319 3824 3440 3896 pius
3465 3829 3521 3876 et
3541 3823 3700 3876 redi-

2099 3921 2310 3991 giosus,
2339 3921 2395 3972 et
2412 3917 2608 3972 sedeas
2627 3916 2687 3970 in
2712 3917 2814 3970 hoc
2834 3915 2990 3970 loco?
3006 3915 3104 3969 Vis
3125 3915 3309 3968 videre
3327 3913 3616 3968 mulierem
3637 3919 3701 3966 te

2102 4009 2281 4080 magis
2300 4007 2449 4080 piam
2471 4023 2536 4060 ac
2555 4005 2875 4076 religiosam
2889 4003 3028 4060 ?Abi
3043 4004 3101 4058 in
3121 4002 3519 4058 monasterium
3537 4001 3704 4056 femi-

2102 4114 2305 4155 narum
2326 4094 2886 4159 Tabennesiotarum,
2903 4099 2960 4148 et
2973 4093 3222 4148 invenies
3242 4093 3354 4147 illic
3373 4108 3538 4146 unam
3567 4109 3700 4163 quae

2100 4187 2271 4243 habet
2295 4185 2686 4244 redimiculum
2705 4184 2817 4251 (87)
2837 4183 2896 4237 in
2925 4183 3133 4254 capite;
3161 4197 3230 4238 ea
3258 4187 3342 4236 est
3367 4188 3422 4236 te
3450 4181 3651 4235 melior
3681 4201 3698 4237 :

2103 4295 2226 4349 quae
2253 4293 2380 4331 cum
2405 4279 2563 4329 tanta
2583 4273 2750 4328 turba
2767 4273 3078 4338 decertans,
3098 4277 3155 4326 et
3175 4271 3429 4326 omnibus
3443 4271 3702 4326 indiscri-

2101 4365 2360 4420 minatim
2385 4363 2651 4428 serviens,
2678 4379 2774 4416 cor
2801 4377 3089 4432 nunquam
3113 4361 3340 4415 abduxit
3364 4377 3397 4414 a
3417 4361 3550 4428 Deo,
3585 4361 3698 4414 etsi

414 4453 742 4508 ternitatem
769 4459 998 4526 propter
1026 4453 1081 4508 id
1107 4455 1467 4526 colloquium.
1497 4457 1639 4510 Cum
1662 4473 1770 4528 qua
1789 4475 2021 4514 concur—
2101 4455 2172 4508 ab
2203 4454 2462 4510 omnibus
2477 4452 2715 4526 superbe
2730 4457 3142 4508 contemnatur.
3165 4451 3247 4506 Tu
3271 4453 3453 4504 autem
3471 4449 3697 4504 etiamsi

414 4548 615 4596 rerunt
644 4560 850 4614 paucae,
887 4560 1009 4614 quae
1031 4561 1142 4598 non
1173 4545 1313 4599 adeo
1337 4563 1539 4616 magna
1558 4546 1882 4602 ferebantur
1902 4565 2018 4602 ma-
2038 4559 2086 4618 D
2103 4543 2196 4598 hic
2211 4541 2407 4598 sedeas
2429 4560 2548 4614 ,per
2566 4540 2732 4596 urbes
2760 4547 2951 4595 tamen
2980 4539 3198 4610 vagaris
3221 4539 3569 4609 cogitatione,
3592 4539 3697 4608 qui

414 4631 878 4687 litia.Illaautem
891 4633 1081 4688 dolore
1094 4634 1433 4698 confecta,ut
1445 4653 1567 4707 qua:
1580 4637 1748 4690 talem
1761 4637 2025 4692 subiisset
2107 4633 2298 4688 orbem
2331 4631 2694 4686 habitabilem
2719 4645 3009 4702 nunquam
3032 4629 3255 4684 calcasti
3283 4624 3527 4700 pedibus.
3560 4629 3697 4682 Sur-

417 4721 779 4788 calumniam,
800 4739 923 4795 quae
947 4739 1016 4777 ne
1036 4723 1094 4777 in
1109 4725 1158 4794 ej
1169 4741 1231 4778 us
1257 4724 1482 4794 quidem
1508 4731 1755 4781 mentem
1775 4733 2017 4794 venerat,
2103 4740 2242 4794 gens
2255 4729 2442 4777 autem
2459 4720 2954 4792 magnusPitiruni,
2971 4718 3122 4773 venit
3137 4734 3312 4790 usque
3331 4713 3400 4772 ad
3416 4721 3698 4772 monaste-

414 4826 522 4865 nec
536 4827 654 4864 rem
679 4811 955 4882 potuisset
981 4813 1242 4878 tolerare,
1278 4831 1338 4868 se
1363 4814 1504 4868 clam
1529 4815 1667 4886 jecit
1695 4815 1752 4869 in
1785 4817 2016 4872 [luvium
2099 4809 2248 4866 rium
2269 4808 2822 4875 Tabennesiotarum,
2840 4813 2897 4862 et
2908 4811 3070 4878 rogat
3084 4808 3381 4878 magistros
3395 4811 3458 4861 ut
3471 4806 3700 4860 liceatei

417 4904 478 4953 et
502 4899 583 4954 sic
610 4899 769 4955 obiit.
814 4901 956 4955 Cum
985 4905 1172 4957 autem
1201 4903 1260 4957 id
1290 4904 1559 4958 sensisset
1587 4921 1654 4959 ea
1682 4922 1805 4976 qua:
1837 4905 2016 4977 ipsam
2099 4900 2342 4956 transire
2359 4917 2534 4972 usque
2551 4898 2620 4954 ad
2635 4897 3038 4956 monasterium
3055 4897 3408 4964 feminarum;
3426 4899 3486 4950 ut
3499 4895 3595 4966 qui
3610 4911 3701 4949 es-

413 4989 604 5044 fuerat
616 4989 978 5058 calumniata,
997 4997 1054 5046 et
1075 4992 1305 5047 vidisset
1319 5010 1377 5047 se
1399 4993 1679 5048 malitiose
1703 5011 1826 5049 eam
1848 4995 2018 5051 fuisse
2103 4996 2187 5044 set
2207 5007 2340 5061 ergo
2358 4988 2505 5044 inter
2523 4989 2720 5044 Patres
2738 5003 2956 5058 magna:
2976 4985 3418 5055 existimationis,
3443 4990 3496 5039 et
3508 5001 3702 5039 conse-

412 5079 837 5148 calumniatam,
872 5096 929 5136 et
957 5081 1062 5136 hoc
1082 5083 1262 5136 scelus
1293 5083 1396 5152 (85)
1421 5099 1455 5137 a
1481 5101 1539 5138 se
1561 5085 1943 5152 commissum,
1963 5091 2022 5140 et

414 5169 539 5240 ipsa
562 5185 786 5241 quoque
801 5186 860 5224 se
877 5170 1020 5224 clam
1038 5171 1346 5236 suﬂ‘ocavit,
1369 5189 1496 5226 cum
1516 5173 1724 5226 factum
1751 5189 1897 5244 aegre
1915 5173 2020 5228 fer-

409 5264 518 5316 ret.
543 5260 688 5313 Cum
705 5265 899 5314 autem
917 5261 1160 5315 venisset
1182 5261 1494 5332 presbyter,
1517 5262 1748 5333 reliqua:
1773 5262 2018 5333 virgines

407 5347 460 5402 ei
477 5364 601 5404 rem
616 5349 1081 5404 renuntiaverunt
1102 5369 1112 5403 :
1127 5351 1299 5420 jussit
1314 5349 1503 5421 itaque
1526 5367 1627 5422 pro
1642 5351 1798 5406 nulla
1814 5351 2016 5407 harum

407 5435 530 5491 ﬁeri
544 5435 905 5492 oblationem.
931 5439 1198 5510 Reliquas
1217 5445 1409 5494 autem
1437 5446 1709 5510 tanquam
1739 5441 2006 5510 conscias,

407 5529 466 5577 et
489 5541 614 5596 quae
639 5526 1084 5583 calumniantem
1121 5545 1236 5584 non
1281 5536 1761 5600 compescuerant,
1805 5536 1861 5584 et
1888 5547 2010 5603 qum

407 5610 558 5666 dicta
581 5619 714 5668 sunt
737 5616 1112 5684 crediderant,
1145 5618 1506 5690 septennium
1544 5620 1882 5688 segregavit,
1915 5637 2010 5676 eas

409 5700 914 5759 cxcommunicans.

2103 5079 2319 5136 nuisset
2335 5079 2392 5134 in
2417 5079 2832 5144 exercitatione,
2849 5077 2994 5132 bono
3011 5091 3076 5130 ac
3088 5075 3282 5133 ﬁdenti
3298 5075 3481 5130 animo
3507 5081 3698 5128 trans-

2103 5169 2274 5224 misso
2290 5169 2454 5224 ﬂuvio
2467 5185 2596 5223 eum
2607 5167 3209 5226 introduxerunt.Cum
3221 5170 3407 5220 autem
3422 5171 3692 5230 orassent,

2101 5259 2264 5332 petiit
2285 5275 2526 5328 magnus
2554 5257 2794 5311 Pitirum
2830 5260 2896 5310 ut
2923 5255 3166 5326 virgines
3196 5268 3388 5308 omnes
3415 5267 3602 5308 coram
3629 5270 3696 5307 ex

2099 5349 2238 5403 facie
2261 5348 2496 5402 videret.
2527 5347 2669 5402 Cum
2698 5361 2891 5400 omnes
2921 5361 3054 5416 ergo
3074 5344 3133 5398 in
3163 5343 3409 5399 medium
3439 5343 3695 5397 accessis-

2098 5443 2244 5506 sent,
2277 5437 2374 5491 illa
2402 5453 2514 5491 non
2540 5435 2820 5508 apparuit.
2839 5433 3088 5489 Tandem
3108 5432 3242 5487 dicit
3269 5433 3347 5486 eis
3370 5437 3590 5486 sanctus
3608 5432 3699 5486 Pi-

2093 5531 2267 5584 tirum
2286 5545 2298 5580 :
2321 5528 2564 5582 Cunctas
2583 5527 2654 5581 ad
2672 5543 2760 5580 me
2775 5523 3202 5583 adducite.Cum
3215 5527 3401 5576 autem
3415 5521 3661 5576 dicerent
3677 5539 3692 5572 :

2093 5615 2378 5674 Adsumus
2399 5633 2617 5684 omnes,
2643 5615 2780 5670 dicit
2799 5615 2878 5669 eis
2902 5633 2914 5668 :
2939 5614 3108 5668 Deest
3125 5625 3240 5667 una
3255 5625 3420 5684 quam
3452 5610 3698 5665 ostendit

2093 5707 2232 5763 mihi
2258 5707 2513 5778 angelus.
2529 5705 2622 5762 Eae
2645 5720 2779 5761 vero
2808 5704 3004 5762 dicunt
3029 5719 3046 5757 :
3077 5702 3263 5759 Unam
3277 5700 3554 5763 habemus
3579 5700 3682 5754 Se-
