3910 6422
212 360 351 423 1141

1480 363 1822 423 HISTORIA
1859 362 2237 425 LAUSIAOA.

3349 361 3492 426 1142

206 489 325 545 lem
356 489 485 561 (88),
521 503 644 561 quae
660 492 747 543 est
765 488 823 543 in
839 486 1042 543 culina.
1058 486 1151 545 Sic
1178 488 1332 544 enim
1358 496 1559 546 vocant
1578 492 1691 547 illic
1712 493 1876 552 easA
1893 497 1951 548 et
1975 508 2177 548 rursus
2203 492 2448 547 velocem
2475 506 2672 547 eorum
2699 490 3011 558 interitum,
3035 494 3095 546 et
3124 486 3247 563 quae
3268 488 3327 547 in
3356 504 3490 551 eum

212 598 338 654 quae
365 596 481 636 non
508 585 641 634 sunt
657 595 807 634 sanae
827 580 1051 634 mentis.
1072 580 1217 635 Dicit
1245 581 1326 635 eis
1357 596 1629 651 magnus:
1656 583 1817 638 Illam

211 686 435 742 quoque
452 668 730 732 adducite,
758 668 925 723 sinite
953 673 1019 722 ut
1046 684 1171 723 eam
1200 670 1443 727 videam.
1468 672 1696 726 Iverunt
1714 673 1818 726 ita-

211 772 325 826 que
346 756 417 809 ad
438 770 563 808 eam
579 754 907 811 vocandam.
932 752 1036 808 Illa
1055 770 1184 808 vero
1203 771 1560 826 nequaquam
1577 756 1805 824 obediit,

210 850 279 899 ut
308 861 430 916 qum
463 860 585 898 rem
616 843 870 909 sentiret,
904 859 1036 897 nam
1066 841 1210 898 forte
1238 844 1346 915 ipsi
1374 861 1597 916 quoque
1626 847 1812 901 fuerat

210 936 542 989 revelatum.
563 932 699 987 Eam
722 948 854 1002 ergo
884 932 937 985 vi
957 933 1209 1000 trahunt,
1235 933 1341 1005 ipsi
1360 934 1634 992 dicentes:
1667 937 1811 991 San-

209 1030 334 1078 ctus
363 1024 602 1081 Pitirum
629 1023 750 1076 vult
776 1029 833 1076 te
863 1020 1070 1088 videre,
1104 1028 1227 1078 erat
1255 1023 1406 1077 enim
1436 1024 1483 1078 is
1504 1025 1694 1095 magni
1715 1042 1812 1080 no-

209 1113 402 1167 minis.
420 1113 499 1166 Ea
509 1129 642 1181 ergo
664 1112 926 1176 adducta,
948 1112 1088 1165 vidit
1107 1128 1345 1182 magnus
1364 1114 1485 1183 ejus
1514 1114 1733 1179 faciem,
1755 1120 1812 1169 et

209 1216 464 1273 pannum
489 1202 548 1259 in
576 1201 757 1271 capite
788 1206 843 1256 et
873 1201 1057 1255 fronte
1079 1202 1220 1271 ejus,
1243 1207 1301 1256 et
1318 1203 1522 1258 cadens
1548 1204 1617 1257 ad
1641 1204 1810 1275 pedes

209 1293 260 1361 ej
271 1288 499 1355 us,dicit
521 1290 572 1343 ei
598 1308 608 1343 :
635 1290 878 1345 Benedic
892 1291 1340 1345 Amma.Cadens
1357 1298 1545 1345 autem
1558 1293 1628 1346 ad
1642 1294 1811 1363 pedes

208 1383 337 1451 ejus
359 1396 481 1452 ipsa
509 1395 731 1451 quoque
753 1377 975 1434 dicebat
999 1398 1009 1433 :
1043 1381 1127 1435 Tu
1154 1379 1292 1433 mihi
1314 1380 1563 1444 benedic,
1587 1382 1812 1436 domine

208 1470 311 1523 mi.
338 1471 481 1523 Cum
508 1470 612 1522 hoc
632 1473 821 1523 autem
840 1474 1050 1523 cunctae
1069 1469 1355 1531 vidissent,
1377 1470 1807 1542 obstupuerunt,

210 1565 270 1613 et
298 1560 350 1613 ei
379 1558 641 1613 dixerunt
665 1576 676 1611 :
712 1559 795 1612 Ne
824 1557 926 1611 tibi
950 1559 1051 1612 fiat
1067 1558 1333 1629 probrum
1365 1575 1431 1613 ac
1449 1558 1809 1630 vituperium,

210 1653 303 1703 est
325 1648 473 1702 enim
506 1648 652 1702 Sale.
687 1648 779 1701 Eis
810 1647 947 1701 dicit
983 1658 1210 1702 sanctus
1240 1648 1479 1704 Pitirum
1506 1666 1517 1701 :
1546 1650 1657 1703 Vos
1679 1650 1813 1704 estis

212 1738 362 1803 Sale,
384 1738 503 1792 haec
523 1737 673 1792 enim
695 1742 753 1791 et
770 1750 861 1790 me
882 1741 939 1791 et
958 1737 1111 1791 vobis
1132 1744 1217 1791 est
1236 1738 1467 1804 melior;
1500 1743 1586 1792 est
1612 1740 1817 1793 Amma

1897 582 2187 638 irruebant
2199 583 2452 654 gentium
2473 582 2811 637 deletionem
2835 601 2846 635 :
2866 582 3007 635 adeo
3026 587 3093 635 ut
3107 596 3238 641 cum
3257 582 3491 653 quidam

1898 673 2010 727 dux
2019 672 2295 727 exercitus
2313 673 2384 727 ad
2410 687 2541 731 eum
2569 671 2813 726 venisset
2830 671 3172 726 sciscitatum
3192 685 3265 727 an
3279 670 3490 727 [Ethio-

1899 778 1997 832 pes
2015 761 2109 832 qui
2131 767 2265 816 sunt
2283 761 2343 815 in
2363 762 2545 832 Syene
2564 765 2712 815 esset
2729 765 3246 831 superatur-umqum
3261 760 3490 832 quidem

1893 856 1979 904 est
1994 851 2333 922 principium
2351 849 2682 913 Thebaidis;
2714 848 2754 903 ii
2774 854 2965 903 autem
2986 854 3121 904 tunc
3139 850 3484 921 irruperant,

1893 945 1951 994 et
1979 955 2173 995 eorum
2193 939 2496 994 finitimam
2520 936 2807 1009 regionem
2825 944 3177 995 vastaverant
3198 954 3210 1005 ;
3230 939 3280 993 ei
3297 944 3491 995 autem

1893 1029 2030 1083 dixit
2056 1030 2345 1083 Joannes:
2390 1028 2450 1083 Si
2498 1028 2837 1094 ascenderis,
2884 1042 2981 1083 eos
3022 1028 3484 1099 comprehendes,

1894 1117 2183 1183 vincies,et
2197 1118 2320 1188 subj
2329 1121 2587 1187 unges,et
2598 1118 2786 1171 clarus
2805 1117 2916 1172 eris
2937 1117 3087 1188 apud
3098 1117 3486 1189 imperatores.

1895 1207 1957 1261 Id
1981 1206 2151 1261 etiam
2171 1208 2380 1260 factum
2403 1212 2506 1271 est,
2521 1212 2579 1260 et
2597 1222 2720 1277 quae
2739 1206 3064 1261 acciderunt
3081 1208 3491 1264 conﬁrmarunt

1895 1298 2017 1366 ejus
2038 1296 2476 1367 praedictionem.
2496 1294 2728 1349 Dicebat
2741 1300 2932 1357 autem
2949 1295 3493 1353 Christianissimum

1895 1387 2293 1455 imperatorem
2303 1384 2678 1440 Theodosium
2691 1399 2812 1437 esse
2822 1390 3003 1438 morte
3013 1398 3118 1441 sua
3129 1385 3494 1440 moriturum.

1895 1473 2107 1528 Habuit
2135 1480 2324 1528 autem
2355 1473 2447 1526 hic
2479 1473 2563 1525 vir
2591 1472 2983 1531 admirabilem
3013 1489 3254 1544 quoque,
3286 1479 3344 1528 et
3370 1488 3494 1545 quas

1895 1564 2125 1621 modum
2144 1561 2468 1633 superabat,
2487 1562 2863 1633 prephetiam,
2879 1568 2941 1616 ut
2960 1562 3278 1617 audivimus
3292 1577 3359 1618 ex
3385 1563 3496 1617 Pa.

1895 1654 2075 1707 tribus
2102 1653 2344 1723 quicum
2376 1667 2442 1705 eo
2467 1651 2853 1717 versabantur,
2869 1648 3351 1723 quorumvitai’uit
3373 1668 3501 1724 pro-

1896 1743 2032 1797 bata
2059 1742 2207 1813 apud
2229 1756 2424 1795 omnes
2456 1740 2552 1811 qui
2581 1740 2697 1795 illic
2725 1746 2905 1795 erant.
2938 1739 3099 1805 Quod
3123 1745 3313 1796 autem
3334 1742 3404 1796 de
3430 1753 3497 1797 eo

212 1828 317 1894 (sic
338 1827 489 1881 enim
518 1832 721 1881 vocant
748 1827 958 1880 Matres
993 1827 1317 1897 spiritale-‘5),
1353 1833 1410 1881 et
1439 1843 1626 1897 quaeso
1654 1833 1719 1883 ut
1746 1844 1814 1882 ea
1831 1811 1878 1872 Β
1896 1834 2037 1887 nihil
2055 1811 2340 1888 narrarint
2351 1835 2423 1889 ad
2437 1833 2698 1905 gratiam,
2726 1831 2823 1885 sed
2847 1830 3035 1885 minus
3061 1846 3231 1902 quam
3256 1846 3499 1887 merereo

211 1918 422 1987 dignus
453 1916 707 1970 inveniar
728 1916 788 1969 in
818 1915 959 1971 hora
981 1916 1198 1986 judicii.
1229 1917 1319 1970 Eae
1346 1922 1538 1970 autem
1566 1932 1691 1971 cum
1708 1933 1811 1972 au-

208 2006 466 2070 diissent,
507 2005 834 2060 ceciderunt
864 2004 935 2060 ad
955 2006 1124 2076 pedes
1149 2007 1272 2075 ejus
1296 2006 1514 2073 ﬂentes,
1549 2011 1607 2060 et
1635 2008 1811 2060 confi-

206 2100 398 2152 tentes
427 2108 623 2149 omnes
645 2094 795 2165 quod
823 2094 1045 2148 beatam
1066 2094 1297 2147 diversis
1318 2092 1498 2148 modis
1522 2093 1812 2149 afficerent

208 2184 575 2240 contumelia.
606 2184 732 2238 Alia
760 2184 987 2254 quidem
1013 2183 1205 2237 dicens
1229 2200 1241 2236 :
1276 2184 1391 2252 Ego
1420 2184 1565 2238 hanc
1594 2199 1817 2254 semper

209 2272 659 2340 subsannabam;
689 2273 817 2337 alia,
838 2274 953 2343 Ego
973 2274 1095 2342 ejus
1116 2273 1387 2326 humilem
1416 2271 1672 2327 habitum
1692 2273 1816 2327 irri-

209 2363 415 2418 debam
438 2382 451 2431 ;
480 2369 538 2417 et
551 2362 680 2429 alia,
707 2362 822 2433 Ego
845 2377 971 2415 eam
992 2367 1271 2416 tacentem
1288 2360 1599 2415 afﬁciebam
1621 2367 1817 2417 contu-

209 2452 411 2519 melia;
446 2457 503 2507 et
521 2466 716 2506 rursus
747 2452 877 2517 alia,
912 2452 1027 2520 Ego
1059 2452 1285 2522 quadrae
1315 2451 1561 2504 eluviem
1584 2466 1729 2522 saepe
1753 2451 1815 2505 in

208 2559 341 2596 eam
371 2542 574 2609 effudi;
599 2542 727 2605 alia,
765 2541 879 2609 Ego
910 2541 961 2594 ei
986 2541 1180 2610 plagas
1210 2540 1426 2607 inﬂixi;
1457 2540 1569 2594 alia
1596 2556 1810 2607 rursus,

210 2633 331 2702 Ego
347 2648 415 2685 ea
436 2647 559 2685 sum
586 2647 708 2701 qua:
730 2630 781 2684 ei
802 2646 1020 2701 pugnos
1050 2630 1289 2683 incussi:
1321 2629 1434 2683 alia
1463 2644 1675 2695 rursus,
1698 2631 1812 2700 Ego

209 2721 435 2792 sinapio
464 2722 586 2790 ejus
606 2735 771 2773 nares
792 2720 1024 2790 aspersi.
1051 2720 1121 2773 Et
1134 2724 1197 2772 ut
1215 2719 1389 2772 semel
1408 2717 1611 2783 dicam,
1644 2719 1812 2787 signi-

208 2814 459 2868 ﬁcabant
487 2828 680 2867 omnes
708 2829 767 2866 se
798 2828 924 2866 eam
953 2812 1119 2866 variis
1148 2813 1398 2866 affecisse
1430 2811 1807 2866 contumeliis.

208 2905 358 2958 Cum
371 2903 571 2957 harum
589 2919 720 2973 ergo
741 2902 1144 2957 confessionem
1165 2907 1469 2973 accepisset
1483 2905 1710 2955 sanctus
1726 2899 1812 2955 Pi-

207 2993 410 3058 tirum,
446 2998 504 3046 et
529 3009 630 3063 pro
650 2992 730 3046 eis
749 2992 915 3045 simul
930 3007 1054 3045 cum
1076 2992 1201 3062 ipsa
1220 2997 1453 3055 orasset,
1473 2996 1530 3044 et
1546 2991 1643 3044 diu
1664 2994 1813 3044 esset

208 3081 532 3136 consolatus
547 3078 922 3135 venerandam
934 3081 1145 3137 Christi
1162 3095 1401 3146 servam,
1415 3081 1495 3134 sic
1510 3078 1813 3137 exiit.Pau-

1892 1926 2003 1987 tur,
2026 1923 2115 1977 hic
2127 1923 2288 1978 facile
2307 1923 2437 1977 sciri
2448 1926 2651 1994 potest.
2684 1919 2831 1975 Nam
2856 1934 2985 1974 cum
3009 1920 3081 1974 ad
3102 1934 3231 1974 eum
3254 1920 3499 1976 venisset

1894 2012 2123 2082 quidam
2154 2011 2433 2079 tribunus,
2466 2016 2525 2066 et
2546 2011 2782 2082 supplex
2809 2015 3028 2081 peteret
3044 2012 3111 2065 ut
3138 2010 3493 2083 permitteret

1892 2117 2123 2155 uxorem
2145 2116 2305 2156 suam
2324 2102 2395 2156 ad
2411 2116 2542 2155 eum
2560 2101 2899 2170 venire,quas
2911 2100 3092 2154 multa
3108 2112 3273 2171 passa
3287 2099 3489 2167 fuerat,

1898 2195 1955 2244 et
1981 2190 2202 2245 volebat
2229 2205 2360 2245 eum
2388 2191 2594 2253 videre,
2629 2194 2864 2244 ventura
2888 2190 3128 2260 Syenem
3153 2194 3217 2244 ut
3240 2204 3342 2261 pro
3369 2190 3495 2261 ipsa

1896 2280 2051 2350 prius
2081 2285 2288 2345 oraret,
2307 2284 2366 2334 et
2384 2295 2510 2333 eam
2536 2280 2669 2335 data
2688 2278 3073 2333 benedictione
3088 2278 3425 2347 dimitteret;
3443 2280 3493 2334 is

1896 2374 2089 2423 autem
2110 2369 2204 2441 qui
2219 2371 2338 2439 jam
2359 2368 2732 2441 quadraginta
2752 2368 2916 2422 annis
2930 2382 3042 2422 non
3062 2368 3279 2424 viderat
3298 2369 3494 2424 mulie-

1899 2474 2020 2514 rem
2038 2459 2095 2512 in
2115 2459 2399 2530 spelunca,
2417 2473 2545 2512 cum
2557 2462 2705 2512 esset
2722 2457 3154 2527 nonagenarius,
3174 2462 3232 2511 et
3248 2471 3352 2512 nec
3369 2458 3491 2529 ipse

1895 2564 2146 2617 unquam
2177 2552 2325 2601 esset
2352 2563 2630 2617 egressus,
2658 2561 2761 2602 nec
2790 2545 2895 2601 sibi
2922 2545 3276 2617 permitteret
3300 2546 3490 2601 videre

1894 2636 2214 2703 mulierem,
2232 2636 2528 2691 recusabat
2539 2635 2859 2707 videreejus
2879 2650 3127 2689 uxorem.
3154 2635 3264 2689 Sed
3284 2650 3389 2691 nec
3404 2637 3492 2689 vir

1894 2726 2043 2780 ullus
2073 2727 2143 2779 ad
2164 2742 2292 2779 eum
2312 2740 2561 2796 unquam
2581 2731 2667 2779 est
2687 2725 2990 2795 ingressus.
3017 2722 3209 2779 Solum
3228 2724 3377 2781 enim
3397 2724 3491 2780 beo

1894 2814 2187 2869 nedicebat
2213 2830 2314 2884 per
2342 2813 2663 2879 fenestram,
2695 2819 2754 2867 et
2780 2813 3062 2867 salutabat
3079 2827 3175 2867 eos
3202 2813 3300 2884 qui
3324 2826 3485 2868 acce-

1892 2903 2119 2970 debant,
2152 2919 2281 2957 cum
2310 2918 2649 2974 unoquoque
2677 2903 2958 2957 disserens
2988 2902 3058 2956 de
3088 2916 3154 2957 eo
3177 2902 3327 2973 quod
3339 2902 3490 2957 voleo'

1895 2992 1990 3046 bat
2008 2993 2049 3045 ί.
2070 2993 2209 3048 Cum
2236 3007 2373 3063 ergo
2398 2993 2637 3047 instaret
2654 2991 2934 3058 tribunus,
2959 3006 3164 3063 rogans
3185 2991 3491 3062 anjuberet

1893 3098 2054 3137 suam
2083 3083 2274 3136 venire
2293 3083 2588 3151 conjugem
2629 3080 2889 3151 (degebat
2917 3081 3067 3135 enim
3099 3081 3159 3134 in
3186 3080 3489 3136 solitudine

208 3173 293 3227 cis
313 3177 504 3225 autem
527 3177 654 3243 post
676 3169 873 3226 diebus
893 3187 1021 3225 cum
1037 3170 1106 3225 ab
1126 3170 1386 3223 omnibus
1398 3170 1556 3222 valde
1574 3170 1813 3223 honora-
1826 3171 1871 3232 ο
1893 3172 2090 3241 quinto
2112 3171 2182 3225 ab
2202 3169 2339 3225 urbe
2360 3171 2566 3241 lapide)
2580 3170 2626 3223 is
2638 3174 2829 3224 autem
2850 3185 2963 3226 non
2982 3169 3488 3237 annuisset,dicens

205 3266 387 3326 retur,
403 3266 463 3314 et
487 3260 557 3315 ab
585 3260 845 3315 omnibus
872 3260 1285 3325 observaretur,
1310 3274 1424 3312 non
1444 3257 1629 3312 ferens
1644 3257 1809 3312 beata

205 3351 449 3422 gloriam
476 3356 533 3404 et
547 3350 819 3407 honorem
840 3365 950 3420 quo
979 3348 1328 3403 afﬁciebatur
1345 3347 1415 3401 ab
1435 3347 1586 3402 omni
1612 3347 1810 3401 frater-

203 3441 474 3505 nitate,et
491 3438 875 3493 excusationes
895 3455 1037 3492 onus
1061 3453 1183 3492 esse
1204 3436 1654 3502 arbitrans,clam
1673 3437 1808 3490 exiit

203 3546 277 3584 ex
305 3528 647 3583 monasterio
673 3547 686 3594 ;
718 3534 775 3581 et
796 3543 1043 3598 quonam
1069 3527 1252 3593 iverit,
1283 3531 1383 3580 aut
1425 3542 1594 3596 quem
1621 3526 1806 3579 locum

204 3616 570 3680 subierit,aut
585 3617 682 3671 ubi
701 3616 1093 3681 obierit,nemo
1108 3616 1368 3686 cognovit
1390 3615 1449 3668 in
1472 3614 1809 3669 hodiernum

199 3708 376 3761 diem.
410 3707 540 3760 Haec
568 3712 702 3760 sunt
727 3720 1013 3775 generosas
1034 3710 1091 3760 et
1115 3704 1345 3759 humilis
1375 3704 1608 3774 virginis
1640 3704 1809 3774 hujus

202 3812 273 3852 ac
301 3796 478 3851 beatae
506 3801 656 3851 recte
678 3796 824 3851 facta
853 3801 911 3850 et
937 3811 1126 3866 opera.

775 3885 1008 3940 CAPUT
1036 3884 1235 3941 XLIII.

497 3978 571 4030 Dc
593 3977 781 4031 abbate
808 3977 1020 4029 Joanne
1037 3971 1151 4043 (80)
1180 3975 1337 4027 urbis
1370 3975 1520 4041 Lyco.

277 4065 410 4120 Fuit
430 4065 662 4136 quidam
694 4065 938 4119 Joannes
981 4063 1042 4117 in
1079 4061 1218 4117 urbe
1244 4063 1411 4133 Lyco,
1445 4061 1541 4132 qui
1566 4077 1601 4115 a
1629 4074 1803 4132 puero

200 4146 438 4227 quidem
467 4154 663 4209 didicit
682 4159 863 4208 artem
883 4150 1159 4218 fabrilem,
1181 4152 1272 4206 cui
1291 4151 1399 4205 fuit
1416 4151 1805 4207 fratertinctor

204 4246 397 4316 (Ra/7.,
423 4246 518 4300 lib.
552 4257 618 4308 ιι,
648 4259 767 4313 cap.
802 4244 872 4313 1).
896 4244 1097 4298 Postea
1119 4246 1309 4296 autem
1328 4256 1456 4296 cum
1478 4245 1627 4295 esset
1640 4240 1802 4295 circi-

197 4341 295 4388 ter
307 4333 506 4404 viginti
525 4333 775 4405 quinque
789 4348 967 4386 annos
985 4332 1378 4397 natus,saeculo
1402 4335 1588 4396 τω
1599 4344 1805 4384 renun-

1890 3260 1949 3314 id
1977 3277 2091 3315 non
2128 3276 2293 3331 posse
2321 3260 2464 3323 ﬂeri,
2507 3261 2730 3314 tristem
2762 3258 2979 3313 dimisit
3005 3257 3309 3312 hominem.
3338 3254 3490 3313 Uxor

1891 3356 2083 3404 autem
2097 3365 2209 3403 non
2224 3349 2476 3404 cessabat
2492 3349 2580 3403 die
2597 3353 2655 3403 et
2678 3354 2840 3403 nocte
2856 3347 3061 3402 marito
3082 3347 3343 3403 exhibere
3370 3360 3488 3401 mo-

1889 3439 2131 3504 lestiam,
2145 3444 2203 3493 et
2222 3439 2595 3509 jurejurando
2616 3438 2901 3492 affirmare
2922 3450 2982 3491 se
3002 3449 3279 3508 nusquam
3307 3434 3488 3492 abitu-

1889 3544 2011 3583 ram
2041 3529 2151 3583 nisi
2178 3528 2394 3581 videret
2414 3528 2766 3598 prophetam.
2782 3527 3089 3597 Postquam
3107 3530 3296 3581 autem
3318 3524 3484 3580 beato

1890 3617 2091 3672 Joanni
2110 3633 2143 3670 a
2155 3617 2359 3671 marito
2370 3617 2755 3671 renuntiatum
2771 3620 2859 3669 est
2864 3613 3483 3686 jusjurandumuxoris,

1890 3708 2012 3775 ejus
2032 3705 2142 3759 llde
2161 3704 2466 3771 intellecta,
2490 3704 2625 3759 dicit
2649 3705 2720 3759 ad
2747 3705 2931 3775 ipsum
2957 3705 3110 3760 :Hac
3128 3709 3290 3758 nocte
3318 3703 3389 3758 ab
3417 3716 3485 3759 ea

1889 3794 2119 3849 videbor
2142 3796 2202 3849 in
2226 3790 2462 3862 somnis;
2495 3810 2598 3848 nec
2624 3794 2866 3865 amplius
2905 3799 3105 3864 pergat
3126 3793 3184 3847 in
3208 3806 3375 3848 carne
3401 3790 3484 3846 vi:-

1888 3884 2021 3938 dere
2044 3900 2230 3938 meam
2249 3884 2465 3939 faciem.
2489 3880 2659 3939 Uxori
2676 3889 2867 3938 autem
2880 3881 3225 3937 renuntiavit
3245 3880 3484 3938 maritus

1887 3979 1945 4027 et
1958 3989 2080 4045 quae
2092 3974 2260 4029 Pater
2278 3972 2768 4028 dixerat.Videbat
2795 3978 2984 4026 autem
3012 3972 3214 4026 mulier
3249 3971 3310 4025 in
3337 3984 3484 4026 som-

1886 4063 1975 4117 nis
2002 4064 2333 4134 prophetam
2362 4064 2433 4117 ad
2454 4063 2635 4135 ipsam
2665 4063 3003 4118 venientem.
3021 4059 3126 4116 Cui
3141 4061 3277 4116 dicit
3300 4078 3312 4115 :
3336 4059 3484 4126 Quid

1884 4152 1988 4208 tibi
2005 4168 2223 4207 mecum
2244 4152 2325 4206 rei
2342 4156 2430 4206 est
2445 4152 2678 4206 mulier?
2691 4151 2826 4221 quid
2848 4165 3034 4205 meam
3055 4150 3282 4222 cupiisti
3294 4150 3484 4204 videre

1883 4241 2118 4297 faciem?
2148 4242 2405 4313 nunquid
2434 4242 2586 4297 enim
2614 4242 2889 4312 propheta
2908 4256 3011 4311 ego
3041 4254 3187 4306 sum,
3221 4245 3321 4295 aut
3336 4239 3482 4311 justi

1886 4331 2068 4385 locum
2090 4331 2340 4386 obtineo?
2362 4332 2527 4385 homo
2544 4346 2667 4385 sum
2683 4330 3295 4402 peccator,etsimillter
3312 4334 3483 4400 atque

198 4422 400 4487 tiavit;
434 4430 493 4477 et
517 4438 647 4476 cum
673 4422 922 4493 quinque
952 4435 1130 4476 annos
1158 4426 1411 4475 versatus
1429 4425 1577 4474 esset
1593 4419 1653 4473 in
1681 4434 1802 4473 mo-
1818 4492 1843 4493 ί
1884 4437 1981 4475 vos
2000 4421 2273 4492 patibilis:
2307 4421 2459 4474 oravi
2490 4425 2682 4474 tamen
2701 4435 2803 4490 pro
2823 4424 2879 4473 te
2896 4423 2953 4473 et
2975 4419 3142 4474 domo
3164 4418 3353 4473 mariti
3368 4419 3472 4484 tui,

201 4511 472 4575 nasterio,
490 4492 722 4566 secessit
740 4512 891 4565 solus
919 4511 979 4567 in
1000 4515 1250 4566 montem
1272 4510 1440 4580 Lyco,
1465 4514 1523 4563 et
1552 4508 1610 4563 in
1639 4523 1799 4561 cacu-
1815 4492 1865 4554 Π
1878 4514 1944 4564 ut
1954 4511 2055 4563 fiat
2067 4510 2219 4564 vobis
2230 4510 2541 4563 secundum
2554 4509 2723 4563 ﬁdem
2735 4508 3090 4562 vestra.me
3102 4521 3236 4577 ergo
3248 4508 3308 4562 in
3319 4519 3479 4579 pace.

200 4601 360 4654 mine
407 4600 614 4654 montis
670 4600 830 4654 factis
882 4599 990 4654 sibi
1030 4598 1212 4653 tribus
1251 4599 1442 4665 tholis,
1491 4598 1797 4668 ingressus,

199 4691 452 4760 seipsum
470 4681 842 4745 inaediﬁcavitl
856 4691 1041 4761 Atque
1062 4693 1184 4743 erat
1201 4688 1429 4759 quidem
1448 4702 1595 4741 unus
1613 4687 1802 4740 tholus

198 4780 275 4833 ad
291 4778 541 4850 corporis
560 4778 943 4845 necessitates,
960 4793 1108 4833 unus
1120 4783 1309 4832 autem
1320 4776 1417 4831 ubi
1438 4776 1797 4848 operabatur,

198 4870 350 4925 alius
371 4883 501 4922 vero
516 4867 613 4922 ubi
632 4867 848 4923 orabat.
869 4869 923 4923 Is
943 4884 1069 4922 cum
1091 4868 1427 4938 complesset
1443 4866 1679 4936 triginta
1707 4880 1805 4919 an-

196 4972 326 5021 nos,
358 4955 628 5021 inclusus,
660 4960 718 5011 et
747 4956 817 5010 ab
838 4973 904 5010 eo
934 4956 1031 5027 qui
1059 4953 1111 5010 ei
1138 4955 1495 5010 ministrabat
1524 4970 1624 5026 per
1645 4955 1804 5009 fene-

198 5054 384 5102 stram
405 5046 681 5117 accipiens
711 5062 833 5117 qua
863 5050 1026 5100 erant
1052 5046 1122 5099 ad
1151 5061 1316 5099 usum
1357 5045 1693 5110 necessaria,
1725 5042 1806 5098 di-

195 5152 349 5208 gnus
365 5141 454 5189 est
466 5135 690 5193 habitus
699 5135 884 5206 gratia
898 5135 1217 5189 futurorum
1230 5134 1604 5206 praedictionis
1613 5174 1624 5199 ,
1633 5148 1801 5205 quem

195 5227 417 5280 donum
437 5225 644 5280 habere
664 5224 970 5296 prophetia;
990 5225 1222 5296 planum
1248 5225 1459 5278 factum
1482 5228 1567 5278 est
1588 5239 1654 5277 ex
1673 5239 1802 5294 ope-

194 5315 379 5370 ribus.
401 5314 624 5369 Etenim
649 5320 851 5369 cuncta
880 5330 1002 5385 qua;
1031 5331 1066 5368 a
1094 5315 1209 5369 Deo
1238 5315 1297 5367 in
1327 5315 1599 5369 mundum
1617 5313 1801 5370 venie-

1885 4600 1955 4653 Et
1980 4614 2106 4652 cum
2134 4599 2251 4652 haec
2271 4599 2521 4663 dixisset,
2559 4596 2807 4651 recessit.
2842 4597 2983 4651 Cum
3012 4601 3205 4650 autem
3236 4584 3478 4651 excitata

1886 4687 2083 4741 fuisset
2102 4687 2323 4751 mulier,
2347 4685 2690 4741 renuntiavit
2708 4684 2911 4740 marito
2929 4683 3097 4738 verba
3109 4684 3412 4756 prephetae,
3422 4691 3480 4739 et

1884 4776 2137 4831 narravit
2160 4777 2399 4847 ﬁguram
2420 4778 2477 4830 et
2490 4774 2764 4840 habitum,
2780 4778 2838 4829 et
2857 4786 2958 4845 per
2970 4773 3236 4828 maritum
3253 4774 3305 4828 ei
3325 4773 3482 4828 misit

1885 4865 2130 4935 agendas
2159 4864 2390 4934 gratias.
2428 4864 2570 4918 Cum
2596 4876 2727 4918 eum
2773 4866 2965 4917 autem
3008 4862 3240 4916 vidisset
3277 4861 3480 4917 beatus

1884 4954 2145 5019 Joannes,
2177 4968 2454 5024 occupans
2483 4953 2535 5006 ei
2560 4952 2699 5007 dixit
2729 4970 2741 5005 :
2790 4952 2927 5007 Ecce
2949 4951 3175 5023 implevi
3204 4947 3353 5023 quod
3383 4965 3482 5023 po-

1886 5043 2220 5108 stulaveras;
2248 5058 2371 5098 eam
2401 5042 2554 5096 enim
2581 5042 2794 5108 videns,
2827 5042 3021 5097 monui
3050 5053 3122 5096 ne
3149 5053 3241 5097 me
3263 5041 3479 5095 videret

1883 5132 2144 5205 amplius,
2178 5133 2294 5199 sed,
2327 5134 2411 5187 Ite
2438 5133 2498 5187 in
2524 5147 2679 5203 pace.

1954 5223 2201 5278 Alterius
2229 5228 2417 5277 autem
2450 5221 2737 5294 praepositi
2764 5235 2924 5287 uxor,
2971 5221 3200 5275 absente
3246 5219 3470 5286 marite,

1881 5312 2099 5368 ferebat
2117 5318 2361 5367 uterum.
2394 5312 2537 5367 Cum
2560 5317 2750 5367 autem
2778 5311 3101 5383 peperisset,
3124 5322 3199 5363 eo
3228 5309 3350 5380 ipso
3379 5309 3472 5363 die

194 5405 361 5471 bant,
382 5404 442 5457 in
462 5403 660 5475 primis
679 5404 772 5475 pio
793 5404 1119 5476 imperatori
1136 5404 1450 5473 Theodosio
1462 5404 1616 5475 prius
1633 5402 1804 5472 signi-
1885 5417 1995 5473 quo
2015 5404 2138 5472 ejus
2166 5403 2402 5457 maritus
2432 5402 2690 5458 convenit
2718 5399 2944 5456 Patrem
2972 5401 3266 5463 Joannem,
3294 5398 3474 5452 animi

194 5494 409 5560 ﬁcavit,
424 5498 482 5548 et
497 5509 620 5563 qum
639 5507 836 5549 rursus
854 5500 1123 5550 eventura
1138 5499 1321 5561 erant,
1336 5495 1493 5565 prius
1507 5492 1805 5548 annuntia-
1884 5492 2130 5562 deliquio
2148 5492 2300 5546 venit
2320 5491 2380 5546 in
2393 5490 2794 5564 periculum.Ei
2808 5493 2999 5545 autem
3015 5492 3241 5543 sanctus
3259 5498 3478 5543 annun-

192 5586 301 5651 vit;
318 5596 523 5655 nempe
537 5582 1156 5655 ettyrannorum(90)in
1170 5598 1299 5640 eum
1312 5582 1799 5648 insurrectionem,
1884 5581 2063 5645 tiavit,
2094 5580 2285 5636 dicens
2326 5598 2339 5635 :
2383 5580 2442 5636 Si
2470 5580 2639 5636 scires
2675 5580 2887 5633 donum
2914 5577 3018 5634 Dei
3049 5577 3271 5647 (lucrm.
3301 5577 3395 5645 Iv),
3420 5574 3481 5631 et

272 5709 292 5744 ί
334 5706 441 5763 Hic
468 5709 726 5781 quaedam
755 5708 985 5767 Graecus
1012 5713 1200 5766 textus
1225 5706 1531 5776 interserit,
1564 5723 1687 5780 quae
1710 5706 1890 5763 habes
1921 5706 2071 5777 apud
2100 5703 2471 5771 Heraclidem,
2499 5719 2620 5775 cap.
2652 5698 2745 5757 22.
