3910 6394
484 309 624 376 1143

1585 319 1680 376 DE
1714 319 1905 379 VlTIS
1940 315 2238 378 PATRUM
2274 314 2492 372 LIBER
2527 313 2680 370 VIII.

3615 311 3757 372 ll“

481 442 630 516 quod
659 442 763 499 tibi
790 447 960 499 natus
986 443 1064 498 sit
1087 443 1255 499 hodie
1283 443 1453 511 filius,
1491 444 1671 500 Deum
1697 447 2043 518 gloriﬁcares
2062 464 2074 514 ;
2091 443 2390 506 Aeminus.
2407 442 2550 498 Cum
2569 444 2758 496 essent
2775 441 2965 495 autem
2989 437 3251 494 collocuti
3268 437 3753 507 diutius,tristitia

479 533 578 588 sed
597 539 780 588 mater
798 534 921 605 ejus
937 533 1342 606 propemodum
1353 533 1507 590 venit
1525 534 1584 590 in
1594 535 2074 607 periculumCum

475 622 693 677 veneris
709 623 1160 694 igitur,invenies
1177 622 1450 679 infantem
1467 629 1684 695 septem
1704 625 1822 680 dies
1843 631 2069 681 natum:

475 711 528 765 ei
555 711 783 782 impone
811 728 1015 767 nomen
1041 713 1304 768 Joannes.
1330 713 1586 784 Cumque
1612 731 1741 769 eum
1763 719 1914 768 recte
1941 715 2073 768 edu-

473 800 703 866 caveris,
737 805 794 855 et
824 801 897 856 ad
923 817 1136 856 annum
1164 802 1467 874 septimum
1495 803 1726 869 venerit,
1758 804 1919 858 mitte
1940 820 2070 857 eum

471 889 544 944 ad
574 890 879 945 monachos
899 891 996 962 qui
1021 896 1156 945 sunt
1183 891 1243 945 in
1271 891 1676 946 solitudine.Et
1695 892 1812 947 haec
1840 892 2069 964 quidem

471 978 800 1034 ostendebat
830 979 1102 1034 miracula
1129 980 1200 1034 iis
1244 980 1340 1052 qui
1391 981 1689 1036 veniebant
1716 981 1786 1036 ab
1825 981 2062 1049 exteris;

469 1067 588 1124 suis
616 1073 808 1123 autem
837 1067 1047 1123 civibus
1091 1075 1322 1141 propter
1349 1086 1516 1124 suum
1544 1087 1710 1124 usum
1740 1071 1964 1125 assidue
1993 1070 2067 1125 ad

465 1155 652 1228 ipsum
665 1157 1016 1212 venientibus
1028 1163 1085 1212 et
1095 1157 1426 1230 prmsciebat
1438 1166 1496 1214 et
1507 1159 1844 1231 praedicebat
1854 1159 2062 1227 futura;

469 1250 530 1300 et
558 1262 681 1317 quae
709 1245 779 1300 ab
807 1263 1148 1318 unoquoque
1175 1249 1390 1304 occulte
1433 1249 1580 1303 facta
1625 1249 1867 1314 fuerant,
1913 1255 1971 1303 et
1997 1249 2067 1303 de

467 1335 618 1400 Nilo,
642 1339 700 1390 et
720 1335 790 1390 de
809 1335 1002 1390 futura
1021 1337 1157 1391 anni
1177 1337 1467 1392 fertilitate
1496 1338 1576 1392 eis
1593 1337 1959 1409 signiﬁcabat.
1984 1337 2067 1392 Si-

471 1423 684 1478 militer
711 1429 904 1480 autem
940 1425 1042 1480 Dei
1073 1442 1295 1497 quoque
1323 1425 1507 1480 minas
1537 1427 1608 1481 ad
1657 1443 1752 1480 eos
1782 1427 2070 1481 venientes

474 1512 632 1583 prius
660 1512 1052 1580 annuntiabat,
1086 1519 1144 1568 et
1159 1516 1282 1585 ejus
1305 1520 1562 1569 auctores
1582 1514 1872 1584 arguebat.
1886 1517 2070 1586 Atque

473 1601 595 1673 ipse
619 1601 845 1673 quidem
873 1601 1070 1658 beatus
1097 1604 1340 1658 Joannes
1395 1621 1508 1658 non
1546 1603 1849 1676 peragebat
1878 1611 2072 1676 aperte

475 1692 834 1760 curationes;
867 1692 1007 1747 dans
1036 1697 1228 1748 autem
1255 1695 1462 1760 oleum,
1494 1694 1711 1749 curavit
1755 1695 1966 1749 multos
2001 1709 2073 1749 ex

475 1780 546 1836 iis
575 1781 671 1852 qui
697 1781 1047 1838 laborabant.

549 1871 828 1926 Senatorii
857 1871 1011 1926 enim
1051 1872 1348 1943 cujusdam
1377 1873 1481 1928 viri
1510 1887 1670 1940 uxor,
1716 1889 1841 1943 quae
1880 1873 2072 1928 oculos

477 1959 760 2027 amiserat,
788 1966 846 2015 et
865 1959 1109 2016 habebat
1127 1962 1370 2034 pupillas
1389 1960 1658 2017 obductas
1679 1962 1961 2032 albugine,
1987 1979 2075 2016 ro-

473 2049 629 2120 gavit
653 2049 925 2105 maritum
937 2067 1104 2106 suum
1119 2056 1184 2106 ut
1209 2051 1281 2106 ad
1304 2051 1489 2124 ipsum
1519 2051 1911 2106 deduceretur.
1931 2053 2076 2106 Cum

477 2139 527 2193 is
549 2144 740 2194 autem
769 2139 998 2205 diceret,
1031 2156 1163 2195 eum
1202 2156 1492 2212 nunquam
1521 2140 1848 2195 convenisse
1873 2140 2077 2195 mulie-

477 2244 620 2294 rem,
637 2244 708 2282 ca
731 2233 922 2283 autem
949 2233 1179 2299 rogaret
1207 2235 1272 2284 ut
1297 2229 1403 2301 ipsi
1432 2231 1614 2284 solum
1641 2229 2072 2300 signiﬁcaretur,

479 2323 537 2372 et
562 2334 665 2389 pro
693 2317 818 2390 ipsa
835 2317 893 2372 id
925 2317 1190 2380 efﬁceret,
1213 2319 1307 2373 ille
1325 2318 1404 2372 sic
1431 2319 1582 2384 fecit,
1615 2323 1673 2372 et
1692 2318 1845 2372 misit
1864 2319 2071 2373 oleum.

480 2407 624 2462 Cum
652 2411 767 2462 tres
791 2413 984 2462 autem
1004 2406 1316 2462 diessolum
1339 2408 1654 2463 inunxisset
1672 2408 2078 2480 oculos,rcspe-

479 2497 579 2562 xit,
613 2501 670 2550 et
697 2497 813 2551 Deo
843 2503 1036 2568 aperte
1065 2497 1182 2568 egit
1207 2498 1440 2568 gratias.

551 2586 624 2640 Et
637 2585 770 2657 quid
779 2603 921 2658 opus
929 2593 1015 2640 est
1025 2586 1301 2641 dicerede
1321 2587 1448 2641 aliis
1469 2587 1518 2657 ej
1527 2603 1592 2641 us
1607 2586 1876 2658 operibus
1893 2591 2080 2652 I240

481 2690 606 2746 qua)
652 2675 787 2746 ipsis
829 2676 1002 2730 oculis
1031 2675 1386 2746 accepimus?
1417 2676 1655 2730 Eramus
1679 2675 1828 2730 enim
1860 2682 2080 2747 septem

478 2766 684 2819 fratres
708 2765 992 2836 peregrini
1022 2781 1216 2819 omnes
1246 2764 1306 2818 in
1337 2765 1640 2819 solitudine
1666 2764 1879 2830 Nitriae,
1905 2781 2008 2834 ego
2025 2770 2082 2820 et

481 2853 685 2908 beatus
706 2853 994 2924 Evagrius,
1029 2859 1086 2908 et
1103 2853 1361 2922 Albinus,
1390 2860 1448 2908 et
1473 2854 1826 2911 Ammonius.
1861 2854 2082 2918 Quaere-

483 2941 686 2997 bamus
705 2947 893 2996 autem
916 2942 1056 2996 scire
1077 2947 1336 2998 accurate
1347 2959 1603 3014 quaenam
1625 2949 1774 2998 esset
1787 2943 1958 3014 hujus
1977 2943 2082 2997 viri

482 3032 842 3087 virtus.Dixit
855 3037 1046 3086 autem
1064 3049 1303 3104 magnus
1323 3033 1594 3104 Evagrius
1617 3051 1628 3086 :
1663 3033 1950 3088 Lubenter
1975 3033 2081 3087 sci-

2155 549 2283 588 sum
2311 532 2563 596 affectus,
2597 535 2655 585 et
2676 528 3023 584 murmuravi
3071 527 3336 583 adversus
3372 527 3754 602 venerabilem

2154 611 2348 676 senem
2380 620 2506 690 (92y,
2541 619 2691 691 quod
2719 635 2808 673 me
2830 617 3057 689 quidem
3107 617 3554 689 contempsisset,
3589 617 3752 672 illum

2155 716 2346 766 autem
2374 710 2736 775 honorasset;
2765 712 2825 762 et
2859 707 2929 762 ob
2959 707 3016 762 id
3053 707 3242 762 animo
3270 706 3659 772 conturbatus,
3689 706 3752 762 in

2154 801 2344 855 animo
2369 797 2645 854 habebam
2672 814 2738 852 eo
2762 802 3082 868 contempto
3103 795 3380 852 recedere.
3413 796 3624 851 Vocato
3655 811 3752 850 au-

2152 893 2268 944 tem
2305 888 2632 959 interprete,
2663 886 2956 942 Theodoro
2985 885 3231 950 nomine,
3276 885 3414 940 dicit
3443 884 3495 938 ei
3523 902 3536 936 :
3570 883 3746 948 Vade,

2149 977 2237 1033 dic
2255 977 2336 1032 illi
2350 977 2513 1032 fratri
2529 982 2594 1032 ut
2611 993 2682 1030 ne
2695 992 2841 1047 aegre
2861 975 3034 1042 ferat;
3049 977 3169 1045 jam
3187 974 3409 1030 dimitto
3429 973 3746 1046 praesidem,

2148 1073 2206 1122 et
2253 1084 2388 1123 eum
2445 1067 2716 1138 alloquar.
2751 1065 2946 1120 Visum
2989 1070 3076 1119 est
3106 1081 3240 1134 ergo
3269 1063 3407 1118 mihi
3435 1064 3751 1119 toleranter

2148 1157 2314 1223 ferre,
2341 1162 2408 1211 ut
2434 1155 2530 1227 qui
2551 1155 3092 1214 animadvertissem.
3117 1170 3246 1209 eum
3263 1170 3385 1208 esse
3408 1153 3746 1225 spiritalem.

2148 1247 2289 1301 Cum
2304 1245 2529 1300 exiisset
2541 1251 2730 1299 autem
2741 1261 2967 1316 praeses,
2994 1260 3084 1298 me
3096 1243 3384 1308 accersito,
3406 1242 3546 1298 dicit
3565 1242 3711 1298 mihi
3734 1261 3746 1296 :

2147 1336 2262 1392 Cur
2279 1341 2475 1390 contra
2489 1351 2581 1388 me
2599 1333 2755 1388 fuisti
2771 1333 3100 1402 indignatus
3119 1333 3143 1386 7
3158 1333 3302 1397 Quid
3317 1333 3579 1388 invenisti
3593 1332 3748 1404 quod

2149 1429 2208 1480 te
2239 1425 2369 1496 jure
2413 1423 2740 1489 olfenderet,
2781 1422 2929 1494 quod
2967 1423 3064 1476 illa
3093 1423 3281 1477 animo
3311 1423 3590 1493 reputasti
3622 1439 3750 1494 quae

2152 1531 2334 1586 neque
2351 1513 2489 1568 mihi
2515 1513 2740 1579 adsunt,
2775 1528 2956 1583 neque
2967 1517 3023 1567 te
3043 1511 3282 1566 decent?
3299 1513 3387 1567 An
3405 1511 3588 1578 nescis
3615 1511 3755 1566 scri-

2153 1608 2315 1676 ptum
2344 1620 2464 1657 esse
2484 1619 2498 1655 :
2524 1603 2652 1657 Non
2677 1619 2817 1674 opus
2837 1601 3047 1656 habent
3073 1601 3200 1656 sani
3222 1601 3459 1666 medico,
3481 1601 3582 1656 sed
3601 1601 3752 1656 male

2153 1691 2426 1748 habentes
2453 1692 2666 1762 (Matth.
2690 1706 2782 1758 1x;
2810 1693 2983 1746 Marc.
3000 1703 3039 1748 Χ
3064 1709 3078 1758 ;
3107 1693 3261 1746 Luca:
3287 1691 3360 1762 v).
3385 1691 3483 1756 Te,
3523 1690 3752 1762 quando

2090 1767 2140 1828 Β
2159 1782 2299 1848 volo,
2331 1781 2572 1850 invenio,
2597 1786 2656 1836 et
2682 1784 2746 1836 tu
2773 1797 2898 1848 me;
2927 1785 2986 1835 et
3011 1779 3060 1834 si
3085 1785 3143 1835 te
3171 1795 3286 1836 non
3310 1779 3469 1834 fuero
3491 1780 3754 1835 consola-

2153 1877 2266 1940 tus,
2290 1871 2388 1926 alii
2411 1877 2469 1926 te
2497 1870 2860 1926 consolantur
2877 1869 3164 1936 fratres,et
3178 1869 3274 1924 alii
3294 1869 3511 1927 Patres.
3528 1869 3634 1924 Hic
3655 1886 3754 1924 au-

2154 1967 2272 2016 tem
2301 1961 2396 2033 qui
2421 1977 2522 2032 per
2551 1961 2839 2016 mundana
2867 1959 3096 2030 negotia
3120 1965 3243 2014 erat
3258 1959 3480 2014 deditus
3505 1957 3750 2026 diabolo,

2157 2058 2215 2107 et
2233 2067 2360 2106 cum
2388 2050 2541 2105 brevi
2570 2049 2840 2122 temporis
2877 2049 3058 2122 spatio
3105 2049 3438 2121 respirasset
3462 2054 3528 2104 ut
3557 2065 3754 2104 servus

2158 2141 2256 2214 qui
2280 2140 2501 2210 aufugit
2527 2138 2598 2194 ab
2625 2143 2850 2194 austero
2877 2138 3124 2207 domino,
3153 2138 3388 2194 accessit
3411 2142 3478 2193 ut
3501 2138 3756 2210 aliquam

2157 2235 2384 2302 caperet
2408 2228 2732 2285 utilitatem.
2757 2227 3080 2284 Absurdum
3108 2244 3243 2300 ergo
3265 2227 3464 2283 fuisset
3483 2232 3548 2283 ut
3569 2245 3635 2283 eo
3661 2245 3757 2283 re—

2156 2320 2287 2375 licto
2315 2326 2504 2374 tecum
2525 2335 2799 2384 versarer,
2830 2334 2957 2373 cum
2988 2323 3052 2374 tu
3101 2317 3324 2372 assidue
3361 2333 3521 2372 vaces
3561 2319 3752 2373 saluti.

2160 2411 2302 2466 Cum
2323 2426 2451 2464 eum
2467 2425 2602 2479 ergo
2625 2423 2913 2478 rogassem
2936 2412 3001 2462 ut
3028 2423 3130 2479 pro
3159 2424 3251 2462 me
3277 2413 3482 2475 oraret,
3499 2408 3755 2480 explora-

2157 2505 2282 2555 tum
2301 2498 2470 2553 habui
2495 2514 2624 2553 eum
2655 2514 2782 2552 esse
2811 2498 2994 2552 virum
3019 2497 3350 2568 spiritalem.
3373 2497 3758 2553 Tuncurbane

2159 2605 2383 2642 mecum
2399 2589 2750 2659 jocans,cum
2769 2586 3059 2642 sinistram
3079 2586 3365 2641 maxillam
3383 2586 3522 2641 mihi
3543 2587 3755 2642 sensim

2161 2677 2603 2748 pulsasset,dicit
2622 2692 2638 2731 :
2665 2677 2855 2732 Multae
2874 2681 2932 2731 te
2951 2681 3184 2731 manent
3199 2675 3759 2747 aﬂlictiones,etgra-

2161 2767 2252 2820 via
2279 2765 2424 2820 bella
2439 2783 2637 2838 passus
2665 2782 2725 2820 es
2748 2772 2814 2820 ut
2841 2765 3021 2820 exires
3051 2764 3415 2831 esolitudine,
3439 2765 3757 2837 timoreque

2164 2856 2395 2910 aﬂ'ectus
2415 2872 2494 2919 es,
2529 2860 2587 2910 et
2617 2854 2886 2910 distulisti
2919 2871 2932 2910 :
2965 2854 3087 2926 pios
3125 2859 3316 2910 autem
3357 2860 3663 2926 praetextas
3702 2861 3759 2910 et

2164 2945 2372 3000 rationi
2397 2950 2804 2999 consentaneos
2852 2944 3092 2999 aiferens
3128 2944 3365 3010 daemon,
3397 2949 3453 2998 te
3485 2944 3755 3016 exagitat.

2163 3034 2286 3089 Tibi
2303 3034 2455 3089 enim
2474 3034 2755 3104 suggessit
2765 3038 2821 3087 et
2834 3033 3011 3104 patris
3026 3033 3111 3088 tui
3127 3033 3550 3100 desiderium,et
3568 3034 3761 3088 fratris

487 3138 608 3176 rem
637 3120 709 3176 ab
748 3122 938 3194 aliquo
989 3121 1085 3193 qui
1119 3121 1271 3177 norit
1319 3123 1641 3178 examinare
1669 3128 1726 3176 et
1752 3129 1998 3176 mentem
2030 3127 2146 3187 etC.
2163 3125 2250 3179 tui
2277 3131 2335 3178 et
2359 3124 2568 3179 sororis
2606 3129 2717 3179 tuae
2746 3123 2806 3178 in
2837 3123 2953 3178 vita
2980 3123 3291 3178 monastica
3320 3123 3756 3180 institutionem.

485 3211 819 3279 orationem,
849 3213 936 3282 cuj
946 3227 1146 3266 usnam
1171 3211 1326 3267 modi
1347 3212 1422 3266 sit
1445 3212 1556 3280 vir;
1583 3212 1631 3266 si
1653 3212 1800 3266 enim
1831 3229 1934 3283 ego
1954 3228 2084 3266 eum

487 3317 600 3356 non
627 3306 862 3373 potuero
891 3301 1099 3368 videre,
1133 3302 1255 3372 ejus
1284 3307 1474 3356 autem
1505 3302 1632 3356 vitae
1655 3301 1977 3356 institutum
1999 3319 2087 3359 ac-

486 3396 680 3445 curate
701 3390 896 3444 audire
917 3395 1153 3461 potuero
1173 3390 1283 3444 alio
1303 3396 1592 3458 narrante,
1625 3391 1836 3445 discam
1865 3398 1931 3445 ut
1955 3408 2084 3446 eum

486 3479 814 3535 conveniam
838 3499 852 3547 ;
886 3479 1035 3550 quod
1064 3479 1112 3534 si
1140 3497 1253 3534 non
1275 3479 1542 3546 didicero,
1560 3496 1674 3534 non
1701 3479 1792 3535 ibo
1813 3497 1992 3552 usque
2013 3480 2086 3535 ad

485 3574 758 3628 montem.
777 3569 916 3624 Cum
937 3569 1041 3623 hoc
1061 3573 1252 3624 autem
1263 3569 1586 3636 audiissem,
1613 3575 1670 3624 et
1693 3570 1906 3624 nemini
1927 3570 2086 3640 quid-

487 3675 656 3730 quam
686 3658 971 3724 dixissem,
1005 3657 1189 3730 quievi
1217 3675 1393 3714 unum
1422 3659 1590 3726 diem,
1633 3659 1743 3713 alio
1771 3665 1964 3713 autem
1990 3676 2084 3714 oc-

486 3747 627 3802 clusi
657 3748 887 3816 cellam;
921 3752 979 3802 et
1005 3763 1134 3802 cum
1159 3765 1249 3802 me
1277 3753 1334 3802 et
1361 3748 1542 3819 ipsam
1564 3748 1680 3803 Deo
1695 3748 2084 3803 commendas-

487 3853 629 3902 sem,
663 3837 944 3908 profectus
973 3853 1098 3892 sum
1128 3853 1307 3908 usque
1331 3837 1403 3892 ad
1442 3836 1806 3892 Thebaidem.
1847 3839 1988 3892 Cum
2017 3855 2084 3894 eo

487 3930 682 3980 autem
709 3925 903 3980 decem
932 3931 988 3980 et
1033 3930 1156 3980 octo
1199 3926 1420 3981 dierum
1457 3926 1640 3997 spatio
1681 3927 2080 3998 pervenissem,

486 4015 696 4086 partim
725 4015 953 4086 quidem
980 4014 1236 4086 pedibus,
1279 4014 1484 4086 partim
1521 4031 1652 4069 vero
1681 4015 1998 4086 navigando
2023 4016 2084 4070 in

486 4104 725 4161 ﬂumine
755 4122 766 4157 :
791 4109 916 4158 erat
935 4109 1127 4158 autem
1168 4110 1391 4176 tempus
1435 4120 1699 4160 ascensus
1729 4104 1864 4174 (91),
1893 4105 1952 4159 in
1973 4121 2084 4176 quo

488 4193 658 4248 multi
678 4198 972 4263 aegrotant,
990 4193 1140 4263 quod
1168 4193 1308 4248 mihi
1335 4210 1558 4265 quoque
1585 4194 1804 4248 accidit.
1825 4195 1968 4248 Cum
1999 4211 2086 4248 ve-

491 4283 706 4337 nissem
754 4287 968 4346 autem,
1017 4281 1204 4336 inveni
1247 4283 1500 4337 clausum
1555 4285 1679 4353 ejus
1707 4283 2078 4351 vestibulum;

485 4370 691 4426 fratres
711 4371 860 4425 enim
870 4369 1148 4442 posterius
1161 4371 1512 4426 aediﬁcarunt
1521 4371 1829 4426 maximum
1844 4372 2086 4427 vestibu-

2166 3214 2306 3269 Eccc
2334 3229 2468 3284 ergo
2496 3213 2706 3268 bonum
2734 3211 2836 3268 tibi
2861 3212 3033 3267 alIero
3076 3212 3336 3267 nuntium
3373 3231 3386 3267 :
3423 3213 3594 3268 ambo
3621 3214 3758 3268 salvi

2166 3307 2317 3369 sunt,
2352 3302 2564 3357 mundo
2594 3301 2744 3357 enim
2773 3301 3190 3368 renuntiarunt,
3223 3307 3281 3356 et
3324 3307 3486 3373 pater
3507 3307 3645 3356 tuus
3673 3308 3755 3357 est

2167 3391 2351 3446 adhuc
2409 3392 2654 3447 victurus
2710 3396 2928 3462 septem
2961 3407 3158 3446 annos.
3207 3391 3337 3446 Esto
3380 3407 3513 3462 ergo
3541 3390 3674 3446 forti
3703 3397 3761 3446 et

2167 3481 2447 3536 constanti
2467 3481 2656 3536 animo
2681 3481 2740 3537 in
2765 3480 3084 3549 solitudine,
3107 3496 3210 3536 nec
3220 3496 3412 3536 eorum
3431 3497 3602 3536 causa
3622 3481 3758 3536 velis

2167 3569 2322 3625 abire
2350 3570 2410 3624 in
2439 3570 2700 3641 patriam.
2732 3569 3016 3641 Scriptum
3047 3573 3134 3624 est
3175 3569 3324 3624 enim
3363 3588 3378 3624 :
3426 3571 3606 3625 Nemo
3663 3572 3758 3643 qui

2169 3675 2402 3714 manum
2431 3659 2683 3714 admovit
2709 3665 2920 3727 aratro,
2948 3665 3006 3714 et
3032 3665 3120 3714 est
3145 3675 3458 3726 conversus,
3479 3665 3568 3715 est
3590 3668 3756 3732 aptus

2165 3765 2340 3820 regno
2369 3748 2471 3803 Dei
2501 3749 2670 3819 (Luca
2697 3750 2795 3820 Ix).
2829 3749 2908 3804 Ex
2947 3748 3038 3803 his
3066 3765 3199 3819 ergo
3222 3748 3402 3804 verbis
3441 3749 3673 3820 adjutus
3702 3757 3756 3804 et

2165 3839 2304 3893 satis
2331 3837 2648 3906 roboratus,
2680 3839 2796 3894 Deo
2826 3838 2916 3909 egi
2941 3837 3173 3908 gratias,
3205 3855 3332 3893 cum
3360 3837 3626 3905 intellexi,
3661 3855 3754 3893 eos

2170 3929 2266 4001 qui
2297 3944 2388 3982 me
2415 3927 2693 3998 urgebant
2746 3933 3048 4000 praetextus
3086 3944 3207 3982 esse
3237 3932 3508 3999 peractos.
3542 3927 3754 3982 Deinde

2169 4033 2366 4072 rursus
2394 4017 2534 4072 mihi
2562 4017 2714 4084 dicit,
2745 4016 2960 4073 urbane
2997 4033 3217 4072 mecum
3241 4018 3437 4088 jocans
3463 4035 3476 4071 :
3509 4016 3608 4072 Vis
3633 4016 3754 4074 ﬁeri

2171 4107 2504 4179 episCOpus?
2533 4107 2658 4162 Dixi
2703 4113 2925 4162 autem:
2949 4108 3345 4178 Nequaquam;
3367 4123 3493 4162 sum
3509 4107 3679 4162 enim.
3697 4107 3752 4162 Is

2167 4203 2356 4252 autem
2371 4197 2656 4252 mihidicit
2673 4215 2686 4250 :
2711 4197 2844 4252 Ubi?
2861 4197 2984 4252 Dixi
2995 4213 3098 4268 ego
3114 4216 3126 4250 :
3151 4197 3218 4253 In
3232 4197 3498 4268 coquinis,
3507 4197 3562 4252 in
3583 4213 3750 4270 penu.

2167 4286 2226 4340 in
2254 4286 2484 4353 mensis,
2517 4286 2575 4340 in
2597 4286 2790 4342 doliis:
2821 4303 2889 4341 ea
2915 4285 3215 4357 diligenter
3235 4286 3488 4358 inspicio,
3517 4293 3576 4342 et
3596 4288 3644 4342 si
3669 4286 3750 4342 vi-

2165 4391 2303 4429 num
2324 4375 2620 4441 acuerit,id
2637 4391 2894 4446 segrego;
2911 4374 3119 4431 bonum
3133 4380 3322 4430 autem
3340 4374 3750 4445 bibo;similiter

485 4461 628 4525 lum,
654 4461 803 4532 quod
819 4459 1078 4532 capiebat
1091 4461 1240 4515 viros
1253 4460 1475 4515 circiter
1492 4467 1718 4515 centum
1742 4480 1754 4516 :
1775 4461 1922 4532 quod
1933 4462 2084 4516 clave
2103 4462 2154 4521 D
2170 4465 2340 4520 ollam
2371 4481 2594 4536 quoque
2627 4465 2926 4536 diligenter
2947 4465 3202 4537 inspicio,
3235 4471 3292 4520 et
3326 4465 3375 4520 si
3402 4465 3485 4519 sal
3509 4465 3750 4520 defuerit

485 4550 827 4616 claudentes,
845 4549 1176 4621 aperiebant
1193 4555 1414 4604 tantum
1437 4550 1680 4606 Sabbato
1691 4556 1749 4604 et
1769 4551 2080 4606 Dominica.

487 4641 628 4696 Cum
651 4657 784 4711 ergo
795 4640 1114 4694 didicissem
1125 4655 1356 4694 causam
1376 4645 1607 4712 propter
1617 4657 1785 4712 quam
1803 4646 1925 4696 erat
1935 4641 2085 4696 clau-

485 4747 634 4792 sum,
664 4729 954 4784 silentium
978 4730 1066 4799 egi
1095 4745 1274 4800 usque
1293 4729 1363 4782 ad
1387 4728 1714 4786 Sabbatum.
1742 4731 1811 4786 Et
1830 4747 1958 4786 cum
1986 4747 2082 4785 ve-

486 4819 698 4874 nissem
725 4819 868 4873 hora
893 4818 1158 4884 secunda,
1192 4817 1253 4872 in
1281 4819 1675 4889 congressione
1717 4836 1848 4874 eum
1895 4821 2083 4875 inveni

485 4907 825 4962 assidentem
854 4907 914 4961 in
941 4907 1205 4973 fenestra,
1237 4924 1340 4978 per
1369 4925 1537 4979 quam
1567 4908 1862 4964 videbatur
1881 4927 2081 4965 conso-

481 4995 588 5052 lari
616 5013 712 5052 eos
740 4996 837 5067 qui
857 4995 1212 5050 accedebant.
1246 4998 1389 5052 Cum
1419 5014 1510 5052 me
1538 5004 1728 5053 autem
1757 4999 2078 5066 salutasset,

483 5086 626 5140 dixit
652 5102 755 5158 per
771 5085 1136 5156 interpretem
1163 5103 1174 5138 :
1203 5087 1511 5158 Cujusnam
1537 5105 1598 5142 es
1616 5087 1882 5158 regionis,
1904 5093 1962 5142 et
1979 5106 2082 5143 cur

482 5174 720 5230 venisti?
739 5174 974 5244 conjicio
1009 5175 1161 5230 enim
1190 5181 1248 5230 te
1274 5193 1396 5230 esse
1426 5193 1492 5230 ex
1521 5181 1798 5232 conventu
1830 5178 2075 5247 Evagrii.

477 5265 603 5320 Dixi
631 5269 826 5320 autem
855 5281 946 5318 me
975 5281 1096 5319 esse
1123 5265 1404 5337 hospitem
1435 5282 1500 5320 ex
1529 5267 1770 5330 Galatia,
1797 5272 1855 5321 et
1867 5267 2079 5322 confes-

480 5371 578 5409 sus
597 5371 722 5409 sum
743 5371 834 5408 me
854 5371 976 5409 esse
991 5371 1056 5408 ex
1073 5355 1372 5409 sodalitate
1390 5355 1872 5425 Evagrii.Interim
1888 5364 2080 5412 autem

478 5443 615 5498 dum
645 5445 1024 5515 loqueremur,
1074 5445 1363 5516 ingressus
1417 5449 1506 5498 est
1559 5461 1764 5516 praeses
1810 5447 2075 5516 regionis,

479 5533 712 5604 Alypius
739 5533 998 5602 nomine;
1023 5551 1135 5606 quo
1167 5539 1522 5601 accurrente,
1549 5533 1714 5588 desiit
1733 5551 1954 5590 mecum
1971 5539 2082 5592 col-

491 5619 821 5690 loqui.Cum
851 5639 984 5692 ergo
1011 5641 1213 5695 parum
1237 5623 1611 5692 secessissem,
1633 5624 1763 5682 dedi
1787 5626 1867 5682 eis
1894 5626 2078 5684 locum

2165 4554 2252 4608 vel
2279 4554 2621 4609 condimenti
2651 4554 2882 4626 aliquid,
2917 4570 3041 4608 eam
3071 4553 3289 4622 condio,
3322 4558 3378 4608 et
3397 4553 3477 4608 sic
3505 4569 3627 4608 eam
3651 4570 3749 4608 co-

2165 4643 2350 4697 medo.
2383 4643 2488 4697 Hic
2515 4649 2603 4698 est
2629 4660 2788 4698 meus
2812 4643 3181 4715 episcopatus,
3215 4659 3341 4697 mea
3388 4642 3614 4714 inquam
3658 4642 3740 4697 in-

2163 4737 2394 4802 spectio,
2424 4748 2515 4786 me
2544 4731 2694 4786 enim
2724 4731 2796 4786 ad
2823 4748 2953 4787 eum
2971 4730 3184 4801 delegit
3204 4731 3358 4802 gula.
3389 4731 3442 4786 Is
3461 4747 3587 4784 vero
3605 4729 3752 4786 dixit

2164 4821 2462 4876 subridens
2495 4839 2507 4874 :
2536 4822 2696 4876 Mitte
2743 4821 3015 4888 ridicula;
3043 4820 3294 4875 futurum
3322 4824 3408 4874 est
3434 4825 3498 4874 ut
3521 4819 3747 4890 eligaris

2165 4910 2476 4982 episcopus,
2509 4916 2566 4966 et
2594 4912 2835 4966 multum
2862 4910 3101 4978 labores,
3121 4915 3180 4966 et
3203 4909 3504 4980 afﬂigaris;
3536 4908 3584 4962 si
3611 4925 3747 4978 ergo

2162 4999 2310 5070 fugis
2336 5000 2766 5067 aﬂlictiones,ne
2778 5017 2942 5056 exeas
2963 5018 2994 5056 e
3013 5000 3334 5064 solitudine,
3365 4999 3423 5054 in
3451 4997 3747 5052 solitudine

2163 5089 2312 5144 enim
2324 5106 2490 5144 nemo
2509 5096 2567 5144 te
2591 5095 2778 5162 potest
2794 5089 3055 5144 ordinare
3076 5087 3534 5161 episcOpum.Ego
3554 5091 3742 5140 autem

2161 5181 2285 5250 ejus
2313 5179 2609 5235 verborum
2633 5197 2761 5235 sum
2788 5179 3014 5248 oblitus,
3047 5178 3225 5235 tribus
3253 5179 3404 5233 enim
3429 5185 3552 5250 post
3580 5178 3743 5232 annis

2161 5275 2219 5324 et
2239 5270 2431 5341 splene
2461 5275 2518 5324 et
2543 5270 2830 5324 stomacho
2877 5269 3141 5325 laboravi.
3168 5269 3327 5324 Illinc
3358 5272 3545 5322 autem
3572 5282 3606 5320 a
3631 5265 3742 5320 fra-

2161 5359 2344 5414 tribus
2363 5361 2567 5415 missus
2594 5377 2720 5414 sum
2749 5358 3166 5424 Alexandriam,
3195 5357 3420 5413 morbus
3457 5356 3602 5411 enim
3634 5354 3738 5424 (93)

2161 5449 2232 5504 ad
2257 5449 2587 5522 hydropisin
2599 5449 2882 5519 vergebat,
2897 5448 2967 5503 ab
2992 5448 3330 5504 Alexandria
3347 5451 3532 5502 autem
3548 5460 3742 5500 consu-

2161 5539 2391 5594 luerunt
2418 5539 2620 5594 medici
2638 5546 2704 5594 ut
2726 5539 2874 5594 aeris
2897 5538 3082 5610 gratia
3103 5538 3242 5592 irem
3269 5537 3329 5592 in
3356 5535 3736 5602 Palmstinam;

2159 5628 2332 5685 habet
2362 5627 2512 5686 enim
2523 5627 2672 5699 quod
2682 5627 2755 5684 ad
2771 5643 2902 5684 eum
2920 5627 3124 5686 attinet
3138 5630 3577 5698 temperaturam
3605 5621 3734 5677 sub-
