4072 6210
793 404 831 409 _-
1701 390 1890 397 ...μ
2281 383 2574 392 ..___..-
2639 384 2680 389 .
2759 383 2796 388 ..
2857 383 2878 386 ι.
2931 382 2950 387 -
3019 379 3186 387 η,

238 366 3480 465 μ
767 392 1666 438 _
1839 398 2999 425 ._____.___..__..~
3010 406 3463 414 ..-

1247 426 1250 428 ,
1291 427 1306 429 _
1755 418 1838 425 .-

433 444 444 447 ,
499 434 758 445 μέν,

976 615 1202 701 ΤΟΥ
1274 616 1417 701 ΕΝ
1502 612 1865 699 ΑΓΙΟΙΣ
1938 607 2370 696 ΠΑΤΡΟΣ
2424 604 2774 748 ἨΜΩΝ

1244 1038 1245 1041 γ
1289 823 2456 1001 ΚΥΡΙΛΛΟΥ

943 1128 1868 1221 ΑΡΧΙΕΠΙΣΚΟΠΟΥ
1987 1114 2814 1212 ΑΛΕΞΑΝΔΡΕΙΑΣ

1336 1320 1339 1325 “
1429 1297 1790 1390 EPMHNEIA
1841 1334 1876 1403 ἢ
1929 1329 2368 1387 ΥΠοΜΝΗΜΑ’

310 1540 574 1668 ΕΙΣ
648 1534 881 1668 ΤΟ
980 1458 1443 1662 ΚΑΤΑ
1516 1523 2256 1661 ΙΩΑΝΝΗΝ
2341 1517 3441 1654 ΕΥΑΓΓΕΑΙΟΝ.

1841 1815 1913 1826 ...ι-

1112 1978 2625 2183 S.P.N.CYR1LLI
2734 1956 2743 1969 ί

958 2274 1769 2429 ALEXANDRUE
1902 2330 2814 2426 ARCHIEPISCOPI

1279 2562 1675 2624 EXPOSITIO
1720 2558 1854 2626 sive
1907 2557 2499 2623 COMMENTARIUS

756 2749 927 2863 1N
1006 2743 1736 2919 {OANNIS
1886 2717 3041 2861 EVIANGELIUM.

861 3173 1261 3245 ΠΡΟΟΙΜΙΟΝ.

350 3290 583 3361 (Κύριος
608 3289 771 3342 δώσει
795 3288 945 3360 ῥῆμα
970 3290 1081 3351 τοῖς
1107 3286 1612 3356 εὖαγγελιζομένοις
1628 3286 1854 3357 δυνάμει

280 3382 474 3453 πολλῇ,
499 3399 518 3432 ›
546 3380 730 3444 καλῶς
752 3395 815 3448 γε
838 3379 1041 3450 σφόδρα
1062 3377 1230 3432 ποιῶν
1256 3378 1285 3430 ὁ
1309 3377 1563 3446 Μελῳδὸς
1587 3376 1853 3445 ἀναφθέγ-

279 3490 460 3543 γεται.
489 3473 701 3544 Χρῆναι
731 3472 789 3524 δὲ
813 3466 965 3540 οἶμαι
998 3469 1137 3541 πρὸς
1163 3469 1318 3523 τοῦτο
1362 3467 1615 3537 βαδίζειν,
1645 3468 1704 3521 οὗ
1733 3468 1858 3530 τοὺς

280 3566 547 3636 τυχόντας
577 3562 784 3625 ἁπλῶς,
828 3559 964 3615 ἀλλὰ
1008 3561 1136 3623 τοὺς
1182 3559 1271 3613 διὰ
1304 3561 1404 3630 τῆς
1434 3557 1640 3613 ἄνωθεν
1671 3574 1857 3626 πεφω-

204 3706 215 3715 ,
280 3655 577 3727 τισμένους
620 3653 878 3724 χάριτος’
934 3651 1055 3703 ἐπεὶ
1105 3650 1200 3703 καὶ
1257 3667 1275 3701 ι
1308 3651 1465 3727 Πᾶσα
1510 3649 1670 3717 σοφία
1710 3647 1859 3719 παρὰ

283 3747 514 3817 Κυρίου,
530 3765 548 3797 ι
580 3743 720 3798 καθὰ
733 3743 1061 3812 γέγραπται,
1099 3741 1224 3794 «καὶ
1246 3741 1395 3803 πᾶσα
1420 3740 1476 3793 δὲ
1497 3739 1639 3802 δόσις
1658 3738 1857 3808 ἀγαθὴ,

286 3840 379 3892 καὶ
425 3838 535 3891 πᾶν
568 3835 795 3906 δώρημα
840 3834 1076 3898 τέλειον,
1124 3831 1327 3886 ἄνωθέν
1370 3834 1485 3885 ἐστι
1534 3831 1860 3886 καταϐαῖνον

287 3928 434 3998 παρὰ
467 3925 563 3979 τοῦ
607 3924 817 3996 Πατρὺς
848 3923 956 3977 τῶν
999 3922 1219 3991 φώτων.
1244 3942 1263 3975 ι
1323 3925 1564 3993 manu
1611 3923 1709 3991 μὲν
1751 3922 1860 3994 γὰρ

287 4018 558 4089 σφαλερόν
605 4034 687 4080 τε,
734 4015 826 4069 καὶ
860 4016 959 4069 οὐκ
984 4015 1219 4086 ἀζήμιον
1257 4016 1371 4078 τοῖς
1410 4013 1639 4077 πολλοῖς,
1672 4011 1700 4063 ὁ
1734 4012 1861 4084 περὶ

285 4110 385 4180 τῆς
438 4109 704 4163 ἀνωτάτω
752 4104 940 4159 πασῶν
981 4106 1167 4170 οὐσίας
1229 4105 1321 4158 καὶ
1364 4104 1472 4158 τῶν
1522 4103 1641 4157 κατ’
1695 4103 1862 4174 αὐτὴν

296 4202 606 4273 μυστηρίων
652 4203 846 4273 ὁρᾶται
896 4200 1053 4269 λόγος
1078 4214 1091 4229 ο
1152 4200 1340 4270 χρῆμα
1401 4199 1458 4252 δέ
1508 4215 1559 4251 τι
1604 4197 1864 4251 κινδύνων

293 4292 735 4365 ἀπηλλαγμένον,
758 4294 791 4362 ἡ
820 4291 912 4345 ἐπὶ
936 4291 1146 4354 τούτοις
1174 4292 1323 4361 σιγήν
1355 4289 1467 4343 ἀλλ’
1500 4290 1742 4359 ἐξίστησι
1766 4286 1864 4359 μὲν

293 4384 490 4452 ταύτης
514 4385 687 4453 ἡμᾶς,
712 4382 885 4437 καίτοι
899 4381 1019 4435 λίαν
1035 4380 1067 4453 ἢ
1084 4381 1349 4453 προσήκει
1374 4381 1537 4450 τιμᾷν
1561 4379 1861 4450 οἰομένους,

293 4476 324 4527 ὁ
346 4474 444 4526 ἰπὶ
472 4474 686 4527 πάντων
725 4473 859 4536 Θεὸς
879 4512 896 4537 ,
938 4492 957 4525 ι
985 4473 1170 4538 Δάλει,
1204 4472 1297 4527 καὶ
1326 4471 1401 4541 μὴ
1429 4470 1625 4535 σιώπα,
1659 4490 1678 4522 ι
1730 4470 1866 4543 πρός

3060 3094 3081 3131 ὃ

2517 3166 2939 3224 ΡιιοοΕΜιυΜ.

2037 3283 2079 3351 ι
2092 3301 2109 3331 σ
2123 3280 2386 3338 Dominus
2399 3280 2552 3338 dabit
2573 3281 2798 3337 verbum
2822 3280 3321 3361 evangelizantibus
3338 3283 3536 3341 virtute

1964 3375 2154 3436 multa,
2187 3391 2205 3424 ι
2229 3380 2375 3428 recte
2397 3373 2586 3442 utique
2610 3372 2897 3429 Psalmista
2927 3372 3075 3429 canit
3102 3373 3140 3427 ⁸.
3162 3372 3360 3430 Verum
3383 3375 3533 3451 istud

1963 3462 2206 3534 aggredi,
2225 3478 2333 3519 non
2359 3463 2604 3534 cujusvis
2621 3478 2745 3519 esse
2766 3478 2913 3530 reor,
2929 3465 3023 3520 scd
3052 3480 3243 3520 eorum
3266 3450 3537 3525 duntaxat

1963 3556 2056 3626 qui
2088 3571 2327 3626 superna
2360 3556 2621 3611 illustrati
2645 3564 2773 3612 sunt
2800 3558 2998 3629 gratia,
3032 3573 3156 3613 cum
3180 3577 3199 3610 ι
3224 3562 3404 3618 omnis
3441 3578 3535 3619 sa-

1964 3645 2171 3717 pientia
2210 3646 2286 3701 sit
2330 3662 2361 3701 a
2390 3645 2621 3701 Domino
2657 3666 2702 3712 ι,
2737 3649 2880 3704 sicut
2912 3649 3178 3720 scriptum
3216 3660 3304 3711 est
3340 3654 3384 3722 ’,
3421 3672 3441 3706 ι
3482 3664 3537 3710 ct

1964 3754 2126 3795 omne
2158 3740 2348 3795 datum
2387 3740 2677 3809 optimum,
2710 3750 2765 3796 et
2792 3756 2955 3799 omne
2986 3743 3190 3798 donum
3233 3747 3536 3816 perfectum

1965 3833 2257 3888 desursum
2280 3832 2348 3887 sit
2363 3830 2703 3887 descendens
2720 3847 2749 3886 a
2768 3830 2930 3888 Patre
2954 3835 3277 3891 luminum.»
3298 3837 3549 3895 Lubrica-

1965 3924 2111 3977 enim
2141 3938 2252 3987 res,
2279 3939 2382 3979 nec
2429 3923 2549 3979 sine
2596 3923 2841 3994 periculo
2870 3924 3059 3981 multis
3093 3926 3311 3983 videtur
3333 3930 3402 3987 de
3445 3946 3540 3987 su-

1967 4028 2159 4083 prema
2205 4014 2449 4068 omnium
2486 4013 2724 4069 essentia
2779 4012 3009 4084 ejusque
3057 4019 3334 4088 mysteriis
3360 4020 3537 4079 disse-

1970 4121 2110 4169 rere,
2143 4113 2198 4160 et
2228 4113 2407 4160 tutum
2436 4112 2522 4161 est
2550 4105 2605 4160 in
2641 4106 2727 4161 his
2756 4106 3039 4162 silentium
3066 4124 3078 4158 :
3108 4110 3204 4165 sed
3235 4111 3305 4166 ab
3343 4128 3409 4168 eo
3435 4131 3537 4172 nos

1968 4203 2138 4264 arcet,
2176 4197 2429 4267 quamvis
2458 4195 2593 4250 illud
2623 4196 2928 4267 impensius
2962 4199 3229 4266 colamus,
3261 4204 3540 4264 universi-

1971 4291 2102 4344 tatis
2157 4289 2323 4354 Deus,
2358 4288 2577 4344 cuidam
2628 4296 2947 4344 sanctorum
3019 4289 3249 4362 (Paulus
3300 4297 3349 4353 is
3400 4303 3540 4373 erat)

1970 4377 2158 4434 dicens
2191 4397 2204 4432 :
2242 4396 2261 4430 ι
2302 4377 2572 4445 Loquere,
2605 4383 2660 4431 et
2685 4390 2753 4431 ne
2782 4376 2948 4434 sileas
2980 4379 3021 4445 ³,
3055 4398 3074 4432 ι
3108 4396 3210 4438 nec
3239 4387 3422 4444 minus
3459 4391 3543 4448 le-

1938 4471 2088 4542 ~gale
2108 4476 2450 4540 praeceptum
2487 4468 2631 4540 quod
2666 4471 2926 4527 crassiori
2954 4474 3192 4545 quodam
3220 4458 3389 4534 veluti
3414 4488 3543 4553 typo

298 4577 427 4613 τινα
452 4562 558 4614 τῶν
584 4562 764 4630 ᾐγίων
797 4560 987 4615 εἰπών.
1029 4561 1240 4626 Παῦλος
1274 4560 1332 4615 δὲ
1363 4551 1518 4624 οὗτος
1556 4556 1625 4633 ἦν
1649 4577 1663 4591 ο
1709 4562 1803 4615 καὶ
1832 4561 1865 4631 ἡ

1969 4580 2057 4620 res
2089 4563 2363 4632 spiritales
2399 4562 2691 4635 signiﬁcat.
2736 4564 2899 4622 Jubet
2931 4568 3076 4623 enim
3100 4583 3196 4625 eos
3239 4572 3332 4642 qui
3367 4551 3544 4630 addi-

297 4651 495 4723 νομικὴ
525 4652 580 4706 δὲ
624 4653 774 4707 οὐδὲν
797 4648 959 4724 ἦττον
985 4651 1257 4717 διάταξις,
1305 4651 1380 4716 ὡς
1410 4653 1468 4705 ἐν
1498 4651 1653 4723 τύπῳ
1694 4668 1868 4721 παχυ-

291 4743 436 4813 τέρῳ
464 4743 534 4796 τὰ
558 4742 904 4814 πνευματικὰ
926 4742 1283 4813 σημαίνουσα.
1314 4742 1453 4805 Τοὺς
1479 4742 1578 4813 μὲν
1605 4741 1713 4814 γὰρ
1734 4743 1868 4816 πρὸς

290 4833 393 4905 τὴν
420 4834 570 4887 θείαν
602 4834 972 4906 κεκλημένους
998 4831 1324 4905 ἱερωσύνην,
1371 4835 1481 4897 τοῖς
1528 4834 1614 4887 διὰ
1642 4835 1868 4903 σαλπίγ-

292 4942 407 4992 γων
439 4925 769 4997 ἀπηχήμασι
799 4924 1226 4996 κατασημαίνειν
1263 4922 1341 4994 τῷ
1379 4923 1494 4995 λαῷ
1528 4925 1654 4995 περὶ
1688 4919 1763 4979 ὧν
1803 4925 1868 4979 ἂν

292 5015 463 5085 δεήσῃ
493 5015 707 5086 μαθεῖν,
745 5016 1023 5071 ἐπιτάττει
1047 5033 1063 5048 ·
1103 5017 1165 5071 οὐ
1193 5019 1323 5089 γὰρ,
1352 5014 1525 5088 οἶμαι,
1555 5017 1663 5070 δεῖν
1693 5016 1869 5084 ὲλογῐο

295 5104 440 5169 ζετο,
470 5106 855 5177 νομοθετήσειν
880 5107 950 5162 τὰ
979 5107 1239 5163 κάλλιστα
1268 5109 1402 5174 Θεὸς
1431 5109 1712 5179 ἐθελήσας,
1746 5110 1871 5175 τοὺς

294 5196 406 5251 τῶν
430 5196 576 5251 λαῶν
601 5200 879 5270 ἡγεμόνας
919 5204 1077 5273 χεῖρα
1110 5200 1300 5264 θέντας
1342 5201 1435 5253 ἐπὶ
1465 5200 1708 5271 στόματι,
1732 5198 1871 5252 κατὰ

294 5288 356 5342 τὸ
385 5290 796 5361 γεγραμμένον,
835 5292 979 5363 δκνῳ
1012 5309 1070 5346 τε
1093 5289 1187 5345 τοῦ
1226 5292 1301 5363 μὴ
1327 5290 1503 5345 δοκεῖν
1529 5293 1643 5354 τοῖς
1673 5289 1873 5361 ὑψηλο-

294 5379 497 5449 τέροις,
540 5379 578 5451 ἢ
609 5381 756 5435 κατὰ
798 5380 922 5434 νοῦν
959 5382 1052 5435 τὸν
1082 5380 1444 5452 ἀνθρώπινον,
1492 5380 1874 5452 ῥιψοκινδύνως

294 5474 593 5547 ἐπιχειρεῖν
612 5517 628 5543 ,
676 5476 769 5530 τὸν
813 5475 985 5540 οὕτως
1016 5476 1314 5545 ἀναγκαῖον
1339 5477 1450 5538 τοῖς
1479 5474 1763 5529 εὐλάϐειάν
1814 5491 1875 5527 τε

295 5567 393 5620 καὶ
422 5565 755 5636 θεογνωσῖαν
786 5567 1327 5638 παιδαγωγουμένοις
1366 5564 1748 5638 παραιτεῖσθαι
1787 5565 1873 5619 λό-

1968 4658 2155 4712 vinum
2227 4656 2597 4712 sacerdotium
2652 4658 2829 4714 vocati
2885 4669 3046 4726 sunt,
3099 4677 3237 4718 sono
3286 4664 3541 4722 tubarum

1971 4749 2170 4819 populo
2200 4747 2330 4818 quid
2363 4750 2413 4801 ei
2441 4747 2764 4805 discendum
2803 4750 2876 4807 sit
2903 4751 3207 4810 declarare.
3234 4753 3356 4813 Non
3397 4759 3542 4815 enim

1969 4836 2339 4900 existimabat,
2374 4843 2434 4889 ιιι
2464 4836 2703 4903 videtur,
2744 4849 2946 4895 rectam
2982 4843 3152 4914 legem
3185 4858 3214 4896 a
3246 4843 3358 4902 Deo
3391 4848 3545 4918 posi-

1972 4938 2090 4983 tum
2132 4929 2222 4992 iri,
2267 4927 2315 4982 si
2364 4935 2631 4985 statueret
2683 4932 3008 5000 populorum
3057 4935 3251 5003 duces,
3287 4939 3544 5010 imposita

1976 5021 2057 5074 ori
2083 5034 2270 5087 manu,
2291 5021 2342 5090 2
2366 5027 2424 5074 ut
2450 5022 2715 5092 scriptum
2738 5030 2843 5085 est,
2867 5038 2978 5093 prae
3011 5036 3159 5083 metu
3188 5030 3544 5101 aggrediendi

1981 5125 2068 5165 res
2110 5111 2466 5169 sublimiores
2503 5127 2671 5185 quam
2722 5129 2880 5170 mens
2926 5115 3169 5174 humana
3201 5125 3416 5193 capiat,
3448 5124 3549 5181 do-

1979 5199 2214 5254 ctrinam
2247 5207 2356 5256 tam
2384 5203 2753 5260 necessariam
2783 5204 2850 5259 iis
2863 5205 2955 5276 qui
2994 5206 3061 5261 ad
3090 5208 3343 5277 pietatem
3367 5219 3423 5268 et
3449 5213 3545 5270 Dei

1974 5290 2347 5360 cognitionem
2383 5292 2713 5348 erudiuntur
2757 5295 2994 5363 amoliri,
3028 5305 3082 5353 et
3121 5297 3400 5355 silentium
3430 5319 3549 5358 amo

1976 5382 2141 5453 plecti
2194 5381 2264 5438 ad
2315 5382 2668 5455 disciplinam
2714 5376 3059 5446 venientibus
3102 5390 3240 5446 adeo
3295 5394 3546 5451 noxium.

1976 5473 2190 5528 Turbat
2232 5488 2363 5529 vero
2399 5489 2500 5530 nos
2554 5478 2779 5530 rurs’um
2809 5476 3017 5532 Christi
3064 5477 3395 5550 discipulus,
3423 5497 3548 5538 cum

1977 5566 2076 5630 ait,
2103 5584 2121 5617 ι
2158 5564 2336 5623 Nolite
2362 5567 2546 5637 plures
2584 5567 2830 5629 magistri
2880 5568 2998 5627 fieri
3035 5571 3076 5626 ⁸.
3123 5590 3141 5623 ι
3172 5570 3317 5640 Quin
3363 5580 3417 5630 et
3454 5590 3548 5632 sa-

372 5747 389 5779 ⁸
422 5747 569 5805 Psal.
601 5765 772 5815 uvu,
802 5751 890 5806 12.
968 5755 988 5785 ²
1027 5750 1146 5807 Jac.
1196 5768 1236 5818 ι,
1294 5752 1382 5808 ΓΙ.
1460 5752 1480 5785 ³
1509 5750 1630 5807 Act.
1671 5765 1802 5805 xvm
1827 5789 1841 5817 ,
1874 5750 1900 5805 θ

2005 5750 2025 5782 ⁸
2059 5747 2175 5807 Jac.
2211 5764 2310 5817 ιιι,
2345 5751 2396 5805 1.

532 5847 812 5909 Ρλιτιιοι.
857 5849 977 5910 Gn.
1028 5848 1296 5911 LXXIII.

243 5926 562 6200 ἐχ

3239 5849 3275 5918 ι
