4072 6210
464 330 528 387 ιι
1092 370 1107 376 -
1454 323 1512 380 S.
1551 322 1830 381 CYRiLL‘l
1884 320 2352 380 ALEXANDRINI
2409 325 2728 384 ARCHIEP.
3651 338 3753 411 1?;

459 446 619 521 piens
660 444 1019 501 Ecclesiastes
1053 444 1289 501 obscure
1317 445 1621 516 periculum
1651 446 1795 517 quod
1842 459 2025 500 earum

2136 463 2251 515 γον.
2299 448 2395 502 καὶ
2446 450 2656 521 σιωπὴν
2685 451 2798 516 τοῖς
2838 450 2917 516 εἰς
2948 451 3247 523 μαθητείαν
3296 454 3467 509 ἰοῦσιν
3498 456 3709 513 ἑλέσθαι

462 551 647 590 rerum
683 534 1000 591 doctoribus
1043 535 1338 601 incumbit,
1374 536 1707 606 significans
1741 554 1753 591 :
1807 553 1825 586 ι
1874 533 2034 590 Scin-

460 623 601 680 dens
641 625 792 697 ligna
816 626 858 693 ⁵,
893 644 912 678 ι
951 626 1152 697 inquit,
1194 645 1212 678 ι
1250 627 1654 697 periclitabitur
1710 626 1765 681 in
1820 627 1923 683 eis.
1971 625 2030 681 Si

459 716 727 771 exciderit
751 715 1048 779 ferrum,et
1073 719 1191 787 ipse
1220 718 1412 773 faciem
1448 718 1713 782 turbavit,
1733 725 1786 773 et
1808 716 2031 773 fortitu-

460 808 618 862 dines
681 808 1038 865 confortabit.
1103 829 1123 862 ι
1186 808 1389 865 Ferreo
1452 810 1597 864 enim
1660 811 2032 867 instrumento

460 910 741 970 comparat
781 902 978 956 mentis
1007 901 1178 955 aciem
1210 916 1330 970 quae
1370 902 1579 957 scilicet
1610 906 1897 972 penetrare
1930 878 2029 973 po-

461 997 666 1051 test,et
716 991 769 1045 in
820 991 1006 1045 intima
1062 991 1270 1055 subire,
1311 991 1564 1061 quamvis
1613 994 1865 1049 crassitie
1899 1008 2032 1065 quo.

460 1080 749 1135 dummodo
793 1091 844 1136 et
880 1082 1157 1137 soliditate
1200 1083 1443 1137 materia:
1478 1083 1825 1153 impediatur.
1861 1083 2030 1155 Ligna

459 1188 675 1237 rursus,
711 1173 936 1243 ﬁgurate
979 1182 1139 1229 vocat
1176 1175 1686 1244 contemplationes,
1722 1190 1843 1247 quae
1878 1173 2029 1231 Seri-

458 1275 619 1333 ptura
641 1265 908 1321 divinitus
930 1266 1198 1337 inspirata
1226 1266 1601 1329 continentur,
1628 1282 1752 1337 quae
1788 1265 2030 1322 eﬂiciunt

458 1363 516 1407 ut
550 1354 671 1409 libri
698 1355 908 1424 quibus
942 1354 1267 1411 inseruntur
1311 1355 1423 1410 sint
1457 1355 1680 1425 quidam
1711 1357 1878 1411 veluti
1917 1357 2029 1427 spi-

454 1447 635 1502 ritalis
676 1447 991 1516 paradisus,
1028 1455 1083 1502 et
1127 1455 1392 1517 prieterea
1423 1447 1640 1519 frugum
1687 1448 1865 1504 sancti
1905 1447 2029 1519 Spi-

454 1540 595 1597 ritus
624 1540 932 1596 ubertatem
969 1540 1216 1611 pariunt.
1242 1538 1343 1606 Qui
1374 1554 1506 1611 ergo
1552 1540 1701 1612 ligna
1738 1540 2026 1611 spiritalia,

454 1634 559 1687 hoc
592 1640 677 1688 est.
722 1631 939 1688 divinas
969 1639 1023 1687 et
1050 1631 1311 1702 mysticus
1331 1631 1528 1687 divinae
1558 1631 1858 1703 Scriptura:
1896 1647 2025 1687 con-

452 1724 1138 1793 templationes,accurata
1163 1723 1423 1795 indagine
1443 1732 1497 1779 et
1526 1732 1714 1780 exacta
1738 1727 1944 1798 ingenii
1973 1726 2024 1782 vi

2132 540 2230 610 τήν
2267 539 2578 611 ἐπιζήμιον.
2603 541 2835 614 Θορυόεἰ
2874 543 2932 598 δὲ
2968 544 3128 598 πάλιν
3162 546 3485 619 ήμᾶςξιΜὴ
3530 549 3712 606 πολλοὶ

2130 629 2436 686 διδάσκαλοι
2457 632 2691 702 γίνεσθε,
2705 652 2723 686 t
2752 634 2923 704 λέγων
2943 637 2971 688 ὁ
2991 636 3226 706 Χριστοῦ
3248 635 3529 709 ,μαθητήςο
3549 639 3628 693 ἔτι
3649 657 3709 694 τε

2131 725 2268 795 πρὸς
2311 725 2669 798 τούτωνκαὶ
2699 729 2728 782 ὁ
2760 728 3069 797 σοφώτατος
3113 728 3581 802 Ἐκκλησιαστὴς,
3622 734 3710 786 αι-

2131 816 2484 888 νιγματωδῶς
2515 818 2614 891 τὴν
2660 820 2753 873 ἐπὶ
2780 820 2859 891 τῷ
2892 820 2959 874 τὰ
2991 820 3217 875 τοιαῦτα
3255 821 3526 876 διδάσκειν
3568 840 3706 892 σφα-

2130 910 2397 982 λερότητα
2440 910 2652 976 δεικνύς
2679 928 2693 943 ·
2729 912 2964 984 ιΣχίζων
2990 914 3098 985 γὰρ
3138 912 3289 979 ξύλα,
3335 913 3487 985 φησι,
3531 916 3708 969 κινδυ-

2129 1001 2308 1055 νεύσει
2338 993 2396 1056 ἐν
2426 1003 2632 1066 αὐτοῖς,
2668 1003 2760 1058 ἐὰν
2792 1004 3002 1076 ἐκπέσῃ
3025 1004 3088 1057 τὸ
3117 1004 3375 1077 σιδήριον,
3418 1006 3515 1060 καὶ
3545 1006 3706 1070 αὐτὸς

2131 1092 2398 1164 πρόσωπα
2420 1090 2668 1167 ἐτάραξε,
2689 1096 2782 1149 καὶ⁵
2799 1094 3053 1165 δυνάμεις
3077 1095 3450 1165 δυναμεύσειί
3484 1097 3707 1168 σιδηρίῳ

2134 1183 2234 1255 μέν
2270 1185 2377 1256 γάρ
2427 1185 2750 1256 παρεικάζει
2797 1186 2891 1239 τοῦ
2938 1185 3029 1239 νοῦ
3072 1185 3171 1257 τὴν
3209 1184 3463 1258 ὀξύτητα,
3502 1186 3597 1241 ἅτε
3639 1188 3706 1258 δὴ

2128 1276 2445 1330 διικνεῖσθαι
2474 1277 2803 1345 πεφυκότος,
2843 1278 3172 1342 εἰσδύνοντὸς
3201 1296 3260 1332 τε
3302 1279 3437 1350 πρὸς
3465 1278 3534 1332 τὰ
3568 1279 3705 1333 ἐσώ-

2126 1383 2287 1430 τατα,
2331 1364 2434 1418 κᾶν
2474 1366 2768 1436 πυκνότητί
2826 1383 2943 1431 πως
2995 1367 3088 1420 καὶ
3125 1366 3201 1438 τῷ
3254 1367 3568 1439 νενασμένῳ
3606 1368 3705 1439 τῆς

2130 1456 2262 1528 ὕλης
2322 1456 2711 1511 διακωλύοιτο’
2776 1456 2907 1523 ξύλα
2964 1458 3022 1512 δέ
3081 1458 3242 1514 πάλιν
3302 1457 3705 1531 τροπικώτερον

2128 1550 2394 1603 ἀποκαλεῖ
2422 1549 2490 1605 τά
2534 1552 2593 1603 ἐν
2626 1552 2690 1622 τῇ
2733 1550 3071 1622 θεοπνεύστῳ
3117 1553 3303 1623 Γραφῇ
3349 1552 3700 1623 θεωρήματα,

2128 1643 2455 1714 παράδεισον
2485 1643 2826 1712 τιναηνοητδν
2869 1643 2968 1708 τὰς
3000 1638 3088 1707 αῖς
3127 1644 3452 1697 ἐντέθεινται
3498 1644 3703 1714 βιύλοις

2090 1792 2093 1795 ,
2129 1732 2623 1797 κατασκευάζοντα,
2686 1731 2766 1784 ἔτι
2812 1749 2871 1785 τε
2921 1732 3056 1801 πρὸς
3110 1731 3283 1802 τούτῳ
3326 1732 3422 1785 καὶ
3464 1732 3565 1803 τὴν
3606 1731 3702 1786 τοῦ

450 1824 504 1871 et
522 1814 775 1871 acumine
795 1815 1069 1886 explicare
1088 1824 1341 1881 conatur,
1357 1823 1472 1870 tum
1498 1817 1736 1873 maxime
1756 1817 2025 1889 periclita-

2126 1825 2281 1893 ἁγίου
2314 1825 2630 1894 Πνεύματος
2679 1824 3056 1896 καρποφοριαν
3082 1801 3357 1879 ὠδίνοντα.
3403 1823 3486 1877 Τά
3521 1801 3702 1876 τοίνυν

451 1906 623 1971 bitur,
646 1905 849 1977 inquit,
892 1921 1018 1962 cum
1057 1906 1263 1962 ferrum
1301 1906 1585 1973 ceciderit,
1618 1908 1726 1963 hoc
1763 1915 1868 1974 cst,
1898 1924 2023 1963 cum

450 2013 637 2067 rerum
694 1997 1026 2068 scriptarum
1079 2012 1207 2053 vera
1271 1997 1633 2069 intelligentia
1690 1999 1853 2054 allata
1914 2013 2024 2054 non

450 2089 636 2156 fuerit,
661 2099 714 2144 et
742 2097 890 2145 recto
912 2090 1063 2145 velut
1097 2089 1299 2146 itinere
1330 2091 1609 2147 relictoin
1638 2090 1801 2145 aliam
1833 2105 2026 2161 quam-

447 2179 575 2235 dam
599 2180 875 2251 obliquam
907 2188 963 2237 et
990 2196 1020 2236 a
1043 2183 1277 2239 veritate
1299 2181 1568 2239 detortam
1596 2181 1861 2239 doctrinae
1879 2182 2022 2237 viam

447 2273 748 2331 deﬂexerit.
767 2272 926 2340 Quod
950 2282 1100 2330 certe
1124 2290 1252 2331 cum
1279 2274 1330 2331 ei
1360 2274 1645 2340 acciderit,
1676 2275 1731 2330 in
1768 2275 2023 2330 timorem

445 2364 699 2435 conjiciet
742 2365 983 2419 animam
1020 2378 1201 2430 suam,
1233 2364 1289 2421 id
1334 2370 1420 2421 est
1446 2380 1565 2431 cor,
1590 2374 1645 2421 et
1679 2365 1734 2419 in
1776 2364 2022 2434 seipsum

446 2457 688 2512 firmabit
752 2444 1031 2525 improbas
1091 2456 1519 2527 contrariasque
1574 2454 1845 2521 virtutes,
1901 2467 2025 2525 qua:

444 2548 672 2605 nefariis
710 2562 776 2603 ac
808 2546 1085 2617 perversis
1128 2546 1486 2602 sermonibus
1527 2544 1834 2601 errantium
1875 2559 2024 2599 men-

445 2652 551 2698 tem
576 2640 860 2710 decipiunt
890 2653 994 2694 nec
1033 2638 1285 2694 veritatis
1316 2636 1782 2708 pulchritudinem
1820 2634 2022 2690 intueri

443 2732 651 2796 sinunt,
679 2729 775 2791 sed
809 2728 1168 2783 multifariam
1203 2734 1550 2795 pervertunt,
1573 2733 1628 2780 et
1664 2726 1721 2780 in
1751 2723 2021 2780 absurdas

443 2821 804 2893 cogitationes
849 2816 1172 2872 detrudunt.
1215 2833 1233 2866 ι
1274 2812 1446 2869 Nemo
1501 2814 1648 2869 enim
1707 2813 1842 2868 dicit
1884 2828 2021 2868 ana-

443 2911 627 2966 thema
654 2907 782 2963 Jesu
805 2906 912 2961 nisi
932 2905 990 2959 in
1014 2902 1316 2959 Beelzebub
1332 2904 1374 2957 °.
1391 2922 1410 2956 ο
1434 2901 1543 2958 Nec
1571 2911 1723 2974 putet
1747 2904 2019 2975 quispiam

444 3018 531 3059 me
561 3001 678 3056 haec
724 3011 1009 3069 perperam
1050 3004 1143 3050 aut
1189 2995 1390 3066 alioqui
1426 2995 1674 3066 captiose
1721 2996 2015 3067 explicare.

453 3094 607 3150 Solet
635 3090 821 3147 divina
854 3086 1162 3158 scriptura,
1194 3092 1253 3140 ut
1301 3086 1415 3158 jam
1443 3086 1705 3152 diximus,
1735 3086 1883 3156 ligna
1923 3102 2018 3142 vo-

445 3200 576 3241 care
598 3182 912 3238 divinarum
949 3179 1288 3234 Litterarum
1320 3178 1837 3249 contemplationes.
1863 3177 2022 3234 Unde

449 3273 824 3355 universitatis
865 3269 1012 3327 Deus
1069 3270 1180 3326 tale
1234 3268 1499 3340 quiddam
1541 3284 1640 3341 per
1673 3270 2021 3341 sapientissi-

447 3382 593 3423 mum
652 3363 855 3420 Mosem
906 3363 976 3418 ad
1028 3362 1179 3417 illius
1234 3361 1501 3432 temporis
1545 3362 1803 3419 homines
1838 3362 2017 3419 dicit:

452 3479 469 3512 ι
515 3458 573 3514 Si
611 3464 798 3513 autem
826 3454 1111 3512 obsederis
1140 3454 1289 3509 circa
1308 3454 1586 3510 civitatem
1620 3469 1788 3510 unam
1825 3454 2021 3511 diebus

447 3551 698 3622 pluribus
725 3545 1094 3620 oppugnando
1141 3560 1260 3601 eam
1294 3544 1345 3616 3
1396 3544 1464 3600 ad
1500 3545 1821 3617 capiendam
1870 3560 2021 3611 eam;

449 3659 559 3698 non
607 3638 1001 3698 exterminabis
1050 3638 1277 3693 arbores
1320 3637 1464 3709 ejus,
1512 3638 1783 3694 mittendo
1828 3639 1882 3692 in
1928 3653 2024 3695 cas

450 3736 656 3789 ferrum
685 3773 702 3797 ,
754 3729 849 3787 sed
887 3729 955 3784 de
982 3743 1045 3783 ea
1090 3727 1291 3781 arbore
1319 3726 1597 3793 comedes,
1631 3727 1805 3797 ipsam
1837 3734 2022 3782 autem

449 3840 562 3882 non
591 3818 1128 3891 excides.Nnmquid
1158 3818 1366 3890 lignum
1401 3818 1550 3888 quod
1585 3817 1640 3872 in
1674 3832 1826 3888 agro,
1858 3817 2024 3872 homo

447 3902 554 3979 Est,
612 3920 673 3968 ut.
731 3911 1073 3982 ingrediatur
1111 3924 1143 3964 a
1203 3908 1345 3965 facie
1395 3918 1488 3964 tua
1538 3910 1594 3963 in
1639 3908 1884 3964 vallum?
1926 3907 2021 3964 sed

449 4010 664 4079 lignum
710 4002 858 4075 quod
918 4003 1086 4067 nosti,
1117 4002 1247 4073 quia
1295 4016 1408 4057 non
1457 4000 1558 4057 fert
1612 4000 1854 4055 fructum
1904 3999 2024 4055 esui

450 4108 662 4173 aptum,
705 4096 811 4152 hoc
859 4093 1155 4167 disperdes
1190 4103 1245 4150 et
1290 4093 1509 4149 excides
1537 4094 1581 4147 '.
1615 4113 1634 4145 ι
1671 4091 1797 4147 Haec
1843 4099 2023 4147 autem

449 4189 610 4247 nobis
646 4186 1003 4259 priscribere
1050 4184 1291 4240 universi
1336 4184 1508 4239 Deum
1560 4180 1825 4248 noluisse,
1855 4181 1912 4246 isi
1958 4179 2027 4236 de

452 4284 617 4355 lignis
672 4279 1035 4337 terrestribus
1116 4277 1525 4349 intelligantur,
1578 4276 1758 4332 cuivis
1824 4276 2026 4346 opinor

450 4387 582 4429 esse
639 4368 1015 4425 manifestum.
1068 4365 1462 4423 Verumtamen
1519 4382 1585 4421 ex
1646 4367 1755 4421 alio
1805 4379 2027 4436 quoque

2128 1915 2261 1980 ξύλα
2284 1915 2352 1968 τὰ
2376 1915 2564 1987 νοητά,
2596 1914 2739 1967 τοῦτ’
2781 1913 2918 1976 ἐστι,
2957 1914 3025 1968 τά
3053 1913 3172 1967 θεῖά
3216 1930 3275 1967 τε
3318 1915 3413 1967 καὶ
3464 1913 3701 1982 μυστικά

2125 2006 2453 2079 θεωρήματα
2475 2007 2572 2077 τῆς
2594 2005 2944 2059 θεοπνεύστου
2966 2006 3206 2076 Γραφῆς,
3237 2003 3326 2058 διὰ
3352 2006 3450 2077 τῆς
3475 2005 3696 2077 ἐρεύνης

2123 2099 2219 2153 καὶ
2247 2092 2644 2169 ἀκριϐεστάτης
2671 2094 2767 2148 τοῦ
2799 2094 2891 2148 νοῦ
2920 2095 3225 2166 προσὸολῆς
3261 2112 3321 2149 τε
3379 2097 3471 2149 καὶ
3509 2095 3697 2166 ὀξύτη-

2121 2208 2212 2255 τος
2266 2188 2620 2241 διαπτύσσειν
2677 2184 3037 2254 πειρώμενος,
3088 2184 3422 2238 κινδυνεύσει
3471 2186 3526 2239 δὲ
3573 2186 3693 2239 τότε

2127 2279 2381 2350 μάλιστα,
2432 2274 2618 2346 φησὶν,
2667 2274 2745 2327 ὅτ’
2783 2271 2849 2327 ἂν
2901 2271 3107 2345 ἐκπέσῃ
3149 2272 3207 2325 τὸ
3242 2272 3501 2342 σιδήριον,
3544 2269 3692 2323 τοῦτ’

2122 2371 2288 2432 ἐστιν,
2318 2368 2394 2421 ὅτ’
2419 2366 2486 2421 ἂν
2522 2366 2595 2436 μὴ
2621 2363 2760 2418 κατά
2791 2363 2892 2434 τῆς
2922 2363 3150 2435 ἀληθοῦς
3186 2363 3423 2427 διανοίας
3461 2363 3569 2417 τῶν
3597 2380 3692 2433 γε-

2122 2460 2455 2533 γραμμένων
2485 2459 2513 2510 ὁ
2549 2456 2672 2520 νοῦς
2706 2455 2943 2525 ἐνεχθεὶς
2975 2455 3199 2524 γένηται
3237 2453 3340 2524 τῆς
3374 2452 3541 2524 ὀρθῆς
3578 2452 3694 2508 δια-

2119 2551 2355 2622 λήψεως,
2406 2548 2498 2601 καὶ.
2543 2547 2641 2618 τὴν
2674 2546 2886 2600 εύθεῖαν
2921 2545 3110 2617 ὥσπερ
3150 2546 3325 2614 ἀφεὶς,
3369 2545 3454 2613 ἐφ’
3499 2544 3691 2615 ἑτέραν

2119 2641 2243 2694 τινὰ
2272 2640 2502 2712 φέρηται
2546 2637 2777 2709 θεωρίας
2805 2638 2941 2691 ὁδὺνκ
2965 2635 3411 2708 ἐκτετραμμένην
3437 2635 3531 2689 τοῦ
3556 2634 3692 2706 πρέ-

2121 2750 2332 2798 ποντος.
2384 2734 2448 2786 Ὃ
2474 2730 2538 2803 δὴ
2568 2731 2661 2785 καὶ
2702 2729 2890 2784 παθὼν
2923 2731 3003 2785 ἐν,
3030 2770 3043 2783 .
3072 2767 3086 2783 .
3111 2765 3127 2782 .
3154 2765 3172 2785 .
3219 2728 3318 2799 μὲν
3363 2728 3691 2799 καταστήσει

2119 2825 2181 2878 τὸ
2210 2825 2405 2877 οἰκεῖον
2435 2825 2531 2893 τῆς
2558 2821 2756 2891 ψυχῆς,
2792 2820 2932 2873 τοῦτ’
2960 2820 3096 2881 ἔστι.
3125 2820 3224 2891 τὴν
3258 2819 3505 2891 καρδίαν,
3539 2819 3691 2872 δυνα-

2124 2913 2293 2984 μώσει
2341 2911 2399 2965 δὲ
2450 2911 2571 2964 καθ’
2619 2909 2832 2974 ἐαυτοῦ,
2884 2908 2981 2963 καὶ
3027 2908 3127 2972 τὰς
3178 2909 3419 2979 πονηράς
3489 2925 3547 2961 τε
3600 2908 3692 2961 καὶ

2120 3003 2501 3074 ἀντικειμένας
2540 3002 2816 3072 δυνάμεις.
2847 3041 2861 3056 .
2891 3039 2905 3053 .
2935 3041 2949 3054 .
3009 3001 3119 3071 poi;
3165 3016 3223 3052 τε
3265 3002 3357 3053 καὶ
3398 3000 3692 3070 διεστραμο

2046 3124 2088 3184 C
2126 3094 2305 3166 μένοις
2346 3089 2795 3159 κατασοφίζονται
2841 3088 3020 3157 λόγοις
3058 3088 3166 3142 τῶν
3210 3086 3574 3158 πλανωμένων
3603 3086 3692 3139 τὸν

2122 3186 2266 3240 νοῦν.
2293 3222 2308 3238 .
2340 3224 2353 3238 .
2382 3224 2395 3238 .
2422 3224 2434 3237 .
2464 3221 2479 3236 .
2526 3182 2588 3235 τὸ
2617 3182 2716 3252 τῆς
2746 3180 3004 3252 ἀληθείας
3050 3178 3243 3242 κάλλος
3278 3178 3439 3231 αὑτὸν
3469 3177 3695 3233 ἀνασλέο

2124 3293 2245 3331 πειν
2278 3275 2378 3328 οὐκ
2414 3273 2825 3345 ἐπιτρέπουσαι,
2871 3270 3288 3341 διαστρέφουσαι
3326 3269 3385 3323 δέ
3414 3267 3690 3332 ποικίλως,

2123 3370 2216 3423 καὶ
2256 3368 2335 3431 εἰς
2368 3366 2629 3429 ἐκτύπους
2672 3365 2879 3427 ἐννοίας
2923 3364 3222 3435 ἀποφοιτᾷν
3267 3362 3695 3443 ἀναπείθουσαν

2129 3481 2146 3513 ι
2169 3461 2333 3529 Λέγει
2364 3458 2472 3531 γάρ
2500 3458 2670 3523 οὐδεὶς
2702 3458 2949 3527 ἀνάθεμα
2975 3456 3173 3526 Ἰησοῦ,
3205 3457 3253 3509 εἰ
3286 3455 3360 3527 μὴ
3391 3456 3447 3508 ἐν
3474 3454 3694 3519 Βεελζεο

2123 3544 2272 3607 δούλ.
2307 3570 2326 3604 ι
2383 3551 2491 3604 Καὶ
2523 3551 2597 3621 μή
2625 3567 2707 3613 τις
2752 3538 2948 3602 οἱέσθω
2976 3546 3416 3620 πεπλανημένην.
3445 3585 3460 3600 .
3493 3585 3507 3600 .
3532 3587 3545 3600 .
3600 3544 3694 3599 καὶ

2124 3644 2295 3707 ἄλλως
2344 3643 2408 3695 ἐκ
2453 3638 2862 3713 παραλογισμοῦ
2915 3639 3183 3717 ποιεῖσθαι
3234 3637 3333 3709 τὴν
3371 3638 3463 3690 ἐπὶ
3488 3635 3696 3698 τούτοις

2123 3735 2379 3807 ἐξήγησιν
2405 3750 2417 3765 ·
2456 3733 2586 3799 ξύλα
2610 3729 2893 3802 ὀνομάζειν
2916 3731 3034 3795 ἔθος
3058 3735 3122 3803 τῇ
3152 3731 3272 3802 Θείᾳ
3293 3732 3502 3803 Γραφῇ,
3528 3727 3696 3783 καθά-

2124 3846 2232 3901 περ
2263 3828 2364 3901 ήδη
2408 3827 2761 3898 προείπομεν,
2802 3824 2871 3878 τά
2902 3824 2960 3878 ἐν
2987 3826 3103 3886 ταῖς
3147 3824 3523 3886 θεοπνεύστοις
3559 3823 3696 3892 Γρα-

2125 3924 2252 3991 φαῖς
2277 3919 2625 3991 θεωρήματα.
2652 3916 2762 3969 Καὶ
2780 3913 2909 3982 γοῦν
2927 3913 3015 3967 διὰ
3036 3913 3129 3968 τοῦ
3154 3915 3429 3983 πανσόφου
3455 3914 3695 3979 Μωσέως

2126 4010 2262 4083 πρὸς
2288 4011 2413 4074 τοὺς
2442 4012 2561 4063 κατ’
2590 4012 2763 4063 ἐκεῖνο
2788 4005 2978 4077 καιροῦ
3007 4002 3243 4057 τοιοῦτόν
3271 4004 3327 4056 τί
3357 4019 3520 4073 φησιν
3542 4005 3571 4056 ὁ
3602 4002 3695 4055 ἐπὶ

2126 4109 2343 4160 πάντων
2365 4104 2496 4167 Θεὸς
2514 4120 2527 4134 ·
2560 4122 2578 4154 ι
2601 4102 2723 4155 Ἐάν
2742 4100 2798 4155 δέ
2820 4095 3180 4169 περικαθξσῃς
3202 4096 3281 4158 εἰς
3308 4095 3461 4148 πόλιν
3482 4093 3696 4165 ἡμέρας

2125 4197 2344 4257 πλείους
2381 4190 2756 4261 ἐκπολεμῆσαι
2808 4184 2976 4256 αὐτὴν
3018 4186 3097 4248 εἰς
3140 4182 3442 4252 κατάληψιν
3487 4181 3695 4255 αὐτῆς,

2126 4289 2226 4341 οὐκ
2268 4280 2665 4354 ἐξολοθρεύσεις
2706 4277 2777 4332 τὰ
2826 4275 3019 4347 δένδρα
3065 4273 3233 4344 αὐτῆς
3280 4272 3559 4327 ἐπιϐαλεῖν
3611 4271 3696 4322 ἐπ’

2128 4377 2267 4432 αὐτὰ
2318 4375 2557 4446 σίδηρον,
2608 4369 2723 4425 ἀλλ’
2754 4370 2847 4423 ἀπ’
2880 4366 3048 4422 αὐτοῦ
3098 4366 3266 4436 φάγῃ,
3316 4363 3448 4415 αὐτὸ
3494 4361 3551 4413 δὲ
3596 4361 3695 4412 οὐκ

453 4465 729 4532 praecepto
770 4455 1264 4513 demonstrandum
1311 4463 1443 4522 puto
1480 4455 1596 4510 haec
1628 4456 1680 4510 ei
1731 4469 1877 4510 curae
1912 4469 2024 4509 non

2130 4468 2428 4539 ἐκκύψειςί
2458 4466 2553 4538 Μὴ
2584 4463 2867 4535 ἄνθρωπος
2898 4459 2960 4512 τὸ
2990 4457 3144 4523 ξύλον
3170 4456 3229 4509 τὸ
3275 4459 3331 4510 ἐν
3365 4454 3442 4525 τῷ
3485 4450 3691 4523 δρυμῷ,

455 4548 751 4606 admodum
797 4546 993 4602 fuisse.
1024 4544 1172 4610 Quid
1231 4544 1377 4599 enim
1438 4559 1636 4599 rursus
1686 4544 1842 4613 jubet
1894 4557 2027 4614 erga

459 4640 591 4698 falsi
641 4638 882 4695 nominis
934 4636 1072 4693 deos
1120 4634 1279 4688 ﬁeri?
1310 4652 1329 4686 ι
1363 4634 1502 4689 Aras
1538 4649 1729 4689 eorum
1777 4635 2030 4701 destrue-

457 4734 550 4799 tis,
588 4750 608 4784 ι
643 4730 842 4800 inquit,
883 4747 902 4781 ι
942 4734 997 4784 et
1048 4725 1336 4781 columnas
1383 4739 1575 4781 eorum
1622 4724 1945 4791 conteretis,
1975 4731 2030 4780 et

456 4825 615 4880 lucos
668 4820 914 4890 ipsorum
954 4815 1221 4872 excidetis
1262 4815 1307 4869 '.
1354 4834 1373 4868 ι
1423 4812 1593 4869 Juxta
1642 4829 1800 4871 suum
1845 4822 2028 4869 autem

456 4915 628 4970 altare
653 4908 892 4983 plantari
922 4906 1129 4979 lignum
1148 4904 1372 4961 omnino
1399 4920 1508 4960 non
1539 4905 1823 4977 permittit.
1851 4923 1871 4957 ι
1896 4904 2027 4961 Non

459 5004 735 5080 plantabis
802 5002 953 5057 enim
1015 4998 1110 5054 tibi
1185 4998 1556 5069 quodcunque
1613 5012 1810 5053 nemus
1872 4984 2028 5067 juxta

460 5100 636 5154 altare
679 5091 900 5149 Domini
948 5088 1045 5146 Dei
1095 5090 1174 5145 tui
1203 5092 1247 5158 ⁸,
1288 5108 1308 5143 ι
1342 5090 1491 5146 clare
1530 5089 1840 5144 denuntiat.
1871 5087 1939 5141 Et
1979 5089 2029 5143 si

459 5188 592 5260 quid
639 5187 727 5243 bis
775 5182 899 5242 addi
935 5196 1164 5239 necesse
1209 5190 1318 5247 est,
1352 5180 1602 5250 exemplo
1636 5178 2028 5249 sapientissimi

460 5275 615 5331 Pauli
666 5276 846 5333 dicam
902 5293 916 5331 :
978 5292 1000 5327 ι
1061 5270 1337 5343 Numquid
1396 5270 1464 5327 de
1526 5269 1691 5340 lignis
1755 5281 1889 5323 cura
1946 5273 2031 5321 est

469 5366 578 5421 Deo
614 5367 695 5420 “‘i
715 5386 733 5418 ι
773 5365 974 5436 Utique
1001 5375 1223 5436 propter
1247 5377 1351 5419 nos
1369 5361 1637 5432 exemplis
1670 5359 1844 5416 utitur
1876 5372 2031 5413 eras-

464 5455 729 5519 sioribus,
750 5455 954 5525 quibus
985 5456 1051 5511 ad
1097 5470 1284 5511 rerum
1318 5454 1651 5524 spiritalium
1693 5449 2034 5518 contempla-

467 5548 675 5604 tionem
707 5561 809 5603 nos
856 5547 1113 5603 adducat.
1139 5546 1413 5614 Quocirca
1462 5544 1579 5615 jam
1621 5542 1892 5607 dicamus,
1931 5540 2033 5595 im-

2130 4562 2392 4616 εἱσελθεῖν
2424 4557 2531 4613 ἀπὸ
2568 4553 2860 4625 προσώπου
2892 4567 2985 4604 σου
3016 4551 3095 4612 εἰς
3128 4547 3217 4600 τὸν
3249 4547 3499 4616 χάρακας
3542 4541 3697 4594 Ἀλλά

2129 4655 2191 4707 τὸ
2235 4653 2410 4719 ξύλον,
2458 4648 2487 4700 δ
2531 4645 2838 4707 ἐπίστασαι,
2886 4641 2967 4693 ὅτι
3013 4639 3075 4690 οὐ
3124 4633 3515 4706 καρπόόρωτόν
3557 4633 3693 4691 ἐστι,

2129 4743 2287 4798 τοῦτο
2316 4733 2737 4806 ἐξολοθρεύσεις,
2772 4733 2866 4787 καὶ
2893 4728 3203 4798 ἐκκόψεις.»
3238 4726 3359 4778 Ὅτι
3387 4722 3444 4776 δὲ
3468 4724 3601 4793 ἡμῖν
3629 4720 3698 4775 τὰ

2130 4832 2354 4889 τοιαῦτα
2376 4827 2705 4900 νομοθετεῖν,
2729 4826 2777 4877 st
2802 4824 2926 4895 περὶ
2954 4819 3122 4886 ξύλων
3148 4817 3254 4871 τῶν
3278 4815 3385 4869 άπὸ
3405 4815 3507 4887 γῆς
3529 4814 3699 4870 νοοῖτο

2132 4925 2197 4977 τὸ
2220 4920 2526 4993 εἰρημένον,
2555 4918 2655 4970 οὐκ
2680 4915 2744 4969 ἂν
2771 4914 2939 4969 ὁτῶν
2971 4913 3108 4967 ὅλων
3133 4909 3332 4981 ἠξίωσε
3360 4907 3512 4971 Θεὸς,
3541 4905 3702 4993 παντὶ

2136 5015 2235 5087 μέν
2263 5030 2365 5067 που
2397 5009 2555 5080 δῆλον
2579 5008 2842 5079 ὑπάρχειν
2870 5002 3236 5076 ὑπολαμϐάνω
3261 5018 3274 5030 ·
3310 4999 3508 5073 χρῆναι
3536 4997 3579 5051 δ’
3610 4992 3699 5049 οὖν

2132 5106 2281 5175 ὅμως
2306 5101 2468 5172 φημὶ,
2498 5100 2591 5153 καὶ
2619 5098 2677 5165 ἐξ
2702 5097 2893 5170 ἐτέρας
2920 5093 3276 5150 ἐπιδεικνύειν
3305 5089 3546 5160 ἐντολῆς,
3569 5089 3691 5141 πολὶ

2133 5194 2242 5248 τῶν
2268 5191 2520 5247 τοιούτων
2541 5190 2927 5260 ἀφειδήσαντα,
2958 5188 3050 5241 καὶ
3073 5186 3230 5253 λόγον
3254 5181 3439 5235 οὐδένα
3474 5197 3673 5248 πεποιη
3694 5212 3706 5220 -

2139 5284 2317 5356 μένον.
2351 5282 2416 5335 Τί
2447 5281 2556 5352 γὰρ
2588 5280 2653 5350 δὴ
2690 5279 2784 5333 καὶ
2826 5277 3104 5333 ἐπιτάττει
3137 5271 3297 5326 πάλιν
3331 5270 3422 5323 ἐπὶ
3445 5271 3554 5332 τοῖς
3576 5268 3705 5337 ψευ·
3774 5266 3781 5271 ’

2132 5374 2402 5444 δωνύμοις
2438 5370 2693 5441 γενέσθαι
2716 5370 2886 5434 θεοίς;
2915 5389 2933 5420 ι
2955 5368 3094 5429 Τοὺς
3120 5364 3337 5436 βωμοὺς
3368 5363 3546 5417 αὐτῶν
3576 5358 3711 5414 καθ-

2133 5466 2333 5529 ελείτε,
2396 5465 2553 5535 φησὶ,
2604 5462 2699 5516 καὶ
2756 5461 2853 5524 τάς
2896 5458 3094 5529 στήλας
3152 5455 3331 5510 αὐτῶν
3368 5454 3705 5524 συντρίψετε,

2133 5557 2227 5612 καὶ
2258 5557 2326 5611 τὰ
2354 5557 2491 5628 ἄλση
2525 5555 2704 5609 αὐτῶν
2741 5551 3023 5622 ἐκκόψετε.
3057 5568 3076 5602 ι
3128 5547 3286 5621 Παρὰ
3324 5548 3380 5601 δέ
3420 5562 3484 5616 γε
3523 5545 3586 5599 τὸ
3631 5544 3707 5597 οἷκ

535 5746 746 5803 Ἐοιιε.
788 5764 843 5808 x.
872 5747 925 5804 9.
1003 5745 1025 5777 ⁸
1053 5748 1074 5801 l
1099 5744 1227 5803 Cor.
1262 5760 1359 5815 xu,
1390 5745 1442 5802 '5.
1486 5746 1505 5777 '
1541 5743 1700 5800 Deut.
1742 5760 1833 5808 sx,
1860 5743 1947 5807 19,
1972 5743 2061 5798 20.
2138 5743 2159 5776 ⁸
2194 5741 2356 5797 Deut.
2393 5754 2489 5807 vn,
2516 5737 2551 5793 5
2633 5738 2668 5808 ι’
2701 5736 2858 5793 Deut.
2900 5750 3011 5805 xvt,
3046 5734 3138 5791 2|.
3211 5731 3256 5764 "
3321 5727 3494 5785 lCor.
3521 5731 3621 5796 'tx,
3650 5722 3705 5779 9.

4064 246 4072 439 1
