4052 6208
364 280 437 333 15

1255 273 1339 331 TK
1359 271 1646 329 JOANNIS
1672 266 2149 358 EVANGELIUM.
2184 298 2253 309 —
2289 261 2711 323 PBOtEMIUM.

3547 255 3618 312 τι

364 396 517 450 assio;
564 392 951 465 θυσιαστήριον
996 391 1358 463 γεωργεῖσθαι
1407 392 1562 459 ξύλον
1608 391 1710 446 οὐκ
1758 389 1947 461 ἐφίησι

2051 388 2268 458 piorum
2321 385 2713 442 haereticorum
2759 379 2968 450 scripta
3015 388 3112 447 per
3159 373 3327 430 urbes
3363 370 3617 443 intelligi,

366 486 673 551 παντελῶς.
699 505 719 539 ι
749 486 824 540 Ού
848 483 1134 554 φυτεύσεις
1146 483 1256 556 γὰρ
1269 482 1480 555 σεαυτῷ
1498 485 1605 538 πᾶν
1619 483 1779 545 ἀλσος
1801 481 1949 552 παρά

366 580 431 633 τὸ
458 578 844 650 θυσιαστήριον
881 575 1086 647 Κυρίου
1125 574 1221 629 τοῦ
1253 575 1389 630 Θεοῦ
1437 592 1591 634 σου.»
1649 573 1950 643 διαγγέλλει

369 670 583 740 σαφῶς.
621 669 736 724 Καὶ
762 670 812 721 εἰ
842 668 948 739 χρή
980 685 1034 720 τι
1072 666 1211 738 πρὸς
1234 665 1444 730 τούτοις
1475 668 1668 731 εἰπεῖν,
1698 664 1842 720 κατά
1859 663 1950 718 τὸν

373 763 585 819 Παῦλον
618 758 734 832 ἐρῶ
768 758 860 812 τὸν
904 756 1215 827 σοφῴτατον
1238 772 1252 788 ο
1301 748 1328 808 ι’
1350 756 1444 828 Μὴ
1476 756 1604 827 περὶ
1639 754 1750 809 τῶν
1781 754 1950 819 ξύλων

373 855 532 926 μέλει
568 852 649 923 τῷ
676 850 827 921 Oet};
852 868 872 901 ι
918 848 998 902 Δι’
1036 848 1185 919 ἡμᾶς
1220 846 1435 911 πάντως
1462 846 1631 915 λέγει,
1663 844 1752 899 διά
1776 862 1950 916 παχυ-

370 948 551 1020 τέρων
608 942 1070 1016 παραδειγμάτων
1127 939 1221 995 ἐπὶ
1269 940 1372 1004 τὰς
1412 940 1521 995 τῶν
1567 937 1951 1010 πνευματικῶν

354 1037 612 1121 ,θεωρίας
641 1031 1021 1106 χειραγωγῶν.
1062 1030 1273 1086 Οὐκοῦν
1298 1030 1412 1102 ήδη
1452 1029 1720 1100 λέγωμεν,
1758 1029 1840 1083 ὅτι
1883 1028 1954 1083 τά

376 1130 479 1201 μὲν
508 1129 618 1182 τῶν
652 1125 885 1182 ἀνοσίων
932 1121 1225 1193 αίρετικῶν
1272 1122 1682 1193 συγγράμματα
1701 1154 1738 1186 ,ο
1769 1119 1953 1184 πόλεις

373 1220 446 1274 ἂν
482 1220 703 1280 νοοῖντο,
746 1215 840 1268 καὶ
867 1214 967 1268 οὐκ
999 1211 1262 1283 ἀκόμψως
1298 1212 1436 1282 τάχα
1479 1212 1544 1282 τῇ
1596 1211 1693 1264 τοῦ
1746 1209 1951 1281 κόσμου

377 1308 548 1378 σοφίᾳ
589 1307 681 1360 καὶ
713 1303 1074 1367 πολυπλόκοις
1098 1301 1387 1373 νοημάτων
1410 1300 1646 1365 ἀπάταις
1668 1317 1955 1372 πεπυργω·

376 1400 547 1471 μένα.
593 1395 925 1467 ’Δφικνείταί
954 1412 1020 1464 γε
1049 1394 1156 1466 μὴν
1185 1392 1623 1466 ἐκπολιορκήσων
1649 1391 1839 1457 αὐτὰς,
1860 1391 1954 1446 καὶ

376 1494 589 1565 τρόπον
639 1488 759 1542 τινὰ
803 1487 992 1558 κύκλῳ
1020 1484 1377 1558 πριιζάνειν,
1422 1486 1514 1540 τὸν
1562 1484 1663 1555 τῆς
1718 1486 1956 1548 πίστεως

376 1584 576 1663 θυρεὸν
601 1581 906 1647 ἀναλαϐὼν,
940 1578 1036 1633 καὶ
1061 1577 1162 1650 τὴν
1188 1578 1284 1632 τοῦ
1313 1576 1621 1649 πνεύματος
1655 1577 1951 1648 μάχαιραν,

372 1679 408 1730 ὃ
437 1678 556 1729 ἐστι
588 1674 739 1745 ῥῆμα
770 1670 926 1734 Θεοῦ,
966 1672 1074 1734 πᾶς
1107 1671 1136 1724 6
1158 1671 1270 1734 τοῖς
1306 1669 1471 1740 ἱεροῖς
1498 1668 1595 1740 τῆς
1628 1667 1955 1739 Ἐκκλησίας

374 1767 428 1819 ἐ.
457 1804 475 1819 .
498 1802 515 1818 .
542 1804 558 1818 .
583 1801 599 1816 .
625 1802 642 1817 .
694 1760 919 1832 ζόμενος
962 1760 1231 1831 δόγμασι,
1269 1760 1365 1813 καὶ
1410 1758 1586 1813 σθένει
1633 1758 1799 1812 παντὶ
1836 1760 1954 1822 ταῖς

369 1858 612 1912 ἐκείνων
631 1854 1013 1926 ψευδομυθίαις
1038 1852 1505 1923 ἀντιταττόμενος·
1536 1849 1872 1921 «Λογισμούς
1895 1867 1954 1904 τε

371 1951 676 2022 καθαιρεῖν
705 1947 1018 2019 μελετήσας,
1041 1936 1065 1998 ιν
1099 1944 1175 2008 ὡς
1201 1946 1230 1999 6
1258 1944 1470 2007 Παῦλός
1490 1960 1644 2015 φησι,
1684 1963 1704 1995 ι
1733 1944 1827 1997 καὶ
1848 1943 1955 1996 πᾶν

371 2038 583 2111 ὕψωμα
608 2037 968 2108 ἐπαιρόμενον
996 2033 1135 2088 κατά
1166 2034 1265 2105 τῆς
1285 2031 1539 2103 γνώσεως
1563 2031 1657 2085 τοῦ
1681 2031 1838 2098 Θεοῦ,
1860 2032 1955 2087 καὶ

371 2128 879 2202 αἰχμαλωτίζοντες
923 2127 1027 2180 πᾶν
1081 2124 1261 2196 νόημα
1306 2125 1386 2187 είς
1431 2121 1529 2193 τὴν
1567 2122 1812 2193 ὑπακοὴν
1859 2122 1953 2175 τοῦ

374 2220 639 2295 Χριστοῦ.
666 2239 686 2272 ι
725 2220 893 2272 Ὅταν
921 2209 1014 2270 οὖν
1039 2217 1069 2269 6
1101 2214 1361 2278 τοιοῦτος,
1414 2214 1570 2285 φησὶ,
1621 2212 1955 2285 στρατιώτης

375 2311 641 2386 Χριστοῦ,
682 2308 943 2380 καθάπερ
966 2324 1037 2361 τι.
1068 2344 1083 2359 .
1111 2344 1127 2360 .
1177 2303 1491 2374 ἀλλοφύλων
1535 2303 1604 2357 τά
1648 2304 1819 2375 πικρὰ
1847 2305 1954 2358 τῶν

373 2404 647 2476 αἱρέσεων
669 2401 966 2472 περινοήσῃ
999 2396 1423 2467 συγγράμματα,
1448 2394 1686 2466 δένδροις
1713 2411 1771 2448 τε
1800 2410 1955 2465 περι-

371 2496 639 2567 τυγχάνει
687 2496 818 2557 τοῖς.
848 2533 902 2548 ..
964 2490 1173 2554 τόποις,
1219 2487 1363 2542 τοῦτ’
1414 2486 1595 2551 ἐστιν,
1646 2484 1712 2540 ἂν
1763 2485 1956 2554 λόγους

372 2590 614 2663 εὑρίσκῃ
641 2587 768 2649 τοὺς
802 2583 911 2638 ἀπὸ
934 2585 1034 2653 τῆς
1067 2579 1428 2634 θεοπνεύστου
1462 2578 1710 2650 Γραφῆς,
1753 2577 1787 2648 ἢ
1822 2593 1955 2647 προ-

374 2681 572 2754 φητῶν
614 2678 854 2750 δηλονότι
898 2677 1122 2749 ῥήματα
1172 2672 1630 2746 περιειλκυσμένα
1674 2670 1810 2743 πρὸς
1862 2669 1954 2725 τὸν

373 2775 613 2829 ἐκείνων
644 2770 857 2836 σκοπὸν,
893 2768 987 2823 καὶ
1010 2765 1317 2840 μαρτυρίας
1352 2764 1450 2829 τὰς
1472 2764 1538 2818 ἐκ
1561 2762 1836 2833 Διαθήκης
1857 2760 1953 2832 τῆς

379 2867 625 2935 Καινῆς,
674 2863 747 2932 μὴ
782 2859 1032 2929 ἐπαγέτω
1086 2858 1182 2911 τοῦ
1230 2855 1321 2911 νοῦ
1373 2856 1472 2927 τὴν
1511 2855 1746 2925 ὀξύτητα
1812 2854 1954 2908 κατά

383 2953 517 3026 [πρ.
550 2948 725 3022 καθά]
770 2966 888 3002 τινα
924 2948 1141 3019 σίδηρον
1169 2945 1352 3010 αὐτοῖς
1385 2947 1463 3009 είς
1508 2944 1786 3016 ἀναίρεσιν
1858 2941 1954 2997 καὶ

378 3045 687 3115 ἀποκοπὴν.
720 3043 792 3097 Ού
844 3042 975 3111 γὰρ,
1017 3039 1244 3110 ἐπείπερ
1286 3036 1492 3107 ἐλήφθη
1531 3035 1681 3108 παρά
1708 3035 1813 3091 τῶν
1851 3034 1952 3089 οὐκ

369 3138 600 3193 εἰδότων
630 3133 952 3205 ἑρμηνεύειν
982 3130 1179 3203 ὀρθῶς.
1204 3129 1292 3183 διά
1322 3127 1480 3182 τοῦτο
1512 3127 1577 3198 δὴ
1612 3127 1827 3190 πάντως
1858 3127 1952 3182 καὶ

373 3228 687 3298 ἀπόϐλητον
713 3226 865 3279 ἔσται
886 3222 948 3278 τὸ
974 3222 1064 3276 διά
1092 3220 1356 3290 στόματος
1384 3217 1518 3273 Θεοῦ
1540 3235 1553 3249 ο
1590 3217 1704 3272 ἀλλ’
1723 3216 1952 3289 ἐπείπερ

372 3320 500 3373 ἐστὶ
524 3315 903 3388 καρποφόρον,
934 3312 1086 3366 ἔσται
1121 3328 1201 3364 σοι
1228 3309 1426 3380 μᾶλλον
1452 3309 1531 3371 είς
1569 3307 1820 3379 βοήθημα
1859 3307 1952 3361 καὶ

370 3412 608 3483 τροφήν.
633 3409 706 3461 Τὸ
740 3407 848 3477 γὰρ
880 3404 1010 3475 παρ’
1051 3403 1277 3457 ἐκείνων
1322 3402 1566 3473 ἀνοήτως
1596 3399 1706 3453 ἔσθ’
1737 3400 1824 3452 ὅτε
1854 3397 1952 3470 λη-

368 3503 538 3573 φθὲν,
570 3502 647 3563 εἰς
677 3499 766 3552 τὸν
807 3496 965 3567 ὀρθὸν
992 3496 1089 3567 τῆς
1127 3493 1361 3558 πίστεως
1404 3491 1822 3564 περι-τρέποντες
1858 3490 1948 3543 λο-

369 3592 599 3663 γισμὸν,
632 3591 730 3661 οὐχ
759 3591 908 3652 ὅπως
948 3585 1264 3649 ἀτονοῦντες
1307 3586 1405 3655 οὐχ
1449 3583 1786 3654 ἀλωσόμεθα,
1827 3600 1949 3636 νευ-

370 3683 625 3758 ρούμεθα
640 3683 697 3737 δὲ
718 3680 914 3751 μᾶλλον
934 3681 1013 3744 είς
1032 3680 1159 3741 τοὺς
1175 3677 1316 3731 κατὰ
1332 3678 1430 3747 τῆς
1451 3677 1717 3758 αἱρέσεως
1738 3675 1948 3743 λόγους.

383 3756 676 3845 Ἑπιφέρει
712 3772 769 3826 δὲ
816 3772 913 3825 καὶ
958 3769 1215 3839 λογισμὸν
1261 3756 1621 3823 ἀναπείθοντά
1661 3783 1777 3832 πως
1824 3768 1952 3833 τοὺς

366 3865 783 3937 ἀκροωμένους,
812 3863 893 3916 ὅτι
913 3862 1176 3933 προσήκει
1208 3859 1303 3923 τάς
1335 3858 1428 3913 τοῦ
1467 3858 1844 3929 συναγορεύειν
1860 3860 1953 3930 ὀρ-

366 3957 485 4031 μάς
501 3958 604 4011 οὐκ
626 3958 973 4027 ἐπανατροπῇ
997 3952 1110 4025 [γρ.
1129 3954 1214 4006 ἐπ’
1234 3950 1537 4023 ἀνατροπῇ]
1560 3951 1756 4022 μᾶλλον
1786 3953 1952 4005 ποιεῖ-

368 4050 501 4103 σθαι
530 4047 641 4102 τῶν
669 4047 827 4102 θείων
865 4046 1078 4114 λογίων,
1111 4042 1227 4097 ἀλλ’
1262 4044 1342 4107 είς
1379 4041 1660 4114 ἀναίρεσιν
1693 4042 1803 4096 τῶν
1848 4043 1949 4098 ούκ

368 4141 555 4213 ὀρθῶς
592 4140 904 4211 λεγομένων
936 4136 1091 4208 παρὰ
1130 4136 1239 4190 τῶν
1269 4135 1338 4188 δι’
1358 4135 1621 4199 ἐναντίας·
1649 4153 1668 4186 ι
1690 4136 1781 4206 Μὴ
1817 4134 1946 4205 γὰρ,

368 4235 577 4305 φησιν,
619 4231 902 4302 ἄνθρωπος
943 4227 1006 4282 τὸ
1042 4227 1194 4293 ξύλον
1226 4226 1287 4280 τὸ
1321 4228 1381 4280 ἐν
1418 4226 1494 4297 τῷ
1536 4226 1744 4298 δρυμῷ,
1778 4225 1950 4279 εἰσελ-

365 4327 489 4379 θεῖν
518 4322 628 4379 ἀπὸ
662 4320 951 4395 προσώπου
978 4337 1070 4374 σου
1096 4320 1175 4383 εἰς
1205 4318 1296 4373 τὸν
1323 4320 1574 4389 χάρακα;
1606 4336 1624 4368 ι
1650 4313 1797 4387 *Αρα
1842 4316 1948 4386 γὰρ

2050 495 2154 537 nec
2201 481 2387 552 inepte
2426 477 2638 543 forsan,
2678 478 2869 545 utpote
2896 482 3021 541 qua:
3066 464 3322 525 saculari
3352 462 3618 534 sapientis

2049 577 2105 626 et
2168 567 2428 647 versutis,
2469 569 2923 637 argumentorum
2985 556 3141 613 tricis
3200 560 3332 612 sunt
3385 551 3617 609 munita.

2050 660 2213 719 Venit
2245 669 2428 717 atatem
2478 673 2574 716 eas
2611 669 2913 716 eversurus
2955 661 3012 711 et
3063 648 3473 723 quodammodo
3519 647 3622 704 ob.

2051 767 2313 810 sessurus
2353 756 2641 820 assumpto
2671 746 2794 804 ﬁdei
2825 751 3010 809 scuto,
3038 741 3333 814 gladioque
3363 737 3617 809 spiritus,

2051 844 2203 916 quod
2248 850 2333 900 est
2379 842 2610 899 verbum
2656 839 2778 905 Dci,
2811 835 3125 909 quicunque
3156 831 3333 888 sacris
3360 827 3619 885 Ecclesia

2050 935 2324 1007 dogmatis
2379 933 2641 999 innixus,
2680 930 2830 986 omni
2889 942 2993 998 ope
3044 922 3347 982 mendaciis
3399 921 3617 977 illorum

2051 1027 2283 1093 resistit,
2362 1044 2382 1079 ι
2419 1025 2486 1080 Ει
2513 1023 2751 1081 consilia
2779 1020 3065 1076 destruere
3090 1016 3311 1085 satagit,
3331 1032 3351 1068 ι
3385 1019 3446 1068 ιιι
3474 1010 3619 1067 Pau-

2053 1120 2141 1176 lus
2203 1118 2466 1190 loquitur,
2528 1135 2547 1169 ι
2584 1122 2641 1174 et
2691 1127 2910 1169 omnem
2968 1107 3316 1165 altitudinem
3355 1103 3620 1161 extollen-

2052 1219 2163 1268 tem
2202 1227 2263 1269 se
2310 1211 2577 1267 adversus
2635 1204 2919 1262 scientiam
2962 1200 3082 1265 Dei,
3146 1205 3203 1257 et
3258 1198 3317 1253 in
3392 1193 3621 1266 captivi-

2053 1311 2222 1358 tatem
2276 1302 2476 1372 redigit
2526 1312 2744 1359 omnem
2786 1294 3128 1351 intellectum
3184 1291 3243 1345 in
3293 1287 3621 1359 obsequium

2052 1392 2260 1449 Christi
2287 1394 2352 1446 ιι.
2390 1409 2410 1444 ι
2441 1389 2580 1446 Cum
2633 1384 2801 1459 igitur
2844 1382 3160 1442 istiusmodi
3187 1380 3392 1438 Christi
3439 1378 3621 1441 miles,

2055 1486 2253 1558 inquit,
2283 1501 2383 1543 ceu
2413 1485 2684 1555 quasdam
2730 1479 3175 1558 alienigenarum
3217 1474 3386 1529 urbes
3423 1468 3622 1526 acerba

2053 1556 2437 1633 haereticorum
2474 1573 2682 1645 scripta
2708 1556 2892 1628 mente
2912 1567 3232 1638 complexus
3261 1563 3454 1627 fuerit,
3480 1568 3537 1617 et
3564 1560 3622 1614 in

2056 1670 2283 1725 arbores
2327 1666 2624 1730 inciderit,
2661 1664 2768 1719 hoc
2820 1667 2929 1722 est,
2965 1659 3014 1715 si
3066 1656 3268 1712 divina:
3324 1653 3625 1723 Scriptura!

1985 1735 2028 1795 Β
2055 1774 2342 1817 sermones
2385 1765 2479 1813 aut
2528 1754 2925 1827 prophetarum
2953 1749 3122 1805 verba
3159 1746 3422 1803 nimirum
3458 1751 3516 1798 et
3557 1756 3624 1797 ex

2012 1851 2206 1911 .Novo
2248 1849 2603 1906 Testamento
2650 1846 2773 1902 loca
2798 1843 2868 1900 ad
2893 1854 3089 1898 eorum
3137 1852 3366 1909 scopum
3412 1835 3624 1891 detorta

2052 1941 2379 2013 comperiat,
2425 1955 2494 1997 ne
2533 1937 2735 1994 mentis
2764 1936 2943 1992 aciem
2970 1931 3238 1989 continuo
3279 1944 3379 1985 ceu
3414 1926 3624 1984 ferrum

2051 2035 2249 2090 educat
2273 2032 2340 2087 ad
2376 2046 2439 2088 ea
2474 2027 2800 2086 excidenda.
2825 2023 2948 2082 Non
2983 2024 3135 2080 enim
3182 2038 3252 2078 ex
3287 2035 3356 2077 eo
3380 2017 3530 2090 quod
3557 2016 3627 2073 ab

2054 2125 2263 2197 ignaris
2290 2125 2402 2179 illis
2424 2121 2824 2192 interpretibus
2839 2118 3003 2173 allata
3021 2116 3157 2180 sint,
3177 2113 3392 2169 idcirco
3409 2108 3626 2179 rejicie-

2055 2223 2145 2270 tur
2168 2215 2222 2271 id
2247 2214 2394 2287 quod
2411 2212 2549 2287 ἀεὶ)
2566 2227 2662 2268 ore
2684 2209 2819 2266 Dei:
2844 2208 2940 2265 sed
2967 2221 3095 2263 cum
3144 2204 3218 2259 sit
3254 2198 3625 2264 fructiferum,

2051 2307 2157 2364 erit
2188 2307 2289 2363 tibi
2312 2306 2496 2377 potius
2538 2304 2599 2359 in
2629 2301 2905 2358 auxilium
2950 2304 3008 2354 et
3044 2294 3257 2352 cibum.
3283 2291 3443 2360 Quod
3477 2290 3624 2347 enim

2053 2399 2124 2454 ab
2176 2397 2286 2454 illis
2333 2395 2611 2452 interdum
2662 2394 2848 2464 inepte
2901 2395 3250 2460 assumptum
3300 2391 3408 2449 est,
3451 2381 3497 2438 si
3556 2380 3625 2437 ad

2052 2491 2260 2547 rectam
2309 2488 2435 2544 ﬁdei
2487 2487 2761 2541 rationem
2809 2488 3232 2544 convertemus,
3289 2490 3403 2531 non
3447 2471 3624 2530 solum

2053 2598 2163 2639 non
2199 2581 2407 2637 inﬁrmi
2441 2575 2940 2649 deprchendemur,
2978 2571 3080 2628 sed
3126 2571 3186 2624 in
3230 2562 3627 2623 convincendis

2052 2672 2330 2729 haereticis
2372 2671 2558 2742 potius
2600 2663 3110 2742 corroborabim‘ur.
3158 2656 3394 2728 Subjicit
3443 2660 3625 2712 autem

2052 2766 2324 2821 rationem
2368 2735 2491 2833 qua:
2535 2756 2889 2815 auditoribus
2920 2735 3331 2825 quodammodo
3376 2745 3624 2809 suadeat,

2051 2854 2396 2914 defensionis
2417 2854 2527 2909 vim
2571 2866 2683 2907 non
2717 2848 2786 2904 ad
2816 2843 3158 2903 destruenda
3179 2840 3404 2899 oracula
3442 2838 3626 2895 divina

2051 2944 2422 3023 adhibendam
2478 2957 2628 3005 esse,
2669 2939 2764 2995 sed
2828 2936 2898 2991 ad
2955 2949 3023 2991 ea
3078 2946 3202 3005 quae
3250 2930 3436 2987 minus
3476 2933 3627 2984 recte

1977 3062 2020 3120 ο
2052 3039 2201 3095 dicta
2232 3018 2364 3093 sunt
2405 3034 2474 3089 ab
2504 3029 2859 3095 adversariis,
2882 3023 3221 3083 coul‘utanda
3255 3038 3271 3077 :
3304 3039 3324 3073 ι
3346 3017 3627 3089 Numquid

2051 3131 2222 3196 enim,
2258 3148 2279 3182 ι
2313 3125 2515 3198 inquit,
2552 3142 2572 3176 ι
2612 3124 2824 3195 lignum
2860 3119 3013 3190 quod
3043 3118 3102 3173 in
3137 3130 3293 3187 agro,
3322 3114 3490 3168 homo
3516 3119 3628 3174 est,

2051 3233 2116 3280 ut
2148 3220 2487 3294 ingrediatur
2523 3232 2554 3285 a
2599 3215 2741 3271 facie
2772 3220 2868 3268 tua
2902 3212 2959 3267 in
2996 3206 3249 3265 vallum?
3287 3225 3306 3259 ι
3340 3204 3425 3258 An
3454 3200 3626 3263 enim,

2051 3293 2251 3385 inquit,
2282 3310 2783 3384 putabisunquam
2810 3307 2989 3358 instar
3014 3296 3307 3370 cujusdam
3337 3293 3627 3350 haeresiar-

2052 3383 2171 3463 chaa
2205 3420 2269 3460 ac
2289 3383 2602 3460 desertoris
2642 3398 2711 3454 ad
2750 3409 2990 3468 pugnam
3036 3392 3188 3449 ultro
3216 3389 3517 3445 excitatum
3556 3383 3626 3439 iri

2050 3499 2279 3555 verbum
2320 3511 2388 3551 ex
2414 3492 2620 3550 divinis
2643 3489 2865 3549 Litteris
2896 3489 3268 3556 desumptum,
3290 3496 3355 3538 ac
3378 3495 3493 3537 non
3524 3492 3629 3550 po-

2013 3572 2165 3650 llius
2218 3588 2444 3643 illorum
2499 3583 2719 3642 insania
2769 3580 3043 3637 violenter
3095 3574 3417 3633 detortum?
3471 3589 3492 3626 ι
3547 3569 3628 3628 Ne

2050 3696 2186 3753 ergo
2212 3677 2494 3744 succidas,
2536 3693 2558 3729 ι
2602 3671 2803 3745 inquit,
2844 3688 2865 3724 ι
2913 3667 3014 3725 sed
3054 3667 3153 3723 tibi
3202 3665 3276 3722 sit
3311 3665 3368 3720 in
3416 3662 3626 3719 cibum.

2050 3752 2283 3844 Lignum
2314 3785 2446 3828 vero
2474 3765 2622 3839 quod
2665 3763 2814 3821 nosti
2858 3759 3071 3818 edendo
3099 3773 3226 3815 esse
3268 3754 3483 3819 inutile,
3509 3752 3627 3810 dis-

2050 3843 2248 3937 perdes
2298 3869 2353 3919 et
2411 3857 2654 3916 excidcs.
2686 3874 2707 3908 ι
2768 3852 2901 3909 Esui
2967 3849 3116 3907 enim
3176 3861 3289 3902 non
3345 3852 3432 3901 est
3478 3843 3625 3915 apud

2049 3963 2203 4013 recte
2234 3952 2538 4011 sentientes
2559 3949 2782 4005 illorum
2813 3942 3149 4013 scriptorum
3178 3939 3412 3995 fructus.
3470 3937 3531 3992 ln
3559 3953 3625 3994 ea

2050 4063 2247 4105 rursus
2276 4045 2482 4101 ferrum
2528 4041 2835 4110 stringatur
2890 4055 2905 4091 :
2948 4034 3025 4090 ibi
3060 4030 3399 4105 spiritalium
3439 4028 3627 4084 fabro-

2051 4154 2172 4215 rutp
2225 4152 2349 4194 sese
2378 4133 2466 4190 vis
2517 4135 2777 4203 exserat:
2807 4126 2863 4181 in
2905 4123 3018 4179 illis
3053 4121 3252 4178 emicet
3282 4116 3622 4172 defensionis

2050 4205 2207 4286 firma
2235 4225 2472 4284 securis.
2516 4219 2855 4284 lnanitatem,
2885 4212 3031 4268 enim
3078 4207 3353 4263 hmretica:
3389 4205 3621 4275 nugaci-

2028 4321 2180 4378 -tatis
2247 4316 2512 4388 propheta
2576 4320 2799 4378 quoque
2864 4301 3028 4359 nobis
3093 4297 3236 4355 Osee
3307 4295 3624 4365 rectissime

372 4417 564 4487 φησὶν,
591 4387 749 4499 οίῄσῃ
783 4413 932 4476 ποτὲ,
964 4411 1209 4482 καθάπερ
1253 4387 1378 4464 τινά
1400 4387 1528 4462 ⁷τῶν
1561 4407 1944 4478 αἱρεσιαρχῶν,

2050 4387 2304 4479 exposuit
2347 4404 2539 4459 dicens
2578 4416 2593 4454 :
2644 4415 2663 4449 ι
2699 4392 3018 4465 Manipulus
3052 4403 3163 4446 non
3210 4387 3421 4444 habens
3446 4387 3617 4451 vires.

2165 4497 2177 4499 -
2250 4498 2253 4499 ν
2375 4493 2393 4499 -
2458 4492 2469 4499 -
2782 4484 2835 4499 ν.
3118 4479 3160 4499 ,ε
3207 4477 3399 4499 τμη..
3453 4477 3616 4499 με--.

374 4506 668 4576 αὐτόμολόν
689 4523 751 4559 τε
793 4502 928 4575 πρὸς
961 4502 1138 4573 μάχην
1171 4498 1630 4571 ὲξαναστήσεσθαι
1658 4497 1719 4550 τὸ
1746 4500 1811 4550 ἐκ
1839 4497 1947 4551 τῶν

376 4595 541 4668 ἱερῶν
564 4595 1009 4668 συγγραμμάτων
1038 4592 1222 4665 ῥητὸν,
1253 4591 1346 4645 καὶ
1366 4590 1485 4661 οὐχὶ
1514 4590 1712 4660 μᾶλλον
1734 4589 1824 4643 διὰ
1847 4590 1946 4660 τῆς

366 4690 594 4745 ἐκείνων
624 4689 884 4751 ἀπονοίας
915 4683 1434 4753 πλεονεκτούμενον;
1474 4701 1492 4733 ι
1514 4682 1606 4751 Μὴ
1630 4676 1722 4735 οὖν
1753 4681 1947 4734 ἀποτέ-

367 4799 505 4853 μῃς,
550 4780 737 4852 φησὶν,
797 4778 938 4831 ἔστω
983 4776 1041 4829 δέ
1078 4788 1159 4828 σοι
1216 4758 1310 4827 καὶ
1336 4772 1532 4845 τροφός
1558 4788 1570 4801 ·
1610 4772 1672 4825 τὸ
1702 4772 1760 4825 δὲ
1791 4772 1944 4837 ξύλον

360 4876 507 4943 ὅπερ
532 4873 635 4926 οὐκ
665 4869 817 4925 οἶσθα
847 4869 1263 4942 καρπόϐρωτον,
1298 4863 1694 4937 ὲξολοθρεύσεις
1728 4865 1822 4917 καὶ
1850 4866 1944 4919 ἐκ-

362 4967 585 5034 κόψεις.
610 4982 630 5016 ι
668 4962 945 5033 ’Δϐρωτος
970 4959 1078 5030 γὰρ
1124 4961 1235 5023 τοῖς
1268 4956 1443 5028 ὀρθῶς
1475 4954 1715 5008 ἐθέλουσι
1747 4957 1886 5008 νοεῖν
1915 4958 1944 5009 6

362 5058 480 5112 τῶν
501 5058 632 5125 παρ’
660 5054 890 5116 ἐκείνοις
914 5046 1589 5121 συγγραμμάτωνκαρπός
1619 5062 1632 5075 ο
1664 5049 1783 5101 κατ’
1809 5046 1947 5100 ἐκεί-

361 5165 477 5202 νων
521 5147 703 5218 ἡκέτω
744 5145 906 5199 πάλιν
953 5145 982 5197 6
1031 5143 1245 5212 σίδηρος
1271 5158 1283 5169 ·
1352 5142 1469 5193 ἐκεῖ
1527 5138 1796 5209 φαινέσθω
1834 5136 1942 5190 τῶν

250 5292 257 5297 ,
361 5236 760 5309 πνευματικῶν
790 5235 1064 5306 ὑλοτόμων
1093 5235 1127 5304 ἡ
1152 5231 1400 5301 δύναμις,
1428 5232 1512 5283 ἐπ’
1540 5231 1768 5293 ἐκείνοις
1801 5228 1945 5283 στιλ-

363 5330 509 5383 Εέτω
537 5330 597 5380 ἐν
623 5326 702 5396 τῷ
731 5323 1113 5395 συναγορεύειν
1142 5321 1381 5384 εὐτονίας
1405 5322 1432 5373 ὁ
1456 5320 1685 5382 πέλεκυς
1712 5335 1725 5349 ο
1756 5317 1818 5372 τὸ
1836 5317 1944 5388 γάρ

358 5420 641 5491 ἄχρηστόν
683 5436 745 5472 τε
782 5419 878 5472 καὶ
905 5415 1181 5485 ἀνωφελὲς
1209 5412 1309 5484 τῆς
1353 5413 1461 5465 τῶν
1497 5410 1943 5481 έτεροδοξούντων

361 5512 655 5583 φλυαρίας,
688 5510 783 5565 καὶ
811 5510 842 5563 6
868 5508 1152 5581 προφήτης
1186 5507 1317 5577 ἡμῖν
1359 5503 1517 5575 Ὠσηὲ
1553 5503 1752 5597 ἀριστα
1788 5501 1941 5573 διηρ-

470 5705 511 5737 ¹¹
543 5701 730 5760 llCor.
761 5718 817 5770 κ,
848 5700 902 5757 ό.
1016 5696 1058 5727 ¹⁹
1083 5693 1217 5752 Osce
1248 5710 1365 5763 vin,
1395 5692 1449 5749 τ.

2050 4477 2323 4555 utiaciat
2368 4492 2607 4549 farinam
2642 4506 2656 4543 :
2690 4484 2839 4557 quod
2883 4481 3052 4538 etiam
3114 4479 3165 4535 si
3206 4477 3423 4542 fecerit,
3452 4477 3620 4534 alieni

2049 4590 2339 4659 comedent
2376 4601 2497 4643 eam
2530 4584 2594 4636 “.
2634 4601 2653 4635 ι
2688 4579 2794 4646 Qui
2818 4576 2965 4633 enim
2995 4573 3065 4629 ab
3107 4570 3351 4627 amicitia
3392 4568 3491 4626 Dei
3532 4585 3621 4627 rs-

2047 4684 2266 4755 i‘ugiunt
2324 4695 2389 4736 ac
2443 4676 2776 4735 abhorrent,
2838 4669 2895 4725 bi
2958 4665 3159 4721 anilem
3225 4669 3283 4719 et
3346 4662 3619 4719 inﬁrmam

2047 4753 2269 4834 illorum
2316 4768 2643 4844 ignorantia:
2689 4761 2997 4821 doctrinam
3057 4756 3420 4814 devorabunt.
3459 4753 3616 4822 Quod

2046 4883 2178 4939 ergo
2256 4863 2497 4920 diximus
2565 4855 2768 4918 initio,
2820 4865 3019 4908 rursus
3090 4864 3157 4905 eo
3229 4844 3614 4902 revertendum

2047 4960 2289 5016 arbitror
2316 4974 2330 5011 :
2361 4954 2634 5023 Perquam
2674 4945 2911 5002 diﬂicilis
2942 4950 3029 4999 est
3066 4939 3377 4997 divinorum
3407 4941 3613 5004 myste-

2048 5051 2254 5105 riorum
2290 5041 2610 5116 explicatio.
2667 5037 2773 5093 Sed
2805 5049 2929 5091 cum
2957 5047 3059 5088 nos
3085 5030 3275 5086 multis
3306 5023 3612 5080 rationibus

2046 5138 2252 5209 adigas,
2291 5130 2697 5190 studiosissime
2743 5126 2931 5190 frater,
2962 5130 3022 5176 ut
3067 5116 3466 5189 expositionem
3511 5127 3613 5169 ceu

2045 5203 2336 5299 quemdam
2389 5223 2662 5276 labiorum
2714 5215 2955 5271 fructum
3001 5217 3057 5266 et
3111 5204 3359 5278 spiritale
3398 5203 3613 5260 ενοι-ἰῆς

2047 5320 2191 5373 cium
2231 5302 2548 5373 oll‘eramus,
2581 5323 2707 5375 non,
2734 5303 3007 5376 gravabor
3035 5300 3088 5354 id
3131 5298 3331 5362 facere,
3372 5293 3486 5352 Deo
3517 5296 3612 5367 qui

2045 5421 2222 5463 caecos
2269 5402 2538 5458 illuminat
2589 5394 2855 5459 conlisus,
2886 5400 2940 5446 et
2982 5390 3076 5461 qui
3123 5403 3155 5443 a
3187 5387 3349 5444 nobis
3390 5387 3611 5459 quidem

2045 5499 2201 5571 petit,
2225 5511 2333 5552 non
2362 5503 2543 5549 tamen
2578 5501 2749 5561 supra
2781 5485 2926 5542 vires
2954 5490 3196 5551 nostras,
3224 5487 3279 5538 et
3305 5459 3630 5553 pauperum!
