4052 6208
463 302 530 356 ιε
671 281 674 284 ’
1455 302 1510 356 s.
1537 299 1807 358 cmeLt
1849 297 2317 357 ALEXANDRINI
2350 301 2670 357 ABClHEP.
3647 306 3708 360 ιδ

464 415 690 488 perinde
721 430 787 472 ac
823 417 1054 474 divitum
1086 410 1392 476 oblationEs
1429 422 1680 491 suscipit.
1721 420 2028 492 Legislator

2147 424 2376 493 μήνευσε
2461 421 2632 490 λέγων
2661 439 2676 453 ο

461 511 630 575 enim,
675 519 736 564 nt
787 512 1057 582 scriptum
1097 522 1182 568 est
1241 513 1400 567 initio
1435 513 1683 578 Levitici,
1739 522 2036 584 postquam

464 604 814 673 praecepisset
853 620 977 660 eum
1011 605 1103 676 qui
1140 621 1353 662 .munns
1387 607 1585 662 oll‘erre
1609 606 1744 676 [Deo
1772 607 1936 662 vellet
1981 608 2036 662 in

464 695 867 762 holocaustum,
897 697 1092 753 bovem
1134 698 1656 778 immolarc,ibiquc
1698 700 1865 772 typici
1913 703 2032 756 cul-

465 797 554 843 tus
603 789 823 843 modum
886 791 1342 862 prmscripsisset,
1389 791 1542 846 illum
1574 807 1769 847 rursus
1814 793 2038 859 minuit,

464 894 619 935 ovem
653 879 737 934 eis
767 880 1162 936 immolandam
1194 897 1316 938 esse
1348 881 1537 936 dicens
1577 883 1671 951 qui
1711 883 1832 937 bovi
1865 883 2040 937 sacri-

463 969 680 1026 ﬁcando
735 985 892 1040 pares
946 986 1056 1026 non
1118 981 1324 1027 essent.
1385 970 1488 1025 Sed
1558 979 1786 1026 noverat
1856 973 2041 1042 utique

464 1063 677 1118 tristem
721 1071 775 1118 et
806 1064 1035 1119 auribus
1081 1071 1359 1118 carentem
1394 1065 1444 1135 5
1478 1072 1773 1134 egestatem
1817 1073 2042 1119 coactu-

463 1169 580 1208 ram
625 1156 922 1210 nonnullos
962 1162 1021 1208 ut
1063 1156 1111 1209 ei
1145 1170 1364 1226 quoque
1414 1156 1692 1211 sacriﬁcio
1735 1155 1989 1211 deessent
2024 1175 2037 1209 :

464 1246 806 1316 proindeque
838 1288 852 1311 ,
889 1265 910 1297 ‹
960 1247 1026 1299 Et
1079 1245 1292 1309 ederet,
1343 1267 1362 1298 ι
1404 1248 1601 1318 inquit,
1640 1266 1658 1299 α
1696 1249 1764 1304 de
1815 1248 2043 1302 turturi-

465 1337 588 1399 bns,
622 1346 714 1390 aut
741 1337 806 1391 de
833 1336 1108 1392 columbis
1145 1354 1346 1394 munus
1373 1355 1537 1394 suum
1573 1340 1638 1393 ¹³.
1672 1359 1690 1392 ›
1733 1339 1843 1395 Sed
1873 1351 1926 1394 et
1957 1339 2042 1394 bis

464 1429 874 1498 pauperiorem,
911 1437 967 1483 et
1006 1429 1206 1483 viliora
1248 1428 1565 1484 oll‘erentem
1615 1445 1724 1485 non
1775 1431 2041 1496 dedigna-

459 1526 575 1574 tur.
603 1538 628 1570 ί
660 1517 852 1573 Simila
883 1537 901 1571 ι
933 1519 1102 1582 enim,
1127 1519 1332 1589 inquit,
1369 1538 1388 1571 ‹
1416 1522 1520 1576 erit
1549 1538 1749 1578 munus
1772 1522 1892 1593 ejus
1918 1521 1979 1586 “,
2018 1541 2036 1574 ι

465 1608 714 1676 parabile
744 1608 945 1674 cuivis,
988 1608 1207 1678 opinor,
1241 1616 1293 1664 et
1326 1610 1472 1680 quod
1514 1619 1774 1668 extremae
1822 1627 2044 1683 pauper-

469 1697 600 1751 tatis
630 1704 836 1752 sortem
871 1696 1018 1750 haud
1052 1698 1284 1753 multum
1315 1699 1530 1755 excedit
1561 1716 1762 1756 munus
1790 1704 2043 1773 prrescri-

2761 440 2778 472 ι
2807 421 3034 492 Δράγμα
3096 419 3196 472 οὐκ
3239 419 3360 490 ἔχον
3425 421 3576 492 ἰσχὺν
3617 423 3710 476 τοῦ

2139 515 2360 585 ποιῆσαι
2392 514 2638 586 ἄλευρον·
2671 513 2844 567 ἐάνδέ
2873 513 2967 567 καὶ
2997 512 3220 582 ποιήσῃ,
3254 511 3521 583 ἀλλότριοι
3551 529 3706 566 καταο

2139 608 2418 676 φάγονται.
2458 627 2476 658 ι
2532 608 2594 658 Ol
2642 605 2749 677 γὰρ
2797 605 2894 674 τῆς
2924 603 3057 675 πρὸς
3101 601 3233 656 Θεὸν
3271 602 3452 670 φιλίας
3487 604 3710 667 ἑαυτοὺς

2140 697 2452 770 ἀλλοτριοῦν
2487 698 2895 762 σπουδάζοντες,
2933 696 3024 750 τὸν
3056 693 3266 764 ἐραὼδη
3304 694 3416 762 [ῃο.
3472 693 3714 766 γραὼδη]

2140 789 2233 842 καὶ
2284 787 2485 856 ἀσθενῆ
2533 787 2629 856 τῆς
2675 786 2896 838 ἐκείνων
2945 783 3182 854 ἀμαθίας
3230 782 3712 853 καταθοινήσονται

2139 879 2313 945 λόγον.
2336 879 2513 948 Ὅπερ
2541 875 2633 931 οῦν
2663 877 2871 947 ἔφημεν
2905 877 2962 930 ἐν
2993 875 3157 945 ἀρχῇ,
3188 874 3380 944 χρῆναι
3420 869 3573 942 οἶμαι
3610 890 3716 926 πα-

2139 970 2442 1040 λινδρομεῖν
2471 969 2556 1022 ἐπ’
2575 970 2769 1021 ἐκεῖνο.
2790 966 3201 1037 Δυσχερεστάτη
3221 965 3339 1018 λίαν
3369 965 3516 1016 ἐστὶν
3530 966 3564 1034 ἡ
3587 966 3714 1036 περὶ

2139 1059 2248 1112 τῶν
2276 1058 2433 1110 θείων
2471 1057 2783 1128 μυστηρίων
2825 1055 3081 1125 ἐξήγησις
3101 1070 3116 1085 ο
3167 1052 3279 1105 ἀλλ’
3311 1053 3538 1122 ἐπείπερ
3569 1053 3719 1121 ἡμᾶς

2144 1149 2357 1211 πολλοῖς
2387 1147 2700 1209 ἀναπείθεις
2745 1147 2945 1214 λόγοις,
2990 1138 3034 1197 ὧ
3069 1141 3468 1212 φιλοπονώτατε
3499 1141 3713 1208 ἀδελφέ,

2143 1241 2394 1310 καθάπερ
2437 1239 2558 1292 τινὰ
2585 1239 2806 1309 χειλέων
2843 1238 3056 1309 καρπὸν
3089 1237 3181 1290 καὶ
3210 1235 3400 1288 θυσίαν
3430 1248 3720 1320 πνευματι-

2145 1336 2246 1404 κὴν
2274 1332 2554 1386 ἀναθεῖναι
2589 1332 2649 1384 τὸ
2682 1331 3042 1401 σύγγραμμα,
3089 1331 3180 1383 καὶ
3219 1327 3386 1386 τοῦτο,
3417 1326 3588 1378 ποιεῖν
3621 1323 3719 1376 οὑκ

2144 1426 2379 1499 ὀκνήσω,
2407 1424 2484 1495 τῷ
2511 1422 2759 1492 σοφοῦντι
2780 1422 2906 1485 τοὺς
2933 1421 3166 1490 τυφλοὺς
3187 1419 3559 1489 ἐπιθαρσήσας
3577 1415 3719 1485 Θεῷ,

2145 1518 2238 1572 xui.
2260 1517 2508 1588 ζητοῦντι
2533 1517 2629 1587 μὲν
2657 1516 2780 1586 παρ’
2803 1514 2977 1585 ἡμῶν,
3000 1513 3060 1566 οὐ
3084 1513 3297 1573 πάντως
3321 1511 3363 1563 δ’
3388 1509 3528 1580 ὑπὲρ
3548 1509 3720 1578 ἡμᾶς,
3771 1575 3774 1578 γ

2143 1609 2416 1680 δεχομένῳ
2456 1610 2512 1662 δὲ
2551 1609 2626 1670 ὡς
2665 1609 2846 1660 ἐκεῖνα
2885 1605 2979 1659 καὶ
3019 1605 3115 1666 τὰς
3159 1606 3222 1656 ἐκ
3257 1601 3362 1655 τῶν
3415 1597 3727 1669 πτωχευὸνο

2144 1719 2252 1755 των
2299 1701 2685 1772 προσαγωγὰς.
2727 1699 2830 1751 Τὸν
2878 1697 2986 1768 γὰρ
3039 1694 3427 1765 προσκομίζειν
3471 1691 3728 1744 ἐθέλοντα

468 1788 625 1844 bens.
655 1787 848 1844 Melius
888 1788 1036 1844 enim
1073 1798 1224 1845 certe
1261 1805 1326 1846 ac
1366 1793 1718 1862 praestantius
1760 1794 2041 1863 legislator

2147 1794 2314 1864 δῶρον
2349 1795 2427 1856 εἰς
2458 1791 2811 1860 ὁλοκαύτωμα
2860 1788 2936 1858 τῷ
2985 1786 3202 1858 Κυρίῳ,
3253 1784 3503 1851 καθάπερ
3531 1776 3625 1833 οῦν
3667 1780 3728 1831 ἐν

467 1881 677 1936 sciebat
735 1896 892 1947 esse,
951 1883 1034 1937 vel
1093 1898 1302 1955 paucos
1357 1883 1550 1939 aﬂ'erre
1604 1884 1821 1940 fructus
1877 1901 2040 1955 quam

466 1973 677 2028 nullum
723 1987 978 2042 prorsus,
1019 1983 1072 2030 et
1114 1990 1183 2030 ne
1231 1973 1474 2032 videaris
1524 1977 1684 2030 alteri
1731 1978 1948 2042 cedere,
1985 1978 2042 2032 in

465 2078 585 2119 eam
637 2065 826 2121 venire
877 2066 1294 2136 cogitationem,
1327 2067 1570 2123 universi
1617 2067 1730 2123 Deo
1761 2084 1871 2124 non
1921 2083 2044 2124 esse

468 2173 695 2213 munera
727 2157 1046 2214 deferenda.
1082 2157 1181 2213 His
1227 2159 1488 2216 omnibus
1516 2159 1770 2230 equidem
1804 2176 1912 2214 non
1945 2161 2044 2216 abs

466 2265 527 2304 re
556 2265 877 2320 persuasus,
903 2257 961 2306 et
995 2237 1149 2305 omni
1181 2250 1544 2306 cunctatione
1573 2251 1779 2306 silentii
1810 2259 2043 2320 patrona

373 2373 386 2382 -
467 2359 533 2397 ex
567 2343 751 2396 animo
792 2358 912 2398 meo
965 2343 1191 2414 rejecta,
1232 2343 1432 2413 quibus
1474 2344 1642 2399 rebus
1693 2351 1882 2413 potero
1940 2341 2046 2396 Do-

467 2432 680 2486 ntinum
753 2449 934 2488 meum
1013 2434 1358 2488 remunerari
1435 2433 1635 2488 debcre
1698 2433 1938 2502 putabo,
1991 2439 2045 2486 et

466 2521 692 2577 offeram
733 2523 1028 2593 quamdam
1062 2523 1227 2578 veluti
1269 2523 1508 2598 similam
1538 2523 1656 2577 oleo
1687 2531 2044 2586 maceratam,

465 2615 772 2670 doctrinam
806 2616 1065 2668 nimirum
1102 2629 1232 2685 quae
1272 2613 1625 2668 auditoribus
1667 2613 1934 2668 alimento
1972 2614 2046 2666 sit

467 2717 533 2760 ac
579 2703 872 2773 voluptati.
915 2702 1251 2772 Incipiemus
1302 2709 1487 2756 autem
1537 2717 1569 2756 a
1615 2699 1844 2756 Joannis
1874 2699 2048 2753 Evan-

467 2795 632 2864 gelio,
665 2809 923 2864 magnum
946 2801 1001 2848 et
1030 2791 1264 2844 arduum
1300 2805 1438 2845 sane
1471 2804 1615 2860 opus
1645 2790 1919 2860 aggressi,
1951 2788 2048 2842 sed

466 2886 539 2941 ob
566 2885 727 2938 ﬁdem
767 2899 875 2937 non
904 2881 1344 2951 despondentes.
1375 2879 1442 2932 Et
1477 2881 1660 2936 minus
1691 2879 1912 2950 quidem
1948 2895 2049 2936 nos

469 2975 722 3030 dicturos
777 2973 1231 3043 eogitaturosque
1297 2985 1462 3040 quam
1518 2979 1799 3041 oporteat,
1857 2972 2050 3042 procul

469 3066 640 3122 dubio
698 3063 983 3119 fatendum
1046 3073 1132 3120 est
1176 3082 1189 3118 :
1237 3064 1332 3118 sed
1391 3079 1498 3119 nos
1563 3064 1770 3134 justam
1837 3065 1892 3118 in
1945 3065 2121 3166 hocC

469 3158 687 3215 veniam
729 3157 1003 3227 petituros
1044 3156 1220 3210 multa
1249 3156 1568 3226 scriptionis
1601 3155 1726 3226 ejus
1755 3156 2048 3212 dillicultas

471 3247 793 3319 persuadet,
823 3254 916 3300 aut
951 3256 1122 3312 certe,
1148 3248 1294 3317 quod
1330 3248 1516 3302 verius
1545 3254 1652 3313 est,
1697 3248 2050 3305 imbecillitas

473 3338 682 3410 ingenii
727 3339 926 3393 nostri.
962 3335 1178 3409 Ubique
1227 3355 1358 3394 vero
1397 3354 1654 3395 sermone
1701 3339 1770 3393 ad
1825 3340 2052 3410 dogma-

474 3431 644 3486 ticam
685 3431 1088 3502 expositionem
1132 3445 1402 3488 converso
1439 3430 1611 3488 falsas
1657 3431 2048 3487 haereticorum

473 3522 768 3593 opiniones
800 3537 900 3592 pro
931 3522 1145 3584 viribus
1172 3523 1606 3588 confutabimus,
1647 3539 1754 3578 non
1783 3531 2053 3594 quantum

474 3613 668 3670 liceret
707 3629 835 3669 eum
887 3614 1285 3684 protendendo,
1330 3614 1426 3670 sed
1487 3615 1764 3685 superﬂua
1822 3629 2056 3685 quaeque

476 3705 721 3760 tollendo
770 3715 838 3761 et
885 3706 1029 3760 intra
1085 3705 1305 3762 modum
1355 3707 1710 3761 continendo.
1758 3705 2054 3777 Subjectus

476 3803 662 3852 autem
745 3797 993 3866 capitum
1064 3797 1342 3852 indiculus
1398 3797 1798 3853 demonstrabit
1867 3811 1932 3852 ca
1999 3797 2055 3852 in

475 3889 678 3958 quibus
732 3889 895 3960 longe
948 3889 1167 3958 lateque
1219 3903 1277 3945 se
1326 3888 1522 3959 pandit
1589 3889 1795 3954 oratio,
1850 3889 2055 3959 quibus

475 3979 922 4051 etiamgnumeros
948 3972 1304 4050 praetixir'nus,
1335 3991 1394 4036 ut
1422 3988 1626 4052 praesto
1653 3981 1724 4036 sit
1756 3982 2056 4038 lectoribus

477 4070 626 4143 quod
660 4073 941 4142 quaeritur.

2143 1887 2284 1957 ἀρχῇ
2336 1887 2514 1937 κεῖται
2556 1883 2650 1936 τοῦ
2704 1878 3026 1946 Λευῖτικοῦ,
3072 1877 3349 1948 βουθυτεῖν
3389 1869 3653 1934 ἐπιτάξας
3695 1872 3729 1922 ὁ

2144 1975 2441 2046 νομοθέτης
2463 2015 2477 2038 ,
2509 1973 2604 2027 καὶ
2633 1972 2698 2042 δὴ
2737 1971 2832 2024 καὶ
2861 1972 2916 2022 ἐν
2945 1969 3118 2038 τούτῳ
3151 1965 3252 2034 τῆς
3283 1965 3340 2016 ἐν
3373 1961 3529 2031 τύπῳ
3559 1962 3728 2030 τιμῆς

2145 2069 2332 2140 ὁρίσας
2380 2067 2441 2120 τὸ
2484 2066 2718 2136 μέτρον,
2756 2061 3068 2124 ὑποϐιὸἀζει
3127 2056 3289 2111 πάλιν
3336 2054 3501 2118 αὐτὸ,
3560 2050 3726 2122 μηλοο
3779 2058 3792 2063 ’

2148 2163 2374 2227 σφαγεῖ»
2395 2158 2591 2228 χρῆναι
2619 2155 2792 2223 λέγων
2851 2153 2979 2214 τοὺς
3031 2150 3188 2220 οἵπερ
3215 2147 3281 2202 ἂν
3301 2141 3410 2199 εἷεν
3426 2146 3522 2214 οὐχ
3551 2145 3727 2197 ἱκανοὶ

2147 2250 2283 2321 πρὸς
2339 2249 2552 2300 ἐκεῖνο·
2604 2244 2719 2298 ἀλλ’
2765 2243 2883 2312 ᾔδει
2928 2241 2992 2311 δὴ
3036 2241 3275 2302 πάντως,
3323 2239 3406 2292 ὃτι
3456 2236 3725 2307 καὶπρὸς

2145 2341 2208 2394 τὸ
2255 2338 2415 2408 τυχὸν
2456 2333 2713 2405 ἀτονῆσαί
2755 2349 2907 2395 τινας
2952 2333 2985 2402 ἡ
3028 2329 3232 2401 στυγνὴ
3249 2329 3343 2382 καὶ
3373 2328 3724 2398 ἀνουθέτητος

2145 2429 2423 2483 ἀναπείσει
2459 2425 2652 2478 πενία⁹
2677 2423 2768 2476 διά
2797 2422 2860 2491 γέ
2895 2439 2976 2474 τοι
3006 2421 3186 2486 τοῦτο,
3226 2440 3244 2472 ι
3278 2419 3389 2474 Καὶ
3428 2419 3724 2491 προσοίσει,

2147 2521 2332 2590 φησὶν,
2370 2517 2478 2570 ἀπὸ
2497 2517 2605 2570 τῶν
2632 2515 2930 2586 τρυγόνων,
2957 2513 2990 2581 ἢ
3020 2511 3128 2565 ἀπὸ
3165 2511 3275 2564 τῶν
3308 2510 3642 2582 περιστερῶν
3665 2509 3726 2562 τὸ

2146 2612 2319 2680 δῶρον
2348 2608 2511 2663 αὑτοῦ
2538 2626 2551 2640 ·
2583 2629 2602 2662 ι
2642 2609 2732 2661 τὸν
2759 2607 2816 2660 δὲ
2840 2606 3148 2660 καὶτούτων
3165 2604 3244 2658 ἔτι
3282 2605 3723 2671 καταδεέστερον,

2147 2703 2244 2756 xui.
2307 2701 2445 2772 μετὰ
2493 2699 2602 2753 τῶν
2644 2698 3038 2768 εὐτελεστέρων
3093 2696 3172 2750 ἔτι
3228 2697 3523 2768 προσιόντα
3570 2696 3724 2764 τιμᾷ.

2154 2812 2173 2846 ι
2211 2792 2496 2863 Σεμίδαλις
2527 2791 2636 2864 γὰρ
2669 2790 2844 2856 ἔσται,
2883 2809 2901 2842 ι
2958 2789 3090 2860 φησὶ
3121 2807 3140 2840 t
3174 2788 3236 2841 τὸ
3276 2789 3446 2858 δῶρον
3479 2785 3666 2840 αὐτοῦ’
3703 2802 3722 2836 ι

2149 2885 2488 2956 εὐπόριστον,
2519 2879 2671 2953 οἶμαί
2701 2901 2826 2948 που,
2879 2881 3062 2946 παντὶ,
3099 2881 3194 2934 xui.
3224 2881 3496 2950 πτωχείαν
3521 2877 3620 2950 τὴν
3651 2880 3726 2940 είς

2149 2975 2318 3046 ἀκρον
2345 2974 2404 3026 οὑ
2423 2973 2626 3044 σφόδρα
2637 2970 2993 3025 πλεονεκτοῦν
3016 2970 3212 3042 ὁρίζων
3233 2971 3504 3040 ἀνάθημα.
3534 2969 3730 3038 Κρεῖτ-

2151 3085 2240 3122 τον
2278 3068 2384 3137 γὰρ
2426 3066 2601 3136 δήπου
2629 3066 2724 3119 καὶ
2758 3065 2979 3136 ἄμεινον
3025 3059 3052 3116 ὁ
3081 3063 3371 3133 νομοθέτης
3403 3059 3721 3131 ἐξηπίστατς

2153 3161 2214 3214 τὸ
2241 3161 2343 3214 κᾶν
2389 3161 2447 3212 ἐν
2495 3159 2697 3228 ὀλίγοις
2740 3159 3112 3229 καρποφορεῖν
3156 3153 3250 3208 τοῦ
3294 3149 3731 3222 ἀπεστειρῶσθαι

2155 3249 2454 3314 παντελῶς,
2487 3251 2626 3304 αἰδοῖ
2673 3267 2733 3303 τε
2789 3250 2881 3301 τοῦ
2913 3248 2988 3319 μὴ
3014 3248 3190 3301 δοκεῖν
3220 3247 3318 3316 τῆς
3342 3245 3540 3298 ἐτέοων
3567 3243 3732 3312 ηττᾶι·

2158 3343 2280 3398 σθαι
2325 3343 2528 3414 χειρὸς,
2583 3345 2664 3406 εἰς
2715 3341 2807 3395 τὸν
2837 3335 2929 3394 ἐπὶ
2962 3340 3040 3411 τῷ
3067 3339 3143 3411 μὴ
3195 3339 3390 3409 χρῆναι
3420 3338 3585 3407 τιμᾷν
3625 3333 3732 3388 τῶν

2156 3436 2412 3490 ἁπάντων
2475 3435 2752 3504 Δεσπότην
2783 3433 3201 3486 συνελαύνεσθαι
3245 3429 3522 3499 λογισμόν.
3555 3425 3734 3502 Διὰλδὴ

2153 3526 2358 3580 τούτων
2381 3526 2636 3580 ἁπάντων
2681 3525 3150 3594 ἀναπεπεισμένος
3196 3521 3453 3590 εὐλόγως,
3491 3517 3644 3571 ὄκνον
3675 3533 3735 3568 τε

2155 3617 2257 3689 τῆς
2288 3617 2498 3688 σιωπῆς
2558 3617 2650 3671 τὸν
2698 3617 2996 3688 συνήγορον
3049 3614 3151 3683 τῆς
3208 3609 3448 3684 ἐμαυτοῦ
3499 3608 3738 3670 διανοίας

2155 3709 2507 3780 ἀποπέμψας,
2565 3705 2756 3781 οἷσπερ
2797 3707 2862 3762 ἂν
2910 3707 3020 3778 ἔχοι
3081 3723 3147 3778 με
3198 3704 3294 3778 [αι.
3335 3700 3536 3774 ἔχοιμι]
3573 3701 3738 3771 τιμᾷν

2155 3801 2409 3873 οἰήσομαι
2463 3801 2573 3854 δεῖν
2627 3799 2719 3855 τὸν
2744 3799 2980 3871 ἐμαυτοῦ
3011 3798 3306 3868 Δεσπότην,
3341 3797 3433 3850 καὶ
3467 3793 3737 3864 προσοίσω

2157 3892 2560 3962 καθάπερτινά
2611 3892 2920 3962 σεμίδαλιν,
2983 3891 3148 3962 ἐλαίῳ
3206 3888 3588 3960 δεδευσμένην,
3647 3884 3741 3938 τον

2161 3985 2425 4056 τρόφιμόν
2482 4002 2541 4038 τε
2594 3985 2688 4040 xui.
2730 3985 2908 4057 ἱλαρὸν
2961 3985 3071 4048 τοῖς
3115 3981 3518 4053 ἐντευξομένοις
3543 3977 3735 4046 λόγον’

2164 4077 2440 4148 ἀρξόμεθα
2473 4077 2529 4130 δέ
2552 4077 2654 4147 τῆς
2699 4079 2944 4132 Ἰωάννου
2989 4075 3353 4148 Συγγραφῆςο
3383 4071 3606 4144 μεγάλῳ
3643 4068 3740 4139 μὲν

477 4160 596 4216 λίαν
661 4163 1064 4235 ἐπιχειροῦντες
1107 4162 1412 4234 πράγματι,
1451 4161 1590 4234 πλὴν
1638 4164 1739 4217 οὐκ
1783 4163 2099 4228 ἁτονοῦντες
2137 4165 2226 4219 διὰ
2250 4167 2349 4238 τὴν
2383 4167 2584 4222 πίστιν.
2606 4169 2713 4221 Καὶ
2741 4169 2938 4240 ὅτιμὲν
2961 4163 3052 4222 οῦν
3084 4167 3322 4230 ἔλαττον,
3373 4166 3516 4236 ῆπερ
3555 4163 3742 4233 ἐχρῆν·

477 4252 710 4324 ἐροῦμέν
738 4271 796 4307 τε
842 4255 936 4308 καὶ
957 4256 1239 4326 νοήσομεν,
1259 4255 1642 4326 ἀναμφιλόγως
1663 4255 2022 4327 ὁμολογητέον
2047 4273 2060 4286 ·
2105 4256 2185 4310 ὅτι
2221 4257 2280 4310 δέ
2307 4258 2523 4314 δικαίαν
2561 4261 2654 4313 ἐπὶ
2685 4261 2856 4329 τούτῳ
2917 4260 3015 4331 τὴν
3059 4258 3388 4331 συγγνώμην
3425 4261 3739 4329 αἰτήσομεν.

475 4347 510 4416 ἡ
542 4345 714 4414 πολλὴ
741 4345 837 4398 τοῦ
887 4347 1319 4416 συγγράμματος
1369 4346 1654 4400 ἀναπείσει
1683 4344 1988 4416 δυσχέρεια,
2017 4345 2050 4416 ἢ
2093 4345 2186 4400 καὶ
2209 4346 2344 4418 ὅπερ
2373 4349 2521 4403 ἐστὶν
2569 4348 2949 4420 ἀληθέστερον,
2985 4351 3018 4419 ὴ
3079 4349 3179 4416 τῆς
3218 4351 3275 4401 ἐν
3299 4331 3446 4419 ’ἡμῖν
3508 4345 3744 4406 διανοίας

477 4432 754 4488 ἀσθένεια.
793 4434 1049 4504 Πανταχῆ
1079 4434 1136 4486 δέ
1159 4435 1250 4488 τὸν
1293 4434 1449 4503 λόγον
1475 4437 1554 4498 είς
1578 4435 2058 4506 δογματικωτέραν
2097 4437 2517 4508 περιτρέποντες
2548 4437 2826 4508 ἐξήγησιν,
2856 4442 2978 4503 ταῖς
3039 4440 3147 4494 τῶν
3213 4438 3739 4512 ἐτεροδιδασκαλουν-

476 4538 586 4577 των
605 4521 970 4593 ψευδοδοξίαις
1019 4524 1094 4587 ὡς
1126 4523 1271 4577 ἐστιν
1303 4523 1680 4594 ἀντιτάξομεν,
1720 4527 1818 4578 οὐκ
1861 4527 1940 4589 είς
2005 4527 2127 4580 ὅσον
2169 4515 2650 4597 ἐξῆνέκτείνοντες
2671 4530 2862 4600 μῆκος,
2884 4529 3020 4583 ἀλλὰ
3039 4530 3133 4583 καὶ
3162 4529 3268 4584 τῶν
3290 4529 3555 4600 περιττῶν
3568 4526 3740 4580 ἀπαλσ

482 4612 787 4678 λάττοντες,
819 4613 915 4667 καὶ
943 4613 1036 4668 τοῦ
1056 4614 1358 4685 πρέποντος
1382 4615 1482 4668 οὐκ
1506 4617 1696 4669 ἐπιδεᾶ
1759 4617 2098 4686 καταστῆσαι
2174 4621 2592 4684 σπουδάσαντες.
2639 4621 2704 4673 Ἡ
2736 4622 2794 4673 δέ
2833 4621 3245 4694 ὑποτεταγμένη
3294 4621 3401 4674 τῶν
3436 4618 3743 4688 κεφαλαίων

482 4709 908 4784 ὑποσημείωσις,
939 4709 1006 4764 τὰ
1028 4706 1207 4780 ἐφόίς
1228 4711 1362 4780 ἡμῖν
1380 4710 1666 4764 ἐκτέταταί
1711 4728 1828 4776 πως
1851 4713 1879 4766 ὁ
1907 4711 2064 4781 λόγος
2099 4718 2428 4786 καταστήσει
2455 4715 2684 4787 φανερὰ,
2727 4711 2809 4782 οἷς
2873 4718 2966 4772 καὶ
3025 4699 3297 4792 ,ἀριθμοὺς
3327 4713 3741 4787 παρεπήξαμεν.

483 4797 622 4870 πρὸς
641 4799 703 4852 τὸ
732 4801 828 4853 καὶ
850 4799 970 4854 λίαν
999 4801 1228 4871 ἑτοίμως
1243 4800 1661 4872 ἀνευρίσκεσθαι
1676 4805 1788 4867 τοῖς
1813 4802 2211 4876 ἐντευξομένοις
2242 4807 2302 4861 τὸ
2335 4805 2684 4879 ζητούμενον.

561 4979 604 5014 ⁸³
629 4978 798 5037 Levit.
836 4998 873 5048 l,
904 4983 990 5038 14.
1070 4983 1112 5014 ⁸⁸
1141 4981 1314 5039 Levit.
1343 4999 1402 5049 ιι,
1433 4983 1482 5039 1.
