4052 6208
227 331 288 384 η
848 297 855 305 ’
1261 309 1331 365 1N
1357 310 1640 369 JOANMS
1681 312 2137 370 EVANGELIUM
2185 312 2315 368 LIB.
2345 313 2388 370 ι.
3160 348 3179 359 .
3425 302 3491 363 18

222 458 3492 509 Μ

1396 811 1485 867 TA
1545 812 1636 871 EN
1680 812 1767 883 Tt)
1829 810 2066 882 ΠΡΩἸᾨ,
2100 808 2352 882 ΒΙΒΛΙῼ.
2430 776 2435 785 ⁸

1696 1139 2107 1233 CAPITA
2200 1126 2208 1135 ’

1202 1334 1357 1403 QUAE
1389 1333 1456 1390 IN
1492 1333 1700 1391 LIBRO
1738 1331 1954 1390 PRIMO
1987 1327 2503 1390 CONTINENTUR.

233 1664 299 1710 α’.
330 1655 460 1707 ὀτι
479 1653 666 1720 ἀΐδιος
691 1652 793 1708 καὶ
831 1652 948 1724 πρὸ
981 1649 1100 1707 τῶν
1129 1651 1358 1708 αὶὼνων
1380 1654 1413 1707 ό
1446 1651 1811 1724 Μονογενής·

296 1745 691 1817 προκειμένου
711 1745 926 1815 ῥητοῦ,
960 1764 980 1799 ι
1021 1746 1123 1801 Ἐν
1170 1744 1329 1815 ἀρχῇ
1367 1741 1447 1816 ἦν
1475 1748 1508 1801 ό
1538 1746 1750 1815 Λόγος.
1787 1763 1806 1797 s

230 1839 293 1910 β’.
346 1839 484 1893 Ὅτι
537 1837 683 1904 Θεὸς
719 1836 1043 1911 ὁμοούσιος
1092 1833 1172 1901 τῷ
1217 1835 1399 1905 Πατρὶ
1453 1834 1743 1905 ὑπάρχων
1781 1837 1814 1889 ό

300 1930 471 1998 mg,
502 1931 570 1985 ἐν
612 1929 729 1998 ἰδίᾳ
775 1928 949 1983 ἐστὶν
976 1927 1333 1993 ὑποστάσει,
1378 1928 1591 1998 ὁμοίως
1614 1925 1683 1982 δὲ
1712 1927 1812 1982 καὶ

293 2025 332 2077 δ
357 2022 575 2091 Πατήρ
598 2038 611 2051 ο
638 2021 1025 2092 προκειμένου
1044 2018 1257 2091 ῥητοῦ,
1287 2041 1305 2074 ι
1329 2021 1437 2077 Kal
1456 2025 1489 2077 ό
1512 2023 1706 2093 Λόγος
1735 2017 1814 2091 ἦν

297 2116 451 2184 πρὸς
478 2114 588 2168 τὸν
614 2115 785 2169 Θεόν.
810 2132 830 2166 s

241 2217 299 2278 γ’.
333 2212 459 2263 Ὀτι
523 2206 675 2274 Θεὸς
710 2206 865 2263 κατὰ
891 2207 1097 2278 φύσιν,
1142 2207 1243 2262 καὶ
1272 2208 1401 2263 κατ’
1421 2207 1641 2263 οὐδένα
1684 2209 1809 2275 τρόο

297 2314 432 2366 πον,
456 2300 496 2370 ἦ
522 2299 817 2365 ἐλάττων,
844 2299 882 2368 ἢ
903 2299 1182 2369 ἀνόμοιός
1204 2298 1337 2353 ἐστι
1376 2298 1482 2354 τοῦ
1527 2297 1757 2367 Πατρὸς
1780 2301 1813 2352 ό

303 2393 458 2459 Υίόςσ
489 2390 885 2461 προκειμένου
928 2390 1140 2460 ῥητοῦ,
1195 2410 1214 2443 ι
1263 2390 1369 2445 Kal
1422 2390 1569 2456 Θεὸς
1636 2385 1714 2460 ἦν
1780 2391 1813 2443 ό

294 2488 513 2555 Λόγος.
552 2504 571 2537 s

229 2578 286 2630 δ’.
320 2575 483 2644 Πρὸς
502 2575 646 2642 τοὺς
660 2573 1001 2647 τολμῶντας
1030 2573 1253 2645 λέγειν,
1283 2573 1373 2628 ὅτι
1408 2572 1613 2640 ἕτερός
1642 2574 1814 2627 ἐστιν

294 2667 637 2734 ἐνδιάθετός
682 2684 748 2722 τε
803 2666 901 2721 καὶ
956 2665 1217 2736 φυσικὸς
1256 2664 1327 2719 ἐν
1388 2664 1571 2734 Πατρὶ
1600 2664 1811 2733 Λόγος,

295 2759 399 2814 καὶ
423 2759 673 2827 ἕτεροςό
692 2759 856 2827 παρὰ
882 2757 1015 2825 ταῖς
1037 2759 1222 2824 θείαις
1254 2755 1523 2826 Γραφαῖς
1565 2754 1815 2825 λεγόμε-

294 2869 413 2917 νος
434 2851 571 2916 Υἱός
597 2868 612 2883 ·
640 2851 767 2905 ἐστι
791 2849 862 2904 δὲ
891 2847 1014 2905 τῶν
1036 2850 1168 2918 περὶ
1180 2850 1479 2918 Εὐνόμιον
1502 2848 1540 2917 ἤ
1570 2848 1812 2914 τοιαύτη

301 2942 639 3007 κακοδοξία
658 2959 671 2973 ’
705 2943 1004 3012 πρόκειται
1030 2940 1099 2995 δὲ
1130 2940 1195 2995 τὸ
1211 2939 1404 3010 ῥητὸν
1430 2980 1447 3007 ,
1484 2956 1504 2992 ι
1531 2933 1721 3006 Οὗτος
1736 2933 1815 3009 ἦν

303 3034 379 3088 ἑν
403 3032 565 3104 ἀρχῇ
579 3032 724 3102 πρὸς
748 3033 858 3088 τὸν
891 3033 1060 3086 Θεόν.
1092 3050 1111 3084 s

227 3134 290 3179 ε’.
322 3128 451 3180 Ὀτι
472 3124 622 3180 κατὰ
666 3125 854 3195 φύσιν
874 3123 1236 3193 δημιουργὸς
1271 3124 1304 3177 ό
1328 3120 1466 3189 Υἱὸς
1500 3121 1653 3191 μετὰ
1696 3123 1817 3175 Πα-

293 3217 464 3286 τρός,
507 3218 591 3284 ὡς
624 3216 693 3270 ἐκ
751 3215 862 3285 τῆς
907 3215 1122 3281 οὐσίας
1149 3213 1441 3283 ὑπάρχων
1476 3211 1687 3279 αὐτοῦ,
1716 3210 1817 3266 καὶ

290 3311 409 3377 οὐχ
430 3306 635 3376 ὥσπερ
653 3307 958 3376 ὑπουργὸς
987 3306 1599 3374 παραλαμϐανόμενος
1625 3320 1640 3335 ⁸
1674 3316 1816 3370 προ-

290 3400 579 3470 κειμένου
626 3398 833 3468 ῥητοῦ,
869 3416 889 3449 ι
927 3395 1128 3451 Πάντα
1151 3395 1228 3449 δι’
1277 3394 1466 3450 αὐτοῦ
1496 3393 1750 3466 ἐγένετο.
1790 3412 1809 3445 s

226 3499 298 3557 ς’.
326 3492 466 3575 ’ρτι
518 3489 629 3559 ζωὴ
668 3488 821 3544 κατὰ
855 3488 1045 3558 φύσιν
1101 3487 1274 3542 ἐστὶν
1298 3489 1332 3541 ό
1387 3486 1540 3553 Υἱὸς,
1580 3487 1679 3540 καὶ
1719 3484 1817 3540 διὰ

290 3583 482 3656 τοῦτο
508 3584 579 3637 οὐ
598 3579 871 3651 γενητὸς,
912 3577 1134 3633 ἀλλ’ἐκ
1164 3576 1273 3646 τῆς
1299 3578 1510 3643 οὐσίας
1536 3576 1640 3632 τοῦ
1666 3575 1815 3631 Θεοῦ

288 3670 391 3724 καὶ
426 3669 696 3737 Πατρός*
725 3665 1114 3737 προκειμένου
1132 3665 1343 3734 ῥητοῦ,
1378 3683 1398 3717 ι
1443 3667 1505 3719 Ὃ
1542 3664 1810 3736 γέγονεν,

286 3760 360 3813 ἐν
388 3757 563 3824 αὐτῷ
593 3758 708 3827 ζωὴ
738 3754 839 3829 ἦν.
878 3776 897 3807 ι

229 3850 291 3913 ζ’.
339 3851 482 3904 Ὅτι
519 3847 647 3920 φῶς
688 3848 837 3903 κατὰ
868 3850 1059 3918 φύσιν
1088 3849 1275 3904 ἐστὶν
1302 3852 1336 3904 ό
1374 3850 1529 3918 Υίύς,
1583 3850 1681 3905 καὶ
1719 3850 1817 3906 διὰ

287 3941 471 3996 τοῦτο
509 3943 584 3995 οὐ
618 3940 1123 4010 γενητὸς,ἁ;ἲ.1⁹ἐκ
1149 3941 1262 4008 τῆς
1285 3942 1502 4007 οὐσίας
1532 3941 1638 3996 τοῦ
1666 3941 1816 3997 Θεοῦ

287 4033 389 4086 καὶ
424 4030 694 4100 Πατρός,
719 4031 801 4096 ὡς
852 4028 979 4100 φῶς
1021 4030 1312 4101 ἀληθινὸν
1332 4031 1402 4085 ἐκ
1441 4031 1636 4101 φωτὸς
1664 4033 1814 4101 ἀληε

287 4124 487 4179 θινοῦτ
540 4123 936 4191 προκειμένου
969 4123 1179 4193 ῥητοῦ,
1217 4143 1237 4175 ι
1274 4124 1382 4179 Kal
1418 4124 1456 4193 η
1489 4120 1600 4191 ζωὴ
1648 4119 1815 4195 ἦντὸ

291 4212 416 4281 φῶς
446 4211 577 4268 τῶν
596 4213 945 4283 ἀνθρώπων.
982 4233 1002 4264 s
1776 4256 1777 4259 η

223 4304 421 4374 η⁸.’οτι
436 4305 637 4375 μόνος
656 4307 690 4359 ό
717 4304 851 4371 mc
864 4304 967 4359 τοῦ
991 4304 1161 4369 Θεοῦ,
1180 4302 1305 4373 φῶς
1317 4304 1488 4359 ἐστιν
1499 4304 1814 4372 ἀληθινόν

286 4394 329 4461 ἠ
360 4395 432 4449 δὲ
458 4396 661 4462 κτίσις
689 4395 913 4457 οὐκέτι,
940 4395 1135 4464 φωτὸς
1168 4390 1329 4450 οὖσα
1355 4393 1607 4463 μέτοχος
1659 4393 1812 4465 [ἅτε]

296 4487 552 4557 reruni“
583 4486 980 4557 προκειμένου
997 4486 1188 4556 ῥητοῦ
1211 4525 1227 4549 ,
1268 4503 1287 4538 ι
1316 4481 1435 4541 Ἦν
1481 4484 1547 4539 τὸ
1582 4484 1708 4555 φῶς
1747 4485 1814 4539 τὸ

296 4579 617 4646 ἀληθινόν.
655 4598 675 4631 s

222 4670 289 4724 0‘.
326 4671 463 4723 Ὅτι
505 4672 579 4724 οὐ
631 4668 997 4739 ιφοῦπὰρχει
1029 4668 1133 4723 τοῦ
1170 4666 1443 4737 σώματος
1486 4667 1537 4735 ἠδ
1574 4665 1680 4719 τοῦ
1716 4665 1821 4719 ἀν-

284 4763 541 4832 θρώπου
569 4762 765 4835 ψυχὴ,
807 4760 952 4816 οὐδὲ
1002 4761 1071 4815 ἐκ
1105 4759 1523 4831 πρεσϐυτέρων
1563 4758 1822 4827 ἁμαρτη-

279 4852 507 4922 μάτων
538 4852 576 4919 η
619 4850 967 4920 σωμάτωσις
991 4848 1143 4903 κατά
1176 4864 1345 4915 τινας
1365 4862 1380 4879 ο
1433 4847 1820 4916 προκειμένου

277 4945 525 5014 ῥητοῦ,
566 4963 585 4995 ι
615 4939 735 5000 Ἦν
775 4943 841 4998 τὸ
874 4941 1000 5012 φῶς
1033 4944 1100 4997 τὸ
1148 4940 1461 5009 ἀληθινὸν,
1513 4939 1545 4994 ὃ
1591 4937 1817 5009 φωτίζει
1900 4998 1911 5003 ,

286 5035 507 5088 πάντα
549 5034 863 5101 ἄνθρωπον
901 5034 1228 5103 ἐρχόμενον
1261 5034 1348 5098 είς
1387 5032 1495 5087 τὸν
1549 5031 1813 5100 κόσμον*

284 5127 364 5179 ἐν
388 5125 487 5191 τῷ
521 5126 728 5192 κόσμῳ
752 5120 850 5193 ἦν.
884 5144 902 5176 s

225 5218 270 5271 ι’.
301 5220 450 5272 Ὅτι
489 5220 681 5286 μόνος
713 5216 863 5271 κατὰ
897 5217 1089 5286 φύσιν
1127 5215 1259 5281 Υἱὸς
1284 5215 1355 5269 ἐκ
1382 5213 1608 5283 Πατρός
1643 5216 1676 5267 ό
1696 5215 1818 5267 Μο-

283 5307 593 5380 γοτενὴς,
608 5308 984 5375 ὡςέξαύτοῦ,
1003 5308 1099 5362 καὶ
1116 5308 1187 5363 ἐν
1210 5305 1371 5373 αὐτῷ
1387 5323 1400 5337 ·
1425 5304 1816 5375 προκειμένου

277 5400 494 5471 ῥητοῦ
515 5440 531 5466 ,
570 5400 772 5498 ιοΘεόν
808 5398 1006 5466 οὐδεὶς
1030 5398 1248 5469 ἑώρακε
1268 5396 1521 5453 πώποτε.
1561 5415 1579 5448 ι

1918 1677 1970 1731 1.
2050 1675 2205 1743 Quod
2259 1685 2486 1731 eternus
2523 1685 2573 1731 et
2609 1681 2731 1729 ante
2785 1669 2987 1728 secula
3034 1667 3107 1725 sit
3154 1663 3488 1737 Uniqeuitus,
3540 1694 3549 1703 κ

1981 1768 2249 1837 proposito
2284 1767 2448 1833 dicto,
2476 1785 2496 1818 ι
2549 1766 2616 1822 In
2642 1764 2905 1837 principio
2937 1768 3056 1817 erat
3103 1757 3347 1813 Verbum.
3390 1776 3410 1809 ι

1909 1859 1965 1914 2.
2010 1860 2165 1927 Quod
2186 1869 2236 1915 et
2268 1858 2410 1915 Deus
2462 1868 2514 1913 et
2541 1853 3009 1913 consubstantialis
3055 1850 3223 1909 Patri:
3262 1864 3380 1904 cum
3424 1850 3493 1903 sit

1982 1951 2183 2017 Filius,
2213 1953 2267 2006 in
2287 1952 2507 2021 propria
2553 1959 2631 2006 est
2668 1946 2964 2021 hypostasi,
3016 1942 3267 1999 similiter
3312 1950 3493 1995 autem

1983 2052 2035 2098 et
2063 2042 2222 2097 Pater
2252 2057 2270 2097 :
2298 2042 2567 2113 proposito
2605 2041 2770 2108 dicto,
2808 2058 2826 2091 ι
2864 2036 2935 2091 Et
2964 2034 3189 2091 Verbum
3215 2041 3330 2088 erat
3351 2032 3494 2102 apud

1985 2133 2176 2190 Deum.
2215 2153 2235 2186 ι

1912 2226 1965 2281 '5.
2007 2224 2163 2292 Quod
2194 2224 2335 2280 Deus
2388 2223 2675 2281 secundum
2707 2230 2983 2285 naturam,
3019 2232 3111 2271 nec
3160 2215 3274 2269 ullo
3325 2212 3484 2269 modo

1984 2327 2077 2372 aut
2108 2319 2316 2387 minor,
2347 2327 2440 2397 aut
2473 2315 2752 2371 dissimilis
2776 2312 2934 2369 Patri
2969 2310 3039 2365 sit
3071 2307 3272 2377 Filius,
3301 2322 3495 2378 propo-

1982 2411 2084 2464 sito
2112 2409 2279 2475 dicto,
2326 2428 2347 2463 ι
2386 2409 2457 2464 Et
2507 2408 2648 2463 Deus
2684 2414 2799 2463 erat
2845 2403 3089 2459 Verbum.
3127 2421 3147 2456 ι

1911 2585 1965 2637 4.
2006 2581 2266 2636 Adversus
2304 2598 2391 2636 eos
2430 2582 2520 2651 qui
2565 2580 2740 2633 dicere
2771 2578 2990 2639 audent,
3023 2574 3172 2628 aliud
3221 2589 3333 2627 esse
3360 2572 3494 2626 inte-

1916 2739 1931 2753 .
1981 2671 2093 2724 rius
2123 2670 2259 2725 illud
2274 2682 2324 2725 et
2350 2670 2596 2726 naturale
2615 2669 2671 2723 in
2711 2667 2874 2722 Patre
2912 2664 3166 2731 Verbum,
3194 2661 3372 2728 aliud,
3402 2662 3497 2730 qui

1984 2762 2124 2830 apud
2162 2761 2370 2817 divinas
2413 2761 2716 2830 Scripturas
2761 2757 2940 2812 Filius
2997 2755 3330 2818 nominatur,
3375 2768 3495 2824 qua:

1982 2854 2281 2923 perniciosa
2321 2853 2780 2908 Eunomianorum
2811 2859 2887 2905 est
2918 2848 3118 2917 opinio.
3160 2845 3495 2916 Proponitur

1986 2954 2162 2998 autent
2189 2944 2390 3000 dictum
2418 2943 2589 2999 illud:
2619 2962 2637 2996 ι
2677 2941 2793 2997 Hoc
2813 2951 2927 2997 erat
2962 2942 3019 2995 in
3045 2941 3307 3010 principio
3351 2937 3493 3009 apud

1988 3034 2177 3091 Deum.
2207 3053 2229 3088 s

1914 3127 1967 3183 5.
2011 3125 2166 3193 Quod
2192 3134 2387 3180 natura
2409 3140 2509 3180 sua
2540 3133 2748 3180 creator
2767 3124 2833 3179 sit
2860 3123 3039 3178 Filius
3067 3138 3187 3177 cum
3214 3120 3397 3182 Patre,
3437 3128 3494 3171 ut

1980 3219 2071 3287 qui
2095 3232 2160 3271 ex
2190 3216 2305 3286 ejus
2332 3216 2657 3283 substantia,
2709 3224 2760 3271 et
2807 3232 2913 3271 non
2961 3225 3216 3285 tanquam
3251 3213 3496 3267 minister

1984 3306 2054 3362 ad
2086 3309 2139 3363 id
2165 3316 2489 3377 assumptus,
2510 3309 2779 3379 proposito
2817 3306 2985 3375 dicto,
3013 3324 3032 3359 ι
3069 3305 3262 3362 Omnia
3294 3304 3496 3374 perip-

1984 3414 2102 3453 sum
2125 3398 2271 3468 facta
2298 3409 2442 3458 sunt.
2473 3418 2493 3452 ι

1913 3491 1967 3547 6.
1998 3490 2153 3558 Quod
2179 3492 2288 3547 vita
2328 3492 2611 3547 secundum
2667 3499 2925 3547 naturam
2961 3491 3031 3546 sit
3081 3490 3281 3554 Filius,
3339 3496 3498 3559 atque

1983 3582 2103 3638 ideo
2125 3599 2229 3638 non
2261 3592 2494 3651 creatus,
2524 3584 2617 3641 sed
2630 3600 2705 3641 ea:
2723 3585 3027 3641 substantia
3068 3582 3164 3638 Dei
3191 3598 3257 3635 ac
3286 3579 3492 3641 Patris.

1982 3675 2252 3745 proposito
2274 3674 2435 3743 dicto,
2484 3693 2505 3728 ι
2557 3676 2714 3744 Quod
2742 3677 2944 3747 factum
2965 3684 3065 3741 est,
3117 3675 3175 3729 in
3216 3674 3333 3744 ipso
3379 3674 3494 3727 vita

1980 3778 2118 3824 erat.
2164 3787 2184 3826 ι

1916 3857 1966 3911 7.
2005 3857 2159 3923 Quod
2180 3857 2275 3911 lux
2314 3857 2602 3913 secundum
2636 3867 2888 3913 naturam
2909 3857 2982 3912 sit
3026 3854 3227 3919 Filius,
3272 3861 3323 3908 et
3364 3867 3493 3921 pro-

1981 3950 2102 4004 inde
2122 3967 2225 4005 non
2243 3961 2474 4017 creatus,
2511 3951 2602 4006 sed
2622 3967 2689 4006 ea:
2711 3950 3016 4007 substantia
3051 3947 3150 4002 Dei
3182 3964 3246 4001 ac
3276 3945 3491 4007 Patris.

1986 4050 2043 4094 ut
2069 4040 2162 4095 lux
2190 4057 2310 4096 vera
2328 4041 2392 4097 de
2433 4043 2547 4097 luce
2574 4059 2719 4111 vera,
2750 4042 3020 4114 proposito
3054 4030 3219 4110 dicto,
3245 4058 3265 4092 ι
3300 4037 3369 4092 Et
3388 4038 3496 4093 vita

1986 4141 2099 4185 erat
2127 4130 2225 4185 lux
2251 4131 2543 4188 hominum.
2583 4151 2604 4187 ι

1919 4312 1973 4367 8.
2014 4310 2171 4377 Quod
2200 4310 2345 4364 solus
2391 4278 2569 4363 Filius
2616 4308 2714 4362 Dei
2749 4310 2820 4361 sit
2861 4322 2985 4361 vera
3040 4307 3135 4361 lux
3180 4319 3197 4360 :
3245 4315 3493 4362 creatura

1902 4396 1905 4397 ⁷
1978 4417 2094 4454 non
2118 4400 2240 4453 item
2266 4441 2281 4465 ,
2321 4415 2440 4452 cum
2475 4400 2546 4454 sil
2574 4398 2708 4452 lucis
2746 4399 3005 4468 particeps
3050 4407 3228 4468 utpote
3276 4408 3491 4454 creata:

1989 4492 2259 4563 proposito
2296 4491 2462 4556 dicto,
2508 4509 2526 4543 ι
2570 4489 2705 4544 Erat
2728 4490 2823 4544 lux
2853 4506 2994 4545 vera.
3036 4509 3054 4542 ι

1920 4669 1974 4725 9.
2016 4668 2170 4736 Quod
2203 4667 2430 4724 hominis
2472 4668 2656 4722 anima
2714 4676 2837 4721 ante
2870 4681 3061 4735 corpus
3088 4680 3191 4718 non
3242 4663 3494 4726 exsistat,

1991 4775 2150 4830 neque
2179 4758 2241 4814 ob
2268 4757 2615 4826 prwcedentia
2636 4748 2854 4828 peccata
2885 4756 3093 4827 corpori
3120 4755 3494 4821 immergatur,

1995 4861 2053 4905 ut
2106 4851 2349 4905 nonnulli
2393 4860 2637 4911 asserunt
2674 4868 2692 4905 :
2733 4850 3002 4921 proposito
3052 4848 3194 4902 dicta
3219 4890 3234 4914 ,
3273 4864 3293 4898 ι
3358 4846 3497 4900 Erat

1998 4944 2093 4997 lux
2122 4958 2269 5006 vera,
2298 4958 2415 5013 quae
2433 4943 2709 4998 illuminat
2753 4958 2957 4997 omnem
3002 4939 3260 4993 hominem
3290 4936 3497 4995 venien-

1995 5043 2092 5087 tem
2129 5033 2183 5086 iu
2208 5032 2346 5087 hunc
2378 5033 2654 5114 mundum.
2711 5031 2776 5085 In
2810 5030 3005 5085 mundo
3027 5039 3163 5087 erat.
3192 5046 3212 5080 ι

1924 5122 2010 5178 10.
2053 5120 2206 5188 Quod
2226 5122 2370 5177 solus
2390 5124 2676 5177 secundum
2715 5132 2964 5176 naturam
3016 5118 3192 5172 Filius
3219 5131 3285 5171 ex
3329 5115 3494 5171 Patre
3578 5124 3587 5133 ’

1974 5215 2064 5269 sit
2096 5213 2425 5285 Unigenitus,
2459 5223 2517 5269 ut
2542 5230 2607 5269 ex
2634 5216 2770 5283 ipso,
2803 5222 2853 5267 et
2874 5214 2928 5267 in
2954 5212 3091 5279 ipso,
3115 5206 3386 5277 proposito
3408 5205 3494 5260 ai-

1993 5311 2098 5369 cto,
2141 5320 2159 5355 ι
2182 5300 2348 5357 Deum
2377 5318 2533 5356 nemo
2557 5301 2685 5356 vidit
2716 5314 2976 5369 unquam.
3008 5314 3028 5347 ι
