4072 6210
472 324 544 385 ω
1460 322 1518 376 s.
1551 318 1824 378 CYmLLt
1858 318 2337 376 ALEXANDRINI
2360 318 2683 376 ARCHIEP.
2843 299 2850 302 ’
3095 307 3097 310 ‘
3655 325 3728 382 ac

1281 637 1507 745 ΤΟΥ
1577 640 1721 724 EN
1783 631 2144 722 ΛΓΙΟΙΣ
2183 637 2613 722 ΠΑΤΡΟΣ
2676 635 3058 748 ΗΜΩΝη

1577 825 2614 960 ΚΥΡΙΑΛΟΥ

973 1061 2082 1152 ΑΡΧΙΕΠΙΣΚΟΠΟΥ
2212 1053 3218 1196 ΑΛΕΞΑΝΔΡΕΙΑξΣ

1659 1247 1990 1302 ΕΞΠΓΗΣΙΣ
2026 1247 2604 1303 1’ΠΟΜΝΗΜΑΤ1ΚΗ

622 1414 864 1526 ΕΙΣ
942 1411 1148 1528 ΤΟ
1251 1398 1667 1527 ΚΑΤΑ
1757 1415 2057 1527 ΙΩΑῙ

2156 1400 2455 1529 .‘lHN
2549 1407 3578 1556 ‘EYAI‘I‘EAION.
3639 1364 3655 1378 ’

1695 1636 2057 1722 ΛΟΓΟΣ
2132 1637 2624 1723 ΠΡΩΤΟΣ.-

1161 2283 1972 2378 ᾹΕΕΧΑΝΠΒΙΛΕ
2109 2285 3028 2380 ΑΒΟΗΙΕΡΙΞΟΟΡΙ

1817 2478 2412 2539 COMMENTARIUS

823 2680 987 2794 IN
1126 2680 1250 2794 s.
1384 2681 2087 2798 JOANNIS
2216 2645 3354 2800 EVANGELIUM.

1617 2922 1975 3080 [:IBER
2057 2920 2551 3013 PRIMUS.

547 3279 688 3353 θη
717 3275 1012 3348 Perspicax
1048 3291 1248 3335 revera
1289 3283 1342 3332 et
1371 3276 1637 3334 divinitus
1671 3275 1863 3331 edocta
1886 3291 2042 3332 mens

2230 3278 2484 3348 Ἀκριϐὴς
2518 3279 2686 3345 ὄντως
2733 3279 2825 3334 καὶ
2863 3279 3197 3340 θεοδίδακτος
3224 3275 3330 3331 τῶν
3360 3274 3530 3344 ἁγίων
3558 3274 3722 3345 εὐαγ-

481 3375 565 3424 est
594 3375 911 3422 sanctorum
933 3366 1412 3436 evangelistarum,
1440 3382 1561 3435 quae
1594 3367 1742 3421 velut
1770 3381 1801 3422 e
1835 3366 2049 3421 tumulo

482 3459 718 3530 quodam
759 3473 825 3513 ac
850 3458 1071 3527 specula
1103 3459 1404 3529 magnificae
1440 3458 1920 3528 contemplationis
1945 3473 2050 3512 un-

481 3550 646 3620 dique
666 3549 1046 3621 circumspicit
1071 3549 1216 3619 quod
1237 3551 1360 3607 usui
1393 3550 1465 3605 sit
1488 3550 1852 3616 auditoribus,
1879 3558 1933 3604 et
1955 3566 2051 3605 ve-

482 3642 726 3697 hementi
753 3642 1174 3712 studiovindagat
1193 3642 1340 3712 quod
1357 3643 1669 3699 conducere
1697 3650 1850 3712 putet
1867 3643 1937 3698 iis
1956 3643 2051 3712 qui

480 3747 670 3788 veram
705 3733 1019 3788 divinorum
1043 3733 1349 3789 doctrinam
1402 3736 1716 3806 dogmatum
1748 3735 1967 3802 sitiunt,
1997 3743 2054 3791 et

481 3822 798 3880 abstrusum
823 3824 876 3879 in
898 3824 1202 3895 Scripturis
1220 3826 1429 3883 divinis
1443 3839 1592 3882 recto
1623 3828 1804 3883 animo
1826 3842 2052 3884 sensum

483 3915 787 3984 inquirunt.
809 3914 928 3970 Non
949 3916 1093 3971 enim
1124 3917 1360 3973 curiosis
1387 3917 1820 3989 indagatoribus,
1849 3921 2054 3990 quique

483 4005 728 4061 sinuosis
761 4006 1034 4061 rationum
1088 4009 1350 4064 versutiis
1395 4010 1580 4079 potius
1621 4027 1787 4080 quam
1817 4012 2054 4067 veritate

482 4093 846 4162 delectantur,
883 4097 1090 4150 revelat
1130 4095 1391 4167 Spiritus,
1422 4115 1545 4154 cum
1584 4117 1685 4157 nec
1728 4104 1782 4157 in
1816 4104 2055 4158 malevo-

483 4183 596 4238 lam-
621 4183 859 4239 animam
907 4185 1144 4240 intrOeat
1179 4187 1465 4257 sapientia,
1509 4206 1688 4260 neque
1730 4206 1895 4260 porro
1927 4205 2054 4260 pre-

483 4272 662 4328 tiosas
685 4275 1014 4341 margaritas
1044 4289 1334 4344 porcorum
1375 4277 1607 4346 pedibus
1648 4279 1825 4336 obteri
1885 4279 2054 4343 sinat,

487 4361 583 4415 sed
618 4361 672 4415 in
704 4362 1097 4431 simpliciorum
1146 4367 1423 4424 mentibus
1464 4369 1834 4425 libentissime
1866 4385 2055 4425 verse-

487 4459 598 4515 tur,
639 4453 938 4521 praesertim
974 4469 1100 4508 cum
1135 4462 1189 4510 et
1221 4457 1555 4516 sinceriores
1584 4470 1772 4517 motus
1793 4461 2052 4526 habeant,

485 4547 543 4595 et
580 4555 750 4597 vanas
780 4544 1081 4612 argutiolas
1110 4558 1396 4616 respuant,
1422 4551 1627 4620 quibus
1648 4552 1704 4619 8
1731 4567 1876 4622 saepe
1907 4552 1964 4606 ﬁt
1996 4561 2055 4606 ut

488 4633 816 4700 pereellatur
859 4635 1101 4703 animus,
1144 4649 1199 4695 et
1237 4656 1500 4710 perverso
1538 4642 1682 4697 ﬂexu
1711 4642 1779 4696 de
1813 4653 1964 4698 recta
2004 4651 2058 4699 et
2086 4639 2130 4698 B

487 4724 636 4793 regia
668 4725 760 4780 via
792 4726 1059 4784 decedat:
1097 4719 1143 4784 ἰ
1191 4733 1450 4789 Ambulat
1507 4734 1656 4790 enim
1715 4732 2076 4788 conﬁdenter.

488 4815 584 4885 qui
633 4817 954 4888 simpliciter
1002 4823 1267 4890 ambulat,
1307 4845 1328 4877 ι
1365 4832 1426 4880 ut
1481 4833 1566 4880 est
1618 4824 1762 4895 apud
1801 4822 2053 4879 Salomo-

489 4923 612 4964 nem
649 4908 734 4963 ³⁵⁵.
759 4909 898 4965 Cum
937 4927 1072 4982 ergo
1104 4916 1370 4973 mirabilis
1396 4917 1468 4972 sit
1491 4917 1546 4970 in
1582 4917 1792 4972 sanctis
1820 4930 2054 4984 evange-

487 5001 634 5056 listis
660 5013 921 5058 accurata
953 5003 1047 5058 illa
1078 5007 1354 5062 scribendi
1387 5008 1609 5064 solertia
1661 5009 1719 5076 (-‹
1751 5007 1870 5063 Non
1907 5009 2054 5062 enim

489 5095 589 5163 ipsi
630 5094 950 5165 loquuntur,
991 5117 1011 5151 ι
1066 5109 1127 5154 ut
1165 5101 1242 5154 ait
1291 5102 1564 5165 Salvator,
1616 5119 1636 5152 ι
1685 5101 1780 5156 sed
1813 5101 2056 5169 Spiritus

487 5183 667 5242 Patris
687 5187 777 5257 qui
805 5188 857 5242 in
881 5189 961 5246 eis
982 5197 1067 5246 est
1093 5191 1136 5223 ι’
1160 5191 1231 5262 ι),
1264 5205 1372 5245 non
1395 5191 1494 5245 abs
1519 5206 1577 5245 re
1611 5190 1868 5246 fateberis
1887 5190 2056 5245 Joan-

487 5271 575 5331 nis
621 5275 1003 5350 Evangelium,
1059 5282 1106 5338 si
1168 5282 1456 5337 notionum
1513 5282 1928 5345 sublimitatem,
2003 5290 2056 5338 et

491 5369 690 5424 mentis
722 5384 972 5436 acumen,
1025 5383 1080 5428 et
1112 5373 1296 5445 jugem
1327 5375 1670 5445 aliarumque
1699 5375 1821 5432 aliis
1864 5390 2056 5431 succe-

489 5455 733 5513 dentium
767 5463 1160 5519 sententiarum
1188 5465 1488 5519 illationcm
1512 5465 1800 5535 respicias,
1836 5481 2053 5521 omnem

487 5562 748 5620 superare
779 5555 996 5624 penitus
1018 5555 1460 5612 admirationem.
1488 5557 1726 5614 Invicem
1755 5558 1899 5616 enim
1922 5574 2055 5616 con-

561 5707 622 5740 W
648 5707 801 5767 Prov".
845 5727 901 5780 ι,
941 5712 994 5767 9.
1076 5713 1118 5745 ¹³
1149 5711 1339 5768 Matth.
1377 5729 1430 5784 ιι,
1465 5715 1552 5772 20.

2154 3370 2415 3438 γελιστῶν
2437 3373 2469 3442 ἡ
2495 3372 2721 3435 διάνοια,
2756 3372 3002 3444 καθάπερ
3031 3370 3138 3425 ἀπό
3183 3385 3325 3433 τινος
3358 3367 3594 3439 γηλόφου
3629 3367 3723 3422 καὶ

2155 3464 2440 3534 περιωπῆς
2464 3464 2562 3535 τῆς
2580 3465 2638 3518 ὲν
2661 3463 2741 3536 τῷ
2768 3463 3265 3531 δύνασθαιθεωρεῖν
3287 3458 3720 3530 μεγαλειότητος,

2155 3552 2487 3623 πανταχόθεν
2520 3555 2581 3608 τὸ
2629 3557 2739 3619 τοῖς
2788 3552 3158 3625 ἀκροωμένοις
3189 3547 3562 3622 περιαθροῦσα
3589 3549 3723 3618 χρή-

2157 3660 2336 3714 σιμον,
2367 3637 2461 3697 καὶ
2497 3643 2633 3714 μετὰ
2669 3643 2928 3710 συντόνου,
2961 3641 3105 3702 τινὸς
3140 3639 3430 3710 θηρωμένη
3467 3636 3720 3706 σπουδῆς,

2153 3736 2289 3806 ὅπερ
2327 3735 2393 3788 ἂν
2447 3734 2711 3804 ὑπάρχειν
2757 3733 2935 3801 οἴηται
2980 3729 3254 3792 λυσιτελὲς
3285 3731 3397 3792 τοῖς
3423 3729 3512 3781 τὸν
3548 3726 3722 3797 ἀληθῆ

2153 3827 2262 3881 τῶν
2293 3827 2450 3880 θείων
2473 3826 2755 3896 δογμάτων
2809 3823 3000 3892 διψῶσι
3029 3821 3206 3888 λόγον,
3231 3821 3339 3873 ’καὶ
3369 3818 3506 3891 μετὰ
3531 3835 3726 3889 προαι-

2157 3920 2358 3992 ρέσεως
2387 3918 2598 3987 ἀγαθῆς
2627 3916 2722 3988 τὴν
2745 3914 3196 3985 ὲγκεκρυμμένην
3229 3918 3349 3978 ταῖς
3377 3913 3546 3976 θείαις
3579 3913 3721 3983 Γρα-

2157 4015 2282 4081 φαῖς
2309 4009 2566 4082 ἐρευνῶσι
2619 4009 2873 4061 διάνοιαν.
2905 4007 2979 4059 Οὐ
3023 4004 3130 4076 γὰρ
3160 4008 3273 4067 τοῖς
3308 4002 3730 4072 περιεργότερον

2154 4101 2485 4166 ἐξετάζουσι,
2523 4098 2618 4152 καὶ
2656 4096 3013 4159 πολυπλόκοις
3039 4093 3312 4163 λογισμῶν
3355 4093 3590 4154 ἀπάταις
3629 4094 3726 4161 ἑφ-

2153 4191 2430 4262 ηδομένοις
2446 4189 2643 4259 μᾶλλον
2681 4190 2799 4259 ἦτῇ
2820 4187 3045 4258 ἀληθείᾳ
3070 4185 3488 4256 προσχαίρουσιν
3513 4185 3727 4238 ἀποκα-

2153 4284 2344 4338 λύπτει
2372 4282 2431 4336 τὸ
2462 4281 2700 4352 Πνεῦμα,
2725 4281 2846 4334 ἐπεὶ
2875 4280 3012 4351 μήτε
3045 4280 3124 4340 είς
3147 4277 3472 4347 κακότεχνον
3489 4275 3719 4347 εἰσέρχε-

2154 4393 2245 4430 ται
2268 4375 2465 4446 ψυχὴν,
2495 4375 2633 4443 μήτε
2661 4373 2768 4444 μὴν
2796 4371 2970 4435 ἄλλως
2993 4369 3272 4424 κυλίεσθαι
3295 4367 3446 4438 παρὰ
3473 4368 3586 4429 τοῖς
3619 4367 3731 4418 ὑῶν

2158 4469 2285 4524 ποσὶ
2333 4468 2460 4531 τοὺς
2502 4468 2716 4536 τιμίους
2762 4464 2947 4536 ἐφίησι
3015 4462 3394 4533 μαργαρίτας·
3429 4458 3624 4529 ἥδιστα
3668 4455 3723 4508 δὲ

2157 4561 2277 4616 λίαν
2302 4562 2421 4624 ταῖς
2451 4557 2846 4627 ἁπλουστέραις
2877 4556 3136 4618 διανοίαις
3163 4552 3500 4624 προσομιλεῖ,
3538 4549 3634 4603 ἆτε
3661 4547 3722 4616 δὴ

2159 4655 2251 4706 καὶ
2281 4649 2748 4720 ἁπανουργότερον
2763 4643 3011 4714 ἐχούσαις
3037 4644 3097 4698 τὸ
3115 4643 3341 4713 κίνημα,
3373 4641 3468 4692 καὶ
3487 4639 3546 4690 τὸ
3575 4635 3720 4704 σοφί‹

2159 4742 2345 4807 ζεσθαι
2387 4739 2614 4809 περιττὰ
2656 4736 3138 4808 παραιτουμέναις,
3179 4728 3224 4802 ᾧ
3259 4733 3323 4802 δὴ
3375 4730 3590 4789 πάντως
3627 4725 3716 4809 καί

2157 4831 2218 4883 τὸ
2260 4828 2656 4899 ἐκπλήττεσθαι
2707 4825 3022 4895 συμϐαίνειν
3055 4823 3356 4888 ἀκολουθεῖ,
3384 4821 3480 4874 καὶ
3534 4820 3599 4871 ἐκ
3630 4808 3722 4873 τοί

2159 4919 2278 4972 λίαν
2301 4921 2378 4980 είς
2405 4915 2574 4980 δεξιὸν
2599 4914 2698 4983 τῆς
2725 4913 2935 4976 εὐθείας
2961 4914 3050 4966 καὶ
3073 4911 3352 4982 βασιλικῆς
3375 4909 3477 4973 ἔξω
3508 4907 3727 4960 πίπτειν

2159 5008 2300 5063 όδοῦο
2344 5027 2362 5059 ι
2391 5005 2684 5078 Πορεύεται
2712 5004 2822 5073 γὰρ
2869 5002 3158 5069 πεποιθὼς,
3190 5001 3248 5064 ὃς
3281 4999 3465 5060 ἁπλῶς
3497 4996 3724 5067 πορεύε-

2156 5117 2266 5163 ται,
2307 5118 2326 5150 ι
2370 5096 2510 5150 κατὰ
2535 5098 2633 5166 τὴν
2657 5095 2750 5148 τοῦ
2780 5095 3119 5165 Σολομῶντος
3160 5092 3373 5161 φωνήν·
3411 5086 3728 5159 θαυμαστὴν

2157 5192 2214 5244 δὲ
2243 5190 2362 5242 λίαν
2385 5189 2617 5260 ἑχόντων
2643 5185 2750 5240 τῶν
2787 5186 2954 5254 ἁγίων
3003 5181 3398 5250 εὐαγγελιστῶν
3422 5178 3521 5250 τὴν
3567 5179 3623 5230 ὲν
3649 5175 3726 5244 τῷ

2157 5283 2390 5356 γράφειν
2435 5279 2745 5351 ἀκρίϐειαν(
2780 5296 2797 5328 ι
2833 5275 2907 5329 Οὐ
2933 5274 3038 5342 γὰρ
3089 5272 3240 5324 αὐτοὶ
3270 5267 3509 5333 λαλοῦσι,
3542 5287 3560 5320 ι
3583 5265 3726 5320 κατὰ

2159 5363 2258 5444 τὴν
2283 5374 2378 5427 τοῦ
2410 5374 2660 5443 Σωτῆρος
2685 5368 2885 5441 φωνὴν,
2916 5385 2936 5419 ι
2967 5364 3100 5417 ἀλλὰ
3127 5363 3188 5415 τὸ
3226 5361 3450 5431 Πνεῦμα
3482 5357 3577 5412 τοῦ
3611 5358 3723 5410 Πα-

2161 5469 2285 5538 τρδς
2308 5467 2368 5520 τὸ
2405 5469 2461 5522 ὲν
2487 5467 2668 5528 αὐτοῖς
2705 5466 2773 5532 ›),
2803 5455 3266 5537 πάντωίεύλόγως
3301 5455 3555 5508 ἐπέκεινα
3589 5448 3723 5502 θαύ-

2166 5576 2333 5631 ματος
2361 5557 2458 5629 τὴν
2500 5557 2745 5612 Ἰωάννου
2763 5547 3089 5623 Συγγραφὴν
3115 5543 3485 5603 ἀνατεθεῖσθαι
3504 5539 3620 5610 δοίη
3639 5554 3728 5600 τις
3815 5601 3822 5606 ι
