4072 6210
265 252 321 308 ,η
1316 239 1380 292 IN
1419 238 1703 298 JOANNIS
1741 241 1855 297 sv:

1957 245 2191 301 :ELIUM
2232 241 2362 295 Lm.
2403 242 2441 297 ι.
2606 196 2619 209 ”
3455 247 3526 300 εει,

263 365 350 429 ἂν,
372 361 455 426 είς
471 377 530 414 τε
544 359 605 413 τὸ
626 355 735 412 τῶν
758 352 1132 425 θεωρημάτων
1164 353 1489 411 ἀποϐλέπων
1524 360 1848 432 ὑπερφερὲς,

1957 367 2185 413 currunt
2216 362 2282 413 ad
2312 360 2622 414 divinorum
2652 360 2967 430 dogmatum
2994 359 3440 430 explicationem.
3474 369 3527 417 et

263 461 355 515 καὶ
377 458 482 527 τῆς
495 453 741 517 διανοίας
750 449 918 507 αὑτοῦ
935 448 1031 521 τὴν
1053 449 1308 521 ὀξύτητα,
1327 452 1420 505 καὶ
1429 453 1526 522 τὴν
1545 453 1740 522 συνεχῆ
1754 453 1849 505 καὶ

264 546 674 618 ἀλλεπάλληλον
702 543 814 598 τῶν
843 543 1132 613 νοημάτων
1167 544 1519 615 ὲπεισιροράν.
1557 543 1849 613 Σύνδρομοι

266 640 362 713 μὲν
385 639 498 711 γὰρ
522 636 777 707 ἀλλήλοις
798 635 907 688 είσὶ
948 633 1078 704 περὶ
1106 632 1205 704 τὴν
1233 633 1341 687 τῶν
1376 633 1534 687 θείων
1565 635 1851 704 δογμάτων

265 732 545 802 ἐξήγησιν,
582 728 678 781 καὶ
706 726 844 797 πρὸς
865 724 962 777 ἕνα
990 723 1240 795 καθάπερ
1263 724 1372 777 ἀπὸ
1401 723 1603 795 νύσσης
1624 726 1853 793 ἀφέντες

269 819 660 892 ίπποδρομοῦσι
684 817 914 871 σκοπόν⁸
942 815 1196 887 διάφορον
1215 814 1272 869 δέ
1299 833 1415 879 πως
1431 817 1610 882 αὐτοῖς
1635 816 1853 886 ἐξυφαί-

267 932 414 968 νεται
438 912 535 966 τοῦ
568 912 727 981 λόγου
760 910 822 965 τδ
852 909 1060 980 σχῆμα*
1091 909 1184 962 καί
1237 926 1327 979 μοι
1355 908 1575 963 δοκοῦσι
1606 927 1852 981 προσεοι-

267 1006 420 1061 κέναι
445 1006 607 1070 τισὶν,
657 1000 741 1067 οἷς
778 1003 860 1065 είς
897 1002 1027 1073 μίαν
1064 1000 1163 1073 μὲν
1193 1000 1581 1072 συνενεχθῆναι
1614 1003 1770 1057 πόλιν
1792 1002 1854 1056 τὸ

269 1097 556 1167 σύνταγμα
582 1136 598 1159 ,
654 1095 715 1148 τό
739 1110 805 1175 γε
833 1093 940 1164 μὴν
959 1092 1048 1147 διὰ
1084 1094 1216 1162 μιᾶς
1256 1095 1349 1147 καὶ
1381 1095 1480 1164 τῆς
1525 1095 1694 1165 αὐτῆς
1720 1094 1855 1148 λεω⁴

270 1184 434 1256 φόρου
465 1184 700 1254 βαδίζειν
723 1183 787 1235 ού
819 1184 1035 1245 πάντως
1084 1181 1392 1236 συνδοκοῦν.
1429 1182 1584 1235 Ἐστι
1616 1184 1714 1254 μὲν
1746 1183 1854 1254 γάρ

272 1277 517 1348 τοὺςμὲν
538 1276 731 1338 ἄλλους
754 1276 886 1345 όρᾷν
916 1273 1308 1343 εὐαγγελιστάς
1332 1273 1470 1344 μετὰ
1491 1274 1693 1345 πολλῆς
1710 1294 1853 1339 τινος

270 1370 370 1438 τῆς
395 1368 680 1438 ἀκριϐείας
699 1367 792 1420 τὸν
820 1367 951 1438 περὶ
982 1365 1084 1436 τῆς
1126 1366 1268 1420 κατὰ
1298 1366 1477 1438 σάρκα
1504 1368 1851 1436 γενεαλογίας

270 1461 365 1515 τοῦ
394 1461 650 1532 Σωτῆρος
678 1458 830 1530 ἡμῶν
856 1459 1217 1528 ποιουμένους
1260 1458 1418 1528 λόγον
1437 1497 1452 1522 ,
1492 1445 1588 1513 καὶ
1625 1462 1753 1523 τοὺς
1795 1462 1853 1545 ξξ

284 1550 539 1621 Ἀϐραὰμ
565 1550 671 1613 ἕως
704 1549 903 1620 Ἰωσὴφ
933 1549 1214 1621 στοιχηδὸν
1253 1550 1683 1623 καταφέροντας,
1720 1554 1752 1625 ἢ
1787 1550 1851 1606 αῦ

274 1642 432 1696 πάλιν
476 1642 907 1707 ἀναϐιϐάζοντας
930 1642 1055 1705 τοὺς
1099 1642 1159 1707 ἐξ
1186 1642 1378 1714 Ἰωσὴφ
1400 1646 1492 1698 ἐπὶ
1518 1645 1609 1699 τὸν
1647 1645 1818 1716 Ἀδάμ
1835 1663 1851 1681 ο

273 1733 362 1787 τὸν
386 1732 444 1786 δέ
469 1748 535 1800 γε
570 1734 842 1804 μακάριον
882 1731 1264 1804 Ἰωάννην,τῆς
1300 1736 1399 1805 μὲν
1428 1737 1519 1789 ἐπὶ
1551 1736 1761 1802 τούτοις
1791 1741 1851 1792 ού

164 1860 170 1865 ο
271 1823 387 1876 λίαν
430 1824 836 1892 πεφροντικότα
868 1823 1126 1893 σπουδῆς,
1161 1824 1478 1897 θερμοτάτῳ
1506 1827 1565 1880 δέ
1615 1844 1723 1880 τινι
1760 1829 1854 1883 καὶ

266 1912 523 1982 διαπύρῳ
581 1914 817 1977 διανοίας
877 1915 1140 1985 κινήματι
1166 1916 1525 1986 κεχρημένον,
1569 1916 1645 1981 ὡς
1673 1918 1853 1971 αὐτῶν

271 2004 550 2057 ἅπτεσθαι
577 2002 688 2058 τῶν
716 2006 852 2076 ὑπὲρ
872 2005 993 2059 νοῦν
1017 2006 1112 2058 τὸν
1154 2006 1493 2080 ἀνθρώπινον
1535 2010 1859 2080 ἐπιχειρεῖν,

281 2095 386 2145 καὶ
415 2094 515 2162 τὴν
541 2095 771 2164 ᾰῤῥητόν
813 2114 872 2149 τε
937 2097 1031 2151 καὶ
1060 2097 1340 2168 ἄφραστον
1389 2100 1484 2153 τοῦ
1517 2101 1651 2155 Θεοῦ
1678 2102 1850 2170 Λόγου

281 2182 545 2252 γέννησιν
569 2183 878 2251 ἐξηγεῖσθαι
900 2185 1111 2257 τολμᾷν.
1139 2188 1293 2258 ’ῌδει
1324 2189 1427 2259 μὲν
1449 2190 1580 2261 γάρ,
1610 2192 1691 2244 ὅτι
1727 2192 1853 2259 δόξα

270 2272 486 2338 Κυρίου
542 2272 773 2342 κρύπτει
819 2275 1006 2343 Λόγον,
1050 2279 1145 2331 καὶ
1179 2279 1362 2349 πάσης
1390 2281 1507 2331 ἐστὶ
1547 2283 1730 2350 μεῖζον
1755 2285 1853 2353 τῆς

273 2365 328 2415 ὲν
356 2363 492 2431 ἡμῖν
530 2361 739 2426 ἑννοίας
765 2379 823 2416 τε
856 2365 951 2418 καί⁵
980 2366 1164 2437 φωνῆς
1188 2368 1250 2420 τὸ
1279 2368 1581 2437 θεοπρεπὲς
1612 2371 1849 2443 ἀξίωμα,

270 2452 667 2522 δυσεκφὼνητά
694 2471 752 2507 τε
797 2455 891 2509 καὶ
923 2455 1061 2528 πρὸς
1090 2458 1149 2512 τὸ
1182 2458 1577 2529 ὲκτρανοῦσθαι
1608 2462 1853 2531 χαλεπώ-

272 2558 408 2597 τατα
428 2545 500 2598 τά
524 2546 625 2615 τῆς
648 2546 860 2615 φύσεως
914 2549 1042 2602 [δια.
1088 2551 1303 2623 Ἐπειδὴ
1354 2552 1411 2606 δὲ
1450 2548 1517 2623 ἦν
1559 2554 1853 2627 ἀναγκαῖον

273 2636 471 2707 τρόπον
508 2636 633 2689 τινὰ
664 2637 908 2710 σπιθαμῇ
942 2641 1212 2711 μετρῆσαι
1242 2641 1333 2696 τὸν
1355 2643 1598 2714 ούρανὺν,
1632 2644 1853 2707 καὶτοῖς

273 2724 477 2794 ὀλίγοις
504 2726 603 2795 τῆς
629 2726 1050 2801 ἀνθρωπότητος
1085 2730 1302 2801 μέτροις
1346 2733 1632 2804 ἐπιτρέψαι
1658 2737 1854 2805 χωρεῖν

276 2820 369 2871 ἐπὶ
411 2818 485 2871 τὰ
511 2820 643 2871 πᾶσι
669 2819 970 2888 δυσέφικτα
1010 2823 1105 2875 καὶ
1129 2821 1480 2894 δυσδιήγητα,
1508 2825 1595 2878 ἴνα
1632 2826 1709 2897 μὴ
1743 2829 1856 2891 τοῖς

280 2911 846 2981 ὲτεροδιδασκαλοῦσιν
874 2915 902 2967 6
935 2912 1075 2967 κατὰ
1099 2913 1206 2967 τῶν
1233 2914 1617 2987 ἁπλουστέρων
1646 2918 1853 2972 ἐκπλα-

1953 452 2019 503 ad
2077 466 2247 505 unum
2284 451 2442 506 velut
2495 466 2525 504 a
2589 452 2908 507 carceribus
2967 450 3220 505 feruntur
3276 465 3524 520 scopum.

1953 537 2216 595 Diversus
2259 548 2442 594 autem
2496 539 2550 592 in
2585 540 2665 594 eis
2711 538 3122 609 quodammodo
3154 539 3377 595 habitus
3405 554 3523 595 ora-

1953 627 2120 682 tionis
2159 629 2390 693 texitur,
2422 636 2477 681 et
2515 628 2649 681 mihi
2689 627 2895 682 similia
2925 616 3185 683 videntur
3224 643 3348 685 esse
3392 622 3561 684 non;

1953 720 2140 785 nullis,
2166 720 2260 790 qui
2292 720 2435 791 jussi
2463 719 2686 790 quidem
2718 728 2847 776 sunt
2880 721 2937 775 in
2968 735 3136 776 unam
3179 721 3372 776 urbem
3399 736 3532 777 con-

1954 812 2164 878 venire,
2216 811 2312 866 sed
2367 826 2465 881 per
2515 825 2682 867 unam
2740 811 3099 883 eamdemque
3154 813 3357 883 regiam
3389 811 3531 866 viam

1954 919 2063 959 non
2096 903 2288 972 utique
2316 902 2495 957 visunt
2524 912 2605 958 est
2642 902 2968 974 procedere.
2997 903 3148 959 Alios
3174 904 3318 959 cnim
3347 902 3532 958 videre

1953 1004 2037 1050 est
2064 993 2435 1065 evangelistas
2468 1003 2732 1049 accurate
2770 994 3067 1050 admodum
3104 994 3414 1051 Servatoris
3440 1010 3534 1065 ge.

1953 1086 2262 1157 nealogiam
2328 1086 2641 1141 secundum
2710 1100 2934 1141 carnem
3005 1087 3308 1157 explicare,
3362 1093 3420 1140 et
3465 1085 3536 1141 ab

1954 1179 2264 1234 Abrahamo
2287 1178 2354 1234 ad
2375 1177 2581 1250 Joseph
2618 1194 2793 1249 usque
2818 1178 2967 1234 illius
3007 1178 3207 1234 seriem
3238 1178 3552 1243 deducere,.

1954 1280 2052 1325 aut
2088 1270 2233 1327 facto
2260 1286 2455 1327 rursus
2484 1284 2720 1326 ascensu
2750 1286 2779 1324 a
2807 1268 3008 1340 Joseph
3033 1285 3212 1340 usque
3239 1270 3305 1325 ad
3325 1268 3533 1336 Adam;

1954 1364 2176 1419 beatum
2228 1378 2360 1420 vero
2400 1362 2670 1417 Joannem
2725 1362 2920 1418 isthmc
2968 1361 3112 1416 haud
3155 1361 3387 1416 multum
3433 1376 3536 1414 cu-

1956 1470 2135 1522 rasse,
2180 1455 2276 1511 sed
2317 1469 2585 1525 perquam
2618 1452 2802 1509 calido
2841 1463 2896 1510 et
2926 1452 3345 1517 fervidoanimi
3379 1459 3533 1507 motu

1954 1560 2019 1601 ea
2063 1545 2254 1601 statim
2290 1545 2562 1616 attingere
2606 1558 2729 1614 quae
2755 1544 3011 1614 lmentem
3041 1544 3339 1599 humanam
3371 1559 3537 1613 supe-

1956 1647 2104 1702 rant,
2141 1646 2197 1694 et
2241 1651 2502 1693 arcanam
2532 1645 2703 1708 atque
2744 1636 3078 1693 ineffabilem
3121 1636 3215 1692 Dei
3242 1634 3408 1691 Verbi
3436 1651 3537 1690 na-

1957 1729 2225 1785 tivitatem
2260 1730 2521 1785 audacter
2545 1726 3089 1799 exponere..Sciebat
3121 1726 3269 1784 enim
3306 1728 3536 1799 gloriam

1955 1819 2176 1875 Domini
2240 1820 2426 1876 celare
2475 1818 2733 1884 Verbum,
2779 1827 2837 1875 et
2890 1818 3158 1889 majorem
3212 1833 3336 1874 esse
3386 1818 3539 1873 omni

1957 1909 2196 1965 humana
2226 1917 2412 1967 mente
2446 1917 2502 1966 et
2536 1908 2792 1965 oratione
2824 1907 3046 1963 deitatis
3075 1906 3446 1976 majestatem,
3484 1914 3541 1960 et

1955 2009 2171 2056 naturae
2200 2000 2401 2056 divinae
2431 2001 2804 2071 preprietates
2849 2000 3128 2072 explicalu
3161 2002 3383 2056 dicture
3419 2015 3542 2056 esse

1953 2088 2334 2145 difﬁcillimas.
2361 2089 2500 2146 Cum
2534 2098 2718 2146 autem
2747 2105 2981 2147 necesse
3006 2099 3156 2146 esset
3189 2090 3372 2160 palmo
3397 2103 3542 2159 quc-

1952 2181 2248 2238 dammodo
2276 2182 2458 2238 metiri
2491 2183 2722 2247 cmlum,
2767 2192 2822 2239 et
2859 2182 3117 2240 humana:
3138 2184 3347 2238 tuentis
3381 2181 3538 2239 inﬁr-

1953 2272 2129 2326 mitati
2151 2273 2359 2328 aditum
2387 2272 2454 2329 ad
2484 2289 2577 2330 res
2606 2282 2770 2342 captu
2800 2280 2855 2329 et
2880 2273 3159 2343 explicatu
3182 2270 3541 2327 difficillimas

1954 2363 2189 2432 aperire,
2244 2380 2314 2419 ne
2361 2365 2736 2435 simpliciores
2788 2365 3180 2420 haereticorum
3235 2360 3541 2418 incursioni

1953 2462 2224 2522 paterent,
2258 2440 2426 2523 quasi‘
2444 2457 2595 2510 nulla
2624 2471 2732 2510 vox
2764 2467 3083 2512 sanctorum
3117 2454 3211 2526 qui
3249 2464 3305 2510 et
3326 2463 3542 2523 specta-

1956 2554 2126 2610 tores,
2159 2553 2215 2600 et
2241 2544 2483 2599 ministri
2516 2544 2680 2599 Verbi
2712 2545 2941 2611 fuerint,
2974 2547 3193 2600 illorum
3225 2543 3540 2613 malignita-

1957 2646 2063 2689 tem
2102 2635 2381 2698 retundat,
2427 2635 2499 2690 ad
2540 2636 2723 2706 ipsum
2753 2636 3065 2692 divinorum
3096 2635 3415 2705 dogmatum
3450 2648 3543 2686 ca-

1955 2738 2053 2801 put
2080 2731 2199 2786 acri
2234 2730 2425 2787 studio
2470 2746 2532 2788 sc
2560 2730 2802 2795 confert,
2840 2731 3087 2786 clamans
3118 2744 3194 2785 ι’(
3230 2728 3289 2783 ln
3330 2727 3540 2797 princi-

1956 2823 2046 2892 pio
2073 2831 2194 2879 erat
2222 2821 2487 2886 Verbum,
2524 2831 2579 2879 et
2614 2821 2855 2880 Verbum
2897 2830 3021 2879 erat
3067 2821 3210 2892 apud
3259 2819 3451 2886 Deum,
3488 2825 3544 2874 et

1958 2914 2102 2972 Deus
2152 2922 2274 2971 erat
2320 2914 2584 2971 Verbum.
2643 2913 2758 2971 Hoc
2805 2921 2925 2971 erat
2981 2914 3038 2969 in
3074 2912 3347 2985 principio
3397 2912 3542 2981 apud

280 3004 505 3074 τύνηται
531 3004 747 3077 δρόμος,
775 3004 854 3068 ὡς
888 3005 1142 3076 οὐδεμιᾶς
1189 3006 1298 3060 τῶν
1351 3008 1524 3076 ἁγίων
1570 3010 1775 3081 φωνῆς,
1802 3013 1851 3066 οἳ

1958 3004 2125 3061 Deum
2154 3006 2218 3061 “.
2262 3024 2282 3058 ι
2324 3005 2519 3077 Operae
2549 3008 2790 3078 pretium
2839 3013 3025 3062 autem
3061 3004 3303 3063 arbitror
3354 3004 3425 3059 iis
3450 3004 3543 3073 qui

286 3094 376 3146 καὶ
403 3095 681 3156 αὖτόπται,
698 3096 794 3149 καὶ
815 3096 1088 3166 ὑπηρέται
1110 3096 1202 3150 τοῦ
1237 3098 1409 3167 Λόγου
1434 3099 1710 3168 γεγόνασι,
1734 3103 1857 3164 ταῖς

277 3183 503 3238 ἐκείνων
539 3185 1020 3256 παραποδιζούσης
1053 3188 1384 3257 κακονοίαις,
1415 3189 1635 3261 ἔρχεται
1656 3191 1858 3263 δριμὺς

277 3275 519 3328 ἐπάὑτὸ
568 3276 679 3330 τῶν
722 3277 883 3331 θείων
924 3278 1208 3349 δογμάτων
1239 3280 1300 3334 τὺ
1327 3281 1681 3354 κυριώτατον,
1705 3301 1725 3335 ι
1769 3283 1858 3335 Ἐν

276 3367 445 3438 ἀρχῇ,
461 3366 621 3436 βοιῖιν,
643 3363 714 3439 ἦν
731 3370 759 3422 6
780 3369 974 3438 Λόγος,
992 3372 1086 3425 καὶ
1100 3373 1310 3441 όΔόγος
1339 3368 1408 3443 ἦν
1436 3374 1573 3445 πρὸς
1599 3374 1692 3429 τὸν
1704 3374 1857 3441 Θεὸν,

278 3460 372 3512 καὶ
386 3460 531 3523 Θεὸς
552 3456 620 3531 ἦν
646 3461 676 3512 6
702 3460 893 3530 Λόγος.
922 3456 1089 3526 Οὗτος
1104 3460 1172 3535 ἦν
1193 3467 1250 3518 ὲν
1262 3466 1403 3536 ἀρχῇ
1422 3466 1557 3538 πρὸς
1566 3467 1658 3520 τὸν
1668 3466 1820 3521 Θεὸν.
1835 3485 1854 3519 ι

277 3552 321 3605 Χ
331 3553 492 3622 ρῆναι
514 3553 572 3606 δὲ
590 3548 759 3623 οἶμαι,
770 3554 896 3618 τοὺς
908 3558 1017 3621 τοῖς
1032 3557 1075 3608 ίε
1084 3560 1197 3628 ροίς
1211 3556 1530 3627 ὁμιλοῦντας
1542 3558 1858 3630 Γράμμασι,

226 3630 235 3637 ’
276 3644 406 3706 τοὺς
437 3642 590 3715 παρὰ
620 3644 837 3699 πάντων
861 3646 1181 3717 προσίεσθαι
1211 3647 1425 3715 λόγους,
1468 3648 1630 3718 οἵπερ
1658 3647 1723 3702 ἂν
1752 3643 1860 3701 εἶεν

278 3733 436 3786 καλοί
462 3752 521 3787 τε
554 3737 648 3789 καί
675 3735 888 3804 ἀγαθοὶ,
940 3739 1035 3791 καὶ
1078 3739 1141 3791 τδ
1191 3738 1385 3809 βλάϐος
1415 3738 1629 3809 ἔχοντες
1669 3739 1819 3793 οὐδέν
1843 3756 1857 3769 °

277 3824 422 3880 οῦτω
452 3826 565 3898 γὰρ
604 3827 672 3882 ἂν
699 3827 769 3882 τὰ
798 3829 950 3901 παρὰ
984 3832 1097 3894 τοῖς
1126 3832 1341 3895 πολλοῖς
1387 3831 1646 3895 ποικίλως
1666 3831 1857 3886 τεθεω-

283 3919 515 3989 ρημένα,
561 3922 657 3973 καὶ
689 3922 769 3986 είς
820 3922 915 3975 ’ἐνα
949 3922 1391 3994 συνεισφέροντες
1418 3923 1562 3987 νοῦν,
1597 3924 1678 3987 είς
1700 3924 1862 3977 καλὸν

279 4000 643 4082 ἀναϐήσονται
683 4013 783 4081 τῆς
822 4011 1075 4082 γνώσεως
1126 4015 1343 4085 μέτρον,
1370 4016 1465 4068 καὶ
1510 4016 1608 4086 τὴν
1639 4015 1862 4087 ἐργάτιν

285 4101 374 4153 καὶ
400 4101 571 4173 σοφὴν
620 4103 1064 4175 ἀπομιμούμενοι
1116 4104 1390 4174 μέλιτταν,
1414 4104 1482 4157 τὰ
1530 4104 1737 4173 γλυκέα
1766 4104 1861 4158 τοῦ

284 4189 588 4260 πνεύματος
659 4192 851 4264 κηρία,
904 4194 1269 4266 συμπήξειαν.
1329 4196 1465 4249 Φασὶ
1518 4177 1700 4249 τοίνυν,
1755 4195 1863 4250 τῶν

277 4280 729 4349 φιλοπονωτάτων
746 4282 908 4348 τινὲς,
938 4283 1013 4349 ὡς
1044 4286 1183 4355 μετὰ
1205 4286 1294 4337 τὸν
1312 4285 1404 4338 τοῦ
1430 4286 1680 4356 Σωτῆρος
1707 4287 1865 4357 ἡμῶν

1958 3097 2014 3152 in
2048 3099 2227 3154 sacris
2255 3097 2480 3155 Litteris
2508 3109 2805 3156 versantur
2825 3096 3149 3169 quorumvis
3174 3097 3325 3153 dicta
3342 3096 3543 3175 admit-

1953 3200 2091 3253 tere,
2110 3204 2233 3261 quae
2258 3182 2429 3262 pvdba
2449 3190 2560 3247 sint
2578 3189 2801 3260 aclnihil
2821 3189 2877 3245 in
2902 3188 3033 3260 ses
3050 3188 3236 3243 damni
3280 3187 3541 3243 habeant.

1961 3278 2055 3335 Sic
2091 3280 2242 3335 enim
2275 3280 2369 3336 ﬁet
2399 3288 2463 3336 ut
2495 3280 2710 3337 collatis
2747 3280 2805 3336 in
2834 3294 3007 3335 unum
3041 3278 3239 3333 multis
3266 3277 3542 3334 variorum

1958 3369 2467 3435 observationibus,
2496 3370 2568 3426 ad
2620 3376 2834 3426 rectum
2889 3368 3267 3438 cognoscendi
3295 3367 3542 3422 -modum

1959 3461 2287 3527 ascendant,
2317 3468 2371 3517 et
2398 3461 2604 3518 sedulae
2641 3476 2707 3517 ac
2737 3461 2959 3519 solertis
2992 3460 3114 3530 apis
3136 3459 3388 3530 exemplo
3423 3458 3546 3514 dul-

1959 3569 2054 3611 ces
2080 3552 2311 3625 spiritus
2348 3552 2507 3610 favos
2543 3554 2921 3625 compingant.
2964 3552 3141 3607 Aiunt
3183 3552 3370 3623 itaque
3407 3566 3547 3606 non-

1960 3647 2096 3701 nulli
2124 3646 2228 3702 viri
2249 3645 2506 3702 doctrina
2534 3645 2697 3710 clari,
2726 3654 2852 3717 post
2874 3644 3183 3700 Salvatoris
3211 3643 3381 3699 nostri
3414 3657 3543 3697 cru-

1958 3753 2102 3815 cem,
2156 3746 2211 3793 et
2260 3739 2316 3794 in
2367 3740 2542 3795 caelos
2591 3738 3004 3805 ascensionem,
3044 3736 3235 3809 falsos
3274 3733 3540 3807 quosdam

1960 3837 2214 3900 pastores
2228 3838 2288 3885 et
2318 3829 2579 3885 doctores
2605 3829 2764 3899 quasi
2789 3829 3136 3884 truculentas
3168 3827 3314 3882 feras
3336 3827 3389 3880 in
3415 3826 3537 3881 Sal-

1959 3912 2170 3978 vator-is
2207 3923 2369 3977 ovilia
2421 3923 2716 3985 irruentes,
2750 3935 2865 3976 non
2896 3934 3094 3992 parum
3148 3918 3426 3984 turbasse,
3476 3934 3542 3974 ex

1960 4014 2130 4070 corde
2163 4030 2285 4079 suo,
2328 4029 2438 4069 non
2481 4029 2545 4070 ex
2608 4029 2705 4072 ore
2762 4012 2978 4071 Domini
3029 4012 3342 4084 loquentes,
3398 4011 3543 4066 sicut

1961 4106 2229 4176 scriptum
2256 4111 2340 4162 est
2374 4106 2440 4175 ",
2470 4106 2583 4160 imo
2605 4120 2737 4161 vero
2766 4121 2878 4161 non
2929 4119 2994 4160 ex
3038 4104 3159 4159 solo
3202 4116 3303 4156 suo
3350 4100 3537 4162 corde,

1963 4195 2058 4251 sed
2097 4210 2162 4251 ex
2197 4195 2371 4263 patris
2399 4198 2484 4251 sui
2523 4196 2800 4263 doctrina,
2841 4192 3046 4248 diaboli
3087 4190 3394 4245 nimirum:
3432 4208 3451 4242 ι
3480 4190 3540 4244 Si

1963 4278 2112 4339 enim
2148 4298 2309 4339 nemo
2350 4292 2535 4353 potest
2569 4284 2755 4338 dicere
2810 4280 3103 4335 anathema
3151 4276 3304 4346 Jesu,
3338 4277 3445 4335 nisi
3486 4280 3541 4335 in

278 4372 643 4443 σταυρὸν,καὶ
667 4372 769 4443 τὴν
797 4370 882 4436 είς
907 4375 1167 4445 οὐρανοὺς
1185 4374 1390 4439 ἄνοδον,
1430 4375 1855 4447 ψευδοποιμένες

1957 4374 2268 4432 Beelzebub
2298 4376 2341 4408 ¹⁸
2376 4393 2390 4430 :
2439 4394 2458 4427 ι
2491 4371 2768 4444 quomodo
2796 4387 2988 4428 verum
3020 4386 3132 4427 non
3170 4387 3295 4429 esse
3320 4380 3540 4442 compe-

282 4461 386 4513 καὶ
421 4460 881 4528 ψευδοδιδάσκαλοι
908 4479 1074 4526 τινες,
1108 4463 1311 4536 θηρίων
1355 4464 1662 4518 ἀτιθάσσων
1701 4464 1857 4535 δίκην

280 4551 405 4612 τοῖς
428 4548 522 4603 τοῦ
536 4551 773 4624 Σωτῆρος
790 4553 1207 4618 ἐπεισπεσόντες
1238 4553 1531 4626 ποιμνίοις,
1555 4554 1853 4626 τεθορυδή-

274 4655 446 4693 κασιν
486 4640 547 4693 οὐ
589 4642 827 4715 μικρῶς,
884 4643 994 4697 ἀπὸ
1036 4644 1262 4715 καρδίας
1320 4643 1499 4698 αὐτῶν
1547 4643 1855 4711 λαλοῦντες,

273 4729 422 4783 καθὰ
479 4730 808 4800 γέγραπται,
854 4715 951 4786 καὶ
1003 4733 1104 4786 οὐκ
1154 4733 1265 4787 άπδ
1314 4734 1581 4805 στόματος
1628 4734 1854 4806 Κυρίου·

276 4822 487 4892 μᾶλλον
514 4821 592 4886 δὲ,
619 4824 717 4877 οὐκ
751 4826 816 4878 ὲκ
832 4825 1013 4897 μόνης
1033 4825 1133 4895 τῆς
1164 4825 1367 4880 ἑαυτῶν
1390 4826 1634 4897 καρδίας,
1660 4827 1774 4881 ἀλλ’
1796 4828 1861 4882 ἐκ

271 4914 629 4985 διδαγμάτων
680 4916 777 4970 τοῦ
812 4917 1022 4971 οἰκείου
1082 4917 1309 4989 πατρὸς,
1339 4919 1433 4972 τοῦ
1477 4919 1723 4973 διαϐόλου
1767 4919 1860 4991 δη-

271 5001 436 5074 λαδή.
475 5021 494 5054 ι
518 5003 582 5056 EE
611 5003 720 5075 γὰρ
736 5004 1163 5070 οὐδεὶςσδύναται
1193 5007 1366 5061 εἰπεῖν
1382 5008 1630 5083 ἀνάθεμα
1659 5010 1859 5081 Ἰησοῦ,

272 5093 323 5145 εί
357 5093 438 5164 μὴ
466 5093 523 5144 ὲν
554 5093 905 5165 Βεελζεδοῦλ,
945 5115 963 5148 ι
997 5096 1115 5163 πῶς
1160 5097 1261 5151 οὒκ
1288 5098 1491 5170 ἀληθὴς
1518 5102 1651 5171 ἡμῖν
1679 5103 1708 5155 6
1736 5103 1864 5173 περὶ

274 5183 490 5239 τούτων
528 5186 828 5258 ὀφθήσεται
873 5189 1063 5259 λόγοςς
1113 5190 1247 5245 Τίνα
1292 5191 1473 5247 τοίνυν
1517 5194 1665 5248 ἐστιν
1719 5194 1861 5266 ἅπερ

272 5275 477 5328 ἐκείνοι
530 5278 672 5332 κατὰ
723 5282 824 5351 τῆς
866 5282 1076 5346 οἰκείας
1111 5282 1406 5353 ἠρεύγοντο
1454 5285 1722 5357 κεφαλῆς,
1767 5285 1860 5341 τὸν

271 5364 566 5438 Μονογενῆ
592 5369 685 5423 τοῦ
710 5371 848 5424 Θεοῦ
878 5372 1071 5441 Λόγον,
1101 5374 1163 5427 τὸ
1191 5374 1308 5445 φῶς
1334 5375 1395 5429 τὸ
1422 5377 1614 5440 ἀΐδιον,
1631 5379 1689 5434 ὲν
1713 5372 1758 5447 ᾧ
1795 5379 1858 5450 δὴ

274 5457 487 5521 πάντες
514 5459 633 5512 ⁸καί.
673 5460 973 5519 κινούμεθα
1000 5467 1112 5534 ,καὶ
1142 5466 1332 5539 ἐσμὲν,
1364 5469 1487 5527 τότε
1522 5471 1735 5542 πρῶτον
1766 5488 1857 5526 κε-

1963 4468 2134 4521 rietur
2164 4463 2309 4537 quod
2350 4464 2418 4521 de
2458 4464 2547 4520 his
2578 4461 2857 4521 dicimus?
2895 4461 3159 4530 Quaenam
3210 4474 3341 4520 sunt
3378 4462 3563 4537 igitur“

1964 4572 2085 4627 quae
2114 4559 2168 4612 in
2201 4554 2363 4614 suum
2392 4557 2471 4613 illi
2500 4564 2666 4630 caput
2693 4566 3044 4625 eructarunt,
3077 4557 3171 4628 qui
3200 4557 3542 4628 unigenitum

1964 4650 2060 4706 Dei
2079 4640 2341 4716 Verbum,
2368 4651 2552 4705 lumen
2573 4649 2709 4704 illud
2732 4657 3021 4714 mternum,
3052 4651 3102 4705 in
3127 4665 3235 4721 quo
3256 4657 3404 4706 certe
3424 4665 3547 4705 om-

1966 4757 2065 4797 nes
2089 4750 2142 4798 ct
2170 4756 2457 4797 movemur
2475 4746 2530 4797 et
2550 4756 2741 4797 sumus
2773 4742 2838 4808 ",
2863 4749 2976 4795 tum
3009 4741 3245 4811 primum
3274 4742 3329 4796 in
3359 4755 3543 4797 rerum

1966 4842 2215 4890 naturam
2247 4834 2515 4905 prodiisse
2547 4833 2764 4890 indocte
2799 4841 2853 4889 et
2876 4833 3039 4905 impie
3065 4841 3341 4901 asserunt,
3368 4849 3544 4904 quan-

1966 4926 2036 4981 do
2069 4940 2133 4980 ex
2164 4933 2352 4981 sancta
2386 4923 2614 4996 Virgine
2637 4925 2804 4980 homo
2829 4933 2992 4981 natus
3029 4933 3139 4991 est,
3182 4933 3236 4981 et
3266 4925 3541 4981 communi

1969 5014 2071 5070 hac
2113 5013 2286 5069 forma
2334 5022 2616 5085 assumpta
2652 5014 2707 5069 in
2754 5024 2904 5070 terra
2942 5016 3095 5071 visus
3149 5022 3253 5079 est,
3290 5023 3350 5068 ut
3405 5013 3545 5069 scri-

1967 5117 2121 5177 ptum
2152 5115 2264 5164 est:
2291 5125 2309 5159 ι
2336 5106 2549 5162 Etcum
2582 5107 2898 5163 hominibus
2928 5114 3285 5163 conversatus
3307 5114 3392 5160 est
3410 5105 3495 5158 ὀἳ
3518 5125 3535 5155 ι

1965 5195 2114 5265 Quos
2144 5197 2219 5252 ita
2254 5197 2577 5262 sentientes,
2609 5204 2665 5251 et
2701 5195 3029 5252 ineffabilem
3057 5209 3122 5250 ac
3149 5202 3413 5249 aeternam
3453 5192 3543 5247 Fi-

1958 5289 2015 5345 lii
2066 5288 2472 5360 generationem
2505 5288 2769 5344 vellicare
2803 5288 3089 5355 audentes,
3124 5286 3415 5358 propheta
3454 5287 3542 5341 di-

1958 5388 2106 5436 ctum
2138 5376 2217 5436 sic
2238 5387 2393 5451 urget
2426 5399 2439 5436 :
2473 5399 2492 5433 ι
2516 5378 2625 5435 Vos
2657 5386 2837 5435 autem
2872 5380 3116 5437 accedite
3149 5381 3279 5447 huc,
3313 5379 3410 5436 lilii
3444 5380 3546 5436 ini-

1966 5474 2083 5545 qui,
2147 5486 2334 5530 semen
2406 5471 2777 5529 adulterorum
2832 5482 2886 5529 et
2947 5470 3275 5572 fnrnicaria‘;
3311 5492 3326 5529 :
3379 5487 3547 5549 super

352 5608 400 5642 υ
438 5608 595 5667 Joan.
631 5630 676 5686 I,
720 5616 778 5684 l,
810 5616 863 5673 2.
945 5622 987 5654 ¹⁷
1024 5619 1133 5679 Jer.
1192 5637 1349 5690 mu,
1386 5623 1464 5679 ιιι.
1530 5625 1572 5657 ¹⁸
1642 5625 1659 5682 l
1693 5624 1855 5700 Cum;

1981 5628 2033 5683 3.
2066 5629 2106 5662 ¹⁰
2141 5628 2264 5685 Act.
2318 5643 2445 5697 xm,
2488 5626 2611 5702 28._
2658 5628 2702 5660 ³ο
2733 5625 3050 5694 Baruchm,
3094 5630 3183 5686 58.
