4072 6210
406 222 486 282 25
790 219 807 234 ’
898 274 915 288 ,
1434 218 1510 275 IN
1535 219 1820 278 JOANNIS
1854 219 1999 277 EVA

2100 222 2202 280 ELI
2212 224 2307 281 ΗΜ
2353 222 2482 279 LIB.
2518 220 2565 278 Ι.
3594 218 3672 276 εδ

406 342 521 413 γὰρ
555 326 741 408 ἀρχῆς
768 335 870 388 οὑκ
915 332 983 388 ἀν
1024 333 1110 405 εἴη
1159 333 1310 399 ποτὲ,
1373 336 1406 407 ἢ
1439 336 1656 402 πάντως
1693 337 1987 409 exossam

2100 353 2359 408 nusquam
2407 336 2607 393 fuerit:
2641 340 2738 390 aut
2766 333 2814 391 si
2854 326 3119 405 quiddam
3144 332 3297 389 aliud
3323 340 3450 388 ante
3480 332 3665 404 ipsum

412 436 471 490 τὸ
496 429 639 487 εἶναι
657 430 803 485 κατά
834 427 1091 499 ἀλήθειαν
1123 427 1287 499 ἀρχὴ,
1320 431 1824 502 προεπινοουμένου
1845 431 1988 495 τινὸς

410 525 598 596 ἑτέρου
646 522 741 576 διαὶ
771 519 1197 591 προανίσχοντος
1242 519 1450 591 αὐτῆς·
1508 523 1686 588 ἄλλως
1728 538 1791 578 τε
1825 527 1872 579 ει
1903 526 1988 579 ἐν-

410 612 627 686 δέχεταί
653 628 707 665 τι
730 609 1109 683 προϋπάρχειν
1139 609 1241 680 τῆς
1263 610 1436 676 δντως
1461 612 1635 684 ἀρχῆς
1656 654 1672 677 ,
1710 615 1797 669 ἐπ’
1835 616 1990 670 ἄπει-

414 723 508 777 ρον
535 706 673 775 ἡμῖν
692 705 723 756 6
750 701 883 773 περὶ
900 701 1073 773 αὐτῆς
1100 702 1379 778 οἰχήσεται
1404 703 1590 772 λόγος,
1618 704 1706 759 ἀεὶ
1747 723 1988 778 προανα.

411 776 707 866 τελλούσης
731 794 929 866 ἑτέρας
948 834 963 859 ,
1012 776 1118 848 καί
1160 792 1419 865 δευτέραν
1458 776 1865 867 ἀποφαινούσης
1890 798 1990 868 τὴν

413 890 509 958 ἐφ’
532 881 676 962 ᾗπερ
701 886 769 940 ἂν
805 887 839 956 ἡ
875 885 1006 955 παρ’
1043 881 1203 954 ἡμῶν
1240 883 1454 952 γένοιτο
1486 883 1734 955 ζήτησις.
1783 886 1990 941 Οὐκοῦν

418 970 561 1051 ἀρχὴ
585 979 686 1050 μὲν
710 976 891 1049 ἀρχῆς
918 977 1020 1029 οὐκ
1048 975 1224 1040 ἔσται,
1254 975 1398 1029 κατά
1441 976 1535 1031 τὸν
1578 977 1783 1049 ἀκριϐῆ
1811 995 1873 1031 τε
1900 980 1993 1032 καὶ

417 1068 594 1140 ἀληθῆ
641 1066 905 1137 λογισμὸν
926 1107 942 1132 ,
1009 1064 1125 1119 ἀλλ’
1167 1066 1248 1129 εἰς
1296 1067 1576 1138 ἀμήρυτον
1643 1068 1825 1138 μέντοι
1897 1068 1992 1122 καὶ

403 1156 801 1230 ’ἀκατάληπτον
834 1160 864 1212 6
902 1159 1030 1229 περὶ
1055 1157 1228 1227 αὐτῆς
1264 1159 1604 1231 ἀποδημήσει
1629 1160 1807 1230 λόγος.
1828 1161 1993 1225 Τέλος

418 1253 479 1307 δὲ
505 1253 606 1307 οὐκ
636 1252 868 1323 ἐχούσης
894 1252 996 1321 τῆς
1018 1250 1107 1305 ἀεὶ
1141 1250 1279 1320 πρὸς
1316 1252 1378 1304 τὸ
1409 1251 1601 1305 ἀνόπιν
1634 1253 1812 1324 φυγῆς
1835 1291 1851 1316 ,
1896 1252 1993 1307 καὶ

419 1344 483 1398 τὸ
511 1344 617 1397 τῶν
654 1342 863 1397 αιῶνων
894 1339 1274 1413 ἀναφοιτὼσης
1314 1341 1548 1413 μέτρον,
1576 1344 1678 1396 οὐκ
1718 1344 1779 1397 ἐν
1818 1343 1995 1414 χρόνῳ

423 1431 665 1502 γεγονὼς
707 1435 735 1486 6
767 1433 894 1496 Υἱὸς
916 1471 933 1497 ,
984 1431 1171 1494 ἀϊδίως
1212 1431 1269 1485 δὲ
1317 1432 1516 1502 μᾶλλον
1561 1432 1820 1507 ὑπάρχων
1857 1434 1996 1504 μετὰ

423 1524 635 1596 Πατρὸς
661 1523 1040 1595 εὑρεθήσεται.
1074 1518 1183 1576 Ἦν
1219 1522 1327 1594 γάρ
1353 1523 1411 1577 ὲν
1455 1523 1620 1595 ἀρχῇ.
1653 1525 1717 1577 Εἰ
1747 1523 1805 1577 δὲ
1834 1519 1903 1594 ἦν
1937 1525 1995 1576 ὲν

418 1615 558 1687 ἀρχῇ
583 1655 601 1678 ,
632 1618 819 1680 ποῖος,
848 1613 1120 1685 εἰπέρμοι,
1149 1612 1434 1685 δυνήσεται
1471 1614 1594 1678 νοῦς
1636 1614 1735 1686 τὴν
1774 1613 1867 1668 τοῦ
1917 1610 1998 1684 ἦν

421 1705 890 1776 ὑπιρανίπτασθαι
913 1704 1172 1776 δύναμιν;
1202 1705 1339 1758 Πότε
1364 1705 1422 1758 δὲ
1447 1705 1583 1769 ὅλως
1612 1705 1674 1759 τὸ
1701 1701 1784 1776 ἦν
1813 1706 1889 1770 ὡς
1940 1707 1998 1760 ὲν

413 1796 563 1850 τέλει
613 1797 904 1867 στήσεται,
950 1796 1358 1867 πῳανατρέχον
1415 1797 1503 1851 ἀελ⁵
1559 1795 1654 1850 τοῦ
1710 1795 1998 1860 διώκοντος

417 1886 689 1958 λογισμοῦ
715 1929 731 1955 ,
784 1890 883 1941 καὶ
923 1887 1027 1959 τῆς
1078 1888 1366 1960 ἑπομένης
1401 1888 1551 1961 αὐτῷ
1602 1888 1998 1961 προαναπηδῶν

426 1979 679 2047 ὶννοῑαςς
721 1980 845 2034 Ἐπὶ
889 1981 1060 2051 τούτῳ
1109 1981 1179 2052 δὴ-
1229 1981 1339 2054 ἀρα
1379 1980 1923 2059 ,καταπεπληγμένος
1970 1983 2000 2035 6

439 2060 724 2139 προφήτης
756 2073 916 2140 φησὶν
970 2073 1224 2136 Ἡσαΐας·
1279 2092 1298 2125 ι
1333 2073 1447 2144 Τὴν
1491 2072 1684 2142 γενεάν
1716 2072 1881 2126 αὑτοῦ
1914 2071 1998 2137 τίς

428 2159 783 2228 διηγήσεται;
812 2163 894 2215 ὅτι
918 2162 1121 2234 αἴρεται
1147 2164 1257 2218 ἀπὸ
1286 2165 1391 2239 τῆς
1417 2165 1521 2236 γῆς
1544 2167 1579 2234 ἡ
1603 2164 1716 2235 ζωὴ
1744 2163 1934 2237 αὑτοῦ.
1973 2183 1990 2215 ι
2030 2152 2033 2159 ό

418 2244 648 2320 Δῖρεται
672 2248 781 2320 γάρ
801 2249 969 2315 ὅντως
986 2254 1095 2306 ἀπὸ
1121 2254 1220 2325 τῆς
1241 2254 1355 2331 γῆς
1377 2256 1406 2307 6
1425 2255 1673 2325 περὶτῆς
1695 2254 2001 2324 γεννήσεως

417 2337 581 2407 λόγος
610 2335 704 2392 τοῦ
732 2342 1069 2411 Μονογενοῦς
1092 2385 1107 2409 ,
1139 2344 1283 2398 τοῦτ’
1304 2344 1470 2410 ἔστιν,
1502 2346 1640 2418 ὑπὲρ
1670 2345 1850 2400 πᾶσάν
1882 2347 2000 2399 ἐστι

417 2426 667 2483 διάνοιαν
694 2429 802 2484 τῶν
843 2431 1013 2485 ὄντων
1064 2434 1159 2486 ἐπὶ
1194 2435 1293 2505 τῆς
1337 2435 1478 2505 γῆς,
1510 2433 1606 2487 καὶ⁸
1649 2435 1789 2506 ὑπὲρ
1825 2435 2002 2489 πάντα

418 2519 581 2588 λόγον
601 2562 618 2588 ,
652 2519 727 2585 ὡς
754 2517 890 2576 εἶναι
918 2524 1107 2578 λοιπὸν
1130 2524 1460 2596 ἀνεξήγητον
1478 2543 1492 2556 ·
1524 2527 1573 2579 εἰ
1613 2525 1670 2579 δὲ
1704 2527 1846 2597 ὑπὲρ
1876 2527 2001 2580 νοῦν

422 2612 543 2666 ἐστι
584 2612 681 2666 καὶ
732 2613 921 2683 λόγους
947 2616 1078 2679 τοὺς
1110 2618 1170 2670 ὲν
1207 2619 1362 2687 ἡμῖν,
1398 2617 1515 2681 πῶς
1543 2616 1609 2672 ἃν
1642 2617 1726 2688 εἴη
1755 2617 2000 2687 γενητὸς,

422 2704 527 2756 οὑκ
551 2704 843 2776 ἀτονούσης
867 2706 968 2777 τῆς
996 2707 1222 2779 ἐνούσης
1247 2710 1381 2780 ἡμῖν
1417 2708 1678 2777 διανοίας,
1712 2709 1804 2763 καὶ
1825 2709 2004 2781 χρόνῳ

428 2795 526 2848 καὶ
546 2794 687 2867 λόγῳ
715 2797 1053 2869 περιοριζειν
1080 2799 1153 2852 τά
1179 2800 1419 2871 γενητά;

446 2884 686 2955 Ἑτέρως
724 2889 812 2954 εις
846 2887 914 2942 τὸ
955 2889 1106 3013 αὺτὲ
1131 2891 1477 3014 ῗὲιρητέον,
1514 2911 1534 2945 ι
1581 2892 1687 2947 Ἐν
1726 2890 1887 2962 ἀρχῇ
1924 2888 2004 2963 ἦν

1237 2978 1361 3014 γορ.
1390 2980 1410 3013 ι

1237 2978 1361 3030 τος.
1390 2980 1410 3013 ι

2094 431 2433 503 intelligatur
2472 430 2780 495 oriaturve,
2831 443 2963 486 vere
3017 427 3356 499 principium
3401 440 3522 484 esse
3567 426 3664 482 de-

2095 524 2275 584 sineta
2298 522 2540 594 Alioqui,
2571 522 2617 577 si
2645 521 2762 578 ﬁeri
2790 526 2976 592 potest
3007 528 3067 576 ut
3109 519 3318 592 aliquid
3359 528 3487 575 ante
3527 518 3664 574 illud

2095 614 2245 686 quod
2288 627 2421 669 vere
2472 602 2802 683 principium
2841 619 2927 668 est
2975 612 3232 678 exsistat,
3281 611 3339 667 in
3384 610 3665 666 infinitum

2095 712 2287 761 nostra
2320 703 2389 760 de
2418 703 2511 759 illo
2544 702 2758 759 abitura
2777 709 2863 759 est
2891 702 3095 768 oratio,
3131 702 3242 758 alio
3262 702 3417 773 prius
3447 716 3667 772 semper

2096 796 2400 863 exoriente,
2416 804 2472 853 et
2492 802 2616 868 post
2637 810 2698 852 se
2711 793 3001 865 rejiciente
3015 795 3059 863 1
3070 795 3114 864 ι
3134 794 3268 849 illud
3289 794 3433 865 quod
3449 808 3667 864 quaere-

2096 895 2211 942 tur.
2252 888 2442 958 Itaque
2480 886 2819 958 principium
2848 886 3069 957 quidem
3110 886 3367 957 principii
3400 901 3511 942 non
3535 885 3667 956 erit,

2098 979 2144 1037 si
2174 993 2301 1035 vere
2353 989 2409 1035 et
2445 985 2639 1035 exacte
2684 978 3005 1033 ratiocinari
3048 977 3326 1045 volumus,
3365 978 3459 1035 sed
3500 978 3555 1032 in
3584 977 3671 1032 in-

2099 1068 2312 1123 ﬁnitum
2351 1079 2408 1125 et
2443 1067 3000 1139 incomprehensibile
3044 1067 3311 1137 procedet
3340 1068 3395 1123 id
3425 1069 3572 1139 quod
3601 1068 3671 1125 de

2099 1159 2221 1230 ipso
2272 1160 2507 1216 dicetur.
2542 1160 2790 1232 Cumque
2822 1158 2930 1215 ﬁne
2983 1166 3173 1216 careat
3209 1159 3302 1213 illa
3348 1168 3499 1216 retro
3545 1166 3670 1213 acta

2099 1258 2366 1320 perpetuo
2402 1251 2710 1319 conversio,
2730 1258 2785 1307 et
2812 1251 3012 1308 saecula
3035 1259 3345 1321 percurrat,
3374 1266 3483 1305 non
3521 1250 3672 1321 exsi-

2101 1349 2248 1397 stere
2282 1341 2338 1395 in
2379 1349 2628 1412 tempore
2652 1340 2848 1411 Filius,
2881 1343 2978 1400 sed
3014 1343 3083 1399 ab
3115 1349 3322 1398 aterno
3343 1343 3528 1413 potius
3552 1324 3675 1396 esse

2102 1449 2226 1489 cum
2270 1432 2435 1491 Patre
2486 1435 2879 1505 comperietur.
2916 1434 3046 1490 Erat
3092 1435 3238 1491 enim
3285 1436 3340 1490 in
3378 1434 3670 1504 principio.

2102 1521 2259 1589 Quod
2288 1522 2335 1579 si
2373 1534 2493 1579 erat
2534 1523 2589 1578 in
2622 1523 2920 1595 principio,
2959 1539 3083 1595 qua:
3106 1540 3282 1590 mens,
3315 1524 3530 1588 amabo,
3570 1540 3672 1594 po-

2103 1614 2233 1670 terit
2259 1614 2370 1670 vim
2415 1614 2565 1670 illius
2609 1616 2795 1681 verbi,
2838 1624 2975 1683 erat,
3021 1617 3396 1672 transvolare?
3442 1614 3679 1682 Quando

2028 1696 2072 1751 Β
2100 1706 2335 1777 denique
2373 1706 2529 1773 illud,
2573 1715 2721 1783 erat,‘
2743 1707 2896 1764 velut
2940 1708 3000 1763 in
3049 1708 3157 1764 ﬁne
3207 1709 3497 1775 consistet,
3545 1723 3673 1763 cum

2099 1806 2522 1870 prosequentem
2584 1799 2973 1870 cogitationem
3048 1812 3265 1870 semper
3328 1799 3668 1861 antecedat,
3766 1828 3773 1849 .

2100 1897 2450 1960 mentemque
2488 1890 2837 1961 praecurrat?
2882 1889 3056 1956 Quam
3107 1890 3180 1946 ob
3231 1904 3349 1945 rem
3410 1888 3681 1944 attonitus

2102 1980 2372 2050 prepheta
2407 1979 2579 2037 Isaias
2619 1980 2800 2052 inquit
2837 1998 2908 2049 ξι
2946 1979 3522 2049 ϐεηθτιιιίοηειηείιιε
3551 1979 3681 2049 quis

2099 2070 2422 2126 enarrabit?
2443 2071 2583 2138 Quia
2610 2073 2827 2127 tollitur
2853 2080 3061 2128 a‘terra
3093 2076 3205 2125 vita
3235 2071 3360 2141 ejus
3383 2071 3454 2126 ³⁸.
3492 2090 3511 2124 ›
3549 2069 3677 2125 Tol-

2101 2159 2233 2215 litur
2267 2160 2414 2215 enim
2448 2159 2698 2231 profecto
2728 2175 2759 2215 a
2797 2168 2946 2216 terra
2982 2160 3357 2232 generationis
3395 2158 3679 2230 Unigeniti

2101 2250 2266 2317 ratio,
2299 2250 2402 2306 hoc
2428 2258 2535 2316 est,
2578 2240 2825 2307 omnium
2867 2252 3183 2307 mortalium
3227 2260 3464 2307 mentem
3514 2266 3681 2307 exce-

2101 2339 2204 2403 dit,
2231 2355 2564 2412 omnemquc
2598 2346 2871 2398 rationem
2900 2353 3143 2413 superat,
3171 2343 3308 2399 adeo
3338 2350 3397 2397 ut
3426 2341 3681 2397 enarrari

2101 2439 2359 2500 nequeat.
2399 2432 2557 2498 Quod
2608 2433 2655 2489 si
2696 2441 2935 2488 mentem
2996 2443 3052 2489 et
3104 2435 3373 2512 rationem
3428 2439 3677 2489 nostram

2101 2523 2340 2589 excedit,
2381 2523 2662 2593 quomodo
2691 2532 2913 2580 creatus
2937 2526 3066 2591 erit,
3091 2539 3216 2579 cum
3259 2534 3314 2579 et
3347 2532 3593 2594 tempore
3622 2530 3682 2579 et

2103 2615 2319 2671 ratione
2353 2614 2813 2671 circumscribere
2858 2629 2952 2670 res
2991 2621 3211 2672 creatas
3251 2614 3458 2685 ingenii
3499 2615 3679 2670 nostri
3774 2680 3779 2685 ι

2103 2706 2251 2762 vires
2284 2719 2396 2761 non
2430 2704 2703 2761 excedat?

2296 2883 2422 2938 Alia
2451 2883 2767 2948 observatio,
2795 2884 2851 2938 in
2879 2883 3038 2948 illud,
3081 2899 3100 2934 ι
3133 2880 3203 2936 In
3231 2859 3493 2950 principio

2666 2962 2783 3009 erat
2812 2952 3054 3008 Verbum.
3098 2971 3118 3002 ι

511 3048 708 3123 Ἀρχὴν
757 3049 894 3114 ὅλως
934 3051 1035 3123 τὴν
1070 3054 1128 3105 ὲν
1174 3023 1352 3125 χρόνῷ
1396 3054 1693 3127 νοουμένην
1737 3054 1839 3108 οὑκ
1887 3053 1999 3109 ἔστι

2177 3045 2514 3116 Principium
2569 3044 2760 3116 utique
2799 3044 2935 3099 illud
2962 3042 3111 3114 quod
3146 3042 3202 3098 in
3238 3050 3490 3113 tempore
3523 3040 3685 3098 intel-

424 3135 606 3192 λαϐεῖν
662 3138 757 3192 ἐπὶ
813 3138 909 3192 τοῦ
941 3141 1318 3211 Μονογενοῦς.
1369 3144 1519 3198 Ἐπεὶ
1577 3143 1687 3216 γάρ
1742 3145 1858 3198 ἐστι
1897 3143 2003 3215 πρὸ

422 3226 620 3298 χρόνου
676 3229 877 3294 παντὸς
898 3269 913 3294 ,
958 3231 1054 3284 καὶ
1086 3232 1412 3303 πρωιώνιον
1459 3233 1571 3305 ἔχει
1617 3234 1714 3305 τὴν
1748 3233 2003 3308 ὓπαρξιν,

422 3319 510 3372 ἔτι
563 3337 623 3373 τε
653 3321 787 3394 πρὸς
812 3321 1024 3387 τούτοις
1058 3324 1121 3376 τὸ
1164 3325 1494 3396 καταλήγειν
1521 3328 1601 3390 εἰς
1631 3326 1782 3391 τέλος
1814 3329 1847 3397 ὴ
1883 3325 2007 3380 θεία

424 3413 773 3479 παραιτεῖται
804 3411 963 3482 φύσις
1011 3414 1143 3485 (ἕξει
1172 3415 1281 3486 γάρ
1312 3416 1695 3480 ὡσαύτωςςάεὶ
1714 3456 1729 3480 ,
1762 3416 1906 3471 κατά
1943 3415 2005 3469 τὸ

423 3504 488 3555 ἐν
517 3501 767 3573 Ψαλμοῖς
801 3504 1227 3576 μελῳδούμενον,
1263 3525 1281 3558 ι
1309 3507 1381 3560 Σὺ
1415 3508 1473 3561 δὲ
1510 3509 1539 3561 6
1583 3506 1745 3571 αὑτὸς
1791 3504 1861 3573 εἴ,
1910 3508 2006 3561 καὶ

420 3590 496 3645 τὰ
523 3591 617 3663 ἔτη
650 3609 742 3646 σου
767 3594 867 3648 οὑκ
893 3596 1233 3667 ἐκλείψουσιν
1256 3596 1325 3669 »)·
1352 3599 1459 3652 ἀπὸ
1484 3601 1643 3663 ποίας
1671 3600 1803 3670 ἡμῖν
1828 3600 2003 3671 ἀρχῆς

418 3682 526 3754 τῆς
553 3686 612 3738 ὲν
636 3686 814 3756 χρόνῳ
845 3689 939 3741 καὶ¹
964 3688 1115 3760 ποσῷ
1146 3690 1523 3762 μετρουμένης
1550 3693 1577 3744 6
1600 3691 1729 3754 Υἱὸς
1762 3691 1996 3762 ἐκϐήσε-

419 3794 516 3831 ται
541 3815 557 3840 ,
588 3778 802 3849 τρέχειν
832 3780 911 3843 εις
938 3780 1090 3844 τέλος
1130 3781 1231 3834 οὐκ
1282 3780 1610 3852 ἀνεχόμενος
1634 3822 1649 3846 ,
1685 3780 1781 3835 ἆτε
1812 3782 1878 3853 δὴ
1908 3783 2003 3836 καὶ

420 3869 569 3925 κατὰ
620 3870 783 3939 φύσιν
841 3872 1102 3944 ὑπάρχων
1132 3871 1265 3935 Θεὸς
1288 3915 1303 3940 ,
1357 3874 1454 3927 καὶ
1508 3872 1596 3927 διὰ
1626 3873 1785 3927 τοῦτο
1819 3874 1958 3945 βοῶν
1984 3890 1998 3905 ·

425 3979 446 4012 ι
485 3961 629 4031 Ἐγώ
658 3964 776 4033 εἰμι
805 3964 839 4034 ἡ
881 3963 992 4034 ζωή
1023 3980 1039 4028 ;
1064 3982 1083 4016 ι
1133 3963 1299 4035 Ἀρχὴ
1329 3963 1440 4035 γὰρ
1481 3964 1620 4037 αὑτὴ
1651 3964 1774 4018 καθ’
1801 3964 2001 4037 ἑαυτὴν

419 4053 523 4106 οὐκ
541 4054 609 4106 ἂν
632 4053 771 4118 ὅλως
792 4053 1056 4126 ὑπάρχειν
1077 4055 1247 4108 νοοῖτό
1277 4065 1431 4122 ποτε,
1462 4054 1537 4126 μὴ
1559 4056 1696 4126 πρὸς
1719 4055 1780 4110 τὸ
1805 4058 2002 4110 οἰκεῖον

425 4144 701 4214 βλέπουσα
727 4146 882 4210 τέλος
905 4162 919 4176 ⁸
956 4146 1189 4217 ἐπείπερ
1218 4147 1294 4211 ὡς
1328 4148 1465 4218 πρὸς
1507 4147 1660 4212 τέλος
1706 4149 1806 4219 μὲν
1834 4149 1999 4220 ἀρχὴν

419 4235 576 4300 τέλος
600 4237 647 4288 δ’
677 4232 747 4290 αὖ
804 4237 963 4290 πάλιν
1005 4237 1080 4301 ὡς
1111 4239 1249 4309 πρὸς
1278 4238 1451 4309 ἀρχὴν
1483 4237 1830 4309 ὀνομάζεται.
1875 4241 2001 4311 ’Δρο

425 4322 529 4393 χὴν
557 4323 612 4376 δὲ
644 4325 809 4391 πάλιν
842 4327 900 4379 ὲν
926 4327 1138 4390 τούτοις
1171 4327 1268 4397 τὴν
1296 4326 1440 4379 κατά
1481 4327 1673 4397 χρόνον
1696 4367 1712 4394 ,
1739 4329 1859 4399 ἦτοι
1906 4345 2002 4382 πο-

436 4413 653 4484 σότητα,
673 4418 1032 4488 σημαίνομεν.
1071 4418 1279 4473 Οὐκοῦν
1325 4418 1624 4490 ἐπειδήπερ
1669 4419 1766 4474 καὶ
1821 4420 1999 4474 αὐτῶν

433 4504 553 4556 ἐστι
584 4506 688 4559 τῶν
737 4507 952 4562 αἰώνων
1007 4510 1377 4581 πρεσϐύτερος
1431 4512 1459 4563 6
1502 4510 1661 4577 Υἱὸς,
1692 4510 1753 4564 τὺ
1807 4512 1905 4582 μὲν
1944 4514 2001 4564 ὲν

420 4594 604 4666 γοόνφ
627 4598 954 4670 γεγενῆσθαι
979 4600 1359 4670 διαφεύξεται·
1382 4595 1451 4673 ἦν
1478 4601 1535 4656 δὲ
1563 4602 1658 4657 καὶ
1680 4586 1770 4657 διά
1800 4604 2003 4668 παντὸς

418 4686 501 4749 ὡς
527 4688 584 4739 ὲν
613 4690 764 4761 πηγῇ
793 4689 870 4760 τῷ
900 4691 1096 4762 Πατρὶ,
1131 4693 1271 4747 κατὰ
1302 4693 1362 4746 τὸ
1383 4696 1513 4765 παρ’
1541 4692 1709 4747 αὐτοῦ
1742 4694 2003 4764 λελεγμέ-

418 4788 538 4828 νον·
570 4794 589 4826 ι
619 4777 758 4848 Ἐγὼ
782 4781 847 4834 ὲκ
872 4781 966 4834 τοῦ
996 4782 1211 4852 Πατρὸς
1241 4782 1483 4854 ἐξῆλθον,
1506 4785 1597 4837 καὶ
1618 4770 1790 4855 ἥκω.»
1813 4785 2004 4855 Πηγῆς

417 4869 713 4938 τοιγαροῦν
733 4871 1024 4941 νοουμένου
1050 4873 1144 4926 τοῦ
1162 4873 1375 4946 Πατρὺς
1390 4915 1405 4938 ,
1427 4868 1494 4945 ἦν
1518 4877 1546 4929 6
1563 4876 1735 4943 Λόγος
1763 4877 1820 4928 ἐν
1850 4875 1998 4945 αὑτῷ

420 4960 609 5026 σοφία,
637 4961 731 5012 καὶ
758 4962 983 5034 δύναμις
1004 4991 1027 5026 ,·
1049 4965 1145 5017 καὶ
1173 4965 1458 5038 χαρακτὴρ
1477 5005 1493 5032 ,
1517 4968 1611 5021 καὶ
1638 4967 1997 5038 ἀπαύγασμα,

418 5051 521 5103 καὶ
551 5050 715 5105 εἰκὼν
742 5053 1003 5126 ὑπάρχων
1035 5056 1222 5110 αὑτοῦ.
1245 5057 1357 5111 Καὶ
1403 5059 1451 5111 εἰ
1483 5057 1672 5129 χρόνος
1700 5052 1770 5128 ἦν
1802 5057 1998 5122 οὐδεὶς,

410 5143 511 5201 ὅτε
536 5143 708 5212 Λόγου
737 5145 908 5216 χωρὶς
928 5185 943 5209 ,
972 5147 1067 5201 καὶ
1110 5148 1302 5217 σοφίας
1321 5189 1335 5214 ,
1363 5150 1457 5203 καὶ
1489 5150 1836 5221 χαρακτῆρος
1858 5188 1873 5212 ,
1906 5151 2001 5203 καὶ

417 5232 855 5307 ἀπαυγάσματος
904 5233 973 5308 ἦν
1027 5241 1055 5292 6
1088 5241 1308 5314 Πατήρ·
1362 5241 1573 5311 ἀνάγκη
1616 5240 1997 5312 συνομολογεῖν

415 5319 591 5375 ἀΐδιον
623 5324 890 5398 ὑπάρχειν
926 5329 1017 5385 τὸν
1056 5331 1185 5385 Υἱὺν
1209 5373 1223 5397 ,
1271 5331 1331 5395 6;
1372 5332 1546 5386 ταυτά
1577 5334 1693 5386 ἐστι
1725 5331 1806 5404 τῷ
1844 5333 2001 5404 ἀϊδίῳ

419 5412 622 5478 “arpi.
653 5416 780 5479 Πῶς
804 5420 915 5490 γὰρ
946 5421 1082 5484 ὅλως
1112 5423 1229 5475 ἐστὶ
1260 5424 1567 5495 χαρακτὴρ,
1602 5426 1719 5490 πῶς
1752 5414 1809 5479 δέ
1834 5424 1996 5478 εἰκὼν

414 5502 656 5575 ἀκριϐὴς
680 5545 694 5571 ,
730 5508 779 5560 εἰ
831 5509 907 5581 μὴ
948 5513 1083 5582 πρὸς
1125 5514 1302 5566 ἐκεῖνο
1343 5518 1772 5588 μεμορφωμένος
1804 5520 1995 5589 ὁρᾶται

495 5611 546 5647 ⁸³
584 5613 689 5671 ιω.
733 5632 855 5685 Lm,
889 5620 941 5677 8.
1108 5621 1252 5683 Psal.
1293 5638 1364 5692 cr,
1406 5624 1499 5682 28.
1554 5628 1621 5709 η¹τ
1652 5624 1809 5682 Joau.
1837 5644 1942 5698 xxv,
1975 5627 2025 5683 ϐ.

2104 3138 2295 3208 [igitur
2332 3136 2648 3193 nullatenus
2677 3150 2875 3206 capere
2906 3136 3035 3192 licet
3079 3135 3147 3190 de
3187 3131 3508 3206 Unigenito.
3544 3132 3683 3187 Nam

2104 3244 2231 3285 curn
2291 3229 2363 3284 sit
2417 3236 2545 3284 ante
2592 3243 2756 3283 omne
2803 3234 3021 3297 tempus
3070 3232 3126 3281 et
3176 3226 3395 3281 saeculis
3443 3224 3684 3296 priorem

2104 3322 2488 3378 exsistentiam
2542 3321 2763 3386 habeat,
2795 3335 2859 3375 ac
2896 3326 3159 3389 praeterea
3211 3318 3686 3389 ﬁnem,attiugero

2104 3424 2306 3468 natura
2333 3412 2519 3467 divina
2547 3410 2766 3468 nesciat
2798 3410 3013 3482 (eodem
3054 3411 3199 3466 enim
3229 3410 3391 3465 modo
3435 3424 3495 3465 se
3534 3424 3684 3465 sem-

2104 3523 2201 3577 per
2232 3504 2475 3575 habebit,
2512 3504 2672 3575 juxta
2713 3503 2849 3560 illud
2893 3502 3242 3559 Psalmistae:
3296 3520 3315 3553 ι
3369 3501 3452 3556 Τυ
3499 3509 3684 3557 autem

2103 3598 2246 3653 idem
2276 3598 2393 3667 ipse
2417 3612 2500 3663 es,
2536 3604 2591 3653 et
2618 3596 2748 3650 anni
2783 3596 2864 3649 tui
2899 3609 3010 3650 non
3056 3593 3315 3650 deﬁcient
3348 3593 3393 3626 "
3424 3592 3497 3664 ι),
3544 3608 3686 3664 quo-

2102 3705 2230 3745 nam
2298 3704 2329 3743 a
2400 3688 2677 3760 principio
2742 3696 2989 3757 tempore
3047 3693 3103 3741 et
3174 3686 3484 3756 quantitate
3544 3683 3683 3739 deli-

2102 3782 2220 3838 nito
2269 3766 2444 3837 Filius
2487 3779 2770 3851 prodibit,
2829 3777 2924 3848 qui
2975 3776 3046 3830 ad
3093 3776 3255 3831 ﬁnem
3310 3776 3536 3831 tendere
3586 3791 3686 3831 ne-

2104 3872 2230 3935 scit,
2264 3879 2455 3940 utpote
2479 3868 2788 3925 secundum
2825 3875 3082 3921 naturam
3114 3865 3389 3923 exsistens
3418 3867 3580 3932 Deus,
3618 3883 3684 3923 ac

2102 3967 2395 4031 propterea
2453 3959 2732 4014 clamans:
2774 3974 2794 4007 ι
2834 3954 2946 4027 Ego
2989 3970 3113 4011 sum
3143 3955 3257 4011 vita
3282 3956 3371 4010 "2
3411 3977 3429 4009 ι
3463 3955 3683 4012 Princi-

2103 4050 2253 4119 pium
2286 4050 2433 4104 enim
2465 4048 2524 4103 in
2556 4063 2618 4103 se
2651 4047 2974 4118 neutiquam
3015 4046 3358 4117 intelligetur
3390 4061 3530 4111 esse,
3581 4061 3683 4101 nec

2103 4140 2171 4195 ad
2200 4139 2367 4195 linem
2400 4154 2560 4195 suum
2586 4140 2885 4211 respicere,
2911 4152 3037 4191 cum
3068 4136 3401 4206 principium
3427 4145 3681 4206 respectu
3717 4166 3725 4190 τ

2104 4230 2174 4285 ad
2204 4230 2389 4294 tinem,
2420 4220 2617 4283 rursus
2663 4237 2847 4282 autem
2883 4225 3010 4279 ﬁnis
3045 4237 3305 4295 respectu
3356 4228 3422 4281 ad
3473 4230 3684 4297 princi-

2103 4321 2255 4392 pium
2285 4326 2656 4390 nuncupetur.
2680 4316 3022 4387 Principium
3043 4332 3176 4373 vero
3201 4317 3291 4373 hic
3322 4333 3520 4375 rursus
3544 4329 3687 4376 tenta

2102 4416 2276 4487 poris,
2314 4406 2434 4471 sive
2479 4412 2844 4485 quantitatem
2894 4413 3295 4485 signiﬁcamus.
3346 4413 3482 4468 Cum
3517 4416 3685 4487 igitur

2100 4505 2237 4577 ipsis
2263 4504 2430 4560 etiam
2470 4502 2686 4560 saeculis
2714 4501 2996 4573 antiquior
3023 4502 3097 4557 sit
3120 4500 3315 4568 Filius,
3348 4503 3406 4558 in
3434 4513 3684 4573 tempore

2101 4599 2322 4671 genitus
2347 4611 2469 4653 esse
2499 4610 2608 4652 non
2635 4595 2861 4667 poterit,
2895 4595 2989 4651 sed
3030 4604 3149 4651 erat
3183 4612 3404 4668 semper
3430 4599 3486 4653 in
3516 4597 3683 4655 Patre

2102 4693 2250 4748 velut
2282 4691 2336 4744 in
2370 4689 2541 4753 fonte,
2571 4689 2732 4744 sicuti
2764 4688 2835 4743 ab
2863 4689 2983 4757 ipso
3017 4689 3225 4744 dictum
3256 4699 3374 4744 est:
3410 4707 3430 4742 ι
3468 4693 3581 4762 Ego
3613 4708 3681 4747 ex

2104 4784 2265 4838 Patre
2294 4782 2439 4837 exivi
2470 4790 2523 4835 et
2556 4780 2680 4835 veni
2714 4779 2780 4832 ³⁸.
2817 4800 2836 4831 ι
2894 4779 3032 4835 Cum
3061 4796 3193 4851 ergo
3222 4780 3389 4836 Pater
3428 4782 3553 4838 fons
3591 4784 3680 4836 in-

2106 4873 2405 4943 telligatur,
2436 4876 2556 4923 erat
2588 4868 2827 4924 Verbum
2870 4869 2926 4923 in
2958 4869 3105 4939 ipso,
3141 4870 3433 4940 sapientia,
3482 4879 3536 4925 et
3565 4872 3681 4925 vir-

2104 4972 2220 5028 tus,
2260 4972 2316 5019 et
2355 4962 2667 5026 character,
2696 4970 2750 5015 et
2782 4961 3065 5031 splendor,
3099 4970 3155 5016 et
3196 4962 3377 5031 imago
3417 4960 3539 5029 ejus
3585 4959 3684 5016 ex:

2105 5058 2330 5113 sistens.
2363 5055 2466 5125 12
2499 5053 2567 5108 Et
2597 5053 2646 5109 si
2676 5061 2890 5124 tempus
2920 5053 3127 5109 nullum
3159 5062 3277 5108 erat
3301 5052 3522 5122 quando
3554 5054 3681 5110 abs-

2104 5164 2212 5219 que
2260 5145 2465 5212 Verbo,
2502 5156 2557 5201 et
2604 5144 2896 5215 sapientia,
2922 5152 2977 5198 et
3007 5142 3351 5208 charactere,
3392 5150 3445 5197 et
3494 5143 3681 5216 splen-

2105 5240 2239 5293 dore
2281 5244 2400 5291 erat
2428 5235 2613 5296 Pater,
2645 5234 2807 5289 simul
2834 5233 2995 5287 etiam
3028 5231 3189 5286 fateri
3222 5246 3451 5288 necesse
3493 5245 3579 5290 est
3606 5251 3680 5291 re-

2104 5339 2319 5386 ternum
2372 5342 2495 5383 esse
2536 5325 2768 5391 Filium,
2809 5324 2903 5394 qui
2955 5322 3144 5378 eadem
3182 5331 3268 5380 cst
3313 5340 3437 5379 cum
3471 5337 3680 5383 :eterno

2106 5422 2286 5477 Patre.
2334 5417 2622 5485 Quomodo
2668 5415 2840 5482 enim,
2876 5416 3092 5481 amabo,
3127 5415 3419 5473 character
3442 5427 3549 5485 est,
3583 5427 3681 5475 aut

2106 5513 2379 5585 quomodo
2406 5521 2597 5566 exacta
2633 5510 2832 5581 imago,
2870 5510 2974 5564 nisi
3023 5510 3090 5565 ad
3120 5510 3269 5565 illam
3307 5511 3676 5581 pulchritudi-

2108 5629 2153 5661 ²⁶¹
2180 5627 2338 5683 Joau.
2367 5641 2480 5693 va,
2510 5622 2605 5682 28.
