4072 6210
363 287 431 341 27
722 292 723 295 ‘
1361 289 1437 346 s..
1461 285 1735 345 CYRlLLl
1785 256 1943 340 ALEJ

2044 273 2262 346 totum
2299 289 2623 362 Αιιςυιιῑιδ.
3551 296 3625 353 as

365 414 489 455 nem
537 394 835 470 expressus
882 400 1140 458 videatur
1172 401 1333 471 cujus
1370 401 1533 456 etiam
1585 409 1669 455 est
1723 399 1941 470 imago?

2044 399 2100 454 τὸ
2131 401 2360 468 κάλλος,
2395 395 2457 458 οὗ
2508 405 2601 458 καὶ
2631 403 2778 457 ἐστιν
2829 404 3028 472 εἰκών,
3073 403 3350 476 Ἀδικήσει
3386 407 3445 460 δὲ
3483 410 3622 475 ὅλως

363 489 509 544 Nihil
533 484 774 547 obstabit
795 504 982 562 porro,
1010 493 1159 564 quod
1180 491 1381 547 Filium
1406 492 1461 546 in
1492 490 1651 547 Patre
1678 498 1939 561 tanquam

363 575 421 631 in
453 573 606 633 fonte
639 589 761 634 esse
800 578 1182 652 intelligimus.
1229 579 1442 636 Nomen
1471 578 1645 637 fontis
1671 580 1819 634 enim
1850 578 1940 634 hic

365 660 565 732 solum,
600 667 655 723 id
686 683 756 725 ex
783 684 914 741 quo,
948 672 1243 744 significat.
1302 671 1400 729 Est
1438 681 1623 727 autem
1671 669 1843 727 Filius
1881 671 1938 726 in

364 756 547 825 Patre,
592 767 646 814 et
690 772 759 816 ex
788 760 973 826 Patre,
1022 777 1135 818 non
1163 763 1536 827 extrinsecus,
1579 768 1673 816 aut
1706 761 1762 816 in
1796 768 1938 818 tem-

364 865 498 920 pore
534 853 773 923 genitus,
816 853 914 910 sed
963 855 1021 910 in
1068 849 1249 912 Patris
1284 857 1564 917 exsistens
1599 856 1934 922 substantia,

362 950 417 995 et
456 956 525 996 ex
578 943 697 1013 ipsa
746 944 1037 1016 effulgens,
1072 947 1224 1002 velut
1262 962 1329 1001 ex
1362 947 1479 1002 sole
1511 947 1798 1017 splendor,
1824 959 1938 1003 -aut

364 1041 627 1102 tanquam
661 1034 741 1089 ab
788 1034 913 1105 igne
961 1036 1184 1091 innatus
1233 1036 1283 1091 ei
1333 1036 1505 1090 calor.
1556 1034 1615 1090 ln
1664 1036 1753 1092 his
1789 1037 1936 1091 enim

361 1125 630 1194 exemplis
676 1136 844 1180 unum
896 1128 1119 1196 quidem
1148 1142 1211 1183 ex
1246 1127 1356 1181 alio
1380 1137 1711 1200 prognatum
1752 1128 1939 1183 ridere

362 1223 467 1278 cst,
502 1225 880 1272 verumtamen
920 1222 1137 1287 Semper
1182 1219 1551 1283 coexsistens,
1580 1227 1634 1274 et
1662 1220 1939 1288 insepara-

361 1309 548 1364 biliter
577 1310 830 1376 insitum,
864 1310 940 1365 ita
988 1318 1049 1365 ut
1093 1304 1305 1381 absque
1350 1313 1524 1367 altero
1557 1313 1790 1368 alterum
1839 1326 1939 1383 per

361 1413 422 1454 se
471 1408 706 1470 nequeat
743 1416 886 1466 esse,
918 1408 978 1456 ‘et
1024 1415 1207 1457 veram
1246 1414 1360 1458 sua:
1406 1409 1617 1461 naturae
1668 1404 1937 1458 rationem

362 1489 621 1571 retinere.
649 1490 938 1556 Quomodo
963 1492 1105 1547 enim
1138 1493 1356 1548 demum
1391 1493 1472 1549 sol
1503 1494 1629 1558 erit,
1660 1494 1704 1550 si
1756 1493 1939 1566 splen-

360 1579 495 1636 dore
533 1582 605 1635 sit
635 1582 956 1651 destitutus,
996 1590 1091 1638 aut
1119 1586 1397 1654 quomodo
1434 1585 1714 1656 splendor,
1746 1583 1794 1642 si
1823 1602 1935 1642 non

355 1672 433 1725 sit
466 1672 549 1728 sol
581 1687 612 1726 a
647 1688 761 1743 quo
789 1674 1143 1731 illustretur?
1186 1676 1485 1743 Quomodo
1525 1691 1658 1733 vero
1686 1678 1853 1748 ignis,
1886 1679 1933 1733 si

360 1763 716 1819 calefaciendi
748 1767 949 1822 virtute
977 1768 1198 1823 careat?
1229 1767 1387 1825 Unde
1412 1778 1597 1826 autem
1621 1770 1793 1838 calor,
1827 1769 1935 1825 nisi

358 1869 426 1911 ex
455 1855 598 1924 igne.
638 1865 732 1910 aut
760 1857 829 1912 ab
866 1858 970 1913 alia
1011 1862 1246 1931 quadam
1278 1875 1338 1916 re
1371 1875 1492 1931 quae
1525 1876 1553 1916 a
1584 1860 1937 1918 substantiali

360 1947 628 2016 qualitate
656 1948 801 2018 ignis
840 1949 987 2005 haud
1020 1952 1212 2023 procul
1251 1953 1437 2009 absit?
1461 1953 1934 2020 Quemadmodum

362 2036 533 2107 igitur
569 2037 625 2092 in
650 2038 759 2105 bis,
791 2039 938 2110 quod
965 2043 1127 2097 simul
1166 2044 1438 2100 exsistant
1468 2059 1533 2099 ea
1559 2059 1681 2114 quae
1708 2050 1839 2098 sunt
1868 2059 1936 2099 ex

361 2127 523 2197 ipsis,
556 2138 747 2184 eorum
799 2132 1196 2188 coexsistentia
1224 2149 1341 2189 non
1392 2135 1624 2199 tollitur,
1657 2133 1752 2190 sed
1790 2133 1938 2205 quod

361 2232 579 2289 semper
603 2228 943 2276 concurrant
977 2238 1102 2278 cum
1130 2226 1556 2295 productoribus
1585 2226 1724 2290 suis,
1759 2227 1936 2295 palam

362 2308 423 2363 ﬁt
466 2325 593 2366 esse
629 2313 892 2382 producta
938 2321 994 2371 ct
1028 2331 1191 2371 unam
1228 2332 1351 2373 cum
1381 2318 1517 2388 ipsis
1542 2319 1744 2374 habere
1773 2326 1937 2373 natu-

361 2416 478 2456 ram
508 2417 521 2453 :
558 2403 632 2457 ita
669 2420 890 2476 quoque
933 2407 989 2462 in
1021 2406 1189 2475 Filio;
1224 2409 1351 2464 licet
1399 2410 1545 2465 enim
1603 2410 1659 2463 in
1692 2409 1853 2464 Patre
1882 2416 1938 2465 et

360 2508 428 2549 ex
468 2493 634 2550 Patre
676 2498 1019 2569 intelligatur
1052 2516 1115 2555 ac
1145 2499 1385 2566 dicatur,
1442 2516 1554 2555 non
1588 2501 1803 2556 alienus
1840 2514 1938 2556 no-

359 2585 445 2641 bis
485 2594 581 2639 aut
625 2598 905 2655 externus,
942 2598 1038 2644 ant
1085 2598 1348 2662 tanquam
1385 2591 1453 2647 ab
1494 2593 1615 2662 ipso
1659 2593 1937 2648 secundus

360 2677 623 2749 prodibit,
664 2680 763 2735 sed
794 2682 1077 2739 exsistens
1106 2683 1165 2738 in
1210 2685 1353 2754 ipso,
1386 2690 1442 2739 et
1475 2698 1694 2753 semper
1720 2685 1937 2739 coexsi-

361 2778 535 2835 stens,
569 2778 622 2827 et
660 2787 729 2826 ex
778 2773 898 2842 ipso
936 2772 1207 2844 etfulgens
1257 2774 1561 2829 secundum
1608 2774 1937 2830 ineffabilem

360 2861 561 2917 divinae
592 2864 970 2934 generationis
1001 2864 1242 2920 modum.
1294 2865 1453 2932 Quod
1501 2874 1681 2922 autem
1709 2869 1872 2922 etiam
1906 2882 1938 2922 a
1990 2906 1995 2912 -

361 2954 571 3008 sanctis
615 2953 757 3009 Deus
797 2962 852 3009 et
881 2953 1044 3010 Pater
1087 2967 1353 3026 tanquam
1384 2953 1722 3030 principium
1758 2960 1934 3015 solum

360 3059 426 3097 ex
467 3058 578 3113 quo
631 3041 752 3097 Filii
788 3044 1028 3109 dicatur,
1059 3046 1186 3100 audi
1224 3046 1578 3103 Psalmistam
1627 3049 1933 3105 secundum
1963 3063 2005 3120 (ι

363 3134 539 3187 nostri
572 3133 886 3192 Servatoris
938 3135 1230 3191 adventum
1269 3140 1750 3208 prmnnntiantem,
1784 3148 1839 3197 et
1868 3142 1937 3195 ad

280 3233 308 3253 λ’
364 3227 543 3295 ipsum
604 3225 799 3299 Filium
849 3227 1163 3285 dicentem:
1203 3248 1222 3281 ι
1257 3229 1463 3286 Tecum
1511 3232 1839 3304 principium
1879 3232 1936 3289 in

362 3320 453 3375 die
517 3319 738 3376 virtutis
789 3328 938 3387 ture,
1000 3320 1057 3376 in
1107 3321 1399 3391 splendore
1451 3332 1766 3379 sanctorum
1815 3334 1939 3380 tuo-

366 3426 488 3464 rum
517 3414 583 3467 ".
619 3430 638 3464 ι
690 3410 816 3468 Dies
850 3412 996 3466 enim
1042 3413 1266 3468 virtutis
1300 3412 1421 3468 Filii
1455 3430 1517 3469 ea
1546 3422 1650 3479 est,
1685 3431 1790 3486 qua
1817 3416 1941 3471 uni-

363 3516 587 3558 versum
623 3501 810 3558 orbem
858 3501 1208 3571 judicaturus
1236 3509 1343 3571 est,
1377 3510 1432 3559 et
1462 3505 1767 3576 unicuique
1798 3520 1940 3560 mer-

365 3592 553 3647 cedem
607 3591 915 3648 secuudum
966 3605 1135 3662 Opera
1196 3605 1293 3647 sua
1351 3593 1692 3650 redditurus.
1747 3594 1941 3649 Veniet

366 3692 549 3738 autem
598 3684 829 3738 omnino
881 3683 1048 3739 etiam
1095 3683 1215 3753 ipse
1260 3684 1540 3741 exsistens
1585 3686 1638 3740 in
1674 3687 1854 3752 Patre,
1886 3692 1941 3739 et

366 3774 574 3830 habens
619 3775 673 3828 in
727 3774 912 3843 seipso
964 3771 1208 3835 Patrem,
1258 3786 1373 3827 sua:
1408 3780 1622 3828 natura;
1668 3773 1941 3843 quodam-

367 3864 527 3920 modo
562 3865 816 3937 principii
848 3878 1045 3935 expers
1092 3863 1450 3933 principium,
1485 3864 1701 3920 scilicet
1728 3880 1793 3919 ex
1825 3878 1935 3935 quo

367 3956 658 4019 duntaxat,
692 3965 981 4027 propterea
1007 3953 1156 4027 quod
1183 3962 1267 4011 est
1292 3968 1359 4009 ex
1387 3952 1567 4010 Patre.

584 4068 686 4139 13
727 4069 773 4133 ι,
813 4066 867 4121 1.
910 4066 979 4121 In
1015 4042 1275 4139 prirw'pio
1324 4073 1441 4119 erat
1486 4063 1730 4120 Verbum.

442 4158 708 4229 Principii
737 4158 805 4214 de
838 4173 950 4230 quo
984 4156 1076 4248 hi5:
1113 4144 1432 4227 Quaerimus,
1471 4156 1655 4210 multae
1687 4171 1751 4211 ac
1782 4157 1947 4211 variae

371 4249 798 4315 signiﬁcationes
819 4264 877 4304 se
908 4243 1071 4302 nobis
1093 4244 1333 4300 oll'erunt
1364 4243 1607 4313 undique
1633 4259 1756 4313 quae
1786 4244 1944 4298 utilia

369 4343 485 4399 sint
522 4333 1006 4410 investigantibﬁs,
1036 4346 1091 4393 et
1131 4322 1339 4393 canum'
1366 4336 1539 4391 instar
1572 4352 1759 4392 veram
1800 4337 1945 4393 divi-

371 4447 567 4489 norum
593 4430 914 4502 dogmatum
945 4420 1517 4500 comprehensionem,
1542 4435 1598 4484 et
1622 4428 1941 4483 accuratam

2049 4415 2409 4479 συντείνοντα,

371 4520 759 4593 mysteriorum
780 4519 1050 4574 rationem
1068 4516 1454 4590 indagantibus
1475 4537 1489 4573 :
1514 4536 1531 4568 ι
1556 4510 1897 4572 Scrutamini
1920 4536 1939 4569 ι

372 4615 519 4671 cnim
553 4632 572 4665 ‹
606 4620 832 4668 sanctas
878 4609 1191 4682 Scripturas
1211 4649 1227 4676 ,
1258 4630 1278 4663 ι
1310 4611 1515 4667 alicubi
1567 4608 1821 4664 Salvator
1847 4609 1947 4672 ait,

378 4724 398 4759 ι
430 4706 561 4777 quia
591 4719 688 4760 vos
722 4702 928 4776 putatis
953 4702 1009 4757 in
1040 4703 1175 4773 ipsis
1200 4702 1370 4757 vitam
1402 4700 1666 4757 aeternam
1698 4698 1901 4753 habere
1931 4718 1945 4753 :

372 4806 428 4853 ct
454 4798 559 4852 illae
594 4803 723 4852 sunt
752 4810 874 4867 quae
896 4794 1275 4851 testimonium
1306 4793 1596 4864 perhibent
1624 4789 1692 4844 de
1723 4804 1811 4844 me
1830 4788 1899 4844 ‘°.
1927 4807 1945 4840 ι

372 4888 607 4944 Videtur
637 4887 824 4958 itaque
857 4886 1054 4942 beatus
1084 4883 1423 4956 evangelista
1454 4879 1710 4953 principii
1732 4877 1955 4933 nomine

374 4981 468 5037 hic
511 4986 837 5061 potestatem
887 4992 1058 5048 supra
1097 4975 1281 5031 omnia
1330 4974 1570 5043 positam
1622 4970 1953 5042 signiﬁcare,

375 5075 592 5133 Patrem
649 5074 946 5137 nimirum,
1008 5078 1069 5125 ut
1119 5076 1175 5125 et
1228 5082 1394 5137 supra
1449 5063 1635 5119 omnia
1688 5063 1955 5117 collocata

374 5176 570 5221 natura
600 5163 785 5218 divina
819 5167 1115 5232 appareat,
1145 5172 1268 5227 qua:
1309 5153 1678 5225 quodcunque
1709 5160 1954 5208 creatum

375 5263 462 5313 est
498 5256 603 5311 sub
653 5254 888 5326 pedibus
924 5251 1117 5316 habet,
1154 5254 1208 5303 et
1250 5245 1414 5300 rebus
1470 5258 1501 5296 a
1546 5259 1607 5299 se
1659 5243 1715 5297 in
1769 5257 1956 5299 rerum

378 5358 633 5404 naturam
662 5346 829 5402 editis
868 5339 1266 5414 propemodum
1307 5335 1527 5392 insidet.
1566 5336 1626 5389 In
1661 5335 1766 5389 hoc
1792 5334 1959 5404 igitur

380 5438 651 5511 principio
685 5436 832 5507 quod
867 5442 953 5490 est
984 5433 1040 5488 in
1071 5446 1264 5489 omnes
1294 5438 1349 5484 ct
1393 5442 1561 5498 supra
1593 5443 1809 5491 omnes,
1841 5433 1959 5481 erat

387 5529 642 5596 Verbum,
670 5543 779 5584 non
820 5539 945 5581 cum
981 5523 1239 5579 omnibus
1278 5522 1386 5578 sub
1422 5519 1652 5591 pedibus
1684 5519 1826 5591 ejus,
1861 5519 1955 5593 sed

462 5708 507 5745 "
545 5704 692 5764 Psal.
722 5718 847 5773 clx,
879 5700 933 5758 5.
1013 5700 1056 5733 ³ο
1090 5697 1254 5755 Joan.
1290 5713 1338 5766 ν,
1365 5697 1454 5755 39.

978 5778 1035 5785 ——-.

2041 492 2212 557 οὑδὲν,
2246 494 2308 547 τὸ
2354 494 2430 558 ὡς
2459 496 2518 549 ὲν
2548 497 2700 567 πηγῇ
2716 493 2795 565 τῷ
2832 493 3005 565 Πατρὶ
3050 493 3143 548 τὸν
3184 495 3309 548 Υἱὺν
3354 496 3623 570 ὑπάρχειν

2041 584 2239 638 ἐννοεῖν
2258 601 2273 615 ⁸
2303 586 2461 655 μόνον
2489 587 2596 658 γάρ
2622 587 2705 652 τὸ,
2740 587 2800 652 ἐξ
2817 581 2902 652 οὗ,
2927 587 2992 639 τὸ
3016 588 3117 658 τῆς
3136 576 3320 656 πηγῆς,
3341 589 3398 643 ἐν
3413 589 3623 657 τούτοις
3728 659 3739 665 ,

2039 673 2209 745 ὄνομα
2242 677 2516 747 σημαίνει.
2553 679 2708 732 Ἔστι
2734 678 2792 740 δὲ
2841 679 2869 731 ό
2926 676 3055 742 Υἱὸς
3108 678 3166 732 ὲν
3199 679 3374 751 Πατρὶ
3420 680 3515 735 καὶ
3557 684 3624 738 ὲκ

2039 767 2255 839 Πατρός
2275 808 2289 832 ,
2339 768 2439 822 οὑκ
2479 767 2676 832 ἔξωθεν
2724 768 2757 840 ἦ
2808 769 2867 821 ὲν
2899 768 3080 839 χρόνῳ
3114 768 3352 836 γεγονὼς
3371 811 3387 837 ,
3419 770 3535 825 ἀλλ’
3563 774 3623 826 ὲν

2038 862 2103 931 τῇ
2130 860 2224 913 τοῦ
2254 861 2465 932 Πατρὺς
2496 861 2759 932 ὑπάρχων
2790 859 2950 930 οὑσίᾳ
2969 901 2985 926 ,
3014 861 3110 914 καὶ
3161 859 3222 925 ἐξ
3273 862 3447 931 αὐτῆς
3492 864 3622 918 ἀνα-

2039 950 2264 1021 λάμψας
2289 989 2304 1014 ,
2342 950 2529 1022 ὥσπερ
2562 951 2621 1017 ἐξ
2653 949 2806 1022 ἡλίου
2839 950 3000 1020 τυχὸν
3050 950 3112 1003 τὸ
3143 950 3487 1022 ἀπαύγασμα
3517 954 3619 1007 αὑ-

2037 1042 2199 1113 τοῦ,ἢ
2224 1041 2474 1114 καθάπερ
2495 1044 2558 1096 ἐκ
2588 1042 2758 1113 πυρὸς
2787 1043 2819 1111 ἡ
2847 1041 3084 1111 ἔμφυτος
3116 1042 3283 1096 αὑτοῦ
3327 1042 3616 1114 θερμότης.
3640 1086 3655 1117 ,ι

2051 1132 2143 1185 Ἐν
2167 1131 2276 1203 γὰρ
2301 1136 2412 1196 τοῖς
2437 1133 2699 1196 τοιούτοις
2732 1130 3190 1201 παραδείγμασιν,
3210 1132 3268 1185 ἓν
3298 1133 3393 1203 μὲν
3415 1134 3473 1198 ἐξ
3502 1137 3619 1199 ἑνὸς

2038 1220 2378 1293 γεννώμενον
2422 1222 2626 1277 ἔνεστιν
2660 1221 2785 1275 ίδείν
2804 1261 2819 1287 ,
2851 1221 2936 1274 ἀεὶ
2962 1220 3005 1272 δ’
3027 1216 3119 1274 οὖν
3164 1221 3311 1291 ὅμως
3345 1216 3619 1294 συνυπάρ-

2038 1330 2150 1383 χον,
2183 1313 2276 1367 καὶ
2306 1314 2627 1385 ἀχωρίστους
2654 1310 2853 1385 προσὸν
2876 1350 2892 1374 ,
2920 1312 2995 1375 ὡς
3027 1312 3150 1382 δίχα
3178 1312 3269 1366 τοῦ
3319 1315 3509 1385 ἑτέρου
3538 1314 3612 1386 μὴ

2038 1401 2173 1458 εἷναι
2198 1404 2455 1458 δύνασθαι
2484 1404 2605 1457 καθ’
2636 1402 2794 1457 ἑαυτὸ
2846 1403 2908 1456 τὸ
2945 1402 3155 1473 ἕτερον,
3200 1403 3295 1455 καὶ
3331 1403 3613 1467 διασώζειν

2037 1495 2209 1567 ἀληθῆ
2240 1495 2330 1548 τὸν
2358 1496 2457 1565 τῆς
2493 1495 2701 1558 οίκείας
2730 1494 2944 1563 φύσεως
2976 1493 3151 1561 λόγον.
3190 1492 3316 1557 Πῶς
3340 1493 3450 1564 γὰρ
3477 1494 3612 1558 ὅλως

2036 1587 2186 1658 ἥλιος
2209 1586 2309 1640 οὑκ
2350 1586 2488 1658 ἔχων
2518 1586 2861 1655 ἀπαύγασμα
2890 1602 2905 1651 ;
2940 1584 2972 1655 ἢ
3006 1585 3123 1648 πῶς
3148 1583 3489 1654 ἀπαύγασμα
3534 1584 3613 1654 μὴ

2036 1677 2188 1740 ὄντος
2234 1677 2385 1746 ἡλίου
2434 1676 2530 1730 τοῦ
2587 1676 2998 1745 ἀπαυγάζοντος
3048 1675 3209 1741 αὑτός
3269 1676 3393 1740 Πῶς
3427 1676 3485 1730 δὲ
3519 1676 3615 1731 καὶ

2037 1768 2171 1840 πῦρ,
2199 1771 2245 1822 εί
2269 1769 2329 1822 τὸ
2358 1768 2672 1839 θερμαίνειν
2699 1768 2801 1822 οὑκ
2835 1768 2980 1838 ἔχεις
3018 1767 3178 1823 πόθεν
3220 1767 3277 1820 δὲ
3304 1768 3363 1821 τὸ
3389 1767 3611 1839 θερμὸν,

2037 1860 2087 1912 εί
2117 1858 2192 1930 μὴ
2218 1861 2282 1912 ὲκ
2309 1859 2481 1929 πυρὸς
2508 1898 2523 1924 ,
2553 1859 2586 1929 ἢ
2622 1858 2775 1930 παρά
2802 1872 2943 1921 τινος
2965 1856 3150 1929 ἐτέρου
3175 1856 3355 1926 τυχὸν,
3387 1857 3487 1926 τῆς
3514 1856 3609 1910 τοῦ

2039 1953 2209 2023 πυρὸς
2234 1949 2526 2015 οὑσιὼδους
2550 1950 2834 2021 ποιότητος
2863 1949 2923 2002 οὑ
2950 1948 3166 2019 μακράν
3195 1963 3295 1999 που
3325 1945 3580 2016 κειμένου
3597 1963 3612 2012 ;

2039 2042 2250 2113 Ὠσπερ
2276 2037 2369 2095 οὖν
2399 2043 2457 2095 ὲν
2492 2041 2722 2105 τούτοις,
2752 2039 2814 2092 τὸ
2842 2039 3165 2109 ἐνυπάρχειν
3216 2036 3283 2091 τὰ
3306 2036 3382 2102 ὲξν
3414 2035 3611 2103 αὑτῶν,

2036 2133 2138 2187 οὐκ
2186 2133 2399 2203 ἀναιρεῖ
2444 2131 2542 2202 τὴν
2603 2129 2979 2199 συνύπαρξιν,
3016 2128 3103 2182 ἀεὶ
3148 2126 3207 2179 δὲ
3254 2118 3641 2201 συντρέχοντω

2035 2224 2149 2285 τοῖς
2173 2219 2402 2290 γεννῶσι
2430 2217 2668 2273 δεικνύει
2723 2217 2793 2270 τὰ
2830 2214 3148 2286 γεννώμενα
3173 2254 3187 2278 ,
3216 2212 3310 2267 καὶ
3365 2208 3494 2281 μίαν
3541 2211 3618 2274 ὡς

2039 2313 2175 2383 πρὸς
2207 2310 2348 2365 αὐτὰ
2402 2312 2502 2382 τὴν
2533 2310 2693 2380 φύσιν
2742 2306 3143 2377 κληρωσάμενα
3168 2320 3182 2335 ο
3215 2301 3359 2355 οὕτω
3394 2300 3487 2354 καὶ
3529 2301 3611 2369 ἐφ’

2039 2402 2193 2457 Υίοῦ.
2225 2401 2343 2456 Κᾶν
2390 2402 2498 2471 γὰρ
2526 2403 2585 2453 ὲν
2634 2398 2811 2469 Πατρὶ
2840 2397 2933 2449 καὶ
2973 2396 3037 2446 ἐκ
3066 2392 3280 2464 Πατρὸς
3308 2389 3496 2463 νοῆται
3523 2387 3616 2442 καὶ

2036 2493 2299 2563 λέγηται,
2332 2493 2432 2545 οὑκ
2482 2489 2711 2558 ἐκφυλος
2740 2488 2871 2558 ἡμῖν
2918 2484 3015 2538 καὶ⁹
3074 2483 3257 2550 ξένος,
3289 2480 3324 2551 ἢ
3374 2480 3452 2543 ὡς
3500 2477 3614 2550 μετ’

2037 2583 2199 2637 αὑτὸν
2226 2582 2475 2651 δεύτερος
2516 2578 2828 2648 είσϐήσεται
2852 2615 2867 2638 ,
2910 2574 3026 2628 ἀλλ’
3060 2571 3135 2627 ὢν
3185 2573 3244 2626 ἐν
3296 2570 3482 2641 αὐτῷ,
3521 2568 3617 2623 καὶ

2040 2672 2396 2745 συνυπάρχων
2422 2671 2525 2733 ἀεὶ,
2567 2670 2660 2722 καὶ
2706 2668 2766 2733 ἐξ
2816 2664 2981 2721 αὑτοῦ
3028 2663 3323 2735 πεφηνὼς,
3353 2659 3496 2716 κατά
3525 2659 3617 2713 τὸν

2038 2766 2276 2839 ἄρρητον
2306 2764 2404 2834 τῆς
2435 2762 2582 2826 Θείας
2606 2762 2913 2833 γεννήσεως
2941 2757 3163 2830 τρόπον.
3193 2757 3314 2809 Ὅτι
3335 2754 3391 2806 δὲ
3426 2751 3517 2806 καὶ
3540 2749 3615 2814 ὡς

2038 2860 2180 2929 ἀρχὴ
2213 2856 2306 2911 τοῦ
2345 2856 2476 2909 Υἱοῦ
2527 2855 2667 2909 κατά
2715 2853 2875 2923 μόνον
2903 2852 2987 2915 τὸ,
3040 2848 3102 2914 ἐξ
3150 2842 3232 2916 οὗ,
3261 2844 3478 2914 λέγεται
3524 2840 3619 2896 καὶ

2038 2951 2190 3021 παρά
2209 2952 2321 3013 τοῖς
2341 2947 2517 3016 ἀγίοις
2536 2949 2565 3000 ὁ
2591 2945 2723 3008 Θεὸς
2751 2944 2843 2997 καὶ
2871 2941 3081 3013 Πατὴρ,
3106 2937 3272 2994 ἄκουε
3299 2932 3393 2989 τοῦ
3424 2930 3627 3021 Ψαλμς

2038 3020 2176 3110 ῳδοῦ
2227 3038 2325 3108 τὴν
2367 3035 2625 3107 δευτέραν
2675 3032 2771 3088 τοῦ
2801 3032 3054 3103 Σωτῆρος
3097 3024 3259 3098 ἡμῶν
3297 3020 3621 3110 ἐπιφάνειαν

2043 3108 2133 3181 διὰ
2154 3126 2248 3181 τοῦ
2273 3125 2431 3194 ἁγίου
2465 3120 2783 3194 Πνεύματος
2809 3117 3276 3191 προκηρύττοντος
3299 3152 3315 3177 ,
3347 3110 3440 3164 καὶ
3473 3108 3619 3178 πρὸς

2042 3218 2202 3274 αὐτὸν
2238 3215 2491 3286 λέγοντος
2542 3210 2634 3265 τὸν
2682 3209 2845 3263 Υίόν⁶
2913 3228 2930 3260 ι
2967 3204 3123 3261 Μετὰ
3166 3201 3260 3256 σοῦ
3292 3202 3325 3270 ἠ
3370 3198 3512 3269 ἀρχὴ
3554 3198 3630 3286 ἓν.

2043 3308 2226 3380 ἡμέρᾳ
2269 3283 2371 3374 τῆς
2416 3296 2697 3370 δυνάμεώς
2729 3312 2822 3349 σου
2849 3334 2864 3359 ,
2913 3294 2972 3347 ὲν
3016 3295 3084 3364 τῇ
3130 3287 3475 3380 λαμπρότητι
3508 3283 3625 3380 τείν,

2266 3412 2382 3450 σου.
2414 3414 2434 3447 ι
2465 3390 2683 3463 Ἡμέρα
2719 3388 2828 3458 γάρ
2858 3386 3145 3456 δυνάμεως
3185 3381 3278 3436 τοῦ
3316 3378 3469 3471 Υίοῦ,
3498 3374 3619 3471 οιαθ⁹

2043 3464 2111 3565 ἢν
2141 3490 2268 3559 ὃλην
2302 3488 2480 3555 κρινεῖ
2502 3483 2601 3555 τὴν
2630 3478 2981 3551 οἰκουμένην,
3016 3472 3127 3529 καῖ
3145 3470 3468 3565 ἀποδίδωσιν
3495 3464 3620 3565 sitd-

2047 3556 2157 3654 στιρ
2194 3556 2334 3637 κάτά
2365 3578 2437 3633 τὰ
2484 3576 2635 3647 ἔργω
2652 3570 2850 3627 αὐτοῦ’
2885 3570 3005 3641 ἥξει
3045 3568 3102 3620 δὲ
3135 3565 3353 3654 πάντως
3380 3561 3474 3654 καὶ
3500 3556 3623 3654 τότε

2047 3649 2209 3737 αὑτός
2240 3689 2299 3724 τε
2344 3669 2418 3724 ὢν
2452 3669 2509 3722 ὲν
2549 3665 2744 3735 Πατρὶ,
2783 3661 2877 3716 καὶ
2911 3659 3050 3729 ἔχων
3077 3658 3134 3709 ὲν
3171 3651 3349 3721 ἑαυτῷ
3383 3650 3474 3703 τὸν
3511 3649 3623 3700 Πα-

2045 3764 2204 3836 τέρα,
2248 3762 2346 3831 τὴν
2381 3760 2617 3829 ἄναρχον
2646 3754 2744 3824 τῆς
2780 3750 2987 3836 οἰκείας
3038 3746 3266 3836 φύσεως*
3295 3739 3456 3836 οίονεί
3508 3753 3624 3836 πως

2048 3829 2414 3929 ἀρχὴνρκατά
2455 3850 2613 3922 μόνον
2666 3845 2751 3910 τὸ,
2802 3841 2863 3906 ἐξ
2894 3833 2954 3894 οὑ
2977 3876 2992 3903 ,
3022 3836 3115 3890 διὰ
3154 3835 3213 3887 τὸ
3246 3833 3512 3903 ὑπάρχειν
3558 3829 3625 3880 ἐπ

2052 3946 2286 4018 Πατρός.

2493 4049 2593 4103 Ἐγ
2625 4040 2783 4113 ἀρχῇ
2806 4036 2884 4110 ἦν
2908 4038 2941 4091 ὁ
2963 4035 3171 4103 Λόγος.

2120 4148 2215 4209 Εἰς
2242 4140 2441 4202 πολλὰς
2472 4139 2603 4208 ἡμῖν
2636 4134 2730 4188 καὶ
2760 4129 3049 4201 διαφόρους
3076 4121 3283 4184 ἑννοίας
3309 4122 3337 4174 ό
3365 4117 3495 4189 περὶ
3520 4114 3625 4185 τῆς

2053 4236 2237 4293 ἐνθάδε
2272 4226 2674 4302 σημαινομένης
2718 4214 2895 4295 ἀρχῆς
2938 4213 3419 4302 καταποικίλλεται
3445 4209 3626 4302 λόγος,

2054 4299 2386 4395 πανταχόθεν
2441 4316 2711 4388 θηρᾶσθαι
2771 4306 3085 4371 σπουδάζων
3140 4303 3212 4395 τὰ
3248 4302 3341 4395 είς
3367 4299 3631 4395 ὠιρέλειαν

2440 4411 2534 4465 καὶ
2558 4403 2862 4474 κατάληψιν
2894 4397 3068 4468 ἀληθῆ
3107 4393 3215 4447 τῶν
3241 4392 3400 4445 θείων
3428 4389 3632 4459 δογμά-

2050 4526 2182 4573 των,
2235 4507 2331 4561 καὶ
2382 4504 2483 4576 τὴν
2528 4503 2584 4554 ὲν
2619 4500 2729 4561 τοῖς
2781 4488 3098 4565 μυστηρίοις
3141 4482 3426 4576 ἀκρίϐειαν
3472 4478 3632 4576 nove;

2053 4568 2211 4672 δίκην
2274 4568 2604 4669 ίχνηλατῶΨ
2661 4607 2679 4641 ι
2725 4578 3158 4672 Ἐρευνᾶτεξγάρ
3191 4591 3292 4672 που
3329 4572 3430 4672 τὰς
3472 4568 3633 4672 ἀγίας

2054 4658 2327 4762 Γραξοάςίὶ
2376 4658 2540 4753 ιρησὶν
2581 4680 2610 4731 ό
2672 4675 2883 4745 Σωτήρ·
2940 4672 3022 4724 ὅτι
3083 4670 3142 4762 εν
3190 4664 3390 4762 Δαὑταῖς
3435 4658 3628 4762 ,ὑμεῖς

2056 4750 2259 4835 δόκείτε
2287 4750 2672 4856 ζυιηνναίώνιον
2704 4764 2846 4837 ἔχειν
2867 4802 2881 4827 ,
2920 4762 3013 4815 καὶ
3045 4756 3202 4856 αὐταί
3235 4756 3372 4856 εἰσιν
3397 4750 3453 4803 αἱ
3489 4762 3628 4856 μαρ-

2053 4839 2315 4943 τυροῦσαι
2344 4839 2511 4935 ⁷’περὶ
2573 4857 2729 4931 ἐμοῦ.
2766 4876 2785 4909 ι
2826 4855 3013 4909 Ἐοικε
3064 4847 3319 4943 τοίνυν-δ
3367 4839 3634 4943 {taxat-pte;

2056 4930 2652 5031 εὐαγγελιστὴςάρχὴν
2676 4947 2884 5012 ἐνθάδε,
2914 4944 3012 5015 τὴν
3042 4941 3182 4997 κατά
3212 4930 3636 5031 πάντωνῃὲξουῖ

2061 5021 2218 5118 clari;
2235 5050 2379 5105 τοῦτ’
2405 5021 2560 5107 ἔστι,
2589 5044 2679 5097 τὸν
2712 5040 2935 5109 Πατέρα
2976 5035 3285 5107 σημαίνειν·
3324 5027 3413 5082 ἵνα
3440 5024 3506 5094 δὴ
3529 5021 3641 5118 pacati.

2055 5111 2240 5201 Ettiva
2264 5141 2479 5195 πάντων
2506 5138 2538 5207 ἡ
2572 5134 2693 5189 θεία
2719 5131 2975 5203 φαίνηται
3006 5127 3185 5195 φύσις,
3217 5122 3324 5175 πᾶν
3355 5119 3493 5186 ὅπερ
3525 5111 3641 5166 ἐστὶ

2056 5235 2281 5308 γενητὸν
2324 5231 2428 5285 ὑπὸ
2446 5227 2611 5292 πόδας
2630 5225 2854 5296 ἔχουσα,
2876 5217 3153 5293 μονονουχὶ
3180 5214 3274 5267 καὶ
3301 5206 3639 5307 ἐποχουμείνη

2054 5301 2264 5394 τοῖς-δι’
2288 5323 2456 5392 αὐτῆς
2498 5321 2580 5384 είς
2642 5317 2704 5371 τὸ
2753 5311 2893 5369 εἶναι
2924 5306 3306 5376 κεκλημένοις.
3346 5301 3435 5351 Ἐν
3465 5301 3641 5394 ταύτῃ

2063 5387 2350 5492 τοιγαροῦν
2368 5387 2436 5488 τῇ
2469 5415 2634 5486 ἀρχῇ,
2666 5412 2734 5481 τῇ
2761 5405 2903 5461 κατὰ
2930 5393 3269 5492 πάντωνξῖιαὶ
3291 5391 3383 5491 ἐπὶ
3401 5387 3638 5492 gravies;

2062 5469 2652 5588 i;'3"ii,.,,‘;t
2699 5469 2912 5555 πάντων
2950 5490 3053 5547 ὑπὸ
3100 5486 3267 5548 πόδας
3296 5479 3486 5550 αὐτῆς,
3524 5469 3643 5530 ἀλλ’
