4072 6210
470 234 540 297 ,9
1510 239 1578 294 IN
1611 239 1902 298 JOANNIS
1922 241 2025 299 sv.

2122 241 2370 301 GELIUM
2415 202 2543 299 Lua.
2575 242 2615 298 ι.
3640 253 3710 311 5ο

466 353 569 419 ἔξω
592 349 810 404 πάντων
835 347 895 403 ἐν
927 346 1066 418 αὐτῇ
1093 348 1356 416 φυσικῶς,
1398 349 1475 414 ὡς
1507 353 1714 424 καρπὸς
1744 356 2025 420 συναῖδιος.

2140 363 2292 411 extra
2322 358 2506 413 omnia
2537 360 2590 411 in
2621 358 2741 427 ipso
2773 358 3123 427 naturaliter,
3167 374 3270 416 ceu
3318 360 3531 419 fructus
3562 379 3708 420 coae-

463 432 624 497 ίτόπον
647 439 800 493 ὥσπε
809 455 842 510 ρ
858 437 999 509 ἔχων
1023 437 1131 491 τῶν
1174 438 1426 493 ἁπάντων
1448 440 1799 514 ἀρχαιότερον
1827 446 1922 516 τὴν
1944 444 2037 497 τοῦ

462 534 827 603 γεννήσαντος
853 530 1037 601 φύσιν.
1068 531 1159 585 Διὸ
1200 531 1265 603 δὴ
1311 534 1405 587 καὶ
1441 534 1726 607 ἐλεύθερος
1750 538 2037 608 ἐλευθέρου

464 626 674 697 Πατρδς
696 622 981 693 πεφυκὼς,
1009 623 1111 694 τὴν
1142 623 1281 677 κατά
1322 623 1540 679 πάντων
1566 626 1741 697 ἀρχὴν
1773 630 1870 682 σὺν
1891 629 2039 700 αύτῷ

463 717 825 786 κεκτήσεται,’
869 715 969 781 Τίς
1018 709 1112 769 οὖν
1158 715 1269 786 ἄρα
1320 716 1415 769 καὶ
1446 715 1542 768 νῦν
1586 719 1615 770 6
1642 718 1739 787 τῆς
1771 719 1829 773 ὲν
1862 718 2040 790 τούτῳ

464 807 809 877 κατασκευῆς
835 808 1122 877 γενήσεται
1151 806 1327 875 λόγος,
1348 806 1638 863 ἀκόλουθον
1663 809 1911 863 συνιδεῖν.
1930 811 2038 863 Ῥι-

461 896 796 968 ψοκινδύνως
824 896 991 963 τινὲς,
1026 895 1279 967 καθάπερ
1301 895 1512 967 ἔφημεν
1541 899 1600 951 ὲν
1625 901 1738 963 τοῖς
1757 900 2035 972 ἀνωτέρω,

461 986 553 1042 τὸν
574 987 665 1041 τοῦ
693 986 832 1040 Θεοῦ
887 986 1061 1055 Λόγον
1102 985 1224 1040 τότε
1248 985 1312 1056 δὴ
1336 988 1550 1057 πρῶτον
1587 990 1666 1053 εις
1683 988 1748 1043 τὸ
1773 984 1911 1044 εἶναι
1945 1009 2037 1045 κεο

464 1074 688 1149 κλῆσθαι
719 1076 1132 1148 διισχυρίζοντο,
1157 1077 1247 1130 ὅτε
1278 1077 1371 1133 τὸν
1405 1078 1472 1132 ἐκ
1502 1080 1605 1150 τῆς
1633 1080 1796 1149 ἀγίας
1822 1080 2033 1153 Παρθέ-

460 1186 553 1222 νου
570 1168 731 1243 ρναδν
778 1167 982 1231 λαδὼν,
1013 1165 1300 1238 ἄνθρωπος
1326 1168 1517 1238 γέγονε
1556 1169 1623 1223 δι’
1645 1171 1794 1240 ἡμᾶς
1823 1171 1912 1224 Τ.ί
1941 1165 2033 1224 οὖν

461 1258 528 1312 ἀν
551 1258 637 1328 εἴη
688 1257 895 1321 λοιπὸν,
931 1257 1092 1328 εἴπερ
1144 1254 1442 1329 ᾖγενητδς
1494 1259 1589 1312 καὶ
1641 1260 2028 1331 πεποιημένος,

459 1350 556 1404 καὶ
579 1352 690 1414 τοῖς
715 1349 895 1412 ἄλλοις
922 1348 1127 1403 ἅπασιν
1166 1348 1431 1420 ὀμοφυὴς,
1463 1344 1544 1413 οἷς
1573 1349 1634 1415 ἐξ
1663 1351 1765 1405 οὐκ
1799 1350 1966 1405 ὄντων
1995 1352 2029 1422 ἡ

460 1442 691 1510 γένεσις,
724 1441 814 1494 καὶ
848 1440 909 1493 τὸ
935 1440 1038 1510 τῆς
1063 1438 1306 1504 δουλείας
1338 1439 1512 1511 δνομά
1556 1457 1617 1493 τε
1665 1441 1761 1495 καὶ
1793 1443 2029 1513 πρᾶγμα

456 1532 679 1594 δικαίως
704 1531 1132 1602 ὲπαληθεύεταις
1164 1531 1229 1583 Τί
1253 1529 1362 1602 γὰρ
1391 1530 1499 1584 τῶν
1523 1532 1904 1604 πεποιημένων
1931 1532 2028 1605 τὴν

454 1623 558 1677 ὑπὸ
578 1624 658 1694 τῷ
692 1623 911 1678 πάντων
961 1621 1254 1693 κρατοῦντι
1293 1620 1413 1692 Θεῷ
1441 1622 1688 1678 δουλείαν
1734 1623 2028 1688 ἀκινδύνως

452 1713 894 1784 παραιτήσεται;
952 1710 1006 1765 τί
1036 1711 1094 1765 δὲ
1117 1712 1216 1781 οὐχ
1240 1710 1509 1781 ὑποκύψει
1545 1714 1611 1784 τῇ
1639 1700 1782 1768 κατά
1814 1713 2027 1768 πάντων
2060 1694 2101 1749 Β

448 1808 596 1878 ἀρχῇ
622 1821 684 1858 τε
738 1804 836 1858 καὶΙ
884 1802 1127 1874 ἐξουσίᾳ,
1176 1804 1273 1856 καὶ
1301 1802 1603 1877 κυριότητι,
1641 1805 1708 1875 ἣν
1735 1805 1828 1858 καὶ
1867 1805 2027 1871 αὐτός

452 1913 559 1949 που
591 1894 847 1966 σημαίνει
870 1892 1042 1962 λέγων
1061 1895 1092 1948 6
1121 1892 1372 1965 Σολομῶν
1391 1910 1404 1924 ·
1443 1913 1461 1946 ι
1497 1893 1653 1948 Μετά
1681 1894 1789 1967 γὰρ
1827 1895 2028 1950 δικαιο-

459 1987 628 2054 σύνης
688 1985 1028 2056 ἑτοιμάζεται
1076 1984 1264 2055 θρόνος
1310 1986 1524 2057 ἀρχῆς;
1561 2004 1580 2037 ι
1613 1984 1869 2056 ’Έτοιμος
1918 1985 2027 2058 γὰρ

463 2079 562 2133 καὶ
589 2078 724 2132 πολὺ
744 2077 866 2132 λίαν
900 2076 1170 2147 εὐπρεπὴς
1196 2078 1278 2141 είς
1305 2076 1694 2148 δικαιοσύνηνὸ
1722 2079 1822 2149 τῆς
1853 2079 2027 2149 ἀρχῆς

457 2167 669 2239 θρόνος,
691 2171 791 2239 τῆς
817 2168 912 2222 ἐπὶ
936 2169 1134 2233 πάντας
1162 2167 1383 2239 δηλαδή.
1409 2169 1518 2223 Καὶ
1547 2170 1629 2233 τίς
1645 2168 1671 2219 ό
1694 2170 1881 2241 θρόνος
1903 2169 2029 2240 περὶ

450 2246 513 2309 οὗ
551 2255 650 2308 νῦν
645 2257 706 2335 ’6
734 2256 908 2325 λόγος,
937 2255 1102 2311 ἄκουε
1131 2256 1382 2324 λέγοντος
1410 2259 1505 2311 τοῦ
1537 2258 1670 2312 Θεοῦ
1690 2260 1756 2312 δι’
1778 2259 1894 2322 ἐνὸς
1921 2258 2025 2312 τῶν

450 2346 643 2415 ἀγίων’
682 2363 701 2397 t
748 2347 806 2400 '0
860 2346 1090 2418 οὐρανός
1150 2364 1240 2418 μοι
1269 2348 1476 2420 θρόνος.
1514 2368 1534 2402 ι
1564 2348 1773 2404 Ούκοῦν
1812 2349 2028 2419 ἕτοιμος

446 2437 529 2501 είς
553 2436 896 2508 δικαιοσύνην
925 2439 955 2491 6
980 2438 1227 2510 οὐρανὸς,
1248 2440 1392 2493 τοῦτ’
1422 2438 1559 2505 ἔστι,
1591 2440 1662 2495 τὰ
1699 2442 1759 2495 ὲν
1780 2442 1892 2504 τοῖς
1931 2441 2027 2493 ού-

448 2531 632 2600 pavet;
664 2529 795 2598 ἅγια
846 2531 1151 2602 πνεύματα.
1208 2516 1425 2606 Ἐπειδῆ
1480 2532 1660 2587 τοίνυν
1702 2528 1771 2605 ἦν
1814 2533 2040 2605 ἀνάγκην

449 2620 850 2690 συνομολογεῖν,
879 2622 1016 2692 μετά
1036 2623 1145 2678 τῶν
1170 2624 1345 2679 ἄλλων
1372 2625 1691 2697 ποιημάτων
1707 2626 2025 2681 ὑποκεῖσθαι

446 2711 524 2781 τῷ
543 2712 660 2783 Θεῷ
690 2713 785 2766 καὶ
836 2714 1012 2787 Πατρὶ
1046 2714 1138 2769 τὸν
1192 2715 1377 2780 Υίδνρ
1402 2716 1481 2781 ὡς
1526 2719 1797 2790 οἰκετικὴν
1834 2717 2026 2789 ἔχοντα

450 2803 619 2871 τάξιν,
674 2805 782 2860 καΐ
815 2806 923 2859 ὑπὸ
969 2806 1069 2878 τὴν
1116 2806 1219 2877 τῆς
1284 2807 1491 2879 ἀρχῆς“
1516 2808 1761 2874 ἐξουσίαν
1825 2810 2024 2880 ὁμοίως

451 2896 711 2950 πίπτοντα
738 2899 851 2960 τοῖς
884 2896 1085 2964 ἄλλοις,
1137 2900 1297 2971 εἰπερ
1336 2900 1456 2953 ἐστὶ
1488 2900 1608 2954 κατ’
1636 2900 1879 2965 ἐκείνους
1901 2901 2022 2969 ὀψι-

2141 456 2367 513 ternns,
2404 449 2617 511 locum,
2661 457 2721 503 ut
2780 450 2854 503 ita
2916 448 3127 517 dicam,
3186 450 3395 509 habens
3451 455 3711 509 omnibus

2140 538 2531 607 antiquiorem,
2589 537 2772 593 Patris
2831 538 3091 595 nimirum
3160 548 3432 598 naturam.
3500 543 3709 598 Idcirco

2136 628 2301 685 etiam
2346 629 2483 685 liber
2531 630 2701 691 libero
2732 628 2894 687 Patre
2925 632 3177 702 genitus,
3231 632 3476 689 universi
3533 634 3708 703 impe-

2136 717 2277 772 rium
2314 712 2423 773 una
2460 734 2585 774 cum
2621 719 2742 788 ipso
2779 719 2962 777 habet.
3002 719 3259 787 Quaznam
3283 736 3412 792 ergo
3442 722 3515 776 sit
3549 721 3705 778 dein-

2135 821 2265 877 ceps
2308 809 2502 864 horum
2556 811 2847 865 verborum
2881 818 3196 877 structura,
3231 827 3410 883 operae
3458 814 3696 883 pretium

2133 904 2220 954 est
2261 899 2718 956 animadvertere.
2773 899 3035 956 Nonnulli
3082 902 3380 967 audacter,
3436 912 3494 957 ut
3541 913 3702 959 antea

2133 987 2394 1053 diximus,
2424 989 2519 1045 Dei
2544 988 2786 1046 Verbum
2817 1001 2930 1046 tum
2967 992 3205 1062 primum
3242 993 3296 1047 in
3327 1010 3508 1049 rerum
3538 1003 3705 1049 natu-

2130 1093 2251 1132 ram
2298 1078 2507 1134 editum
2555 1081 2913 1146 asserebant,
2975 1096 3099 1136 cum
3156 1091 3440 1152 assumpto
3499 1092 3705 1140 sanctae

2131 1168 2374 1241 Virginis
2408 1171 2614 1241 templo
2641 1179 2865 1241 pr0pter
2894 1186 2998 1227 nos
3029 1171 3209 1227 factus
3232 1182 3316 1228 est
3348 1173 3530 1229 homo.
3561 1173 3703 1240 Quid

2130 1273 2261 1328 ergo
2301 1257 2522 1313 demum
2570 1257 2713 1321 erit,
2752 1259 2800 1313 si
2850 1266 2945 1312 aut
2984 1267 3205 1315 creatus
3245 1259 3597 1324 autJactus,
3650 1270 3703 1315 rt

2128 1347 2375 1419 ejusdem
2415 1361 2540 1402 cum
2572 1347 2694 1402 aliis
2735 1347 2996 1402 omnibus
3032 1356 3260 1413 naturae,
3294 1349 3362 1403 de
3400 1349 3601 1419 quibus
3648 1360 3703 1404 et

2126 1452 2158 1494 ε
2196 1436 2372 1493 nihilo
2418 1437 2659 1502 creatio,
2701 1446 2754 1491 et
2802 1437 3087 1493 servitutis
3126 1453 3327 1493 nomen
3361 1446 3416 1491 et
3465 1453 3553 1493 res
3584 1438 3702 1507 ipsa

2124 1528 2249 1599 jure
2285 1527 2585 1582 dicuntur?
2629 1522 2772 1592 Quid
2816 1528 2961 1582 enim
3009 1535 3253 1582 creatum
3303 1527 3703 1596 cunctipoteuti

2129 1619 2240 1675 Deo
2269 1618 2480 1674 servire
2506 1618 2731 1689 impune
2768 1618 3135 1675 detrectabit?
3166 1618 3307 1686 Quid
3338 1629 3517 1674 autem
3546 1623 3701 1687 ﬁcun-

2128 1710 2415 1781 ctipotenti
2455 1709 2747 1780 principio,
2781 1710 3061 1780 potestati,
3101 1716 3154 1766 et
3192 1710 3556 1766 dominationi
3590 1726 3704 1766 non

2129 1803 2468 1874 subjacebit,
2525 1818 2690 1872 quam
2727 1802 2847 1873 ipse
2900 1801 3105 1858 alicubi
3155 1816 3377 1873 quoque
3426 1800 3702 1872 signiﬁcat

2130 1894 2390 1951 Salomon
2423 1896 2613 1953 dicens
2647 1913 2660 1950 :
2703 1912 2722 1946 ι
2763 1894 2899 1950 Cum
2924 1894 3144 1965 justitia
3172 1892 3321 1949 enim
3354 1898 3700 1962 praeparatur

2112 1985 2333 2066 solium
2367 1987 2657 2057 potestatis
2687 1985 2755 2039 ³⁸.
2794 2004 2814 2037 ι
2850 1984 3085 2041 Paratus
3116 1984 3263 2039 enim
3310 1990 3395 2039 est
3438 1983 3702 2052 praeclare

2126 2077 2193 2132 ad
2218 2077 2491 2146 justitiam
2517 2077 2609 2133 ille
2645 2076 2880 2133 thronus
2916 2076 3039 2146 ejus
3070 2075 3331 2130 nimirum
3361 2077 3507 2145 quae;
3530 2088 3701 2143 supra

2126 2181 2317 2222 omnes
2353 2176 2435 2222 est
2473 2167 2786 2239 potestatis.
2841 2169 2909 2222 Et
2938 2166 3065 2238 quis
3112 2166 3203 2221 ille
3240 2165 3473 2221 thronus
3508 2165 3601 2233 sit,
3632 2163 3701 2220 de

2127 2273 2235 2328 quo
2263 2256 2355 2315 hic
2386 2254 2689 2330 loquimur,
2716 2259 2842 2317 audi
2869 2258 3040 2314 Deum
3067 2272 3166 2329 per
3184 2264 3356 2312 anum
3383 2265 3699 2314 sanctorum
3738 2244 3755 2321 ί

2126 2346 2399 2404 dicentem
2445 2368 2461 2405 :
2518 2368 2538 2403 ι
2570 2350 2782 2406 Coelum
2829 2351 2963 2405 mihi
3008 2349 3323 2420 thronusfr
3367 2349 3554 2421 Itaque
3601 2363 3699 2418 pa-

2127 2444 2307 2509 ratum
2341 2446 2425 2493 est
2459 2438 2527 2493 ad
2558 2439 2830 2508 justitiam
2857 2439 3084 2502 cmlum,
3116 2440 3224 2494 hoc
3256 2447 3358 2504 est,
3390 2440 3485 2509 qui
3527 2441 3697 2493 ταξιοε

2125 2508 2374 2582 incolunt
2423 2528 2599 2584 sancti
2650 2528 2900 2598 spiritus.
2970 2528 3244 2593 Quoniam
3290 2508 3423 2597 ergo
3472 2543 3698 2584 necesse

2124 2610 2244 2675 erat
2275 2618 2524 2674 confiteri
2559 2633 2666 2673 una
2711 2600 2839 2673 cum
2872 2617 2997 2672 aliis
3028 2616 3315 2685 creaturis}
3342 2617 3541 2687 subjici
3586 2617 3698 2673 Deo

2125 2724 2191 2765 ac
2224 2708 2372 2766 Patri
2410 2708 2647 2775 Filium,
2684 2720 2942 2778 tanquam
2985 2696 3169 2763 servili
3206 2706 3520 2762 conditione
3553 2723 3698 2778 prae-

2123 2801 2328 2867 ditum,
2373 2808 2427 2857 et
2470 2800 2726 2871 principii
2775 2800 3032 2870 potestati
3075 2797 3180 2870 ιά.
3209 2797 3435 2868 perinde
3481 2813 3545 2853 ac
3592 2797 3699 2853 alia

2124 2893 2427 2955 subditum,
2455 2892 2524 2957 si,
2558 2899 2620 2947 ut
2648 2891 2728 2946 illi
2762 2891 2974 2955 volunt,
3003 2904 3131 2946 sero
3163 2889 3401 2961 genitus,
3422 2896 3477 2944 et
3505 2904 3695 2944 eorum

450 2986 630 3058 γενὴς,
659 2986 884 3041 καὶτῶν
912 2989 970 3043 ἐν
993 2988 1170 3060 χρόνῳ
1183 2989 1568 3062 πεποιημένων
1585 2986 1686 3055 εἷς·
1716 2990 2024 3059 ἀναγκαίως

2125 2986 2220 3058 qui
2272 2987 2328 3042 in
2376 2994 2621 3056 tempore
2670 2983 2800 3040 facti
2836 2991 2967 3040 sunt
3022 2998 3167 3039 unus
3216 2990 3299 3039 est
3334 3001 3349 3038 :
3383 2981 3698 3037 necessario

443 3080 472 3133 6
502 3079 770 3150 μακάριος
810 3080 1205 3154 εὐαγγελιστὴς
1251 3082 1575 3154 δριμύτερον
1621 3085 1734 3147 τοῖς
1789 3084 2023 3155 ἑτεροδι-

441 3166 799 3227 δαααλοῦσιν
829 3174 1087 3247 ἑπίπηδᾷ·
1142 3176 1235 3230 καὶ¹
1278 3175 1523 3239 δουλείας
1571 3176 1667 3246 μὲν
1695 3175 1910 3247 ἀπάσης
1937 3178 2023 3242 ἐξ·

441 3263 588 3318 έλκει
614 3265 705 3319 τδν
737 3266 902 3321 Υίόνο
961 3268 1027 3321 ὲκ
1070 3268 1128 3321 δὲ
1180 3269 1280 3341 τῆς
1331 3271 1619 3342 ἐλευθέρας
1650 3271 1744 3325 καὶ
1801 3270 2020 3326 πάντων

440 3355 718 3427 ἀρχούσης
767 3359 956 3424 οὐσίας
998 3361 1344 3433 ὲκπεφηνότα
1381 3363 1637 3424 δεικνύει,
1665 3365 1760 3417 καὶ⁹
1792 3365 1850 3416 ὲν
1880 3364 2017 3437 αὐτῇ

441 3447 694 3513 φυσικῶς
714 3449 976 3523 ὑπάρχειν
1002 3453 1354 3526 ίσχυρίζεται,
1384 3454 1578 3523 λέγων·
1598 3455 1703 3510 Ἑν
1735 3454 1893 3526 ἀρχῇ
1937 3453 2019 3525 ἦν

442 3539 478 3589 ό
509 3539 723 3607 Λόγος.
1934 3592 1935 3595 η

526 3626 838 3683 Ἔπιπλέκει
878 3631 938 3684 δὲ
994 3631 1072 3699 τῷ
1094 3634 1195 3702 τῆς
1241 3635 1435 3704 ἀρχῆς
1478 3633 1704 3706 ὀνόματι
1732 3637 2017 3709 χρησίμως

436 3715 502 3770 τὸ
530 3713 630 3788 ἦν,
660 3718 747 3773 ἶνα
774 3719 848 3792 μὴ
878 3721 1041 3792 μόνον
1068 3722 1316 3797 εὐκλεὴς,
1354 3726 1490 3780 ἀλλὰ
1527 3727 1719 3797 νοῆται
1764 3729 1859 3782 καί
1885 3746 2013 3798 προ-

437 3805 654 3872 αιώνιος
676 3824 691 3840 ⁸
712 3809 947 3865 τέθειται
971 3811 1080 3884 γὰρ
1130 3816 1188 3869 ἐν
1210 3815 1422 3880 τούτοις
1459 3817 1519 3871 τὺ
1543 3813 1643 3887 ἦν,
1678 3819 1757 3881 είς
1792 3818 2013 3888 βαθεῖάν

434 3912 581 3959 τινα,
613 3898 708 3951 καὶ
738 3899 1141 3971 ἀκατάληπτον,
1171 3905 1265 3959 καὶ
1289 3904 1389 3977 τὴν
1418 3904 1523 3971 ἔξω
1548 3906 1755 3977 χρόνων
1778 3908 2016 3979 ἀρρητον

434 3985 690 4058 γέννησιν
711 3989 987 4044 ἀνατεῖνον
1046 3992 1141 4046 τοῦ
1190 3995 1521 4067 θεωροῦντος
1551 3998 1650 4070 τὴν
1686 3999 1912 4055 ἔννοιαν.
1943 4000 2016 4054 Τὸ

436 4078 546 4148 γὰρ
575 4075 674 4150 ἦν,
698 4080 1022 4151 ἀδιορίστως
1046 4084 1380 4159 ὲκφωνηθὲν,
1407 4091 1487 4154 είς
1518 4093 1669 4147 ποῖον
1688 4094 1823 4163 ἡμῖν
1842 4110 2012 4147 κατα-

438 4168 585 4241 λήξει
654 4172 851 4236 έτόπον,
895 4173 987 4226 ἀεὶ
1034 4176 1384 4246 προελαύνειν
1436 4180 1531 4234 τοῦ
1576 4179 1859 4247 διώκοντος
1919 4183 2011 4238 νοῦ

438 4260 703 4328 πεφυκὸς,
741 4263 837 4316 καὶ
862 4264 929 4332 ἣν
956 4263 1134 4335 οἴηταί
1152 4285 1234 4331 τις
1262 4268 1406 4349 ἔχειν
1431 4271 1594 4326 αὐτοῦ
1612 4273 1711 4343 τὴν
1728 4274 2011 4328 κατάπαυ-

438 4369 547 4416 σιν,
569 4353 774 4425 ταύτην
791 4355 887 4410 τοῦ
912 4357 1166 4413 ἐπέκεινα
1194 4360 1395 4432 δρόμου
1434 4363 1755 4434 ποιούμενον
1788 4366 1965 4439 ἀρχὴν
1988 4383 2003 4431 ;

447 4463 466 4496 ι
502 4440 608 4499 Ἦν
656 4442 748 4502 οὖν
790 4449 821 4502 6
874 4448 1047 4518 Λόγος
1075 4451 1134 4504 ὲν
1171 4453 1335 4524 ἀρχῇ,
1369 4472 1389 4506 ι
1418 4454 1562 4508 τοῦτ’
1613 4454 1781 4521 ἐστιν,
1819 4456 1895 4521 ὡς
1949 4459 2008 4512 ἐν

437 4537 580 4608 ἀρχῇ
609 4541 672 4611 τῇ
699 4540 793 4593 ἐπὶ
822 4540 1020 4608 πάντα,
1044 4544 1143 4597 καὶ
1170 4543 1231 4610 ἐξ
1273 4546 1443 4616 αὐτῆς
1470 4547 1732 4618 ὑπάρχων
1762 4549 2025 4617 φυσικῶς,

432 4629 495 4681 τὺ
518 4628 834 4686 δεσποτικὸν
861 4630 1002 4702 ἔχων
1037 4632 1276 4705 ἀξίωμα.
1304 4636 1441 4690 mea
1465 4636 1623 4694 τοῦτο
1650 4622 1866 4712 ἀληθὲς,
1891 4641 2007 4705 πῶς

431 4719 515 4773 ἔτι
565 4723 811 4794 γενητὸς,
846 4725 879 4797 ἢ
915 4726 1313 4798 πεποιημένοςς
1351 4728 1525 4783 Ὅπου
1558 4730 1614 4784 δὲ
1654 4731 1789 4795 ὅλως
1816 4732 1876 4785 τὸ
1902 4732 2002 4801 ἦν,

432 4811 579 4866 κατά
598 4813 719 4867 τίνα
744 4816 945 4886 τρόπον
988 4818 1051 4871 τὸ
1108 4820 1226 4873 οὐκ
1281 4815 1356 4889 ἦν
1399 4821 1748 4895 εἰσϐήσεταις
1786 4823 1818 4899 ἢ
1855 4826 2009 4877 ποῖον

437 4899 551 4967 ἔξει
574 4903 758 4959 λοιπὸν
782 4906 872 4962 τὸν
901 4909 1042 4963 κατὰ
1066 4909 1161 4964 τοῦ
1189 4909 1318 4965 Υίοῦ
1353 4913 1545 4980 τόπον;

1028 5197 1279 5253 ΚΕΦΑΛ.
1321 5198 1399 5252 B'.
1443 5204 1453 5213 ‘

416 5277 683 5365 Ὅςιλςᾳι
718 5280 1341 5365 Θεὸςλθςαὶρμρούσιος
1367 5286 1450 5365 τῷ
1501 5292 2033 5365 Πατρὶλύπιίρχων·

496 5352 534 5471 ἓ
554 5350 805 5489 ἔιᾶδζςῆρέγ
840 5353 961 5423 ιδίᾳ
981 5350 1154 5411 ἐστὶν
1176 5350 1535 5425 ὑποάτάὶγει,
1567 5350 1783 5432 δῂοίως
1817 5350 2003 5420 δὲ’ὶιαὶ

721 5512 827 5565 Καὶ
857 5515 891 5567 ό
918 5515 1106 5585 Λόγος
1128 5513 1204 5589 ἦν
1239 5519 1390 5588 πρὸς
1420 5521 1523 5576 τὸν
1555 5524 1719 5576 Θεόν.

498 5598 707 5653 Ἐωλον
755 5601 856 5673 ήδη
906 5604 1000 5658 καὶ
1055 5607 1151 5678 τῆς
1203 5610 1457 5683 ἀληθείας
1513 5611 2000 5684 ἁποςφαλλομένην

504 5732 549 5765 ’ί
580 5732 741 5791 Prov.
768 5750 878 5803 xvi,
912 5737 996 5792 12.

2123 3077 2318 3132 beatus
2356 3074 2695 3145 evangelista
2723 3074 2906 3130 acrius
2936 3072 3163 3130 insultat
3203 3073 3498 3138 haereticis,
3526 3080 3581 3128 ct
3626 3073 3696 3127 ab

2121 3165 2272 3221 omni
2301 3162 2526 3235 quidem
2558 3161 2825 3219 servitute
2850 3161 3048 3217 Filium
3082 3161 3347 3231 vindicat,
3384 3170 3438 3217 et
3470 3161 3539 3216 ab
3572 3175 3694 3215 om-

2120 3255 2400 3325 nipotente
2451 3254 2761 3310 substantia
2813 3266 3038 3308 manare
3086 3250 3358 3316 ostendit,
3414 3251 3471 3306 in
3521 3264 3697 3320 eaque

2119 3345 2449 3399 naturaliter
2493 3343 2674 3414 ipsum
2729 3341 3002 3399 exsistere
3056 3343 3280 3410 asserit,
3334 3326 3527 3399 dicens
3566 3359 3581 3398 :
3624 3340 3694 3396 In

2117 3435 2373 3505 principio
2403 3443 2520 3488 erat
2567 3431 2815 3488 Verbum.

2190 3611 2450 3683 Principii
2481 3620 2662 3668 autem
2695 3611 2968 3669 vocabulo
3026 3609 3184 3679 illud,
3212 3620 3349 3676 erat,
3384 3608 3687 3680 sulijungit,

2116 3708 2176 3756 ut
2201 3716 2310 3757 non
2352 3702 2531 3757 solum
2570 3700 2869 3772 gloriosus,
2908 3716 3098 3759 verum
3126 3700 3290 3757 etiam
3314 3708 3441 3755 ante
3488 3700 3690 3754 saecula

2114 3792 2332 3863 genitus
2364 3791 2721 3864 intelligatur.
2758 3791 2895 3848 lllud
2926 3792 3106 3858 enim,
3150 3793 3300 3857 erat,
3332 3789 3424 3846 hic
3447 3790 3688 3859 positum

2117 3893 2236 3947 est,
2305 3897 2415 3953 quo
2478 3882 2902 3953 contemplantis
2963 3882 3183 3937 animus
3239 3881 3297 3935 in
3360 3880 3688 3952 profundam

2113 3960 2406 4045 quamdam
2454 3982 2508 4029 et
2546 3971 3188 4043 incomprehensibilem,
3239 3978 3295 4028 et
3360 3970 3689 4028 ineffabilem

2112 4080 2234 4137 quae
2264 4071 2466 4133 cuncta
2507 4073 2734 4139 superat
2765 4073 3013 4135 tempora
3059 4063 3472 4136 generationem
3505 4064 3689 4117 inten-

2112 4158 2295 4214 datur.
2334 4176 2354 4209 ι
2390 4157 2522 4212 Erat
2551 4175 2571 4208 ι
2598 4157 2766 4223 enim,
2800 4153 3084 4208 indefinite
3118 4151 3413 4220 prolatum,
3445 4164 3719 4229 quonam.

2114 4247 2336 4301 in-loco
2386 4258 2488 4298 nos
2538 4242 2727 4307 sistet,
2789 4254 2914 4294 cum
2975 4243 3395 4308 prosequentem
3451 4249 3686 4294 mentem

2043 4353 2083 4406 ο
2114 4343 2308 4391 natura
2333 4349 2434 4389 sua
2462 4346 2682 4401 semper
2710 4337 3033 4394 antevertat,
3064 4337 3120 4384 et
3149 4344 3313 4399 quam
3346 4330 3494 4385 illius
3527 4329 3688 4399 quic-
3798 4392 3807 4397 1

2109 4429 2216 4481 tem
2254 4438 2379 4480 esse
2419 4422 2734 4494 putaveris,
2780 4420 2937 4475 hanc-
2965 4419 3250 4475 ulterioris
3287 4435 3488 4477 cursus
3522 4419 3688 4476 faciat

2108 4510 2357 4574 initium?
2393 4531 2413 4567 ι
2442 4512 2573 4568 Erat
2610 4532 2629 4566 ι
2663 4513 2832 4585 igitur
2868 4529 2889 4565 ι
2917 4510 3160 4569 Verbum
3207 4511 3266 4566 in
3313 4513 3619 4583 principio,
3662 4531 3680 4565 ι

2111 4611 2217 4665 hoc
2246 4617 2361 4675 est,
2407 4607 2464 4661 in
2498 4612 2773 4677 potestate
2803 4619 2926 4676 quae
2962 4611 3047 4661 est
3091 4619 3259 4674 supra
3292 4604 3495 4670 omnia,
3537 4611 3591 4659 et
3619 4619 3683 4659 ex

2110 4704 2227 4775 ipsa
2273 4702 2546 4759 exsistens
2600 4697 2963 4764 naturaliter,
3017 4694 3347 4765 Dominique
3396 4694 3685 4763 majestate

2110 4794 2419 4865 praditum.
2470 4789 2629 4858 Quod
2657 4789 2703 4843 si
2740 4789 2814 4842 ita
2845 4793 2965 4852 est,
3003 4787 3281 4856 quomodo
3316 4794 3539 4843 creatus
3587 4786 3681 4838 do-

2114 4902 2262 4941 mum
2304 4892 2402 4939 aut
2445 4884 2625 4938 factus
2650 4880 2795 4937 erit?
2825 4877 2931 4934 Ubi
2954 4877 3193 4950 denique
3243 4876 3376 4932 illud
3423 4884 3540 4931 erat
3575 4876 3678 4928 ali-

2111 4960 2223 5048 quo
2246 4975 2407 5031 modo
2432 4991 2537 5030 non
2564 4980 2700 5038 erat,
2730 4970 2911 5032 inibit,
2941 4976 3038 5024 aut
3061 4984 3224 5039 quem
3250 4965 3473 5022 tandem
3499 4965 3681 5019 locum
3734 5020 3741 5025 κ

2113 5066 2337 5124 habebit
2365 5066 2419 5120 in
2452 5062 2630 5119 Filio?

2344 5154 2348 5158 Α
2770 5147 2923 5204 CAP.
2958 5146 3023 5200 11.

2108 5266 2267 5337 Quod
2307 5273 2357 5319 et
2400 5263 2576 5337 Deus,
2625 5269 2675 5337 e_t
2721 5251 3383 5337 consybstantiqlisOPq-tri
3423 5266 3539 5337 cum
3608 5252 3678 5337 sit

2114 5321 2148 5349 ἰ
2179 5336 2377 5398 Filius,
2400 5334 2456 5386 in
2484 5321 2701 5399 propria
2729 5335 2811 5397 est
2837 5322 3132 5395 hypostasi,
3157 5321 3401 5376 similiter
3425 5331 3599 5376 autem
3628 5332 3680 5374 et

2178 5406 2365 5462 Pater.

2356 5512 2398 5579 Ι,
2441 5510 2493 5565 1.
2535 5513 2604 5565 Et
2652 5505 2877 5563 Verbum
2907 5511 3025 5560 erat
3064 5502 3203 5574 apud
3243 5502 3432 5558 Deum.

2176 5608 2312 5665 Cum
2360 5607 2578 5662 inanem
2613 5608 2668 5660 et
2699 5598 2949 5660 veritatis
2987 5605 3266 5671 expertem
3318 5595 3536 5653 illorum
3584 5588 3683 5660 qui
