4052 6208
333 257 392 310 53
1368 250 1433 308 ΙΝ
1470 251 1757 312 JOANNIS
1796 253 1903 310 EVA

2006 254 2250 314 lELIUM
2291 253 2419 313 LIB.
2456 259 2498 319 1.
3509 264 3582 319 δι

332 349 399 421 τῷ
429 347 619 420 Πατρὶ.
644 346 758 418 ἔχει
787 347 842 401 δὲ
876 348 1039 403 πάλιν
1063 350 1121 402 ὲν
1148 347 1328 423 ἑαυτῷ
1350 354 1441 407 τδν
1461 354 1678 424 Πατέρα
1709 355 1903 428 (καλῶς

2012 355 2249 426 bcatque
2290 355 2539 412 vicissim
2576 354 2631 411 in
2678 355 2866 427 scipso
2898 355 3144 421 Patrem,
3174 362 3325 411 recte
3353 353 3579 425 quidem

326 441 424 513 ,μὲν
452 439 649 503 αὑτδς,
679 439 931 512 καθάπερ
964 440 1069 512 ήδη
1103 442 1446 514 προείρηται,
1486 447 1622 517 πρὸς
1668 448 1769 519 τὴν
1802 447 1896 501 τοῦ

334 531 681 602 γεννήσαντος
699 531 1165 605 ἀπηκριϐωμένος
1192 536 1408 607 μορφήν
1432 551 1446 566 ’
1470 536 1898 608 ἀπαραποιήτως

332 625 379 677 δὲ
407 622 589 687 πάλιν,
621 622 682 688 ἐξ
709 616 785 677 ὧν
816 625 967 677 ἐστιν
995 623 1158 686 αὑτὸς
1181 626 1239 678 ὲν
1261 627 1439 699 ἑαυτῷ
1457 628 1548 682 τὸν
1567 630 1899 700 γεννήσαντα

332 714 647 784 ζωγῳφῶν)
681 730 697 746 ⁸
731 716 794 768 οὑ
841 714 929 769 διὰ
954 715 1112 769 τοῦτο
1137 716 1197 770 τὸ
1220 717 1486 791 ὑπάρχειν
1520 720 1665 785 ίδίως
1699 721 1902 792 ζημιω·

333 805 561 874 θήσεται,
597 804 705 858 οὐδ’
735 800 801 859 αὑ
828 805 992 860 πάλιν
1019 807 1274 863 ἀπολέσει
1306 811 1336 862 6
1361 811 1553 883 Πατὴρ
1581 812 1642 865 τὸ
1667 813 1898 882 ὑφεστά-

331 913 408 951 ναι
436 896 555 949 καθ’
581 896 775 951 ἑαυτόν
795 915 807 928 ·
830 898 945 953 ἀλλ’
989 898 1111 952 οὐδὲ
1134 901 1167 970 ή
1194 901 1366 973 πολλὴ
1393 902 1514 957 λίαν
1541 905 1810 977 ἑμφέρειά
1840 924 1899 961 τε

330 989 414 1043 καὶ
447 989 705 1059 ὁμοιότης
723 989 983 1061 ἀνάχυσιν
1016 1008 1138 1045 τινα
1166 993 1276 1048 τῶν
1297 994 1647 1051 ὑποστάσεων
1670 999 1900 1068 ἐργάσε-

329 1100 428 1145 ται,
453 1085 529 1144 ὡς
578 1082 640 1135 ἓν
671 1083 910 1136 νοεῖσθαι
947 1083 1027 1155 τῷ
1057 1084 1279 1157 ἀριθμῷ
1311 1087 1402 1141 τὸν
1421 1090 1758 1161 γεννήσαντα
1787 1092 1901 1144 Πα-

330 1175 469 1244 τέρα,
492 1174 588 1227 καὶ
618 1174 712 1227 τὸν
745 1174 803 1242 ἐξ
836 1175 1000 1229 αὑτοῦ
1038 1176 1366 1249 γεννηθέντα
1396 1179 1524 1233 Υίόν
1547 1198 1561 1213 ο
1591 1180 1706 1235 ἀλλ’
1734 1184 1768 1253 ή
1801 1182 1899 1254 μὲν

328 1267 585 1335 ταυτότης
608 1266 709 1336 τῆς
743 1266 957 1335 φύσεως
981 1269 1071 1323 ἐπ’
1093 1270 1297 1341 ἀμφοῖν
1322 1271 1806 1344 όμολογηθήσεται,
1841 1275 1901 1328 τὸ

329 1358 379 1410 δὲ
412 1357 553 1421 ίδίως
592 1357 855 1430 ἑκάτερον
879 1360 1179 1429 ὑφεστάναι
1214 1362 1432 1427 πάντως
1470 1364 1786 1419 ἀκολουθεῖ·
1814 1368 1901 1420 ἵνα

327 1448 417 1501 καὶ
439 1450 467 1501 6
489 1449 675 1520 Πατὴρ
702 1451 873 1513 ὅντως
891 1451 1078 1525 νοῆται
1109 1453 1322 1525 Πατὴρ,
1348 1454 1444 1507 καὶ
1470 1456 1498 1507 ὁ
1520 1455 1645 1519 Υἱὸς
1665 1456 1721 1509 δὲ
1752 1456 1896 1520 Υἱός.

339 1539 841 1610 Ἐπαριθμουμένου
899 1540 1009 1612 γὰρ
1059 1540 1201 1596 οὕτω
1246 1543 1340 1597 καὶ
1379 1543 1898 1617 συνθεολογουμένου

323 1630 411 1685 τοῦ
450 1632 610 1699 ἁγίου
665 1630 983 1702 Πνεύματος
1007 1672 1023 1697 ,
1056 1634 1090 1704 ἡ
1129 1634 1262 1702 ἁγία
1308 1635 1401 1691 καὶ
1450 1640 1897 1710 προσκυνουμένη

323 1720 484 1792 Τριάς
499 1722 563 1775 τὸ
596 1724 792 1776 οίκεῖον
827 1723 940 1790 ἕξει
972 1724 1264 1797 πλήρωμα.

390 1814 626 1870 ἈΛΛΟ.
652 1814 716 1868 El
747 1815 913 1879 αὑτός
945 1817 1095 1871 ἐστιν
1125 1820 1155 1871 6
1182 1819 1311 1884 Υἱὸς
1356 1821 1449 1875 καὶ
1476 1821 1699 1895 Πατὴρ,
1750 1826 1901 1879 ποῖον

316 1907 432 1977 ἔχει
484 1907 711 1979 λόγονή
757 1908 865 1961 τῶν
902 1907 1183 1979 ὀνομάτων
1228 1910 1479 1985 διαστολή
1513 1931 1529 1980 ;
1560 1915 1622 1968 El
1668 1916 1743 1986 μὴ
1794 1917 1902 1987 γὰρ

314 1998 447 2062 ὅλως
475 1999 791 2070 ἐγέννησεν,
819 2000 904 2054 ἴνα
932 2000 986 2054 τί
1004 2000 1253 2055 καλεῖται
1270 2004 1503 2077 Πατήρ;
1531 2006 1656 2068 Πῶς
1686 2006 1742 2060 δὲ
1765 2006 1902 2070 ὅλως

319 2093 456 2157 Υἱὸς,
494 2094 550 2146 εἰ
590 2094 671 2164 μὴ
708 2094 969 2167 ἐγεννήθη
1006 2096 1158 2166 παρά
1206 2099 1466 2178 Πατρόςλς
1499 2101 1654 2154 Alesi
1679 2101 1788 2170 γὰρ
1826 2101 1904 2165 ὡς

315 2184 373 2249 ἐξ
417 2185 680 2255 ἀνάγκης
731 2185 833 2257 τὴν
880 2185 1133 2258 τοιαύτην
1182 2187 1268 2271 ξιεν
1316 2190 1528 2253 ἑαυτοῖς
1572 2190 1807 2260 θεωρίαν
1832 2190 1904 2245 τὰ

316 2276 573 2348 ὀνόματα.
617 2276 840 2348 Ἐπειδὴ
870 2278 927 2332 δὲ
957 2280 1315 2351 γεγεννῆσθαι
1359 2281 1451 2333 τὸν
1484 2282 1612 2335 Υίὺν
1654 2284 1710 2336 αἱ
1760 2282 1901 2339 θεῖαι

316 2366 647 2438 κηρύττουσι
674 2369 912 2440 Γραφαὶ,
957 2374 1051 2425 καὶ
1084 2374 1113 2426 6
1151 2374 1251 2443 τῆς
1295 2373 1555 2444 ἀληθείας
1586 2373 1759 2438 οὕτως
1789 2374 1902 2446 ἔχει

314 2456 467 2526 λόγος
492 2498 510 2523 ,
550 2460 857 2531 ὑφέστηκεν
906 2462 1017 2533 ἄρα
1059 2464 1180 2517 καθ’
1213 2465 1426 2521 ἑαυτόν.
1457 2465 1608 2518 Ἐστι
1644 2465 1700 2519 δὲ
1741 2466 1902 2520 πάλιν

318 2546 631 2613 ἰδιαζόντως
664 2551 760 2603 καὶ
783 2552 814 2604 6
841 2551 1054 2624 Πατὴρ,
1077 2552 1235 2624 εἴπερ
1262 2554 1447 2626 ἕτερον
1475 2555 1533 2621 εξ
1557 2555 1746 2626 ἑτέρου
1775 2555 1902 2625 φαί-

316 2658 462 2695 νεται
490 2642 557 2696 τὸ
589 2641 929 2714 γεννώμενον
950 2643 1027 2709 ὡς
1049 2645 1185 2716 πρὸς
1216 2644 1276 2700 τὸ
1302 2646 1528 2715 γεννῶν.

395 2822 636 2879 ’ΔΛΛΟ.
671 2824 731 2877 '0
775 2825 1043 2898 μακάριος
1090 2823 1323 2893 Παῦλος,
1350 2825 1679 2883 ἐπιστέλλων
1713 2828 1904 2883 Φιλιπ-

316 2914 572 2991 νπησίοις,
615 2916 841 2988 περὶτοῦ
877 2917 1009 2971 Υίοῦ
1037 2934 1203 2990 φησιν
1223 2933 1239 2951 ο
1281 2937 1300 2971 ι
1329 2921 1424 2983 Ὃς
1453 2922 1512 2973 ὲν
1547 2923 1730 2993 μορφῇ
1764 2912 1915 2975 Θεοῦ

322 3007 606 3108 ὑπάρχων,
641 3009 738 3081 οὑχ
765 3009 1058 3080 ἁρπαγμὸν
1081 3012 1326 3083 ἡγήσατο
1355 3011 1417 3064 τὸ
1445 3006 1587 3065 εἶναι
1609 3007 1702 3066 ῐσα
1727 3012 1898 3085 Θεῷ.»
1933 3049 1975 3108 C

321 3096 415 3161 Τίς
438 3094 534 3151 οὖν
574 3097 684 3168 ἄρα
712 3099 863 3153 ἐστὶν
887 3102 916 3153 6
935 3101 1228 3172 ἁρπαγμὸν
1250 3102 1312 3155 οὑ
1337 3101 1571 3174 θελήσας
1596 3104 1906 3175 ήγήσασθαι

310 3187 373 3240 τὸ
416 3184 566 3242 εἶναι
611 3185 705 3242 ῐσα
733 3189 889 3261 Θεῷς
927 3191 997 3244 Ἥ
1050 3191 1160 3262 γὰρ
1188 3192 1290 3246 οὑκ
1321 3192 1535 3265 ἀνάγκη
1583 3194 1782 3264 λέγειν,
1809 3195 1905 3249 ἕνα

262 3277 280 3295 ’
311 3280 413 3351 μέν
444 3299 577 3336 τινα
604 3283 873 3354 ὑπάρχειν
904 3282 995 3337 τὸν
1021 3284 1082 3338 ἐν
1113 3286 1295 3356 μορφῇ
1318 3284 1475 3350 Θεοῦ,
1499 3284 1687 3356 ἕτερον
1714 3286 1771 3339 δὲ
1801 3286 1907 3339 πά-

176 3356 184 3364 .
302 3371 392 3424 λιν
444 3372 543 3426 τὸν
579 3365 753 3443 οὗπερ
793 3369 862 3444 ἦν
899 3374 933 3444 ή
965 3373 1189 3444 papam;
1233 3372 1374 3426 Ἀλλ’
1404 3373 1519 3427 ἐστι
1550 3374 1708 3445 δῆλον
1734 3375 1906 3429 ἅπασι

301 3464 402 3517 καὶ
429 3464 900 3535 ὁμολογούμενον.
930 3463 1140 3518 Οὐκοῦν
1171 3465 1271 3535 οὐχ
1297 3464 1358 3519 ’ἐν
1383 3483 1436 3519 τι
1480 3468 1574 3519 καὶ
1600 3466 1798 3520 ταυτὸν
1829 3466 1906 3538 τῷ

298 3554 528 3627 ἀριθμῷ
594 3556 785 3627 Πατὴρ
830 3555 927 3610 καὶ
968 3555 1119 3620 Υἱὸς,
1141 3556 1255 3610 ἀλλ’
1300 3556 1686 3624 ίδιοσύστατοι,
1714 3560 1809 3612 καὶ
1846 3560 1906 3612 ὲν

298 3644 565 3717 ἀλλήλοις
600 3646 999 3719 θεωρούμενοι,
1029 3646 1175 3702 κατά
1200 3648 1301 3719 τὴν
1348 3648 1657 3720 ταυτότητα
1681 3648 1783 3720 τῆς
1814 3650 1905 3703 οὑ-

296 3738 420 3802 σίας
442 3777 461 3806 ,
490 3740 549 3793 εί
593 3740 689 3793 καὶ
726 3732 809 3803 εἷς
851 3738 911 3804 ἐξ
942 3737 1094 3806 ἑνὸς,
1122 3739 1190 3793 ὲκ
1223 3739 1437 3811 Πατρὸς
1467 3741 1496 3794 6
1523 3741 1651 3806 Υίὸς
1677 3741 1901 3813 δηλαδή.

368 4003 625 4058 ’ΔΛΛΟ.
653 4019 674 4054 ι
721 4000 864 4071 Ἐγὼ
885 4002 981 4057 καὶ
1009 4005 1038 4057 6
1062 4001 1253 4074 Πατὴρ
1285 4001 1344 4057 ἓν
1381 4004 1585 4075 ὲσμεν,.
1610 4024 1629 4058 ι
1665 4004 1906 4075 ἔφασκεν

292 4096 321 4148 ό
354 4096 568 4169 Σωτήρ
592 4112 610 4122 ⁸
640 4095 717 4159 ὡς
748 4094 906 4161 εἰδὼς
935 4096 1178 4168 δηλονότι
1213 4096 1308 4150 καὶ
1358 4096 1552 4149 ἑαυτὸν
1613 4098 1759 4162 ἰδίως
1804 4099 1906 4169 ὑφ-

296 4191 609 4261 εστηκότα,
635 4189 733 4243 καὶ
766 4189 857 4242 τὸν
884 4188 1109 4261 Πατέρα
1131 4205 1144 4219 ·
1171 4190 1237 4242 Ei
1260 4188 1318 4242 δὲ
1353 4187 1429 4259 μὴ
1458 4188 1631 4253 οὑτως
1659 4189 1772 4260 ἔχει
1807 4190 1903 4243 τοῦ

294 4281 646 4351 πράγματος
694 4281 729 4350 ή
770 4278 1014 4350 ἀλήθεια,
1040 4281 1097 4331 τί
1150 4277 1225 4350 μὴ
1267 4279 1514 4350 τηρήσας
1550 4281 1616 4350 τῇ
1664 4279 1810 4334 ἐνάδι
1844 4279 1904 4332 τὸ

2002 448 2142 517 ipse,
2171 459 2229 503 ut
2252 448 2411 519 prius
2442 449 2559 519 jam
2591 447 2799 504 dictum
2843 457 2954 516 est,
2981 457 3037 504 et
3070 447 3312 520 perfecte
3358 447 3426 502 ad
3461 444 3579 502 for-

2001 552 2144 591 mam
2179 535 2364 593 Patris
2409 552 2728 608 expressus,
2769 538 3030 609 idemque
3075 536 3486 607 simplicissime
3513 550 3580 590 ex

2000 637 2199 682 natura
2231 644 2333 684 sua
2364 630 2483 699 ipse
2515 630 2569 685 in
2606 630 2792 701 seipse
2822 628 3037 684 Patrem
3069 628 3385 700 exprimens
3417 646 3430 682 :
3468 642 3581 683 non

2001 727 2188 775 tamen
2215 720 2426 777 idcirco
2457 723 2692 794 prepriae
2716 722 3060 778 exsistentiae
3081 721 3360 792 jacturam
3394 719 3580 783 faciet,

2002 826 2184 881 neque
2231 814 2478 869 vicissim
2525 814 2685 870 Pater
2722 829 2821 886 per
2862 828 2923 870 se
2970 816 3282 871 subsistere
3327 814 3581 882 desinet;

2002 902 2095 957 sed
2125 918 2229 959 nec
2266 918 2480 959 summa
2521 906 2612 960 illa
2645 906 2957 962 similitudo
2993 904 3379 962 confusionem
3411 906 3581 960 ullam

2004 991 2400 1062 hypostasibus
2430 992 2642 1061 aﬂeret,
2680 994 2753 1049 ita
2789 1003 2849 1049 ut
2885 1010 2995 1049 una
3041 1010 3128 1050 res
3160 1009 3391 1050 numero
3419 993 3583 1049 intel-

2001 1083 2203 1152 ligatur
2238 1084 2401 1141 Pater
2435 1085 2529 1156 qui
2574 1087 2800 1157 genuit,
2834 1095 2891 1143 et
2938 1088 3034 1158 qui
3080 1103 3144 1142 ex
3201 1088 3324 1158 ipso
3358 1086 3583 1158 gvnitus

2001 1183 2088 1231 est
2108 1175 2281 1233 Filius
2314 1197 2328 1232 :
2362 1193 2553 1233 verum
2596 1178 2940 1235 identitatem
2990 1187 3205 1233 naturae
3251 1180 3307 1233 in
3348 1188 3585 1248 utroque

2001 1269 2431 1336 confitebimur,
2495 1281 2551 1326 et
2610 1279 2910 1342 utrumque
2983 1272 3206 1342 proprie
3275 1271 3585 1327 subsistere

2003 1362 2194 1431 utique
2222 1361 2498 1432 sequitur,
2535 1372 2594 1416 ut
2616 1371 2669 1417 et
2690 1362 2854 1418 Pater
2879 1378 3008 1418 vere
3032 1364 3374 1434 intelligatur
3393 1362 3581 1426 Pater,

2002 1464 2055 1506 et
2092 1450 2269 1507 Filius
2315 1467 2443 1509 vere
2480 1451 2678 1508 Filius.
2729 1452 2823 1509 Sic
2869 1454 3016 1509 enim
3056 1444 3482 1520 connumerato,
3529 1462 3585 1509 et

2004 1543 2148 1597 inter
2179 1543 2495 1601 divinitatis
2541 1561 2813 1616 personas
2862 1545 3028 1601 simul
3074 1546 3345 1602 collocato
3389 1555 3585 1601 sancto

2006 1632 2236 1703 Spiritu,
2267 1641 2462 1689 sancta
2496 1643 2551 1691 et
2587 1634 2867 1691 adoranda
2895 1633 3146 1689 Trinitas
3184 1632 3582 1705 plenitudinem

1934 1712 1978 1768 Β
2009 1739 2165 1778 suam
2197 1723 2486 1780 obtinebit.

2076 1813 2307 1870 ALIUD.
2351 1815 2409 1870 Si
2439 1816 2533 1887 qui
2558 1825 2644 1872 est
2672 1814 2868 1883 Filius,
2893 1815 3015 1887 ipse
3032 1829 3257 1887 quoque
3280 1814 3443 1871 Pater
3462 1821 3540 1871 est
3565 1852 3583 1878 ν

2004 1922 2173 1977 quam
2219 1908 2493 1965 rationem
2522 1909 2748 1965 habebit
2786 1909 2881 1963 illa
2925 1910 3209 1965 nominum
3260 1906 3585 1963 distinctio?

2004 1997 2139 2053 Nam
2164 2000 2213 2054 si
2241 2000 2404 2070 plane
2433 2017 2542 2056 non
2576 2001 2785 2072 genuit,
2820 2015 3089 2074 quorsum
3131 2008 3363 2056 vocatur
3390 1996 3586 2054 Pater?

2005 2089 2297 2157 Quomodo
2334 2108 2466 2149 vero
2502 2091 2679 2148 Filius
2715 2104 2820 2160 est,
2853 2092 2898 2148 si
2928 2108 3039 2148 non
3066 2100 3152 2155 est
3180 2106 3210 2146 a
3243 2089 3406 2147 Patre
3425 2088 3583 2162 geni-

2006 2183 2136 2241 tus‘i
2166 2181 2381 2239 Habent
2411 2185 2557 2239 enim
2605 2185 2662 2239 in
2714 2184 2914 2254 seipsis
2948 2185 3041 2239 illa
3080 2183 3350 2239 vocabula
3381 2194 3584 2237 neces-

2006 2272 2158 2328 sario
2186 2273 2349 2328 talem
2379 2274 2740 2329 intellectum.
2765 2275 2902 2330 Cum
2945 2281 3125 2330 autem
3174 2274 3416 2345 genitum
3460 2287 3587 2328 esse

2005 2360 2203 2417 Filium
2237 2362 2441 2418 divinae
2469 2362 2769 2434 Scriptura:
2804 2365 3127 2435 praedicent,
3149 2372 3205 2420 et
3241 2364 3314 2418 ita
3343 2378 3432 2419 res
3457 2376 3588 2419 vere

2005 2451 2129 2508 sit:
2180 2453 2440 2508 subsistit
2468 2454 2660 2524 utique
2708 2455 2764 2508 in
2806 2455 3013 2524 seipso.
3053 2454 3121 2508 Et
3154 2454 3398 2509 vicissim
3447 2467 3587 2523 quo-

2005 2558 2115 2615 que
2156 2544 2516 2614 singulariter
2544 2550 2631 2598 est
2658 2542 2823 2599 Pater
2859 2562 2874 2598 :
2914 2543 3187 2613 siquidem
3237 2544 3472 2598 alterum
3514 2558 3585 2597 ex

2006 2633 2185 2687 altero
2212 2634 2558 2702 agnoscitur,
2583 2631 2638 2687 id
2659 2631 2809 2704 quod
2837 2641 2921 2689 est
2947 2634 3189 2705 genitum
3220 2632 3489 2688 relatione
3515 2633 3583 2686 ad

2005 2724 2059 2779 id
2087 2724 2234 2797 quod
2266 2725 2478 2796 genuit.

2072 2816 2302 2871 ALIUD.
2346 2817 2548 2873 Beatus
2579 2817 2785 2875 Paulus
2816 2817 2884 2873 ad
2918 2816 3304 2889 Philippenses
3332 2815 3586 2873 scribens

2007 2908 2085 2962 ait
2114 2907 2181 2965 de
2230 2908 2370 2965 Filio
2400 2921 2461 2962 ε’(
2497 2909 2757 2976 Quicum
2800 2910 2856 2965 in
2907 2908 3086 2966 forma
3127 2909 3222 2964 Dei
3269 2919 3439 2976 esset,
3475 2922 3588 2963 non

2010 3001 2259 3072 rapinam
2297 3002 2606 3057 arbitratus
2632 3008 2717 3058 est
2758 3016 2883 3057 esse
2912 3015 2972 3056 se
2999 3001 3269 3072 aequalem
3309 2997 3425 3055 Deo
3452 2998 3518 3051 ³³.
3561 3016 3581 3050 ι

2009 3093 2146 3159 Quis
2188 3099 2274 3149 est
2320 3093 2491 3163 igitur
2536 3094 2629 3149 ille
2672 3094 2765 3165 qui
2813 3094 3065 3175 rapinam
3111 3092 3289 3149 noluit
3329 3089 3587 3153 arbitrari

2006 3199 2132 3241 esse
2178 3200 2239 3241 se
2278 3186 2542 3257 aequalem
2571 3184 2723 3241 Deo?
2756 3184 3031 3256 Numquid
3061 3185 3210 3241 enim
3249 3197 3481 3240 necesse
3504 3190 3609 3237 est

2006 3275 2234 3342 dicere,
2306 3292 2477 3331 unum
2535 3276 2830 3347 quemdam
2891 3281 3163 3334 exsistere
3227 3276 3324 3349 qui
3389 3277 3463 3333 sit
3530 3276 3589 3330 in

2007 3365 2185 3422 forma
2234 3366 2366 3435 Dei,
2424 3368 2593 3422 alium
2650 3383 2783 3423 vero
2837 3385 3033 3425 rursus
3094 3369 3250 3424 illum
3304 3370 3468 3440 cujus
3517 3368 3590 3424 sit

2007 3458 2223 3513 forma?
2252 3459 2419 3529 Atqui
2449 3468 2600 3530 patet
2630 3458 2766 3514 illud
2791 3468 2847 3515 et
2901 3461 2956 3515 in
3007 3461 3265 3517 confesso
3297 3452 3384 3517 est
3443 3460 3586 3530 apud

2006 3564 2224 3607 omnes.
2288 3550 2408 3607 Non
2469 3560 2601 3607 sunt
2641 3567 2773 3623 ergo
2833 3568 3008 3607 unum
3056 3564 3112 3609 et
3161 3554 3303 3610 idem
3355 3567 3590 3608 numero

2005 3643 2169 3701 Pater
2189 3654 2244 3700 et
2280 3643 2473 3711 Filius,
2507 3645 2602 3701 sed
2646 3645 2928 3717 propriam
2978 3647 3181 3701 habent
3221 3645 3586 3717 hypostasim,

2005 3744 2062 3793 et
2109 3738 2253 3815 alter
2288 3739 2342 3792 in
2368 3738 2542 3793 altero
2593 3733 2946 3810 conspicitur
2984 3736 3287 3794 secundum
3324 3734 3589 3791 identita~

2008 3834 2119 3882 tem
2146 3827 2498 3897 substantia},
2526 3827 2658 3883 licet
2688 3843 2834 3884 unus
2861 3843 2927 3882 ex
2958 3842 3092 3892 uno,
3125 3841 3190 3882 ex
3218 3824 3380 3881 Patre
3412 3824 3586 3883 Filius

2006 3919 2282 3976 videlicet.

2076 4011 2310 4069 ALIUD.
2355 4030 2375 4065 ι
2417 4011 2603 4085 Egoet
2656 4012 2826 4070 Pater
2878 4029 3049 4070 unum
3091 4030 3285 4071 sumus
3316 4013 3384 4078 ³⁸,
3430 4033 3450 4066 ι
3497 4014 3585 4067 ἰη-
3668 4004 3677 4019 ⁸

2005 4106 2233 4177 quiebat
2265 4105 2542 4172 Salvator,
2581 4116 2773 4179 utpote
2803 4124 2929 4165 cum
2974 4107 3144 4162 sciret
3184 4108 3426 4176 seipsum
3458 4120 3590 4175 pro-

2007 4196 2124 4267 prie
2174 4211 2396 4266 quoque
2450 4196 2780 4259 subsistere,
2820 4208 2871 4252 et
2899 4198 3145 4250 Patrem.
3194 4195 3351 4263 Quod
3404 4197 3451 4253 si
3506 4197 3586 4254 rei

2007 4289 2216 4345 veritas
2269 4290 2344 4342 ita
2397 4303 2457 4343 se
2513 4303 2621 4343 non
2681 4288 2851 4344 habet
2883 4306 2897 4343 :
2928 4288 3125 4359 quidni
3168 4291 3389 4347 Servato
3438 4289 3591 4363 quod

291 4372 504 4440 πρέπον
560 4372 817 4440 ἔφασκεν
841 4386 855 4399 °
903 4370 1046 4439 Ἐγὼ
1090 4370 1185 4424 καὶ
1227 4372 1256 4425 6
1294 4369 1486 4443 Πατὴρ
1515 4370 1572 4424 ἓν
1607 4371 1762 4441 εἰμι;
1814 4368 1900 4423 Ἐ-

2008 4378 2209 4433 unitati
2262 4377 2567 4443 convenit,
2634 4378 2860 4445 aiebat,
2923 4378 3040 4451 Ego
3090 4388 3147 4435 et
3200 4379 3365 4435 Pater
3417 4397 3586 4437 unum

289 4464 453 4535 πειδὴ
490 4465 554 4519 δὲ
596 4465 682 4528 είς
728 4461 1088 4534 πληθυντικὸν
1115 4463 1349 4535 ἀριθμὸν
1395 4463 1458 4517 τὸ
1504 4461 1901 4533 σημαινόμενον

2001 4468 2169 4526 sum?
2225 4468 2363 4524 Cum
2431 4477 2613 4526 autem
2664 4470 2865 4540 plurali
2921 4486 3153 4527 numero
3203 4472 3259 4526 id
3308 4481 3585 4543 exponat,

286 4555 541 4620 ἑξαπλοῇ
579 4554 749 4623 δῆλος
773 4552 841 4607 ἂν
868 4554 954 4625 εἴη
979 4553 1186 4624 λοιπὸν,
1210 4554 1306 4626 τὴν
1322 4554 1430 4608 τῶν
1447 4552 1901 4624 ὲτεροδοξούντων

2006 4562 2388 4617 haereticorum
2430 4561 2748 4633 opinionem
2789 4570 3043 4620 evertere
3090 4563 3194 4634 17
3227 4564 3584 4621 manifestum

280 4646 639 4720 ἀνατρέπων
689 4645 969 4700 ὑπόνοιαν.
1019 4647 1154 4701 Οὐδὲ
1204 4645 1314 4718 γὰρ
1368 4647 1435 4701 ἂν
1498 4644 1618 4701 καθ’
1667 4646 1786 4711 ἑνὸς
1840 4646 1902 4699 τὸ

2006 4659 2105 4709 est.
2139 4653 2329 4726 Neque
2350 4655 2496 4710 enim
2532 4671 2737 4723 sumus,
2766 4654 2835 4712 de
2875 4672 2985 4713 uno
3012 4664 3162 4713 recte
3195 4656 3431 4717 dixeris.

280 4738 479 4808 ἐσμὲν
508 4736 849 4809 ἐπενεχθείη
878 4737 1134 4803 συνετῶς.

355 4833 625 4886 'AAAO.
678 4830 806 4885 Ἐπὶ
838 4832 905 4903 τῇ
951 4830 1047 4885 τοῦ
1077 4830 1370 4901 ἀνθρώπου
1404 4816 1714 4904 κατασκευῇ
1745 4833 1896 4905 φωνὴ

277 4924 524 4995 φέρεται
584 4920 749 4987 Θεοῦ,
802 4941 821 4974 ι
868 4924 1193 4994 Ποιήσωμεν
1227 4923 1533 4995 ἄνθρωπον,
1560 4944 1580 4977 ι
1620 4926 1898 4995 λέγοντος,

281 5031 301 5065 Ι
338 5014 470 5069 κατ’
532 5013 735 5066 εἰκόνα
771 5014 1049 5085 ἡμετέραν
1087 5015 1182 5069 καὶ
1221 5013 1343 5068 καθ’
1368 5015 1645 5086 ὁμοίωσιν.
1678 5036 1697 5070 ι
1728 5016 1902 5088 Εἴπερ

274 5101 372 5159 οὖν
405 5107 498 5169 είς
536 5103 609 5157 ’ἐν
641 5120 693 5156 τι
723 5102 802 5176 τῷ
836 5102 1059 5175 ἀριθμῷ
1096 5103 1157 5157 τὸ
1182 5107 1283 5177 τῆς
1309 5097 1471 5174 ἇγίας
1505 5106 1731 5178 Τριάδος
1760 5106 1900 5161 πλά-

272 5213 387 5266 τος,
431 5198 536 5252 ἵνα
577 5196 759 5260 οὑτως
801 5196 962 5260 εῐπω,
982 5197 1351 5263 συστέλλεται,
1378 5198 1472 5252 καὶ
1511 5198 1900 5263 δυσσεὸοῦντες

270 5286 598 5361 ἀναιροῦσι
647 5285 708 5338 1:6
738 5286 1035 5356 ὑφεστᾶναι
1082 5286 1204 5339 καθ’
1247 5287 1474 5351 ἑαυτοὺς
1519 5287 1759 5358 Πατέρα,
1805 5290 1899 5341 καὶ

272 5377 410 5434 Υἱὸν
446 5397 463 5410 ο
495 5379 603 5443 τίς
639 5380 667 5433 6
697 5379 834 5451 πρὸς
858 5378 981 5433 τίνα
1012 5370 1188 5447 λέγων
1217 5379 1355 5443 ἐστὶ,
1382 5397 1401 5430 ι
1447 5380 1765 5450 Ποιήσωμεν
1801 5380 1898 5434 ἄν-

269 5471 516 5543 θρωπον
548 5469 882 5526 κατέίκόνα
912 5471 1011 5542 τὴν
1034 5470 1310 5541 ἡμετέραν
1333 5485 1348 5535 ;
1370 5487 1388 5521 ι
1421 5469 1572 5541 Χρῆν
1593 5469 1701 5541 γάρ
1728 5469 1897 5542 δήπου

333 5670 385 5703 ³⁸
418 5665 666 5735 Philip.
701 5682 758 5736 ιι,
782 5667 833 5723 6.
916 5668 963 5701 “
1002 5664 1161 5723 Joan.
1187 5666 1348 5736 x,30.
1428 5667 1473 5700 ³⁸
1494 5666 1628 5724 Gen.
1661 5684 1699 5736 ι,
1724 5666 1794 5723 ‘26

2074 4830 2307 4887 ALIUD.
2335 4831 2473 4888 Cum
2516 4832 2661 4891 Deus
2686 4834 2927 4893 condere
2956 4835 3124 4893 vellet
3159 4834 3465 4900 hominem,
3497 4833 3583 4887 di-

2004 4921 2156 4978 xisse
2189 4922 2405 4978 fertur:
2462 4942 2482 4976 ι
2535 4922 2831 5002 Faciamus
2863 4925 3143 4982 hominem
3183 4925 3250 4980 ad
3288 4923 3583 4992 imaginem

2004 5020 2252 5070 nostram
2303 5023 2358 5070 et
2393 5014 2814 5073 similitudinem
2842 5016 2909 5068 ³⁸.
2948 5033 2969 5067 ι
3024 5013 3082 5070 Si
3121 5028 3255 5085 ergo
3303 5012 3373 5066 ad
3412 5025 3582 5065 unum

2001 5104 2270 5175 quiddam
2323 5122 2554 5164 numero
2595 5116 2803 5164 sancta:
2845 5104 3138 5162 Trinitatis
3164 5101 3488 5173 amplitudo,
3527 5113 3586 5158 ut

2003 5196 2078 5251 ita
2109 5194 2315 5261 dicam,
2362 5199 2733 5264 contrahitur,
2772 5208 2827 5253 et
2867 5196 3035 5268 impie
3070 5193 3315 5250 haeretici
3360 5191 3585 5249 Patrem

2005 5293 2059 5342 et
2108 5284 2309 5341 Filium
2358 5287 2583 5358 propria
2627 5287 2843 5342 nudant
2873 5285 3195 5357 hypostasi:
3223 5285 3353 5357 quis
3381 5295 3466 5342 eat
3493 5284 3588 5341 ille

2008 5377 2103 5447 qui
2143 5378 2209 5433 ad
2242 5376 2411 5431 alium
2447 5377 2614 5433 dicit:
2653 5394 2672 5429 ι
2708 5376 3000 5433 Faciamus
3027 5377 3307 5434 hominem
3344 5377 3411 5433 ad
3443 5376 3588 5433 ima-

2008 5473 2190 5544 ginem
2246 5471 2535 5529 nostram?
2577 5492 2596 5527 ι
2638 5470 2832 5530 Dicere
2864 5472 3009 5530 enim
3047 5470 3357 5545 oportebat,
3403 5470 3451 5528 si
3506 5466 3589 5525 ita
