4052 6208
450 301 520 357 55

1469 287 1527 347 δ’.
1566 290 1843 348 CYRILLI
1880 288 2361 381 ALEXANDRINI’
2385 282 2700 345 ARCHlEP.

3628 285 3698 341 36

446 444 538 486 res
570 434 715 484 esset
764 434 827 484 ut
868 427 948 484 illi
989 434 1304 500 nugantur:
1344 444 1363 480 ι
1394 426 1693 485 Faciamus
1745 425 2021 484 hominem

2126 418 2320 496 λέγειν,
2348 430 2504 500 εῐπερ
2527 429 2701 494 οὕτως
2728 429 2862 502 ἔχει,
2894 428 3148 501 καθάπερ
3178 428 3377 483 ἐκεῖνοι
3410 401 3701 499 ληψῦντίς

444 520 512 575 ad
558 519 852 592 imaginem
898 534 1075 575 meam
1129 526 1185 575 et
1226 518 1296 575 ad
1347 518 1788 575 similitudinem.
1827 537 1847 572 ο
1899 515 2021 571 Jam

444 621 627 668 autem
658 627 784 668 cum
835 612 888 670 id
938 626 1049 667 non
1085 611 1257 677 dicat,
1298 611 1396 668 sed
1433 611 1777 666 etl‘ectioncm
1821 606 2023 678 plurali

442 719 675 760 numero
705 704 935 769 tribuat,
968 710 1025 760 et
1055 703 1121 759 ad
1157 722 1176 756 ι
1217 703 1510 775 imaginem
1538 688 1788 757 nostram
1837 719 1857 753 ι
1897 699 2022 755 libri

443 798 686 867 scriptor
731 795 1001 867 adjiciat,
1055 797 1209 852 clara
1261 794 1672 867 quodammodo
1719 802 1776 849 et
1828 806 2024 862 magna

448 903 580 943 voce
610 886 814 942 clamat
848 893 1056 942 sanctae
1085 885 1375 940 Trinitatis
1415 896 1679 954 personas
1706 884 1893 952 plures
1921 895 2026 935 nu-

354 1018 359 1023 ι
445 979 645 1035 lucrari
677 993 840 1049 quam
878 994 1067 1033 unam.

514 1157 742 1214 ALIUD.
776 1157 831 1212 Si
863 1155 1119 1228 splendor
1144 1164 1231 1211 est
1260 1138 1446 1210 Patris
1479 1152 1674 1219 Filius,
1709 1167 1809 1208 ceu
1839 1153 2024 1208 lumen

442 1253 512 1309 de
542 1253 775 1306 lumine:
808 1249 1086 1320 quomodo
1117 1262 1230 1305 non
1252 1246 1617 1316 distinguitur
1644 1246 1714 1299 ab
1741 1245 1863 1315 ipso
1892 1260 2025 1314 qua-

435 1352 607 1399 tenus
639 1342 855 1412 proprie.
893 1337 1189 1396 subsistit?
1210 1337 1373 1392 Certe
1410 1336 1556 1390 enim
1603 1336 1657 1391 id
1684 1336 1829 1406 quod
1862 1336 2023 1391 sicuti

437 1434 707 1505 splendor
742 1440 965 1487 emanat
999 1432 1069 1486 ab
1112 1431 1241 1492 alio,
1279 1429 1538 1483 nimirum
1571 1427 1642 1482 ab
1663 1442 1729 1483 eo
1758 1428 1904 1498 quod
1942 1429 2028 1483 lu-

437 1538 563 1579 cem
596 1522 732 1585 edit,
765 1536 876 1576 non
906 1535 937 1573 a
970 1519 1154 1588 seipso
1187 1516 1242 1570 id
1273 1518 1529 1586 accipiet.

514 1613 746 1670 ALIUD.
790 1612 974 1669 Filius
996 1610 1301 1667 ostendens
1332 1625 1393 1666 se
1423 1625 1488 1665 ex
1516 1609 1825 1665 substantia
1846 1610 1943 1665 Dei
1963 1625 2027 1665 ac

444 1705 632 1760 Patris
664 1720 825 1770 esse,
862 1704 1065 1759 alicubi
1121 1719 1319 1760 rursus
1362 1704 1439 1757 ait
1473 1720 1487 1757 :
1525 1721 1544 1755 ι
1582 1703 1698 1775 Ego
1748 1719 1814 1759 ex
1863 1703 2025 1759 Patre

440 1798 613 1864 exivi,
652 1805 707 1853 et
729 1798 929 1865 venio;
963 1811 1162 1852 rursus
1217 1805 1466 1851 revertor
1515 1796 1581 1850 ad
1636 1795 1854 1851 Patrem
1884 1796 1950 1853 ³⁸.
1998 1814 2018 1849 ι

445 1890 737 1958 Quomodo
771 1890 941 1961 igitur
974 1905 1082 1945 non
1126 1889 1269 1944 alius
1299 1888 1406 1944 erit
1435 1888 1504 1943 ab
1533 1889 1653 1959 ipso
1681 1890 1896 1943 ratione
1927 1888 2024 1960 hy-

445 1982 688 2052 postasis
721 1996 785 2036 ac
820 1981 1059 2046 numeri,
1090 1995 1218 2037 cum
1248 1980 1437 2036 omnis
1461 1980 1601 2036 ratio
1653 1997 1755 2037 nos
1802 1980 2021 2046 doceat,

447 2075 501 2130 id
545 2073 692 2144 quod
740 2074 808 2128 ab
858 2074 1042 2143 aliquo
1091 2072 1331 2143 prodiit,
1366 2072 1516 2127 aliud
1564 2088 1689 2129 esse
1733 2072 2026 2143 concipere

447 2166 517 2219 ab
555 2181 622 2222 eo
655 2179 685 2218 a
708 2178 822 2235 quo
861 2164 1107 2236 prodiit?
1140 2165 1327 2236 Itaque
1358 2180 1552 2220 verum
1603 2179 1711 2220 non
1750 2171 1837 2220 est
1877 2164 2025 2235 quod

444 2257 754 2315 adversarii
784 2257 999 2313 dicunt.

513 2439 747 2496 ALIUD.
786 2441 865 2513 ln\
902 2441 1075 2497 Deum
1120 2440 1365 2505 Patrem,
1399 2449 1453 2497 et
1493 2441 1551 2495 in
1590 2439 1789 2495 Filium
1836 2440 2028 2511 unige-

447 2534 654 2600 nitum,
688 2540 744 2589 et
781 2533 838 2588 in
873 2541 1127 2588 sanctum
1160 2528 1430 2603 Spiritum
1485 2533 1778 2588 credentes
1821 2532 2027 2603 justiti-

392 2660 403 2673 ι
442 2639 640 2681 camur
666 2643 680 2680 :
705 2624 1051 2696 proindeque
1082 2626 1247 2681 etiam
1284 2624 1538 2679 Salvator
1568 2624 1685 2695 ipse
1712 2625 1829 2681 suis
1860 2625 2029 2680 disci-

443 2716 588 2787 pulis
647 2717 902 2787 praecipit
959 2708 1151 2772 dicens
1204 2735 1219 2770 :
1264 2735 1284 2768 ι
1333 2716 1559 2785 Euntes
1596 2717 1790 2771 docete
1836 2731 2028 2772 omnes

442 2818 658 2881 gentes,
694 2810 1050 2883 baptizautes
1083 2823 1180 2863 eos
1200 2792 1267 2861 in
1307 2809 1533 2862 nomine
1561 2806 1759 2875 Patris,
1794 2814 1848 2862 et
1880 2806 2025 2875 Filii,

444 2878 502 2956 et
537 2878 789 2971 Spiritus?
826 2899 1002 2955 sancti
1038 2899 1108 2954 ".
1160 2917 1178 2950 ι
1213 2896 1269 2952 Si
1311 2913 1441 2969 ergo
1474 2898 1610 2953 nihil
1658 2900 1819 2955 nobis
1863 2878 2051 2971 plane,

441 2992 795 3064 cogitandum
833 2990 1031 3046 inferat
1067 2990 1157 3044 illa
1197 2989 1483 3044 nominum
1517 2990 1840 3056 diversitas,
1865 2977 2027 3046 lcum-

2123 535 2290 587 φασι·
2324 538 2342 571 ι
2379 522 2706 594 Ποιήσωμεν
2729 521 3014 593 ἄνθρωπον
3062 522 3183 574 κατ’
3220 519 3406 573 εἰκόνα
3424 517 3563 591 ιμὴν
3608 520 3702 573 καὶ

2124 609 2246 663 καθ’
2270 611 2548 680 ὁμοίωσιν.
2588 632 2607 664 ι
2641 613 2779 667 Νυνὶ
2804 614 2865 667 δὲ
2890 613 3050 667 τοῦτο
3084 611 3181 683 μὲν
3207 611 3309 665 οὐκ
3336 608 3528 679 εἰπὼν,
3564 610 3703 683 «)1;-

2123 701 2389 765 θυντικῶς
2434 702 2491 757 δὲ
2519 704 2691 768 διδοὺς
2718 704 2936 777 ἀριθμῷ
2957 705 3056 774 τὴν
3083 703 3336 775 ποίησιν,
3366 703 3483 766 καὶ,
3515 720 3535 753 ι
3564 702 3701 755 Κατ’

2121 794 2307 847 είκόνα
2352 794 2453 865 τὴν
2504 796 2798 867 ἡμετέραν,
2862 816 2881 849 ι
2928 793 3228 864 ἐπαγαγὼν
3281 796 3311 848 ὁ
3351 795 3445 849 τοῦ
3493 793 3709 866 βιϐλίου

2125 885 2507 957 συγγραφεὺς,
2539 886 2818 957 μονονουχὶ
2846 886 3096 958 λαμπρᾷ.
3127 886 3223 943 καὶ
3266 885 3480 959 μεγάλῃ
3507 885 3605 956 βοᾷ
3636 887 3701 955 τῇ

2124 979 2274 1046 φωνῇ
2303 977 2401 1047 τὴν
2434 977 2575 1049 ὑπὲρ
2621 978 2781 1032 ἑνάδα
2813 980 2912 1050 τῆς
2945 978 3107 1048 ἁγίας
3134 979 3362 1051 Τριάδος
3389 976 3706 1049 ἀπαρίθμη-

2126 1084 2230 1122 σιν.

2197 1160 2429 1215 ’AAAO.
2452 1162 2515 1214 Εἰ
2538 1160 2879 1232 ἀπαύγασμα
2905 1160 3148 1239 ἐστιθτοῦ
3178 1160 3389 1231 ιῙατρὸς
3405 1163 3434 1214 6
3451 1158 3705 1224 Υἱὸς,·ὼς

2126 1251 2241 1320 φῶς
2272 1253 2336 1305 ὲκ
2362 1252 2539 1320 φωτός
2558 1266 2573 1281 '
2601 1254 2721 1318 πῶς
2759 1254 2858 1324 οὐχ
2889 1253 3077 1324 ἕτερος
3108 1252 3244 1324 πρὸς
3263 1252 3442 1315 αὑτὸν,
3467 1251 3543 1315 ὡς
3578 1251 3706 1305 ίδιο-

2128 1343 2392 1407 σύστατος
2416 1360 2431 1408 ;
2465 1344 2539 1397 Τὸ
2569 1345 2678 1416 γὰρ
2707 1345 2840 1409 ὅλως
2867 1344 3222 1414 ἀπαυγασθὲν
3277 1344 3353 1407 ὡς
3380 1343 3471 1412 ὑφ’
3493 1343 3705 1414 ἑτέρου,

2125 1431 2365 1502 δηλονότι
2397 1433 2490 1486 τοῦ
2522 1433 2952 1503 ἀπαυγάζοντος,
2986 1432 3082 1486 καὶ
3117 1432 3219 1486 οὐκ
3245 1431 3377 1485 αὐτὸ
3407 1430 3467 1496 ἐξ
3506 1428 3701 1481 ἑαυτοῦ

2125 1525 2284 1578 τοῦτο
2313 1525 2585 1580 πείσεται.

2206 1617 2435 1671 'AAAO.
2483 1617 2579 1671 Ἐκ
2623 1617 2724 1689 τῆς
2754 1616 2948 1680 οὐσίας
2977 1615 3104 1669 ὅντα
3134 1614 3235 1685 τῆς
3282 1611 3377 1666 τοῦ
3424 1609 3561 1665 Θεοῦ
3613 1608 3708 1664 καὶ

2129 1709 2341 1780 Πατρὸς
2367 1709 2720 1765 ἐπιδεικνύων
2743 1709 2932 1763 ἑαυτὸν
2959 1711 2989 1761 6
3012 1707 3162 1771 Υίὺς,
3199 1705 3335 1777 φησι
3371 1721 3472 1758 που
3505 1703 3668 1757 πάλιν
3691 1717 3706 1733 ⁸

2135 1824 2152 1855 ι
2203 1804 2343 1872 Ἐγὼ
2382 1806 2446 1857 ἐκ
2496 1802 2589 1857 τοῦ
2639 1802 2854 1873 Πατρὺς
2903 1799 3146 1870 ἐξῆλθον,
3201 1798 3295 1853 καὶ¹
3342 1797 3463 1868 ἥκω
3503 1810 3519 1825 ’
3550 1794 3710 1848 πάλιν

2130 1895 2434 1966 πορεύομαι
2471 1896 2608 1966 πρὸς
2651 1895 2742 1948 τὸν
2786 1893 3024 1965 Πατέρα,
3049 1910 3070 1944 ι
3117 1889 3238 1954 Πῶς
3266 1884 3358 1942 οῦν
3400 1888 3498 1957 οὐχ
3524 1886 3710 1957 ἔτερος

2128 1987 2277 2041 ἔσται
2329 1989 2458 2059 παρ’
2510 1986 2711 2050 αὐτὸν,
2753 1985 2828 2049 ὡς
2862 1988 2921 2039 ὲν
2966 1982 3260 2037 ὑποστάσει
3310 1980 3404 2033 καλ⁸
3454 1977 3708 2049 ἀριθμῷ,

2128 2080 2326 2143 παντὸς
2348 2080 2495 2150 ἡμᾶς
2531 2075 2917 2137 ἀναπείθοντος
2944 2074 3127 2142 λόγου,
3158 2073 3220 2126 τδ
3250 2069 3314 2123 ἐκ
3339 2086 3483 2131 τινος
3513 2067 3712 2139 προελ-

2128 2172 2219 2226 θὸν
2244 2210 2259 2235 ,
2293 2171 2480 2241 ἕτερον
2512 2166 2654 2222 εἶναι
2704 2166 2833 2239 παρ’
2859 2167 3035 2219 tumo
3080 2166 3220 2218 νοεῖν
3240 2202 3255 2227 ,
3279 2162 3374 2231 ἀφ’
3404 2155 3466 2215 οὗ
3510 2159 3574 2231 δὴ
3615 2159 3712 2241 καὶ

2127 2260 2495 2334 προελήλυθεν
2529 2278 2544 2327 ;
2579 2258 2793 2313 Οὐκοῦν
2825 2257 2927 2311 οὐκ
2978 2254 3184 2326 ἀληθὴς
3224 2255 3336 2316 τοϊς
3362 2253 3431 2305 δι’
3460 2248 3709 2313 ἐναντίας

2125 2357 2155 2408 6
2170 2353 2360 2421 λόγος.
3346 2334 3349 2337 Δ

2202 2445 2429 2498 ἈΛΛΟ.
2464 2444 2560 2507 Εἰς
2585 2441 2718 2495 Θεὸν
2745 2440 2983 2513 Πατέρα,
3015 2441 3110 2495 καὶ
3144 2441 3224 2504 είς
3256 2437 3385 2493 Υίόν
3419 2438 3701 2510 μονογενῆ.

2127 2536 2222 2590 καὶ
2254 2537 2334 2599 εἰς
2372 2536 2524 2604 ἅγιον
2559 2532 2784 2602 Πνεῦμα
2828 2530 3177 2611 πιστεύοντες
3207 2529 3579 2600 δικαιούμεθα.
3608 2530 3707 2584 Διά

2127 2644 2208 2680 τοι
2240 2625 2398 2679 τοῦτο
2437 2625 2530 2679 καὶ
2575 2624 2737 2688 αὐτὸς
2764 2625 2793 2677 6
2821 2623 3012 2695 Σωτὴρ
3045 2623 3158 2686 τοῖς
3188 2622 3412 2685 οἰκείοις
3437 2620 3725 2692 μαθηταῖςί
3800 2672 3809 2683 ,

2125 2719 2407 2772 ἐπιτάττει
2438 2717 2613 2785 λέγων
2642 2733 2656 2748 ο
2681 2735 2700 2768 ι
2730 2715 3095 2787 Πορευθέντες
3118 2713 3501 2786 μαθητεύσατε
3531 2714 3707 2768 πάντα

2126 2811 2196 2864 τὰ
2234 2810 2388 2882 ἔθνη,
2427 2809 2781 2879 βαπτίζοντες
2820 2808 3017 2871 αὐτοὺς
3057 2808 3139 2872 είς
3167 2806 3227 2860 τὸ
3268 2806 3439 2878 ὄνομα
3466 2805 3560 2889 τοῦ
3593 2807 3706 2861 Πα-
3740 2862 3743 2871 ,

2126 2901 2274 2974 τρός,
2320 2902 2415 2955 καὶ
2461 2900 2555 2954 τοῦ
2603 2900 2732 2954 Υίοῦ
2758 2940 2772 2965 ,
2806 2899 2901 2953 καὶ
2945 2897 3041 2952 τοῦ
3095 2897 3254 2967 ἁγίου
3301 2896 3636 2968 Πνεύματος.
3680 2917 3700 2950 ι

2129 2995 2302 3065 Εἴπερ
2352 2989 2446 3048 οῦν
2479 2993 2615 3057 ὅλως
2663 2991 2816 3046 οὐδὲν
2858 2991 2990 3061 ἡμῖν
3025 2990 3249 3043 εἰσοίσει
3295 2990 3431 3060 πρὸς
3460 2989 3644 3060 νόησιν
3672 2991 3706 3059 ὴ
3820 3054 3839 3061 Ὦ

443 3097 553 3152 quc
600 3079 816 3135 Patrem
865 3079 1096 3145 dixeris,
1146 3079 1424 3149 signiﬁces
1479 3077 1722 3147 Filium,
1780 3089 1835 3136 et
1893 3097 2017 3136 cum

2126 3087 2234 3141 τῶν
2260 3084 2539 3156 ὀνομάτων
2568 3081 3050 3153 διαφορὰ,Πατέρα
3073 3080 3131 3134 δέ
3149 3097 3234 3142 τις
3259 3079 3426 3133 εἰπὼν
3453 3079 3709 3150 σημαίνει

444 3170 646 3227 Filium
672 3172 1066 3238 nominaveris,
1086 3172 1261 3241 ipsius
1281 3171 1610 3226 mentionem
1628 3171 1807 3228 Patris
1824 3172 2021 3230 facias:

442 3263 574 3335 quid
640 3278 809 3334 porro
876 3278 1107 3319 necesse
1164 3271 1252 3318 est
1319 3263 1376 3317 in
1442 3262 1771 3319 Trinitatem
1839 3248 2024 3335 potius

442 3369 610 3424 quam
651 3356 705 3408 in
740 3355 1006 3426 unitatem
1054 3353 1257 3410 ﬁdeles
1291 3355 1488 3425 jubere
1538 3354 1848 3426 baptizari?
1887 3357 2025 3411 Cum

443 3453 628 3498 autem
655 3443 709 3499 in
745 3424 912 3499 trium
942 3460 1230 3500 numerum
1265 3455 1528 3500 excurrat
1555 3424 1702 3516 quod
1737 3447 1804 3502 de
1830 3456 2025 3502 natura

442 3534 634 3591 divina
685 3535 923 3602 dicitur,
979 3537 1237 3593 omnibus
1291 3538 1480 3609 utique
1532 3539 1886 3614 manifestum
1940 3550 2026 3597 est

443 3642 897 3702 unumquemque
941 3642 1136 3684 eorum
1182 3629 1276 3699 qui
1310 3640 1674 3685 numerantur
1699 3632 1753 3685 in
1803 3632 2025 3702 propria

441 3730 566 3771 esse
620 3698 901 3789 hipostasi
942 3736 956 3773 :
998 3698 1264 3790 quoniam
1328 3727 1511 3775 autem
1563 3722 1668 3792 13
1707 3698 2026 3780 nullatenus

442 3809 750 3874 secundum
799 3821 1052 3866 naturam
1112 3811 1503 3883 distinguitur,
1561 3814 1616 3868 in
1671 3829 1837 3868 unam
1888 3830 2026 3870 cuna

440 3902 661 3955 scendit
699 3900 955 3959 deitatem
981 3942 996 3967 ,
1033 3909 1089 3957 et
1126 3904 1500 3960 adorationem
1544 3904 1706 3961 habet
1753 3907 2021 3963 eamdem.

505 3990 743 4047 ALIUD.
777 3993 861 4047 lra
890 3993 983 4049 Dei
1006 3993 1599 4052 Sodomitarumurbes
1630 3996 2022 4071 conﬂagrasse,

436 4082 630 4139 .divina
667 4083 959 4156 Scriptura
988 4084 1146 4140 dicit.
1183 4088 1464 4141 Euarrans
1505 4098 1691 4143 autem
1720 4106 1829 4159 quo
1863 4099 2025 4160 pacto

436 4175 665 4233 .divinus
693 4177 777 4233 cis
808 4175 962 4231 furor
1005 4177 1296 4250 ingruerit,
1337 4188 1392 4234 et
1441 4180 1713 4235 rationem
1766 4182 2025 4239 interitus

434 4268 594 4323 .clare
624 4270 866 4324 edocens
894 4288 907 4324 :
938 4288 957 4321 ι
992 4269 1171 4339 Pluit,
1211 4289 1232 4324 ι
1267 4270 1477 4342 inquit,
1507 4289 1527 4325 ι
1566 4271 1835 4331 Dominus
1868 4290 1898 4328 a
1920 4273 2026 4329 Do-

437 4358 597 4415 Jnino
627 4374 794 4428 super
844 4360 1084 4415 Sodoma
1133 4364 1309 4434 ignem
1362 4372 1417 4421 et
1457 4365 1694 4438 sulphur
1724 4367 1805 4435 ⁸⁸;
1842 4387 1860 4420 ι
1898 4383 2023 4426 cum

2126 3176 2218 3230 τὸν
2243 3175 2393 3239 Υίὸν,
2440 3174 2533 3228 καὶ⁵
2589 3173 2712 3226 Υίὸν
2742 3170 3019 3241 ὀνομάσας
3049 3167 3213 3222 αὑτοῦ
3247 3166 3572 3238 μνημονεύει
3608 3166 3707 3220 τοῦ

2127 3264 2361 3336 Πατρός
2384 3263 2469 3326 τίς
2521 3258 2590 3334 ἦν
2631 3261 2727 3315 καὶ
2764 3260 2924 3332 χρεία
2967 3258 3042 3330 μὴ
3092 3259 3229 3327 πρὸς
3276 3256 3437 3347 ἑνάδα
3482 3255 3737 3347 μᾶλλον..

2126 3356 2242 3412 ἀλλ’
2276 3357 2358 3418 είς
2387 3354 2593 3424 Τριάδα
2621 3352 2862 3407 κελεύειν
2895 3348 3251 3422 βαπτίζεσθαι
3269 3348 3396 3411 τοὺς
3424 3346 3703 3401 πιστεύονί

2126 3464 2261 3514 τας;
2318 3443 2536 3516 Ἐπειδὴ
2567 3444 2626 3497 δὲ
2668 3445 2749 3507 είς
2788 3443 2879 3496 τὸν
2921 3443 3070 3512 τρεῖς
3118 3439 3348 3511 ἀριθμὸν
3390 3441 3420 3492 6
3453 3437 3709 3508 περὶτῆς

2128 3538 2281 3601 θείας
2309 3536 2523 3607 φύσεως
2566 3535 2815 3608 ἐκτρέχει
2847 3533 3024 3602 λόγος,
3056 3530 3319 3603 πρόδηλον
3345 3530 3518 3601 δήπου
3542 3528 3707 3583 πᾶσίν

2126 3632 2295 3694 ἐστιν,
2318 3631 2375 3683 ὲν
2405 3629 2700 3683 ὑποστάσει
2738 3628 2836 3699 μὲν
2868 3625 2971 3697 ἰδίᾳ
2995 3623 3104 3677 τῶν
3139 3621 3552 3695 ἀριθμουμένων
3577 3618 3704 3673 ἔκα-

2129 3739 2253 3776 στον
2296 3718 2452 3775 εἶναι·
2487 3720 2566 3792 τῷ
2610 3720 2667 3774 δὲ
2715 3718 3025 3791 μηδαμόθεν
3074 3714 3400 3787 ἐξηλλάχθαι
3439 3711 3580 3768 κατά
3608 3710 3708 3782 τὴν

2122 3805 2313 3884 φύσιν,
2340 3816 2420 3877 είς
2438 3814 2583 3883 μίαν
2613 3811 2892 3867 ἀναϐαίνει
2912 3809 3160 3881 θεότητα,
3200 3808 3296 3861 καὶ
3337 3804 3707 3877 προσκύνησιν

2126 3906 2238 3977 ἔχει
2262 3906 2361 3977 τὴν
2389 3905 2582 3975 αὑτήν.

2198 3999 2427 4051 'AAAU.
2463 3997 2551 4063 Ἐξ
2565 3996 2738 4068 ὀργῆς
2764 3993 3153 4066 ἐμπεπρῆσθαι
3182 3990 3318 4045 Θεοῦ
3344 3989 3444 4054 τὰς
3469 3989 3575 4043 τῶν
3591 3989 3661 4042 Σο

2126 4091 2361 4162 δομιτῶν
2386 4084 2592 4155 ’πόλεις
2634 4092 2667 4162 ὴ
2722 4090 2839 4144 θεία
2880 4088 3030 4156 λέγει
3065 4087 3285 4159 Γραφή·
3316 4080 3702 4155 ἑξηγημένηδὲ

2126 4184 2272 4247 ὅπως
2300 4183 2483 4246 αὐτοῖς
2503 4182 2642 4246 θεῖος
2673 4183 3029 4253 ὲπενήνεκται
3056 4179 3246 4250 θυμὸς,
3273 4177 3368 4232 καὶ
3390 4177 3480 4230 τὸν
3504 4174 3706 4245 τρόπον

2126 4280 2227 4350 τῆς
2283 4278 2559 4342 ἀπωλείας
2613 4276 3002 4330 ὲκδιδάσκουσα
3058 4272 3285 4342 σαφῶς,
3354 4288 3374 4322 ι
3437 4268 3703 4339 Ἐϐρεξε,

2128 4371 2287 4443 φησὶ,
2336 4370 2543 4442 Κύριος
2605 4368 2756 4440 παρὰ
2816 4368 3019 4439 Κυρίου
3056 4358 3166 4418 ’ἐπὶ
3212 4362 3419 4433 Σόδομα
3468 4359 3579 4430 πῦρ
3614 4358 3706 4411 καὶ

443 4450 561 4505 ιιωο
598 4465 727 4519 pars
783 4452 974 4509 calicis
1027 4456 1155 4509 talia
1204 4466 1521 4528 perpetrare
1550 4435 1745 4517 solitis
1776 4462 2024 4531 apprime

2129 4435 2305 4519 θείονήυ
2343 4482 2361 4516 ι
2397 4435 2522 4517 ἐπεὶ
2564 4463 2659 4517 καὶ
2688 4435 2827 4531 αῦτη
2856 4435 2969 4525 τοῖς
3006 4460 3186 4512 ἐκεῖνα
3219 4453 3561 4526 πλημμελεῖν
3582 4452 3705 4503 sim-

439 4550 792 4612 congrueret.
826 4545 960 4610 Quis
993 4561 1124 4616 ergo
1170 4548 1261 4601 ille
1297 4550 1580 4615 Dominus,
1612 4561 1667 4606 et
1693 4566 1722 4604 a
1753 4567 1864 4621 quo
1915 4551 2024 4606 Do-

444 4634 597 4692 mino
632 4634 810 4704 ignem
857 4637 1124 4701 immittit,
1174 4648 1337 4707 atque
1391 4638 1798 4695 Sodomitarum
1857 4644 2022 4698 urbes

444 4726 734 4785 incendit?
767 4714 1111 4785 Manifestum
1152 4741 1238 4786 est
1275 4732 1485 4787 Patrem
1534 4734 1627 4803 qui
1679 4750 1774 4803 per
1823 4733 2020 4790 Filium

443 4825 710 4889 operatur
741 4820 952 4883 omnia,
988 4836 1114 4875 cum
1157 4822 1230 4877 sit
1269 4823 1392 4893 ejus
1426 4825 1602 4879 virtus
1630 4834 1683 4880 et
1713 4826 2023 4895 brachium,

444 4910 626 4979 ipsum
652 4906 951 4966 Sodomitis
981 4911 1158 4981 ignem
1186 4913 1500 4970 immisisse.
1535 4915 1670 4969 Cum
1697 4932 1826 4987 ergo
1843 4916 2025 4973 Domi-

444 5016 605 5057 nusa
642 5002 876 5058 Domino
922 5004 1100 5076 ignem
1147 5005 1255 5061 illis
1300 5007 1578 5072 immittat,
1603 5010 1880 5079 quomodo
1910 5027 2019 5066 non

443 5094 846 5169 distinguetur,
878 5098 1027 5169 quod
1084 5098 1150 5153 ad
1188 5102 1468 5170 propriam
1500 5102 1841 5174 hypostasim
1895 5107 2024 5160 alti-

443 5193 560 5253 net,
589 5186 750 5245 Pater
772 5205 803 5245 a
826 5187 989 5255 Filio,
1015 5198 1069 5245 et
1088 5192 1332 5246 vicissim
1365 5189 1534 5248 Filius
1558 5209 1587 5248 a
1612 5195 1813 5252 Patre?
1834 5198 2016 5255 Unum

440 5282 590 5338 enim
625 5285 776 5343 velut
804 5300 870 5341 ex
902 5301 1012 5342 uno
1046 5286 1137 5343 hic
1172 5286 1541 5358 signiﬁcatur.

400 5434 408 5493 ῗ
516 5454 739 5513 ALIUD-
774 5458 1104 5530 Prophetico
1138 5472 1322 5522 motus
1356 5467 1577 5538 spiritu,
1613 5479 1665 5526 et
1698 5487 1794 5543 per
1834 5475 2015 5543 ipsum

442 5559 531 5604 res
558 5545 775 5605 futuras
799 5558 926 5608 ante
956 5569 1301 5626 cognoscens
1330 5558 1528 5618 beatus
1556 5561 1875 5631 Psalmista,
1903 5583 2012 5622 non

548 5749 593 5781 “
629 5746 786 5807 Joan.
826 5769 934 5820 ιιι,
969 5756 1040 5813 28

2129 4558 2277 4611 θόσιν
2321 4558 2354 4629 ἡ
2393 4556 2551 4627 μερὶς
2597 4553 2691 4608 τοῦ
2745 4553 3007 4623 ποτηρίου
3066 4547 3512 4621 πρεπωδεστάτη.
3547 4545 3705 4604 Ποϊος

2127 4647 2220 4704 οὖν
2246 4650 2354 4721 ἄρα
2385 4649 2588 4720 Κύριος
2620 4645 2770 4718 παρὰ
2791 4645 2945 4699 ποίου
2973 4644 3175 4714 Κυρίου
3200 4639 3259 4693 τὸ
3287 4638 3396 4707 πῦρ
3412 4635 3699 4703 ἐπαφίησι,

2128 4739 2222 4791 καὶ
2275 4737 2375 4798 τὰς
2420 4736 2529 4788 τῶν
2582 4734 2889 4806 Σοδομιτῶν
2948 4728 3246 4801 κατέφλεξε
3286 4723 3514 4790 πόλεις;
3558 4721 3700 4775 Ἀλλ’

2125 4831 2240 4884 ἔστι
2289 4829 2465 4899 δῆλον,
2500 4828 2627 4894 ὠςὸ
2670 4829 2857 4899 Πατὴρ
2903 4827 2969 4881 δι’
3016 4825 3146 4879 Υίοῦ
3203 4822 3379 4876 πάντα
3425 4815 3699 4890 ἐνεργῶν,

2123 4922 2245 4976 ἐπεὶ
2278 4923 2372 4975 καὶ
2416 4920 2644 4992 δύναμις
2689 4919 2853 4974 αὐτοῦ
2875 4960 2889 4985 ,
2921 4919 3018 4973 καὶ
3070 4915 3307 4991 βραχίων
3336 4912 3502 4976 ἐστὶν,
3541 4908 3734 4972 αὐτὸς.

2124 5014 2439 5086 Σοδομίταις
2469 5012 2584 5067 ῦειν
2628 5014 2801 5066 ἐποίει
2845 5012 2907 5066 τὸ
2959 5011 3087 5081 πῦρ.
3123 5010 3251 5062 Ὅτε
3290 5005 3467 5059 τοίνυν
3501 5001 3705 5072 Κύριος

2125 5107 2276 5176 παρὰ
2296 5107 2500 5178 Κυρίου
2523 5106 2583 5160 τὸ
2603 5106 2713 5179 πῦρ
2742 5104 2970 5169 ἐκείνοις
2990 5102 3204 5173 ἀφίησι,
3222 5099 3339 5162 πῶς
3371 5098 3468 5167 οὐχ
3496 5094 3702 5164 ἔτερος.

2125 5199 2247 5252 ὅσον
2275 5200 2354 5261 εἰς
2390 5199 2451 5251 τὸ
2488 5199 2632 5261 ἰδίως
2676 5198 2961 5269 ὑπάρχειν,
2993 5196 3144 5263 παρὰ
3169 5192 3258 5246 τὸν
3290 5190 3420 5244 Υἱὸν
3447 5184 3703 5254 ὁΠατὴρ,

2125 5291 2218 5345 καὶ
2240 5286 2306 5343 αὖ
2339 5291 2500 5344 πάλιν
2525 5292 2552 5342 6
2574 5290 2699 5353 Υἱὸς
2724 5288 2873 5360 παρὰ
2898 5289 2988 5341 τὸν
3018 5284 3238 5356 Πατέρα
3265 5300 3280 5350 ;
3310 5283 3383 5337 Τὸ
3411 5279 3520 5351 γὰρ
3549 5278 3606 5332 ἓν
3632 5277 3707 5340 ὡς

2126 5380 2186 5447 ἐξ
2215 5380 2333 5445 ἐνὸς
2366 5382 2424 5433 ὲν
2452 5380 2628 5451 τούτῳ
2660 5379 3003 5451 σημαίνεται.

2199 5473 2429 5539 ἈΛΛΟ.
2470 5469 2802 5543 Προφητικῷ
2831 5468 3149 5539 κινούμενος
3191 5462 3486 5535 πνεύματι,
3515 5461 3611 5515 καὶ⁵
3637 5458 3704 5513 δι’

2122 5563 2288 5618 αὐτοῦ
2330 5565 2398 5619 τὰ
2424 5562 2660 5634 ἐσόμενα
2696 5560 3086 5635 προγινώσκων
3130 5561 3159 5615 6
3198 5558 3470 5630 μακάριος
3499 5553 3670 5624 Ψαλμ

1175 5760 1216 5791 ³⁷
1258 5757 1447 5815 Matth.
1488 5778 1679 5831 xxvut,
1706 5763 1790 5820 l9.
1834 5756 1922 5839 1".
1952 5760 2088 5821 Ceno
2115 5780 2227 5831 ιιι,
2261 5763 2351 5819 2‘-
