4072 6210
410 323 479 376 57
1421 315 1484 368 ΙΝ
1516 311 1806 370 JOANNiS
1849 309 1975 367 EVA

2089 308 2299 365 manu
2342 305 2469 367 LIB.
2506 315 2551 366 ι.
3172 381 3176 390 ¹
3599 311 3668 364 ss

412 435 572 508 ῳδὸς,
601 429 700 503 οὐχ
723 431 926 500 ετέρως
957 427 1219 483 δύνασθαι
1260 428 1591 499 διασωθῆναι
1622 430 1683 484 τὸ
1720 430 1876 498 γένος
1917 430 1975 481 ὲν

2076 477 2078 484 .
2108 427 2265 482 aliter
2285 428 2494 483 servari
2527 441 2690 498 posse
2707 441 2882 499 genus
2904 426 3207 481 humanum
3236 424 3486 495 putabat,
3505 437 3667 495 quam

409 531 547 582 ενόει
579 527 640 580 τὸ
666 518 1032 594 ἀνθρώπινον,
1063 523 1112 574 εἰ
1149 520 1222 592 μὴ
1248 521 1335 573 διὰ
1363 521 1529 592 μόνης
1550 525 1648 588 τῆς
1683 519 2000 590 ἐπιφανείας

2103 533 2198 588 per
2245 520 2422 574 solum
2465 518 2760 572 adventum
2814 517 2936 582 Filii
2986 517 3114 586 Dei,
3172 517 3266 586 qui
3322 515 3482 570 facile
3536 515 3667 570 illud

409 619 501 673 τοῦ
534 616 665 671 Υἱοῦ
690 615 786 668 τοῦ
831 613 990 676 Θεοῦ,
1023 611 1118 665 τοῦ
1161 612 1338 665 πάντα
1383 613 1597 683 ῥᾳδίως,
1630 615 1716 682 ἐφ’
1755 614 1894 683 ὅπερ
1933 614 1975 666 ἂι

2099 618 2288 678 posset
2321 609 2376 663 in
2400 610 2546 680 quod
2578 610 2742 665 vellet
2774 608 3098 666 reformare.
3132 607 3402 675 Quocirca
3431 606 3573 660 mitti
3600 607 3668 662 ad

408 710 650 781 βούλοιτο
706 703 1174 777 μεταρῤυθμίζειν
1229 702 1519 794 ἰσχύογτος.
1570 704 1668 756 Διά
1711 721 1791 757 τοι
1840 702 1975 756 τοῦτι

2097 716 2199 756 nos
2244 699 2442 755 Filium
2478 701 2729 772 rogabat,
2775 701 3011 755 maxime
3058 714 3182 756 cum
3243 699 3398 756 solus
3451 711 3670 754 servare

408 799 725 871 πέμπεσθαι
776 795 914 868 πρὸς
969 795 1117 865 ἡμᾶς
1163 794 1460 865 παρεκάλει
1511 797 1601 848 τὸν
1631 795 1777 857 Υίὸν,
1805 795 1899 848 ἇτε
1931 795 1993 866 δὴ

406 893 502 944 καὶ
549 891 708 961 μόνον
761 883 1048 949 διασώζειν
1091 884 1341 954 ἰσχύοντα
1384 887 1512 950 τοὺς
1545 886 1649 940 ὑπὸ
1697 890 1852 956 χεῖρα
1903 887 1994 940 καὶ

406 979 720 1043 πλεονεξίαν
765 975 1094 1046 γενομένους
1121 974 1466 1047 διαϐολικήν·
1509 975 1601 1028 καὶ
1655 975 1717 1045 δὴ
1757 975 1993 1044 ἔφασκεν

404 1072 479 1135 ὡς
506 1071 639 1141 πρὸς
675 1069 768 1122 τὸν
821 1067 952 1120 Θεὸν
982 1066 1077 1120 καὶ
1116 1065 1370 1136 Πατέρα⁰
1413 1085 1431 1118 t
1480 1066 1889 1130 Ἐξαπόστειλον
1932 1066 1991 1120 τὸ

405 1162 521 1230 φῶς
572 1177 667 1214 σου
724 1159 821 1212 καὶ
872 1156 974 1227 τὴν
1005 1155 1266 1227 ἀλήθειάν
1316 1173 1432 1210 σου.
1475 1174 1492 1207 ι
1549 1157 1708 1209 Ποῖον
1758 1150 1852 1208 οὖν
1881 1156 1988 1226 ἄρα

406 1253 522 1304 ἐστὶ
567 1252 628 1304 τὸ
676 1250 825 1318 φῶς,
858 1246 986 1301 ποία
1039 1247 1164 1318 δὲή
1211 1246 1475 1317 ἀλήθεια,
1525 1247 1691 1300 αὐτοῦ
1740 1246 1988 1315 λέγοντος

404 1342 567 1394 ἄκουε
594 1340 686 1393 τοῦ
723 1339 854 1392 Υἱοῦ
874 1355 887 1370 ο
930 1357 949 1390 t
982 1336 1125 1406 Ἐγώ
1152 1337 1266 1406 είμι
1288 1337 1346 1389 τὸ
1372 1337 1504 1406 φῶς,
1538 1339 1630 1390 καὶ
1674 1337 1784 1406 ἐγώ
1812 1340 1927 1408 εἰμι
1953 1341 1984 1408 ή

403 1433 664 1504 ἀλήθεια·
696 1451 714 1484 ›
773 1433 836 1486 El
869 1431 926 1483 δὲ
976 1430 1255 1501 πέμπεται
1299 1429 1434 1500 πρὸς
1467 1431 1612 1500 ἡμᾶς
1645 1431 1704 1482 τὸ
1741 1431 1855 1500 φῶς
1889 1431 1985 1484 κοιλ⁵

403 1526 438 1594 ἡ
467 1523 691 1594 ἀλήθεια
724 1520 814 1574 τοῦ
849 1520 1097 1590 Πατρὸς,
1131 1519 1275 1572 τοῦτ’
1303 1519 1451 1572 ἐστιν
1485 1521 1514 1572 6
1545 1519 1694 1584 Υἱὸς,
1733 1520 1848 1583 πῶς
1885 1522 1983 1591 οὐχ

401 1614 583 1685 ἕτερός
631 1615 746 1665 ἐστι
783 1613 914 1683 παρ’
941 1610 1122 1676 αὐτὸν,
1148 1610 1272 1662 ὅσον
1301 1611 1381 1673 εἰς
1414 1610 1474 1663 τὸ
1502 1610 1648 1674 ἰδίως
1693 1611 1978 1682 ὑπάρχειν,

398 1709 446 1760 εἰ
477 1707 565 1759 καὶ
595 1707 653 1759 ἓν
677 1705 828 1759 ἑστιν
872 1704 945 1767 ὡς
996 1703 1134 1773 πρὸς
1178 1701 1362 1766 αὐτὸν,
1396 1703 1523 1756 ὅσον
1547 1704 1626 1767 είς
1647 1704 1745 1776 τὴν
1772 1705 1871 1774 τῆς
1891 1705 1980 1758 οὐ·

399 1797 518 1860 σίας
539 1796 876 1865 ταυτότητα;
908 1795 970 1846 Εί
1001 1792 1109 1862 γὰρ
1141 1791 1214 1862 μὴ
1243 1791 1414 1856 οὕτως
1434 1792 1574 1862 ἔχειν
1589 1793 1788 1848 οἴονταί
1811 1812 1974 1862 τινες,

391 1890 421 1940 6
445 1889 606 1952 αὐτὸς
635 1887 694 1939 δὲ
724 1886 820 1938 καὶ
848 1880 930 1947 εἷς
975 1885 1090 1936 ἐστι
1139 1883 1328 1954 Πατὴρ
1363 1883 1459 1936 καὶ⁸
1487 1883 1634 1948 Υἱὸς,
1669 1885 1724 1937 τί
1757 1884 1832 1956 μὴ
1864 1886 1980 1938 ’ἐτε-

399 1996 493 2049 ρον
535 1979 771 2030 ἐποιεῖτο
801 1975 888 2028 τὸν
928 1974 1026 2044 τῆς
1051 1973 1217 2044 εὐχῆς
1245 1973 1442 2044 τρόπον
1469 1975 1498 2028 6
1536 1975 1980 2046 πνευματοφόρος

401 2067 562 2136 βοῶν’
605 2066 759 2119 uates
788 2065 920 2137 πρὸς
949 2057 1173 2134 ήμᾶς,ὦ
1197 2062 1443 2130 φῶς.ικαὶ
1463 2063 1725 2134 ἀλήθεια;
1761 2065 1978 2136 Ἐπειδὴ

401 2157 459 2210 δὲ
502 2155 564 2208 τὺ
619 2156 1044 2219 ἐξαπέστειλεν
1085 2151 1272 2217 λέγει,
1303 2154 1461 2225 δῆλος
1517 2155 1584 2207 ἂν
1635 2156 1721 2224 εἴη
1771 2155 1978 2222 λοιπὸν,

2095 800 2281 862 posset
2313 792 2513 848 diaboli
2549 793 2735 847 manui
2775 807 2838 847 ac
2863 791 3140 863 tyrannidi
3175 790 3468 846 subditos:
3501 788 3668 844 adeo-

2092 899 2200 953 que
2227 885 2376 939 velut
2417 883 2485 939 ad
2529 884 2700 938 Deum
2750 898 2813 938 ac
2860 883 3078 938 Patrem
3125 881 3341 938 dicebat
3369 900 3382 936 ε
3414 900 3432 934 t
3470 880 3671 936 Emitte

2093 975 2268 1031 lucem
2329 983 2500 1041 tuam,
2554 985 2608 1032 et
2665 977 2950 1032 veritatem
3004 983 3154 1032 tuam
3191 975 3262 1028 ".
3313 996 3334 1026 ι
3405 973 3666 1039 Qua-nam

2089 1065 2260 1136 igitur
2293 1066 2364 1121 sit
2403 1066 2493 1120 illa
2529 1067 2642 1132 lux,
2677 1077 2730 1122 et
2761 1081 3008 1136 quaenam
3049 1067 3278 1130 veritas,
3321 1065 3502 1134 ipsum
3537 1064 3665 1119 audi

2090 1156 2290 1212 Filium
2323 1159 2596 1215 dicentem
2625 1178 2637 1213 :
2677 1179 2696 1212 ‹
2737 1161 2850 1230 Ego
2871 1171 2994 1217 ‘sum
3029 1160 3144 1222 lux,
3176 1166 3229 1215 et
3266 1173 3370 1228 ego
3414 1173 3535 1212 sum
3570 1172 3666 1210 ve-

2089 1247 2312 1302 ritas".
2350 1269 2370 1301 ι
2401 1249 2553 1314 Quod
2602 1250 2646 1305 si
2704 1250 2770 1306 ad
2807 1265 2908 1305 nos
2952 1250 3191 1304 mittitur
3231 1249 3322 1302 lux
3359 1255 3414 1301 et
3463 1247 3668 1301 veritas

2088 1339 2288 1402 Patris.
2319 1339 2424 1394 hoc
2458 1347 2542 1396 est
2578 1341 2776 1406 Filius,
2812 1341 3090 1412 quomodo
3147 1355 3258 1395 non
3292 1338 3434 1392 alius
3484 1345 3568 1392 est
3596 1337 3668 1391 ab

2087 1431 2229 1500 ipso,
2255 1432 2400 1500 quod
2436 1432 2502 1488 ad
2553 1433 2832 1503 prepriam
2877 1433 3204 1504 hypostasin
3257 1431 3488 1492 attinet,
3536 1431 3664 1484 licet

2086 1539 2254 1577 unum
2287 1524 2355 1578 sit
2386 1539 2512 1582 cum
2559 1528 2680 1596 ipso
2727 1525 3016 1582 identitate
3063 1522 3422 1580 substantiae?
3451 1519 3587 1574 Nam
3616 1517 3661 1574 si

2083 1615 2304 1684 quidam
2339 1615 2414 1668 ita
2444 1630 2556 1669 rem
2587 1631 2708 1670 esse
2747 1631 2856 1670 non
2887 1615 3229 1678 existimant,
3254 1621 3310 1667 et
3332 1611 3473 1667 idem
3498 1617 3664 1678 atque

2083 1722 2225 1762 unus
2247 1714 2332 1761 est
2352 1706 2518 1762 Pater
2539 1721 2603 1762 ac
2624 1707 2798 1762 Filius
2825 1724 2838 1758 :
2865 1708 3059 1778 quidni
3080 1708 3188 1762 alio
3215 1704 3473 1776 precandi
3499 1702 3662 1757 modo

2083 1801 2337 1854 utebatur
2356 1799 2542 1855 divino
2571 1798 2778 1868 Spiritu
2804 1797 3018 1853 amatus
3067 1795 3357 1850 Psalmista
3378 1793 3657 1846 clamans:

2082 1889 2219 1945 Veni
2250 1890 2316 1945 ad
2365 1905 2487 1957 nos,
2520 1904 2554 1944 o
2582 1891 2674 1944 lux
2719 1898 2774 1944 et
2820 1887 3066 1944 veritas?
3103 1885 3237 1941 Cum
3286 1892 3470 1938 autem
3514 1881 3662 1934 mitte

2083 1981 2262 2046 dicat,
2301 1983 2492 2052 utique
2541 1982 2710 2036 alium
2762 1980 3055 2052 quemdam
3094 1977 3250 2033 novit
3295 1974 3388 2045 qui
3451 1971 3658 2028 mittat.

2083 2073 2274 2139 alium,
2319 2074 2414 2143 qui
2453 2072 2722 2128 mittatur.
2757 2071 2865 2127 Sed
2910 2068 3193 2127 missionis
3239 2065 3435 2121 modus
3465 2077 3563 2133 pro
3593 2077 3658 2114 eo

2083 2177 2148 2218 ac
2179 2163 2347 2218 Deum
2379 2164 2538 2220 decet
2563 2163 2923 2234 intelligatur.

393 2247 588 2315 ἕτερον
631 2245 736 2314 μέν
775 2261 893 2298 τινα
919 2244 1308 2298 ἀποστέλλοντα
1348 2243 1504 2307 εἰδὼς
1527 2286 1542 2312 ,
1569 2243 1756 2316 ἕτερον
1793 2245 1850 2298 δὲ
1881 2247 1973 2303 τὸν
2008 2251 2470 2325 ἀποστελλόμενον
2491 2271 2504 2285 ·
2569 2256 2599 2308 6
2629 2253 2688 2308 δὲ
2716 2253 2817 2325 τῆς
2877 2251 3180 2322 ἀποστολῆς
3206 2248 3402 2322 τρόπος
3433 2242 3656 2300 νοείσθω

389 2332 589 2402 θεοπρε
601 2332 735 2394 πῶς.

463 2427 698 2481 ἈΛΛΟ.
737 2426 816 2480 Δι’
847 2427 978 2481 Υἱοῦ
1012 2427 1340 2499 πεποιῆσθαι
1370 2427 1438 2481 τὰ
1477 2427 1654 2482 πάντα
1698 2429 1862 2498 φασιν
1910 2431 1970 2486 αἱ

389 2517 532 2572 θεῖαι
577 2518 794 2589 Γραφαὶ
844 2520 912 2572 τὰ
945 2519 1116 2590 όρατά
1151 2521 1244 2574 καὶ
1282 2520 1351 2573 τὰ
1402 2519 1631 2590 ἀόρατα,
1661 2520 1728 2574 τὰ
1771 2522 1830 2574 ἐν
1867 2524 1980 2586 τοῖς

393 2609 641 2680 οὐρανοῖς
690 2610 783 2664 καὶ
810 2611 879 2664 τὰ
911 2611 1004 2664 ἐπὶ
1037 2611 1132 2682 τῆς
1170 2611 1294 2680 γῆς,
1336 2611 1428 2664 καὶ
1455 2609 1598 2664 οὕτω
1635 2611 1980 2678 πιστεύοντες

391 2701 449 2754 ἐν
483 2701 735 2772 ὀρθότητι
769 2700 1068 2772 λογισμῶν,
1087 2703 1182 2755 καὶ
1214 2703 1320 2756 τῶν
1349 2703 1448 2773 τῆς
1472 2702 1752 2768 εὐσεϐείας
1777 2704 1978 2776 δογμά·

391 2807 502 2844 των
536 2793 662 2844 εἴσω
708 2791 1025 2864 βεϐήκαμεν
1059 2795 1107 2846 οἱ
1149 2793 1247 2864 τῆς
1279 2792 1537 2864 ἀληθείας
1578 2796 1971 2865 προσκυνηταί.

396 2881 602 2935 Οὐκοῦν
623 2883 964 2953 ἐξετάσωμεν
987 2883 1049 2937 τὸ
1084 2881 1181 2936 διὰ
1206 2884 1310 2938 τοῦ
1349 2884 1508 2949 Υιοῦ,
1535 2886 1630 2938 καὶ
1654 2887 1813 2940 ποίαν
1837 2889 1971 2957 ἡμῖν

398 2971 634 3044 εἰσφέρει
660 2974 756 3042 τὴν
780 2974 1021 3028 διάνοιαν
1046 2977 1446 3048 ὲρευνήσωμεν.
1482 2975 1619 3027 Ἀλλ’
1649 2976 1763 3030 ἐστι
1793 2977 1970 3048 δῆλον,

397 3065 471 3126 ὼς
492 3069 670 3138 ἕτερον
701 3069 801 3139 μέν
833 3087 956 3123 τινα
979 3071 1116 3124 νοεῖν
1143 3070 1424 3124 ἀναπείθει
1451 3071 1540 3124 τὸν
1571 3072 1825 3126 ποιοῦντα
1873 3073 1968 3127 καὶ

391 3132 778 3228 ἐργαζόμενον,
810 3161 994 3232 ἕτερον
1020 3161 1076 3214 δέ
1113 3179 1232 3215 τινα
1257 3162 1347 3216 τὸν
1367 3163 1444 3216 δι’
1470 3156 1530 3217 οὗ
1565 3163 1632 3217 τὰ
1676 3164 1852 3219 πάντα
1877 3167 1970 3236 ἑρ-
1997 3132 2040 3189 C

389 3247 632 3315 γάζεται.
665 3250 770 3303 Δύο
799 3250 908 3322 γὰρ
948 3252 1256 3322 προσώπων
1286 3252 1362 3316 ὡς
1409 3253 1467 3320 ἐξ
1509 3255 1754 3324 ἀνάγκης
1796 3255 1974 3326 παρά-

390 3357 583 3392 στασιν
637 3341 750 3410 ἔχει
809 3342 894 3395 τὸ’
926 3343 1001 3397 δι’
1045 3345 1184 3399 Υίοῦ
1227 3344 1259 3416 ῆ
1316 3345 1621 3412 λεγέτωσαν
1667 3346 1806 3400 κατά
1852 3348 1973 3402 τίνα

386 3429 595 3498 τρόπον
619 3431 680 3483 τδ
705 3432 762 3484 ἐν
789 3433 864 3495 ὡς
896 3433 955 3486 ἐν
992 3433 1232 3506 ἀριθμῷ,
1257 3437 1350 3488 καὶ
1374 3439 1440 3506 τῇ
1471 3437 1591 3490 κατ’
1623 3437 1783 3490 αὐτὸν
1813 3439 1974 3492 ποσόο

386 3537 517 3590 τητι
561 3522 620 3574 ἐν
665 3522 737 3592 τῷ
788 3541 839 3576 τι
881 3526 1056 3578 ποιεῖν
1085 3526 1363 3594 λέγεσθαι,
1394 3526 1454 3579 τὸ
1483 3526 1555 3580 δι’
1593 3528 1727 3582 Υίοῦ
1771 3529 1974 3600 κυρίως

387 3614 485 3665 καὶ
536 3612 748 3684 ἀληθῶς
785 3616 1120 3682 ἐπιδέξεται,
1157 3617 1368 3681 οὐδενὸς
1399 3618 1586 3689 ἑτέρου
1627 3635 1970 3673 συνεπινοου-

385 3703 555 3773 μένου
603 3707 696 3758 καὶ
750 3709 1215 3777 συνειπρὲχοντος
1257 3725 1270 3739 ³
1303 3709 1418 3762 ἀλλ’
1464 3704 1616 3779 οἶμαι
1693 3711 1971 3776 παντελῶς

384 3796 690 3864 ἀπορήσειν
717 3799 841 3862 τοὺς
871 3798 937 3850 δι’
966 3799 1230 3861 ἐναντίας.
1270 3800 1481 3870 Ἐπειδὴ
1513 3801 1567 3854 δὲ
1615 3802 1710 3856 τὸν
1755 3802 1970 3872 Πατέρα

381 3890 453 3941 δι’
485 3889 617 3942 Υἱοῦ
656 3889 721 3943 τὰ
765 3892 941 3944 πάντα
974 3891 1280 3961 εἰργάσθαι,
1303 3893 1395 3945 καὶ
1427 3893 1584 3945 αὐταὶ
1612 3894 1968 3964 κηρύττουσιν

381 3983 441 4034 αἱ
474 3981 616 4034 θεῖαι
641 3982 877 4052 Γραφαὶ,
912 3983 1006 4034 καὶ
1037 3985 1200 4052 ἡμεῖς
1233 3983 1558 4054 πιστεύομεν
1579 4025 1592 4048 ,
1622 3981 1774 4055 οἶμαι
1803 3986 1858 4039 δὲ
1887 3986 1968 4038 ὅτι

383 4073 636 4132 κακεῖνος
657 4086 669 4099 ο
700 4071 818 4132 πῶς
856 4072 954 4123 οὐκ
997 4071 1210 4142 ἀνάγκη
1256 4075 1395 4125 νοεῖν
1430 4074 1646 4144 Πατέρα
1673 4075 1771 4144 μὲν
1800 4075 1962 4140 ἰδίως,

386 4159 463 4220 ὡς
493 4158 615 4211 καθ’
650 4159 844 4212 ἑαυτὸν
902 4160 1219 4229 ὑφεστᾶναι,
1257 4160 1383 4213 Υἱὸν
1419 4161 1476 4214 δὲ
1529 4162 1690 4215 πάλιν
1741 4163 1963 4234 ὁμοίως,

386 4250 486 4302 οὐκ
516 4251 914 4321 ἀνατρέποντος
944 4251 1131 4303 τούτου
1161 4251 1221 4302 τὸ
1247 4252 1305 4304 ἐν
1333 4253 1618 4324 ταυτότητι
1651 4254 1748 4324 τῆς
1781 4254 1966 4318 οὐσίας

383 4341 484 4411 τὴν
506 4343 665 4408 ἁγίαν
695 4343 926 4410 ὁρᾶσθαι
957 4343 1162 4414 Τριάδα
1187 4360 1201 4410 ;

999 4454 1249 4509 ΚΕΦᾹΑ.
1290 4456 1364 4509 Γθ.

390 4537 524 4614 Ὅτι
545 4539 677 4614 Θεὸς
707 4541 860 4614 κατὰ
885 4543 1088 4614 φύσιν,
1125 4545 1219 4596 καὶ
1245 4543 1378 4614 κειτῖ
1395 4541 1612 4614 οὐδένα
1652 4543 1891 4610 τρόπον,
1919 4545 1956 4614 ἣ

457 4609 732 4674 ἐλάττων,
762 4613 799 4676 ἣ
827 4613 1106 4680 ἀνόμοιός
1129 4614 1257 4667 ἐστι
1287 4612 1392 4666 τοῦ
1416 4612 1648 4680 Πατρός
1669 4609 1701 4666 ὀ
1733 4615 1884 4679 Υἱός.

866 4704 973 4756 Καὶ
1019 4705 1162 4769 Θεὸς
1195 4701 1272 4775 ἦν
1302 4707 1334 4759 ὀ
1363 4705 1572 4776 Λόγος.

453 4793 567 4845 Οὐκ
596 4793 862 4864 ἰδ’,ονόησεν
889 4797 916 4847 6
949 4797 1388 4869 πνευματοιρόρος
1407 4838 1420 4863 ,
1457 4797 1534 4860 ὡς
1570 4799 1960 4870 ἀναστήσονται

373 4899 528 4944 τινες
571 4883 627 4933 ἐν
669 4885 914 4954 ἐσχάτοις
953 4889 1167 4956 καιροῖς
1215 4886 1312 4955 τῆς
1343 4887 1434 4939 τοῦ
1472 4889 1806 4956 Μονογενοῦς
1833 4907 1963 4942 κατ-

375 4973 707 5044 ηγοροῦντες
732 4977 947 5039 οὐσίας,
1003 4979 1096 5029 καὶ
1138 4977 1227 5030 τὸν
1273 4979 1612 5048 ἀγοράσαντα
1641 4981 1836 5042 αὐτοὺς
1869 4985 1963 5032 Δε-

380 5063 588 5132 σπότην
621 5063 972 5134 ἀρνούμενοι,
1016 5066 1103 5120 διὰ
1141 5067 1234 5120 τοῦ
1267 5068 1406 5120 κατὰ
1441 5068 1600 5138 φύσιν
1644 5071 1850 5123 οἴεσθαι
1887 5070 1960 5142 μὴ

377 5149 520 5205 εἶναι
549 5153 680 5205 Θεὸν
711 5155 800 5206 τὸν
827 5157 890 5208 ἐκ
925 5156 1058 5208 Θεοῦ
1088 5157 1181 5210 καὶ
1212 5159 1422 5229 Πατρὸς
1457 5161 1732 5231 πεφηνότα
1764 5160 1954 5228 Λόγον,

375 5244 515 5296 ἀλλά
547 5245 699 5297 νόθον
729 5245 917 5314 ὥσπερ
948 5247 1066 5300 τινὰ
1114 5247 1206 5301 καὶ
1237 5248 1585 5318 ψευδώνυμον
1616 5251 1744 5318 ἡμῖν
1774 5252 1958 5302 ἐπεισ-

377 5333 671 5404 φέρεσθαι,
723 5335 783 5388 τὸ
835 5337 935 5406 μὲν
987 5337 1088 5405 τῆς
1141 5338 1386 5407 υίότητός
1447 5355 1506 5390 τε
1563 5339 1658 5390 καὶ
1706 5337 1955 5409 θεότητος

372 5427 550 5493 δνομα
581 5427 975 5496 ,περικείμενον
997 5468 1009 5491 ,
1056 5429 1248 5499 ἔχοντα
1274 5429 1329 5481 δὲ
1365 5429 1461 5497 οὐχ
1491 5428 1632 5480 οὕτω
1657 5429 1796 5481 κατὰ
1827 5429 1960 5499 ἁλή-

375 5514 552 5569 θειαν.
589 5517 814 5588 ὐμοιόν
847 5537 898 5572 τι
926 5519 1169 5572 ποιοῦσιν
1207 5521 1256 5572 οἱ
1290 5519 1608 5591 τὴνἌρείου
1641 5520 1957 5573 δυσσέϐειαν

447 5695 496 5726 ³⁸
537 5696 677 5751 Psztl.
720 5714 866 5766 xui,
898 5699 952 5752 5.
1029 5697 1250 5752 “Joan.
1295 5696 1532 5763 “12,12;
1576 5713 1682 5763 xiv,
1715 5695 1766 5748 6.

2151 2423 2381 2480 ALIUD.
2444 2426 2549 2482 Per
2604 2426 2805 2482 Filium
2866 2427 3163 2497 Scriptura:
3219 2426 3416 2481 divinae
3469 2429 3653 2483 omnia

2077 2511 2224 2567 facta
2263 2527 2386 2567 esse
2431 2512 2648 2577 dicunt,
2691 2515 2928 2569 visibilia
2962 2524 3017 2569 et
3044 2516 3359 2578 invisibilia,
3408 2518 3654 2572 coelestia

2078 2617 2142 2658 ac
2171 2611 2385 2657 terrena
2413 2615 2428 2654 :
2457 2608 2623 2672 atque
2651 2603 2725 2656 ita
2758 2602 3054 2658 credentes
3093 2603 3198 2673 ιθ
3227 2604 3278 2656 in
3316 2605 3654 2660 rectitudine

2080 2692 2345 2765 doctrinae
2392 2701 2444 2749 et
2500 2694 2723 2762 pietatis
2768 2693 3086 2764 dogmatum
3136 2692 3441 2762 incedimus
3492 2703 3653 2764 quot-

2077 2787 2212 2850 quot
2241 2780 2528 2834 veritatem
2569 2781 2823 2836 colimus.
2861 2779 3251 2850 Expendamus
3286 2781 3452 2850 igitur
3493 2781 3649 2849 illud,

2076 2887 2168 2940 per
2198 2868 2425 2933 Filium,
2459 2877 2514 2926 et
2545 2871 2764 2940 qualem
2798 2871 2959 2926 nobis
2990 2885 3214 2925 sensum
3261 2871 3460 2926 inferat
3492 2871 3654 2926 inda-

2031 2971 2038 2980 '
2078 2979 2290 3034 getnus.
2333 2964 2499 3032 Atqui
2536 2961 2890 3018 manifestum
2938 2970 3022 3018 est
3067 2964 3233 3017 alium
3269 2965 3486 3033 quidem
3519 2979 3652 3020 ceu-‘-

2079 3055 2314 3110 sendum
2370 3070 2494 3110 esse
2551 3069 2676 3110 eum
2725 3054 2819 3124 qui
2874 3053 3007 3109 facit
3052 3065 3106 3110 et
3156 3064 3440 3125 operatur,
3483 3057 3649 3112 alium

2074 3161 2203 3200 vero
2237 3160 2361 3200 eum
2396 3161 2492 3216 per
2519 3160 2682 3216 quem
2719 3146 2976 3200 universa
3006 3155 3287 3216 operatur.
3323 3146 3472 3203 Duas
3502 3149 3647 3203 enim

2073 3251 2340 3308 personas
2376 3237 2694 3294 necessario
2745 3236 2906 3294 nobis
2953 3238 3177 3294 exhibet
3224 3239 3379 3303 illud,
3413 3256 3506 3309 per
3539 3239 3648 3294 Fi—

2075 3331 2205 3382 lium
2231 3345 2249 3383 :
2278 3331 2575 3386 autdicant
2607 3345 2718 3400 quo
2756 3337 2920 3400 pacto
2952 3330 3111 3396 illud,
3139 3346 3232 3398 per
3262 3330 3488 3394 Filium.
3521 3346 3648 3402 pro-

2071 3420 2190 3489 prie
2223 3434 2286 3475 ac
2314 3436 2442 3476 vere
2467 3422 2521 3474 in
2555 3436 2615 3476 re
2644 3421 2897 3476 facienda
2930 3436 3096 3476 unum
3130 3437 3361 3476 numero
3397 3432 3450 3477 et
3478 3438 3648 3492 quan-

2072 3509 2231 3563 titate
2259 3509 2687 3578 complectetur,
2721 3509 2769 3566 si
2802 3509 2939 3563 nihil
2988 3509 3138 3563 aliud
3178 3510 3342 3565 simul
3370 3510 3646 3581 intelliga-

2073 3610 2162 3656 tur
2187 3607 2243 3656 ct
2275 3600 2342 3654 ad
2377 3600 2720 3671 operandum
2770 3609 3105 3668 concurrat;
3154 3608 3210 3654 at
3259 3600 3351 3655 hic
3393 3601 3647 3665 hmsuros

2071 3695 2234 3766 plane
2271 3692 2618 3749 adversarios
2668 3701 2821 3763 puto.
2870 3691 3008 3748 Cum
3058 3700 3244 3748 autem
3293 3693 3508 3748 Patrem
3549 3709 3646 3763 per

2071 3783 2268 3838 Filium
2323 3786 2505 3839 omnia
2560 3784 2760 3842 fecisse
2807 3791 2863 3840 et
2916 3785 3050 3854 ipsa:
3091 3785 3290 3838 divina:
3348 3783 3645 3853 Scriptura:

2070 3873 2393 3945 praedicent,
2437 3881 2490 3926 et
2519 3887 2622 3927 nos
2651 3871 2964 3939 credamus,
3003 3872 3183 3941 itaque
3214 3886 3315 3941 ego
3345 3878 3588 3926 statuam
3625 3891 3640 3927 :

2070 3963 2256 4022 no'nne
2295 3977 2518 4018 necesse
2559 3971 2644 4022 est
2679 3963 2981 4034 intelligere
3014 3961 3228 4019 Patrem
3265 3963 3483 4033 quidem
3515 3979 3643 4034 pro-

2069 4062 2185 4128 prie
2219 4058 2272 4112 in
2322 4073 2382 4114 se
2415 4057 2748 4118 subsistere,
2792 4069 2856 4110 ac
2903 4055 3155 4110 similiter
3197 4054 3425 4115 Filium,
3462 4069 3642 4124 neque

2057 4149 2121 4204 jd
2172 4149 2395 4204 obstare
2446 4149 2748 4217 quominus
2801 4154 2991 4200 sancta
3029 4145 3268 4200 Trinitas
3299 4143 3642 4213 intelligatur

2068 4243 2124 4296 in
2156 4240 2442 4295 identitatc
2476 4237 2838 4294 substantiae?

2680 4433 2834 4490 CAP.
2889 4432 2982 4486 Ill.

2067 4527 2220 4594 Quod
2275 4526 2410 4581 Deus
2445 4528 2729 4582 secundum
2773 4539 3050 4585 naturam.
3093 4542 3185 4580 nec
3223 4526 3332 4579 ullo
3366 4527 3518 4583 modo
3544 4539 3644 4584 aut:

2282 4601 2474 4662 minor,
2508 4607 2598 4650 aut
2628 4598 2907 4652 dissimilis
2945 4595 3102 4649 Patri
3129 4598 3200 4650 sit
3228 4596 3424 4651 Filius.

2413 4693 2468 4760 Ι,
2514 4693 2563 4746 1.
2608 4690 2674 4744 Et
2708 4692 2848 4744 Deus
2883 4699 2998 4744 erat
3039 4689 3281 4744 Verbum.

2135 4783 2252 4840 Non
2290 4783 2559 4855 ignoravit
2585 4781 2771 4835 divino
2805 4781 3013 4851 Spiritu
3053 4780 3268 4835 amatus
3299 4780 3636 4848 evangelista
3686 4766 3696 4778 ’

2065 4880 2359 4946 postremis
2390 4874 2728 4946 temporibus
2755 4874 3108 4928 suborituros
3137 4873 3352 4940 aliquos
3385 4871 3478 4938 qui
3504 4868 3637 4922 sub-

2067 4970 2281 5023 stantia:
2310 4969 2586 5038 Unigcniti
2617 4967 3003 5029 detraherent,
3053 4973 3106 5018 et
3137 4963 3426 5016 Dominum
3460 4974 3488 5011 a
3521 4972 3637 5027 quo

2067 5061 2328 5130 redempti
2361 5071 2489 5115 sunt
2533 5068 2836 5128 negarent.
2881 5073 3001 5112 eum
3036 5053 3333 5111 secundum
3376 5059 3631 5102 naturam

2064 5169 2170 5206 non
2202 5168 2322 5206 esse
2349 5151 2512 5206 Deum
2541 5168 2608 5205 ex
2642 5151 2750 5204 Deo
2772 5159 2824 5203 et
2854 5149 3011 5201 Patre
3036 5146 3276 5216 genitum
3311 5139 3632 5201 asserenda,

2063 5245 2156 5300 scd
2187 5245 2431 5314 Spurium
2471 5245 2628 5297 nobis
2660 5241 2824 5296 veluti
2848 5237 3137 5306 quemdam
3165 5241 3217 5287 et
3241 5231 3363 5284 falsi
3391 5229 3632 5284 nominis

2055 5337 2404 5400 invehendo,
2451 5335 2730 5388 filiationis
2782 5331 3001 5401 quidem
3045 5344 3108 5382 ac
3148 5325 3369 5381 deitatis
3406 5321 3633 5377 nomine
3679 5378 3693 5385 ,

2061 5428 2395 5494 redimitum,
2429 5426 2524 5480 sed
2555 5425 2626 5478 ita
2661 5439 2719 5478 se
2750 5437 2939 5477 revera
2969 5436 3076 5476 non
3107 5419 3416 5473 habentem.
3441 5413 3636 5468 Simile

2061 5520 2321 5590 quiddam
2374 5517 2624 5583 faciunt,
2670 5515 2765 5586 qui
2816 5513 3099 5570 Iudaicam
3140 5511 3255 5566 Arii
3289 5508 3630 5581 impietatem
