4072 6210
436 332 510 390 3‘)
1014 345 1023 360 κ
1458 329 1514 382 S.
1557 322 1832 383 CYRILLI
1868 318 2331 376 ALEXANDRINI
2367 320 2681 379 ARCHIEP.
3621 327 3689 383 ιθ

441 447 651 504 intimis
682 447 1002 518 praecordiis
1047 447 1432 518 susceperunt,
1463 445 1806 517 proindcque
1843 453 1896 501 et
1941 444 2007 498 de

2125 441 2416 513 Ἰουδαῖκὴν
2455 443 2534 509 εἰς
2569 446 2662 497 τὸν
2692 442 2898 496 ἑαυτῶν
2928 439 3311 506 είσοικίζοντες
3343 441 3488 510 νοῦν,
3520 444 3600 500 διὸ
3626 447 3689 518 δὴ

444 547 664 595 mortuo
697 538 864 596 corde
909 539 1201 610 proferunt
1250 555 1360 595 non
1403 539 1678 594 vivificum
1733 544 1835 608 piae
1877 553 2011 592 con-

442 630 821 698 templationis
847 630 1096 696 verbum,
1130 629 1226 684 sed
1264 627 1627 699 quodcunque
1658 627 1725 682 ad
1779 637 2007 682 mortem

443 718 623 775 tendit
662 734 728 775 ac
761 719 988 789 respicit
1016 738 1028 774 :
1065 737 1084 770 ‹
1129 717 1337 790 Sagitta
1368 718 1568 789 quippe
1597 726 1680 773 est
1711 717 2010 773 vulnerans

445 810 632 882 lingua
655 824 878 874 eorum;
907 809 1096 866 dolosa
1119 811 1286 865 verba
1317 811 1431 864 oris
1459 824 1650 864 eorum
1683 808 1750 862 “.
1795 828 1811 860 ι
1843 808 2009 874 Quasi

442 917 577 972 ergo
604 901 716 971 jam
750 901 805 955 in
854 900 1111 955 veritatis
1141 899 1308 954 verba
1349 904 1668 968 exsurgeret
1703 896 1924 966 aliquis,
1959 905 2012 951 ct

446 999 696 1047 sanctum
747 990 1141 1061 evangelistam
1175 989 1249 1043 ita
1282 986 1674 1057 pr0peuiodum
1723 987 2014 1056 compella-

447 1091 532 1138 ret
570 1090 732 1138 :erat
773 1083 992 1152 quidem
1039 1079 1300 1144 Verbum,
1345 1094 1379 1134 ο
1411 1079 1571 1143 bone,
1617 1079 1760 1148 apud
1812 1077 2010 1145 Deum;

446 1184 601 1230 esto:
642 1175 739 1227 tibi
766 1175 910 1228 enim
941 1173 1044 1226 ista
1073 1169 1337 1226 scribenti
1365 1170 1660 1224 credimus.
1707 1168 1790 1223 Sit
1831 1178 2012 1224 autem

447 1275 502 1320 et
544 1265 812 1321 subsistat
845 1263 1008 1317 Pater
1039 1264 1285 1333 proprie,
1325 1262 1566 1330 itemque
1614 1260 1788 1315 Filius
1819 1260 2015 1314 simili-

449 1365 531 1412 ter
557 1371 569 1406 :
595 1355 867 1424 quodnam
893 1369 1023 1425 ergo
1043 1355 1151 1422 20
1176 1353 1475 1408 secundum
1506 1359 1758 1405 naturam
1779 1350 2013 1406 Verbum

445 1459 566 1499 esse
603 1444 906 1514 putandum
939 1443 1068 1498 est?
1108 1442 1243 1496 lllud
1275 1442 1442 1509 enim,
1471 1457 1590 1496 esse
1639 1441 1782 1512 apud
1822 1441 2012 1508 Deum,

444 1538 672 1592 omnino
723 1535 1090 1591 substantiam
1138 1549 1250 1588 non
1302 1534 1594 1604 significat.
1644 1533 1780 1588 Cum
1830 1542 2015 1588 autem

449 1645 618 1684 unum
675 1628 844 1683 Deum
887 1627 1186 1698 Scriptura:
1230 1625 1428 1681 divina:
1477 1624 1815 1695 praedicent,
1866 1624 2014 1678 Patri

451 1721 552 1774 soli
587 1721 692 1773 hoc
714 1719 1037 1785 tribuemus,
1075 1718 1217 1792 apud
1251 1733 1413 1790 quem
1440 1727 1558 1773 erat
1591 1716 1847 1772 Verbum.
1874 1714 2015 1781 Quid

452 1813 518 1868 ad
552 1813 664 1868 haec
690 1813 856 1883 igitur
881 1815 957 1868 ait
982 1802 1162 1883 praeco
1184 1812 1469 1869 veritatis?
1489 1809 1606 1865 Non
1635 1811 1812 1866 solum
1840 1828 1859 1861 ι
1889 1808 2019 1862 Erat

451 1903 692 1961 Verbum
721 1907 860 1976 apud
894 1906 1085 1970 Deum,
1125 1925 1143 1957 ι
1184 1907 1279 1962 sed
1311 1914 1428 1961 erat
1455 1905 1619 1960 etiam
1655 1903 1819 1969 Deus,
1860 1910 1920 1958 ut
1952 1917 2016 1958 ex

451 2010 520 2052 eo
559 1996 705 2066 quod
759 2003 843 2052 est
889 1997 1035 2067 apud
1085 1995 1280 2062 Deum,
1316 1997 1456 2051 alius
1506 2010 1628 2051 esse
1666 2009 1696 2048 a
1732 1993 1894 2049 Patre
1928 2008 2020 2048 co-

345 2087 354 2100 ‘
453 2095 773 2157 gnoscatur,
825 2097 878 2142 et
907 2087 1080 2144 Filius
1110 2088 1332 2159 proprie
1371 2087 1682 2143 subsistere
1722 2093 1776 2139 ct
1815 2101 1911 2157 per
1960 2098 2020 2140 se

452 2177 736 2244 credatur;
787 2192 854 2233 ex
883 2191 949 2232 eo
978 2192 1110 2232 vero
1146 2176 1294 2247 quod
1330 2183 1415 2232 est
1449 2175 1614 2241 Deus,
1653 2174 2019 2229 consubstan-

453 2269 623 2333 tialis,
651 2274 706 2323 et
735 2283 801 2323 ex
843 2268 965 2338 ipso
1008 2268 1349 2344 intelligatur
1375 2282 1494 2321 esse
1528 2265 1826 2330 secundum
1859 2273 2019 2318 natu-

453 2373 592 2424 ram,
626 2366 812 2428 utpote
845 2358 1007 2423 Deus,
1049 2365 1104 2414 et
1142 2373 1208 2413 ex
1237 2358 1346 2412 Deo
1375 2357 1666 2412 exsislens.
1699 2353 1842 2408 Fieri
1873 2354 2018 2408 enim

454 2447 643 2518 nequit
679 2455 758 2514 ut,
798 2463 924 2502 cum
971 2462 1077 2502 una
1108 2447 1316 2518 liquido
1353 2447 1424 2501 sit
1454 2445 1594 2515 apud
1630 2443 1883 2499 homines
1933 2442 2018 2496 di-

451 2540 681 2603 vinitas,
708 2539 763 2593 in
795 2538 1134 2593 identitatem
1191 2536 1512 2594 substantia
1558 2543 1747 2590 sancta
1779 2533 2019 2588 Trinitas

454 2645 565 2684 non
591 2630 887 2693 coalescat,
923 2637 1088 2699 atque
1117 2612 1190 2682 ita
1231 2628 1285 2682 in
1314 2643 1477 2682 uuam
1508 2627 1728 2682 deitatis
1749 2625 2018 2679 rationem

454 2717 744 2775 referatur.
796 2721 927 2774 Erat
971 2719 1168 2790 igitur,
1209 2727 1264 2774 et
1297 2719 1457 2800 .Deus
1508 2725 1696 2788 postea
1750 2732 1857 2770 non
1897 2715 2014 2778 fuit,

454 2812 550 2868 sed
579 2813 712 2866 olim
740 2819 881 2873 erat,
914 2810 1151 2864 maxime
1187 2823 1310 2862 cum
1360 2807 1529 2863 Deum
1561 2823 1680 2862 esse
1709 2808 1778 2861 ah
1817 2817 2022 2876 aiterno

455 2917 678 2972 quoque
706 2918 825 2957 esse
856 2910 1246 2972 consequatur,
1284 2900 1734 2972 quandoquidem
1772 2900 1824 2954 id
1875 2900 2020 2968 quod

459 2994 514 3046 in
545 2993 1036 3063 temporeJactum
1070 3002 1174 3057 est,
1205 3001 1299 3047 aut
1347 3009 1378 3048 e
1424 2993 1591 3047 nihilo
1624 2994 1679 3048 in
1711 3008 1894 3048 rerum
1929 3009 2024 3046 ua-

2111 533 2350 590 καὶαπὸ
2397 536 2596 604 νεκρᾶς
2661 531 2996 606 προφέρουσι
3038 533 3298 604 καρδίας,
3340 534 3400 587 οὐ
3431 535 3520 591 τὸν
3553 537 3691 602 (me-

2111 625 2261 677 ποιὸν
2292 623 2392 694 τῆς
2423 619 2680 688 εὐσεϐοῦς
2711 624 2942 695 θεωρίας
2973 623 3128 692 λόγον
3149 663 3164 687 ,
3217 623 3331 676 ἀλλ’
3371 625 3423 678 εἷ
3457 643 3511 679 τι
3553 627 3691 699 πρὸς

2111 717 2336 772 θάνατον
2354 721 2529 790 ὁρᾷτε
2553 719 2644 772 καὶ
2667 719 2850 788 βλέπει
2870 733 2883 747 ο
2917 718 3102 780 «Boii;
3125 717 3294 780 ὅντως
3315 718 3689 788 τιτρώσκουσα

2112 809 2144 878 ἡ
2169 807 2389 875 γλῶσσα
2418 809 2616 873 αὐτῶν,
2649 809 2800 863 δόλια
2827 807 2897 861 τὰ
2927 810 3149 878 ῥήματα
3172 793 3264 860 τοῦ
3299 809 3565 878 στόματος
3591 810 3688 864 αύ-

2111 899 2272 954 τῶν.»
2303 901 2510 970 Ὥσπερ
2537 895 2628 953 οὖν
2648 901 2749 970 ἤδη
2776 898 2918 962 τινὸς
2945 902 3057 962 τοῖς
3078 899 3138 964 ἐξ
3165 897 3424 969 ἀληθείας
3451 902 3688 956 ἀντιτείο

2112 1006 2293 1052 νοντος
2339 989 2577 1060 ῥήμασι,
2634 992 2729 1044 καὶ
2783 989 3063 1061 μονονουχὶ
3113 989 3364 1058 λέγοντος
3416 992 3551 1062 πρὸς
3599 993 3690 1045 τὸν

2114 1080 2266 1146 ἆγιον
2297 1077 2704 1150 εύαγγελιστήν·
2736 1075 2845 1133 Ἤν
2871 1081 2968 1150 μὲν
2993 1081 3021 1133 6
3049 1080 3240 1148 Λόγος,
3272 1076 3317 1133 ὦ
3343 1076 3516 1147 οὗτος,
3555 1082 3690 1153 πρὸς

2113 1170 2202 1222 τὸν
2222 1170 2374 1236 Θεὸν,
2394 1171 2487 1223 καί¹
2503 1171 2674 1241 ἐχέτω
2695 1171 2842 1242 τῇδεο
2874 1171 3129 1240 πείθομαι
3155 1171 3264 1243 γὰρ
3285 1175 3399 1236 τοῖς
3430 1175 3542 1236 σοῖς
3564 1191 3628 1226 πε
3639 1175 3689 1246 ρὶ

2113 1261 2303 1314 τούτου
2338 1263 2766 1333 συγγράμμασιν
2787 1278 2801 1294 ο
2851 1261 2992 1315 ἔστω
3024 1263 3102 1328 δὲ,
3135 1263 3229 1316 καί⁵
3262 1263 3554 1333 ὑπαρχέτω
3580 1264 3690 1316 Πα-

2113 1353 2220 1424 τὴρ
2251 1354 2350 1424 μὲν
2385 1354 2562 1416 ίδίως,
2611 1353 2739 1417 Υἱὸς
2775 1353 2832 1406 δὲ
2866 1353 3027 1407 πάλιν
3059 1355 3280 1423 ὁμοίως.
3335 1355 3470 1408 Τίνα
3503 1354 3569 1424 δὴ
3597 1351 3690 1407 οὖν

2117 1447 2379 1518 ὑπάρχειν
2421 1445 2628 1499 οἴεσθαι
2671 1447 2935 1517 προσήκει
2974 1445 3114 1500 κατὰ
3138 1446 3326 1516 ’φύσιν
3361 1447 3453 1500 τὸν
3479 1447 3686 1516 Λόγονς

2117 1537 2190 1590 Τὸ
2228 1536 2336 1607 γὰρ
2374 1532 2682 1610 εἶναιπρὸς
2721 1537 2882 1604 Θεὸν,
2937 1538 2996 1590 ού
3033 1539 3250 1602 πάντως
3293 1538 3404 1609 ἔχει
3449 1539 3543 1592 καὶ
3590 1537 3690 1608 τῆς

2116 1627 2303 1691 οὐσίας
2327 1629 2425 1699 τὴν
2455 1629 2709 1699 δήλωσιν.
2743 1629 2956 1701 Ἐπειδὴ
2978 1630 3030 1682 δὲ
3047 1630 3179 1683 Θεὸν
3207 1631 3305 1683 ἕνα
3333 1630 3692 1700 κηρύττουσιν

2119 1721 2174 1771 αἱ
2213 1719 2351 1773 θεῖαι
2381 1721 2610 1790 Γραφαὶ,
2642 1721 2981 1792 ἀναθήσομεν
3018 1720 3174 1774 τοῦτο
3218 1720 3361 1791 μόνῳ
3389 1719 3465 1789 τῷ
3493 1720 3688 1790 Πατρί,

2120 1811 2256 1880 πρὸς
2287 1812 2345 1864 δν
2369 1807 2437 1882 ἦν
2466 1815 2494 1866 6
2513 1813 2700 1880 Λόγος.
2730 1813 2794 1866 Τί
2826 1809 2918 1868 οῦν
2946 1815 3052 1884 ἄρα
3079 1813 3172 1866 καὶ
3202 1813 3336 1883 πρὸς
3365 1812 3523 1865 τοῦτό
3557 1830 3690 1882 φησι

2118 1904 2218 1972 τῆς
2241 1903 2498 1975 ἀληθείας
2521 1907 2550 1958 ό
2577 1904 2751 1975 κῆρυξ
2780 1921 2794 1969 ;
2822 1904 2896 1957 Οὐ
2933 1904 3091 1974 μόνον
3125 1923 3143 1956 ι
3171 1899 3279 1956 Ἦν
3307 1905 3334 1956 6
3358 1902 3531 1970 Λόγος
3557 1902 3692 1973 πρὸς

2117 1995 2270 2059 Θεὸν,
2307 2015 2326 2049 ι
2363 1997 2478 2050 ἀλλ’
2508 1993 2577 2067 ἦν
2600 1996 2693 2050 καὶ
2720 1996 2873 2060 Θεὸς,
2907 1996 2993 2049 ἵνα
3018 1996 3106 2049 διὰ
3135 1996 3233 2066 μὲν
3259 1993 3351 2048 τοῦ
3386 1989 3522 2048 εἶναι
3554 1993 3692 2063 πρὸς

2117 2087 2269 2153 Θεὸν,
2305 2087 2489 2158 ἕτερος
2518 2087 2594 2140 ὣν
2639 2089 2788 2159 παρὰ
2833 2087 2925 2140 τὸν
2955 2086 3174 2153 Πατέρα
3206 2085 3560 2156 γνωρίζηται,
3597 2083 3694 2136 καί

2120 2177 2246 2240 Υἱὸς
2281 2177 2547 2248 ὑπάρχειν
2584 2177 2690 2249 ἰδίᾳ
2727 2178 2820 2230 καὶ
2846 2175 2966 2230 καθ’
2995 2177 3188 2230 ἑαυτὸν
3223 2174 3567 2244 πιστεύηται”
3604 2173 3690 2226 διὰ

2117 2267 2174 2321 δὲ
2205 2267 2300 2321 τοῦ
2319 2262 2478 2320 εἶναι
2511 2269 2664 2331 Θεὸς,
2700 2268 2985 2338 ὁμοούσιός
3012 2283 3071 2318 τε
3097 2266 3191 2319 καὶ
3221 2265 3280 2329 ἐξ
3310 2264 3473 2318 αὐτοῦ
3511 2265 3690 2332 νοῆται

2120 2357 2260 2410 κατὰ
2288 2356 2476 2426 φύσιν,
2504 2358 2596 2412 ἆτε
2626 2358 2689 2428 δὴ
2714 2357 2805 2411 καὶ
2831 2356 2989 2420 Θεὸς,
3025 2359 3120 2410 καὶ⁴
3147 2357 3209 2408 ὲκ
3237 2355 3373 2409 Θεοῦ
3399 2353 3688 2427 προελθών.

2132 2449 2434 2519 Ἀμήχανον
2450 2449 2578 2519 γὰρ,
2600 2451 2726 2518 μιᾶς
2747 2445 2882 2502 εἶναι
2905 2447 3052 2520 παρὰ
3077 2451 3239 2502 πᾶσιν
3262 2446 3693 2518 ὁμολογουμένης

2121 2539 2402 2610 θεότητος,
2454 2540 2528 2610 μὴ
2576 2541 2792 2604 πάντως
2841 2542 2920 2606 είς
2983 2541 3288 2610 ταυτότητα
3335 2539 3548 2608 φύσεως
3598 2537 3695 2608 τὴν

2122 2633 2282 2700 ἁγίαν
2311 2632 2618 2686 ἀναϐαίνειν
2653 2634 2854 2704 Τριάδα
2875 2674 2889 2698 ,
2945 2633 3114 2697 οὓτως
3141 2651 3198 2686 τε
3238 2635 3317 2696 εἰς
3350 2633 3440 2686 τὸν
3477 2633 3570 2684 ἕνα
3595 2633 3694 2702 τῆς

2121 2723 2370 2794 θεότητος
2403 2723 2768 2796 ἀναφέρεσθαι
2795 2725 2971 2790 λόγον.
3025 2722 3133 2779 Ἦν
3165 2721 3258 2778 οῦν
3279 2763 3294 2788 ,
3349 2723 3445 2778 καὶ
3469 2721 3601 2786 Θεὸς
3627 2723 3689 2774 ού

2122 2818 2339 2886 γέγονεν
2366 2817 2622 2888 ὕστερον,
2652 2817 2789 2871 ἀλλὰ
2820 2818 2986 2871 πάλαι
3014 2811 3112 2888 ἦν,
3150 2818 3198 2869 εί
3229 2817 3322 2870 καὶ
3355 2817 3436 2870 ὅτι
3466 2815 3694 2886 μάλιστα

2121 2909 2199 2978 τῷ
2233 2904 2372 2961 εἶναι
2422 2907 2552 2960 Θεὸν
2596 2908 2950 2978 ἀκολουθήσει
3005 2909 3218 2971 πάντως
3267 2908 3356 2960 καὶ
3402 2907 3462 2960 τὸ
3512 2906 3696 2968 ἀϊδίως

2123 2997 2263 3058 εἶναι
2287 3017 2302 3032 ο
2340 3001 2460 3054 ἐπεὶ
2495 3000 2556 3054 τὸ
2603 3002 2660 3054 ὲν
2689 3001 2866 3072 χρόνῳ
2895 3000 3138 3068 γεγονὸς,
3171 2999 3204 3070 ἢ
3237 2999 3330 3052 καὶ
3359 2998 3493 3060 ὅλως
3527 2999 3591 3049 ὲκ
3621 2995 3696 3067 μὴ

457 3093 640 3138 turam
687 3083 922 3148 editum,
969 3091 1168 3138 natura
1220 3084 1363 3139 Deus
1420 3099 1527 3138 non
1563 3092 1670 3140 est.
1707 3083 1846 3140 Cum
1893 3099 2021 3153 ergo

2126 3093 2276 3156 ὄντος
2308 3093 2386 3156 εἰς
2418 3093 2479 3146 τὸ
2505 3088 2639 3146 εἶναι
2658 3091 3008 3162 παρενεχθὲν,
3030 3092 3128 3144 οὒκ
3156 3090 3219 3144 ἂν
3244 3090 3326 3160 εἴη
3361 3087 3517 3157 φύσει
3540 3087 3692 3150 Θεός.

458 3177 549 3231 Dei
578 3175 814 3232 Verbum
856 3191 954 3247 per
977 3177 1130 3240 illud,
1157 3186 1291 3242 erat,
1309 3178 1668 3232 mternitatem
1692 3177 1907 3241 habeat,
1933 3194 2024 3248 per

457 3268 587 3322 illud
613 3278 815 3332 autem,
852 3285 965 3323 esse
996 3267 1179 3334 Deum,
1209 3284 1334 3323 cum
1361 3267 1524 3324 Patre
1546 3258 2027 3325 consubstantiali-

463 3370 654 3425 tatem,
685 3361 878 3431 quanti
908 3362 1157 3431 supplicii
1185 3377 1248 3416 ac
1271 3377 1445 3432 preme
1478 3377 1601 3417 reos
1636 3363 1916 3417 inventum
1956 3364 2021 3418 iri

459 3449 762 3519 putandum
783 3459 886 3515 est,
907 3451 998 3520 qui
1020 3453 1287 3507 minorem
1312 3451 1719 3523 quodammodo
1742 3465 1836 3509 aut
1857 3455 2022 3508 ctiam

459 3540 777 3596 dissimilem
829 3541 975 3596 Patri
1034 3543 1212 3612 ipsqu
1264 3558 1384 3598 csse
1435 3545 1792 3611 arbitrantur,
1851 3560 2026 3615 eoque

460 3631 766 3702 impietatis
797 3634 1051 3704 progredi
1083 3649 1193 3688 non
1226 3634 1472 3698 horrent,
1495 3642 1554 3687 ut
1578 3636 1754 3704 palam
1790 3636 2024 3706 idipsum

461 3741 680 3796 quoque
709 3724 962 3796 proferre
989 3727 1246 3791 audeant,
1277 3743 1375 3782 nec
1400 3743 1519 3796 quae
1545 3728 1735 3781 dicunt
1766 3730 2024 3794 scientes,

460 3833 639 3886 neque
681 3817 748 3872 de
780 3818 978 3888 quibus
1029 3820 1384 3873 asseverant?
1414 3819 1570 3873 Nulla
1599 3820 1744 3873 enim
1776 3836 1840 3874 ex
1875 3828 2028 3892 parte

461 3910 731 3965 minorem
777 3925 899 3964 esse
936 3910 1096 3966 Patre
1133 3911 1329 3965 Filium
1379 3927 1444 3966 ex
1491 3912 1612 3982 ipso
1659 3920 1714 3968 et
1761 3929 1895 3970 vere.
1931 3893 2027 3986 ge;

462 4001 664 4065 nitum,
715 4015 780 4058 ex
821 4001 1082 4071 subjectis
1134 4003 1438 4060 rationibus
1487 4019 1710 4060 rursum
1762 4020 2027 4077 agnosce-

461 4107 604 4148 mus.

533 4182 766 4240 ALIUD.
835 4182 1018 4239 Multis
1089 4184 1369 4256 variisque
1435 4185 1752 4241 nominibus
1832 4187 2031 4243 diviiue

463 4273 763 4342 Scriptura:
812 4275 1007 4330 Filium
1054 4278 1350 4348 appellant.
1401 4279 1738 4349 Sapientiam
1785 4281 1927 4334 enim
1979 4288 2033 4336 et

2136 3185 2388 3254 Ἕχοντος
2416 3185 2592 3238 τοίνυν
2632 3184 2724 3237 τοῦ
2754 3183 2889 3236 Θεοῦ
2916 3183 3089 3251 Λόγου
3129 3181 3214 3234 διὰ
3251 3180 3349 3251 μὲν
3389 3178 3480 3232 τοῦ
3521 3178 3602 3246 ἦν
3635 3177 3698 3230 τὸ

2131 3276 2334 3342 ἀΐδιον,
2380 3275 2467 3328 διὰ
2503 3275 2558 3328 δὲ
2587 3276 2680 3328 τοῦ
2719 3271 2870 3328 εἶναι
2907 3274 3056 3328 Θεὸν
3095 3273 3155 3326 τὸ
3195 3271 3332 3342 πρὸς
3359 3269 3448 3323 τὸν
3475 3268 3698 3339 Πατέρα

2129 3366 2433 3434 ὀμοούσιον,
2459 3365 2629 3435 πόσης
2651 3364 2854 3418 οἴεσθαι
2877 3365 2982 3436 χρὴ
3013 3360 3282 3424 κολάσεώς
3307 3377 3364 3413 τε
3408 3360 3500 3414 καὶ
3527 3377 3698 3428 τιμωο

2137 3456 2256 3527 ρίας
2295 3457 2512 3527 ἐνόχους
2545 3455 2966 3527 εὑρεθήσεσθαι,
3021 3455 3146 3517 τοὺς
3185 3453 3442 3506 ἐλάττονα
3479 3453 3618 3505 κατά
3647 3467 3700 3502 τι

2131 3543 2333 3615 γοῦν,ἢ
2367 3545 2459 3596 καὶ
2488 3544 2736 3614 ἀνόμοιον
2761 3543 2854 3596 τοῦ
2886 3543 3271 3613 γεγεννηκότος
3296 3541 3572 3612 οἰομένους
3598 3540 3698 3591 ὑπ-

2132 3636 2318 3706 άρχειν
2345 3635 2524 3699 αὑτὸν,
2559 3636 2652 3688 καὶ
2675 3637 2753 3698 είς
2774 3634 2930 3688 τοῦτο
2954 3635 3234 3705 προελθεῖν
3262 3633 3574 3694 δυσσεϐείας
3598 3631 3698 3684 οὐκ

2131 3725 2580 3796 ἅποφρξττοντας,
2598 3726 2672 3789 ὡς
2697 3725 2794 3797 ήδη
2816 3725 3016 3796 τολμᾷν
3043 3727 3135 3779 καὶ
3158 3725 3363 3796 ἑτέροις
3384 3724 3452 3776 τὰ
3481 3721 3699 3777 τοιαῦτα

2136 3817 2480 3889 προσλαλεῖν,
2515 3818 2588 3888 μὴ
2627 3817 2899 3881 νοοῦντας,
2928 3817 3125 3886 μήτεζᾶ
3146 3817 3380 3884 λέγουσι,
3417 3817 3552 3884 μήτε
3574 3812 3702 3884 περὶ

2135 3911 2294 3964 τίνων
2325 3909 2774 3962 διαϐεϐαιοῦνται.
2826 3908 2946 3960 Ὅτι
2990 3906 3098 3976 γὰρ
3132 3906 3427 3975 οὐδαμόθεν
3466 3905 3702 3957 ἐλάττων

2135 4003 2253 4056 ἐστὶ
2293 4001 2386 4055 τοῦ
2435 4002 2671 4072 Πατρὸςι
2714 4003 2740 4053 6
2793 3999 2851 4062 ἐξ
2907 3997 3067 4050 αὑτοῦ
3123 3999 3216 4050 καὶ
3283 3997 3401 4048 κατ’
3443 3993 3702 4062 ἀλήθειαν

2136 4094 2361 4155 Υἱὸς,ἐκ
2381 4092 2487 4146 τῶν
2514 4089 2951 4158 συνεζευγμένων
2977 4085 3194 4138 ἐννοιῶν
3231 4083 3486 4153 εἰσόμεθα
3517 4082 3698 4138 πάλιν.

2210 4185 2438 4239 ἈΛΛο.
2491 4183 2708 4245 Πολλοῖς
2748 4181 2840 4234 καὶ
2881 4178 3154 4249 διαφόροις
3187 4175 3410 4245 ὀνόμασι
3456 4175 3547 4228 τὸν
3575 4175 3704 4228 Υίὸν

2139 4278 2194 4331 αί
2225 4276 2366 4330 θεῖαι
2386 4275 2606 4330 καλοῦσι
2639 4272 2870 4344 Γραφαί.
2902 4271 3103 4339 Σοφίαν
3135 4269 3235 4340 μὲν
3283 4267 3393 4336 γὰρ
3435 4268 3530 4320 καὶ
3556 4266 3705 4319 δύνα-

461 4363 720 4416 virtutem
767 4361 944 4418 Patris
977 4365 1155 4435 ipsum
1183 4383 1305 4423 esse
1338 4347 1514 4435 aiunt,
1555 4370 1713 4440 juxta
1766 4369 1920 4425 Pauli
1952 4373 2021 4426 di-

2140 4383 2229 4438 μιν
2257 4365 2348 4420 τοῦ
2376 4364 2587 4437 Πατρὸς
2612 4357 2750 4415 εἷναί
2782 4376 2942 4430 φασιν
2968 4357 3148 4420 αὐτὸν,
3172 4356 3312 4409 κατὰ
3335 4356 3396 4407 τὸ
3419 4353 3702 4424 εἰρημένον

463 4461 652 4507 ctum:
695 4472 714 4505 ‹
759 4452 1015 4511 Christus
1047 4455 1140 4512 Dei
1175 4459 1352 4514 virtus
1377 4469 1430 4516 et
1473 4461 1567 4516 Dei
1604 4465 1873 4533 sapientia
1905 4465 1972 4518 δ’.
2008 4485 2025 4516 ι

464 4543 653 4602 Dictus
694 4556 779 4602 est
815 4564 1036 4604 rursum
1073 4551 1164 4604 lux
1198 4552 1318 4620 ejus
1373 4562 1426 4608 ct
1478 4556 1683 4611 veritas
1711 4599 1724 4621 ,
1770 4558 1927 4626 juxta
1979 4558 2032 4612 id

464 4637 613 4706 quod
659 4651 690 4691 a
739 4639 977 4709 quodam
1029 4649 1343 4696 sanctorum
1395 4644 1450 4697 in
1495 4643 1730 4701 Psalmis
1780 4651 2029 4704 canitur:

469 4748 488 4779 ι
537 4728 734 4786 Emitte
768 4731 947 4786 lucem
992 4739 1142 4787 tuam
1179 4744 1236 4788 et
1286 4737 1565 4791 teritatem
1597 4745 1746 4792 tuam
1776 4739 1842 4794 ⁸³.
1883 4759 1902 4793 ι
1935 4741 2033 4796 Ju-

463 4821 612 4875 stitia
654 4837 872 4893 quoque
918 4825 1231 4882 nominatus
1265 4836 1368 4891 cst,
1394 4829 1548 4898 juxta
1593 4831 1765 4886 illud:
1797 4850 1817 4883 ι
1853 4833 1910 4888 In
1940 4842 2032 4890 tua

461 4911 676 4978 justitia
724 4915 940 4970 viviﬁca
993 4933 1078 4972 me
1113 4919 1178 4973 “.
1217 4938 1236 4971 ι
1271 4918 1525 4977 Vivilicat
1573 4925 1717 4978 enim
1769 4924 1931 4981 Pater
1976 4926 2032 4980 in

465 5001 708 5059 Christo
733 5006 1028 5062 credentes
1075 5009 1127 5064 in
1188 5009 1388 5080 ipsum.
1438 5011 1579 5078 Quin
1636 5023 1690 5070 et
1738 5014 2032 5070 consilium

466 5105 818 5167 nuncupatus
864 5109 949 5154 est
993 5097 1193 5168 Patris,
1237 5103 1393 5172 juxta
1444 5105 1616 5159 illud:
1661 5124 1678 5156 ‹
1715 5105 1770 5160 In
1803 5106 2035 5160 consilio

467 5192 562 5238 tuo
595 5185 871 5244 deduxisti
895 5207 980 5247 me
1011 5191 1078 5248 “.
1115 5212 1133 5244 ι
1173 5192 1230 5247 Et
1265 5209 1487 5252 rursus:
1527 5217 1544 5248 ι
1587 5197 1894 5252 Consilium
1928 5197 2034 5252 Do-

468 5274 600 5327 mini
633 5285 814 5334 manet
851 5281 905 5334 in
950 5291 1213 5338 :eternum
1241 5284 1306 5338 “.
1342 5305 1360 5337 ›
1397 5285 1532 5342 Cum
1571 5288 1734 5357 igitur
1765 5289 1880 5344 hanc
1914 5304 2034 5342 om-

468 5363 560 5414 nia
593 5363 764 5421 Filius
801 5369 872 5422 sit
901 5371 1010 5426 Dco
1043 5388 1106 5428 ac
1137 5373 1308 5439 Patri,
1360 5378 1551 5432 dicant
1596 5380 1756 5435 nobis
1795 5380 1887 5450 qui
1918 5380 2032 5434 Arii

467 5452 643 5504 errori
695 5466 1054 5517 assentantur
1105 5472 1157 5519 et
1208 5467 1301 5535 qui
1358 5468 1507 5525 illius
1558 5469 1832 5525 dementia
1887 5471 2033 5540 pleui

469 5548 618 5607 sunt,
647 5550 920 5613 quomodo
949 5554 1017 5608 sit
1051 5557 1231 5610 minor
1263 5558 1401 5627 ipso.
1435 5559 1489 5613 Si
1523 5562 1667 5615 enim
1704 5562 1775 5616 ita
1809 5577 1900 5618 res
1927 5570 2034 5629 est,

541 5657 722 5743 "def:
752 5679 826 5732 Ix,
852 5667 904 5721 8.
1010 5669 1054 5700 "
1085 5671 1101 5724 Ι
1137 5670 1261 5727 Cor.
1300 5689 1336 5738 ι,
1367 5675 1454 5728 25.
1534 5677 1578 5708 ⁵³
1611 5676 1750 5732 Psal.
1789 5694 1917 5743 χιιι,
1950 5681 2004 5735 5.

471 5731 749 5798 xxxu,li.

2118 5680 2158 5711 “
2209 5671 2353 5734 Psal.
2399 5666 2703 5734 curinio.

2133 4460 2210 4525 τῷ
2235 4456 2432 4527 Παύλῳ
2453 4473 2469 4487 ο
2498 4475 2515 4507 σ
2545 4453 2775 4526 Χριστὸς
2797 4449 2933 4504 Θεοῦ
2954 4447 3288 4518 δύναμιςκαὶ
3315 4444 3448 4499 Θεοῦ
3480 4443 3656 4511 σοφία.
3672 4460 3689 4492 ι

2134 4550 2362 4622 Εἴρηται
2388 4551 2443 4604 δὲ
2475 4550 2638 4602 πάλιν
2668 4550 2760 4602 καὶ
2791 4545 2907 4614 φῶς
2932 4541 3094 4596 αὑτοῦ
3129 4541 3222 4594 καὶ
3251 4539 3475 4609 ἀλήθεια
3495 4577 3507 4601 ,
3567 4535 3705 4589 κατὰ

2133 4645 2192 4697 τὸ
2239 4646 2294 4696 ὲν
2329 4642 2576 4710 Ψαλμοῖς
2627 4637 2732 4690 ὑπό
2776 4652 2870 4688 του
2919 4634 3029 4686 τῶν
3066 4633 3233 4700 ἁγίων
3277 4629 3700 4701 μελῳδούμενονσ

2141 4753 2158 4784 ι
2184 4729 2590 4797 Ἐξαπόστειλον
2619 4726 2678 4779 τὸ
2709 4723 2826 4793 φῶς
2849 4722 3092 4789 σου,ῗκα“ι
3119 4722 3214 4792 τὴν
3249 4719 3502 4790 ἀλήθειάν
3537 4735 3651 4770 σου.
3679 4735 3696 4766 ι

2138 4825 2362 4896 Εἴρηται
2385 4819 2479 4872 καὶ
2502 4816 2836 4885 δικαιοσύνη,
2861 4815 3002 4869 κατὰ
3034 4815 3114 4880 τὸ,
3143 4834 3162 4866 ς
3187 4814 3272 4866 Ἐν
3301 4813 3364 4882 τῇ
3395 4810 3705 4878 δικαιοσυνῃ

2139 4934 2230 4969 σου
2283 4910 2447 4982 ζῆσόν
2481 4927 2568 4980 με.
2603 4927 2620 4960 ι
2670 4908 2932 4961 Ζωοποιεῖ
2963 4907 3070 4979 γὰρ
3116 4907 3144 4958 ό
3180 4903 3368 4974 Πατὴρ
3403 4904 3460 4955 ὲν
3489 4900 3708 4972 Χριστῷ

2134 5007 2260 5069 τοὺς
2301 5001 2654 5063 πιστεύοντας
2703 5000 2783 5062 εἰς
2821 4999 3001 5054 αὐτόν.
3066 4997 3392 5073 ’Ὤνόμασται
3423 4994 3516 5045 καὶ
3547 4991 3708 5060 βουλὴ

2137 5098 2228 5151 τοῦ
2254 5095 2484 5166 Πατρὸς,
2511 5090 2651 5146 κατὰ
2675 5091 2735 5143 τὸ
2761 5081 3080 5160 είρημένονί
3124 5105 3142 5137 ‹
3178 5086 3267 5138 Ἐν
3295 5087 3358 5153 τῇ
3402 5083 3564 5152 βουλῇ
3621 5096 3710 5131 σου

2137 5187 2425 5260 ὡδήγησάς
2459 5201 2546 5256 με·
2578 5202 2598 5236 ι
2629 5182 2723 5236 καὶ
2757 5181 2940 5243 πάλιν,
2976 5198 2994 5230 ι
3017 5179 3078 5230 Ἦ
3103 5176 3157 5228 δὲ
3191 5175 3354 5245 βουλὴ
3379 5172 3472 5225 τοῦ
3505 5171 3710 5239 Κυρίου

2136 5283 2213 5344 εἰς
2239 5281 2328 5333 τὸν
2354 5277 2525 5331 αἰῶνα
2551 5275 2725 5346 μένει.
2754 5291 2772 5326 ι
2817 5271 2948 5325 Ὅτε
2963 5268 3140 5322 τοίνυν
3160 5265 3332 5318 ταῦτα
3365 5265 3543 5316 πάντα
3565 5263 3712 5313 ἐστὶν

2135 5376 2163 5426 ὁ
2186 5374 2315 5437 Υἱὸς
2353 5371 2431 5440 τῷ
2469 5369 2588 5440 Θεῷ
2621 5369 2715 5422 καὶ
2760 5364 2969 5432 Πατρὶ,
3014 5359 3320 5429 λεγέτωσαν
3359 5358 3492 5428 ἡμῖν
3539 5358 3585 5408 οἱ
3619 5354 3716 5424 τὴν

2149 5463 2357 5535 Ἀρείου
2385 5460 2770 5522 κολακεύοντες
2798 5455 3028 5524 πλάνην,
3059 5451 3150 5504 καὶ
3173 5451 3270 5520 τῆς
3300 5448 3510 5502 ἐκείνου
3541 5463 3718 5516 παρα-

2140 5558 2284 5620 νοίας
2318 5551 2832 5623 ἁναπεπλησμένοι,
2884 5546 3000 5609 πῶς
3051 5545 3197 5596 ἐστιν
3250 5541 3487 5594 ἐλάττων
3531 5536 3716 5592 αὑτοῦ.

2817 5660 3027 5717 “Psal.
3087 5655 3383 5723 LXXII,.‘.’3.
3501 5654 3544 5684 “
3571 5651 3716 5709 Psal.
