4072 6210
276 319 335 372 Π
1334 309 1396 363 IN
1434 309 1716 364 .IOANMS
1748 307 2209 365 EVANGELICM
2252 307 2377 363 LIB.
2419 306 2460 360 I.
3453 293 3526 346 $2

276 437 418 504 Ὥρα
447 430 554 502 γὰρ
581 429 763 496 λέγειν
785 469 800 493 ,
837 427 997 498 εἴπερ
1025 426 1198 490 οὑτως
1227 427 1340 498 ἔχοι
1369 431 1490 482 κατ’
1523 430 1750 494 αὑτοὺς,
1778 431 1860 482 ὃτι

1969 439 2024 482 ιιι
2055 428 2132 481 illi
2158 427 2387 491 volunt,
2421 427 2668 497 sequitur
2699 425 2916 482 Patrem
2945 426 3048 496 21
3095 441 3200 479 non
3241 440 3364 480 esse
3402 442 3530 496 per:

277 543 380 596 περ
403 525 465 577 οὑ
499 521 722 583 τελείως
756 519 917 588 σοφὸς
961 521 990 572 6
1023 521 1243 591 Πατὴρ,
1271 521 1333 572 οὑ
1362 521 1585 586 τελείως
1611 523 1856 588 δυνατὸς,

247 619 336 670 ,οὺ
363 614 584 676 τελείως
629 612 748 681 φῶς
766 654 780 677 ,
811 611 874 663 οὑ
901 611 1122 674 τελείως
1147 611 1405 682 ἀλήθεια,
1446 614 1510 666 οὑ
1538 614 1760 678 τελείως
1783 616 1866 668 δίε

276 724 432 769 καιος
455 747 470 769 ,
519 704 632 759 ἀλλ’
661 703 783 756 οὑδὲ
814 703 1016 766 τέλειος
1059 705 1118 756 ὲν
1148 703 1350 775 βουλῇ,
1398 706 1556 776 εἴπερ
1582 706 1750 770 ὅντως
1774 706 1866 761 διὰ

274 799 336 851 τὸ
366 798 586 849 ἔλαττον
615 795 860 866 ἔχειν,οὑ
888 797 1136 863 φανεῖται
1161 796 1365 860 τέλειος
1389 800 1416 850 6
1433 797 1578 861 Υἱὸς,
1609 798 1668 862 ὃς
1687 798 1866 852 πάντα

281 890 454 944 ταῦτά
501 891 648 942 ἐστιν
691 886 859 958 αὐτῷ.
926 887 1086 941 Ἀλλὰ
1123 887 1228 958 μὴν
1270 889 1331 941 τὸ
1364 889 1507 943 οὕτω
1551 892 1767 961 φρονεῖν
1827 888 1862 960 ἦ

279 983 464 1051 λέγειν
511 979 770 1042 δυσσεδές
790 995 802 1009 ’
849 978 1053 1043 τέλειος
1103 979 1160 1032 δὲ
1181 982 1210 1033 6
1243 982 1432 1052 Πατὴρ
1460 982 1550 1034 διὰ
1591 982 1654 1035 τὸ
1687 984 1865 1036 πάντα

282 1071 427 1140 ἔχειν
474 1070 532 1122 ὲν
560 1069 740 1138 ἑαυτῷ
776 1067 994 1130 τελείως
1014 1082 1030 1098 ·
1083 1068 1284 1132 τέλειος
1313 1071 1420 1142 ἄρα
1446 1071 1687 1142 δηλονότι
1717 1074 1810 1126 καὶ
1838 1075 1867 1127 6

283 1162 486 1232 Υίὸς,ἠ
522 1161 706 1230 σοφία,
735 1159 830 1213 καὶ
853 1160 885 1229 ή
906 1159 1154 1230 δύναμις,
1177 1161 1238 1213 τὸ
1265 1162 1402 1229 φῶς,
1427 1164 1518 1216 καὶ
1537 1167 1570 1233 ἡ
1613 1163 1862 1234 ἀλήθεια,

284 1255 320 1322 ἡ
347 1251 684 1322 δικαιοσύνη.
720 1249 815 1304 καί
845 1250 880 1320 ή
913 1249 1078 1320 βουλὴ
1114 1249 1209 1303 τοῦ
1238 1253 1468 1323 Πατρός.
1515 1252 1571 1306 ’0
1597 1253 1655 1307 δὲ
1680 1255 1778 1325 τὴν
1805 1256 1864 1308 ὲν

283 1344 364 1415 τῷ
407 1344 591 1416 οἰκείῳ
628 1343 911 1413 γεννήτορι
959 1341 1272 1413 τελειότητα
1317 1343 1538 1416 πληρῶν
1562 1385 1576 1410 ,
1626 1345 1744 1410 πῶς
1798 1347 1864 1400 ἂν

290 1435 524 1490 ἐλάττων
547 1437 717 1488 νοοῖτο
739 1451 753 1500 ;

361 1528 565 1581 ΑΛΛΟ.
619 1527 681 1580 Et
721 1527 781 1580 τὸ
810 1525 1033 1581 ἔλαττον
1067 1527 1205 1597 ἔχων
1230 1529 1258 1582 6
1300 1528 1425 1592 Υἱὸς
1465 1531 1540 1593 ὡς
1571 1529 1705 1601 πρὸς
1732 1530 1864 1584 Θεὸν

289 1621 382 1674 καὶ
414 1619 662 1687 Πατέρα,
695 1621 1084 1690 προσκυνεῖται
1128 1620 1279 1691 παρὰ
1310 1638 1369 1673 τε
1407 1621 1568 1692 ἡμῶν
1626 1622 1722 1676 καὶ
1757 1622 1864 1676 τῶν

286 1711 457 1779 ἁγίων
495 1710 746 1779 ἀγγέλων
765 1748 780 1774 ,
823 1709 918 1763 δύο
943 1709 1292 1780 λατρεύοντες
1334 1711 1652 1783 ἁλωσόμεθα
1673 1713 1860 1778 Θεοὺς,

287 1804 445 1874 εἴπερ
473 1801 775 1873 οὐδαμόθεν
817 1803 897 1864 εἰς
935 1802 1238 1874 ταυτότητα
1275 1801 1487 1871 φύσεως
1529 1803 1861 1874 ἀναϐήσεται

283 1891 362 1962 τῷ
389 1893 579 1962 τελείῳ
619 1893 680 1945 τὸ
713 1893 788 1963 μὴ
820 1891 996 1955 οὕτως
1022 1892 1165 1963 ἕχον.
1224 1893 1400 1965 Πολλὴ
1443 1894 1503 1946 δέ
1531 1894 1614 1957 τίς
1653 1895 1800 1948 ἐστιν
1825 1896 1859 1966 ἡ

285 1984 523 2055 διαφορὰ
547 1983 613 2037 τὰ
640 1985 715 2054 μὴ
735 1983 994 2048 ὡσαύτως
1013 1984 1205 2056 ἔχοντα
1234 1985 1376 2040 κατὰ
1403 1985 1494 2039 τὸν
1524 1986 1624 2056 τῆς
1650 1985 1863 2056 φύσεως

290 2076 453 2144 λόγον
500 2076 581 2139 εἰς
622 2075 1000 2146 ἀλλοτριότητα
1043 2076 1423 2147 διατέμνουσα.
1491 2077 1630 2130 ’Δλλ’
1658 2077 1758 2131 οὑκ
1784 2078 1865 2141 είς

295 2166 560 2221 πολύθεον
579 2168 804 2238 ἀριθμὸν
826 2170 861 2238 ὴ
879 2169 1079 2234 πίστις,
1104 2165 1184 2233 εἷς
1210 2169 1266 2222 δὲ
1287 2168 1419 2232 Θεὸς
1441 2171 1469 2222 6
1494 2169 1704 2240 Πατὴρ,
1729 2171 1863 2224 ἀνα-

294 2255 576 2321 ϐαίνοντος
602 2261 684 2321 είς
725 2259 943 2328 ἑνότητα
970 2261 1067 2330 τὴν
1097 2261 1236 2331 πρὸς
1269 2262 1432 2316 αὑτὸν
1462 2261 1555 2315 τοῦ
1584 2260 1738 2327 Υίοῦ,
1764 2262 1862 2332 δῆ-

287 2346 375 2400 λον
396 2346 453 2399 δὲ
497 2348 580 2402 ὅτι
614 2348 706 2402 καὶ
735 2349 828 2403 τοῦ
887 2351 1042 2420 ἁγίου
1078 2353 1394 2424 Πνεύματος
1419 2369 1432 2382 °
1473 2354 1624 2408 οὐδὲν
1667 2354 1776 2424 ἄρα
1805 2356 1866 2409 τὸ

287 2439 652 2511 κατηγόρημα
677 2441 862 2496 λοιπὸν
889 2445 948 2497 ὲν
976 2443 1108 2514 Υίῷ.
1161 2445 1286 2509 Πῶς
1316 2446 1426 2517 γὰρ
1453 2446 1530 2500 ἔτι
1558 2447 1617 2500 τὸ
1643 2447 1864 2503 ἔλαττον

285 2529 590 2595 ἐπιδείξεται
617 2533 697 2596 είς
733 2533 961 2604 ἑνότητα
987 2535 1065 2607 τῷ
1104 2536 1295 2608 τελείῳ
1323 2538 1516 2610 Πατρὶ,
1546 2539 1638 2591 καὶ
1667 2541 1746 2604 είς
1773 2541 1866 2593 οὑ-

289 2619 405 2683 σῐας
432 2623 739 2694 ταυτότητα
777 2625 1062 2697 ἑνούμενος
1093 2628 1336 2696 φυσικῶς
1364 2645 1378 2695 ;
1833 2639 1836 2641 “

353 2712 560 2766 AAAO.
617 2716 681 2768 Εί
709 2715 985 2789 πλήρωμά
1015 2721 1160 2773 ἐστιν
1189 2721 1219 2772 6
1249 2720 1374 2784 Υἱός
1393 2739 1406 2753 ·
1441 2741 1460 2774 ι
1489 2724 1596 2778 ἀπὸ
1622 2726 1731 2801 γὰρ
1772 2727 1868 2781 τοῦ

292 2803 652 2876 πληρώματος
669 2807 834 2861 αὑτοῦ
859 2809 1052 2874 πάντες
1065 2811 1505 2884 ἡμεῖς’ὲλάόομεν
1523 2831 1532 2843 ε
1547 2835 1566 2866 ι
1594 2817 1865 2875 κατὰτινα

288 2897 492 2966 τρόπον
535 2897 596 2950 τὸ
618 2897 840 2953 ἔλαττον
877 2900 1214 2971 ἑπιδέξεταις
1261 2903 1576 2974 Ἀσύμὸατα
1602 2908 1711 2979 γὰρ
1741 2910 1863 2963 καθ’

295 2986 354 3042 ιν
382 3005 434 3041 τι
467 2987 524 3041 τὸ
553 2989 908 3061 ὑποκείμενον
940 2992 1000 3045 ἐν
1037 2993 1218 3065 ταυτῷ
1247 2995 1317 3048 τὰ
1352 2996 1601 3068 ἀλλήλοις
1625 2999 1863 3053 ἐναντία.

1966 520 2110 576 fecte
2150 521 2478 591 sapientem,
2523 534 2631 573 non
2677 519 2913 589 perfecte
2940 527 3240 590 potentem,
3278 533 3385 573 non
3413 535 3536 589 per-

1967 611 2108 667 fecte
2150 612 2348 676 lucem,
2377 625 2488 665 non
2521 611 2756 681 perfecte
2795 612 3105 674 veritatem,
3140 627 3250 665 non
3296 609 3537 680 perfecte

1962 705 2202 774 justum,
2245 705 2340 762 sed
2386 719 2485 760 nec
2522 704 2748 775 perfecti
2782 705 3033 772 consilii,
3066 706 3112 760 si
3166 704 3413 776 profeato
3466 720 3534 758 ex

1966 811 2032 853 eo
2071 797 2219 868 quod
2261 798 2442 853 minor
2473 797 2565 861 sit,
2604 811 2713 852 non
2744 798 2993 852 videatur
3024 795 3195 852 Filius
3235 796 3532 867 perfectus,

1966 889 2060 960 qui
2085 889 2268 944 omnia
2296 890 2408 944 hanc
2431 897 2516 944 est
2542 889 2666 959 ipsi.
2688 889 2851 959 Atqui
2882 890 2983 944 hoc
3004 889 3190 944 dicere
3211 897 3305 944 aut
3331 892 3537 945 sentire

1965 986 2049 1034 est
2084 978 2333 1049 impium.
2366 978 2649 1034 Perfectus
2679 987 2860 1034 autem
2909 989 2994 1033 est
3049 978 3234 1044 Pater,
3283 989 3536 1050 propter-

1966 1084 2028 1124 ea
2086 1069 2232 1140 quod
2277 1069 2441 1126 habet
2499 1070 2683 1125 omnia
2733 1071 2786 1125 in
2831 1071 3015 1141 seipse
3048 1071 3326 1142 perfecte:
3358 1072 3536 1142 perfe-

1967 1174 2090 1220 ctus
2143 1165 2310 1236 igitur
2355 1174 2440 1222 est
2486 1180 2705 1235 quoque
2736 1164 2928 1229 Filius,
2961 1166 3229 1236 sapientia
3257 1173 3312 1220 et
3340 1165 3532 1225 virtus.

1967 1257 2058 1310 lux
2107 1265 2162 1312 et
2215 1259 2436 1320 veritas,
2471 1257 2684 1327 justitia
2732 1265 2786 1312 et
2840 1258 3129 1312 consilium
3181 1256 3379 1313 Patris.
3430 1257 3532 1323 Qu:

1967 1357 2147 1404 autem
2187 1350 2239 1404 in
2273 1365 2373 1406 suo
2399 1349 2562 1403 Patre
2595 1348 2989 1419 perfectionem
3022 1349 3230 1418 implet,
3260 1351 3532 1418 quomoda

1968 1443 2146 1497 minor
2173 1443 2552 1514 intelligatur?

2035 1533 2268 1590 ALIUD.
2307 1534 2370 1588 Si
2404 1535 2589 1589 minor
2620 1549 2748 1589 cum
2781 1533 2854 1589 sit
2894 1531 3006 1588 Deo
3039 1547 3102 1587 ac
3133 1529 3293 1587 Patre
3318 1531 3495 1589 Filius
3525 1551 3533 1560 '

1967 1624 2233 1679 adoratur
2259 1638 2288 1678 a
2325 1624 2482 1678 nobis
2524 1633 2577 1679 et
2612 1624 2819 1679 sanctis
2845 1623 3074 1693 angelis,
3105 1622 3243 1677 duos
3277 1621 3413 1680 Deos
3443 1637 3536 1677 co-

1968 1716 2079 1772 lere
2112 1716 2604 1788 depreliendemur,
2633 1715 2902 1786 siquidem
2940 1716 2994 1769 in
3025 1721 3239 1769 naturae
3276 1713 3539 1770 identita-

1966 1816 2074 1862 tem
2107 1821 2386 1878 nunquam
2411 1808 2685 1863 coalescet
2710 1806 3091 1879 imperfectum
3122 1821 3244 1861 cum
3270 1807 3534 1876 perfecto.

1963 1895 2197 1952 Maxima
2223 1905 2514 1952 autemest
2544 1896 2854 1952 differentia
2890 1911 3010 1966 qua:
3041 1909 3132 1951 res
3165 1895 3308 1950 inter
3339 1910 3399 1950 se
3441 1910 3540 1949 na-

1963 1996 2086 2041 tura
2123 1987 2373 2043 diversas
2406 1996 2648 2057 separat.
2683 1987 2852 2057 Atqui
2889 1986 3023 2042 ﬁdes
3064 1992 3251 2041 nostra
3285 1985 3537 2040 multitu-

1963 2077 2146 2132 dinem
2181 2077 2417 2134 Deorum
2456 2093 2564 2132 non
2592 2077 2873 2142 admittit,
2926 2078 3020 2132 sed
3069 2092 3214 2131 unus
3257 2083 3345 2131 est
3393 2075 3539 2132 Deus

1964 2168 2157 2236 Pater,
2185 2170 2238 2225 in
2269 2171 2532 2226 unitatem
2561 2185 2685 2226 cum
2710 2171 2828 2242 ipso
2859 2169 3196 2226 ascendente
3219 2170 3359 2224 Filio
3383 2170 3542 2224 nimi-

1963 2279 2085 2318 rum
2110 2305 2123 2328 ,
2158 2271 2212 2318 et
2257 2273 2453 2319 sancto
2481 2262 2710 2334 Spiritu.
2744 2261 2890 2317 Nihil
2914 2276 3046 2332 ergo
3085 2261 3332 2316 deterius
3365 2269 3450 2316 est
3483 2260 3538 2316 in

1963 2350 2125 2409 Filio.
2161 2353 2447 2420 Quomodo
2478 2355 2623 2410 enim
2658 2353 2877 2409 tandem
2909 2355 3092 2408 minor
3119 2354 3254 2419 erit,
3288 2352 3381 2422 qui
3417 2352 3540 2406 uni-

1965 2453 2077 2500 tate
2113 2445 2356 2514 perfecto
2391 2447 2540 2502 Patri
2591 2453 2644 2502 et
2698 2445 2987 2501 identitate
3017 2444 3342 2501 substantia:
3379 2451 3540 2499 natu-

1968 2532 2157 2589 raliter
2191 2533 2379 2588 unitur
2395 2534 2422 2587 ?

2036 2711 2264 2770 ALIUD.
2303 2711 2361 2768 Si
2395 2711 2679 2783 plenitudo
2711 2718 2797 2766 est
2821 2709 2994 2766 Filius
3030 2709 3073 2782 (ι
3100 2710 3166 2766 de
3199 2709 3538 2780 plenitudine

1967 2806 2112 2861 enim
2134 2805 2255 2876 ejus
2284 2820 2475 2862 omnes
2495 2805 2814 2875 accepimus
2829 2805 2908 2856 “i
2931 2805 2973 2872 ),
2995 2818 3234 2874 quonam
3252 2802 3414 2860 modo
3437 2805 3539 2858 mi-

1967 2913 2073 2954 nus
2107 2898 2324 2970 capiet?
2357 2897 2647 2953 Contraria
2679 2896 2825 2953 enim
2861 2895 2915 2951 in
2945 2910 3057 2950 uno
3085 2895 3340 2966 subjecto
3373 2895 3538 2952 simul

1967 3000 2023 3048 et
2052 2991 2244 3046 eodem
2273 2997 2520 3061 tempore
2551 2990 2857 3046 consistere
2886 2980 3187 3058 nequeunt.

365 3080 560 3135 ΔΛΛΟ.
615 3083 679 3135 Εἰ
707 3081 769 3134 τὸ
792 3081 1012 3137 ἔλαττον
1040 3084 1180 3155 ἔχων
1208 3089 1237 3141 6
1265 3087 1393 3152 Υἱὸς
1420 3088 1488 3142 τὰ
1515 3089 1693 3144 πάντα
1724 3092 1862 3162 πλη-

2038 3081 2267 3137 ALIUD.
2301 3081 2359 3136 Si
2383 3097 2505 3137 cum
2534 3080 2718 3137 minus
2743 3082 2940 3136 habeat
2971 3079 3165 3146 Filius,
3197 3079 3389 3152 implet
3415 3081 3538 3135 uni-

299 3174 399 3242 ροῖ,
429 3171 542 3226 ποῖ)⁴
562 3174 802 3245 χωρήσει
845 3175 897 3228 τὸ
931 3176 1114 3246 μεῖζον
1142 3176 1237 3231 τοῦ
1270 3179 1522 3251 Πατρός;
1573 3183 1868 3254 Εἰρήσεται

293 3264 400 3336 γὰρ
423 3265 515 3317 καὶ
538 3265 1016 3338 σωματικώτερον,
1033 3269 1110 3330 ὡς
1130 3269 1187 3323 ἐν
1208 3270 1648 3342 παραδείγματος
1663 3275 1866 3347 τρόπῳ,

293 3355 588 3426 νοουμένης
618 3355 816 3428 ἑτέρως
841 3357 937 3427 τῆς
959 3359 1017 3411 ὲν
1041 3359 1354 3430 ἀσωμάτοις
1380 3362 1650 3434 ὑπεροχῆς
1681 3381 1740 3418 τε
1777 3369 1871 3420 καὶ

291 3444 660 3510 ἐλαττώσεως.

366 3537 575 3592 ΔΛΔΟ.
616 3538 677 3590 Et
710 3537 771 3591 τὸ
798 3539 938 3611 ὑπὲρ
984 3541 1092 3595 πᾶν
1117 3541 1288 3614 ὄνομα
1317 3543 1464 3599 ἐστιν
1512 3547 1542 3600 6
1569 3545 1721 3613 Θεὸς,
1752 3543 1870 3602 εἶτα

291 3625 486 3679 τούτου
531 3626 859 3699 κληρονόμος
890 3630 1152 3703 ὑπάρχων
1176 3635 1205 3688 6
1237 3634 1364 3699 Υἱὸς
1407 3636 1509 3690 οὑκ
1543 3638 1660 3709 ἔχει
1689 3640 1750 3693 τὸ
1781 3641 1871 3694 τέ-

291 3717 438 3780 λειος
469 3712 606 3772 εἶναι
633 3720 722 3773 διὰ
748 3722 808 3774 τὸ
833 3721 1054 3777 ἔλαττον
1071 3766 1088 3790 ,
1134 3725 1254 3778 οὐδὲ
1280 3727 1338 3780 ἐν
1369 3727 1468 3799 [αι.
1496 3730 1646 3786 οὐδὲν
1676 3731 1757 3805 ὲν]
1795 3733 1871 3804 τῷ

292 3809 439 3880 ὑπὲρ
477 3810 656 3864 πάντα
696 3813 757 3865 τὸ
788 3813 930 3883 μέγα
959 3830 973 3844 ·
1015 3816 1174 3870 τοῦτο
1215 3817 1275 3872 δέ
1324 3819 1440 3874 ἐστι
1489 3821 1641 3886 Θεός.
1712 3824 1871 3877 Ἀλλὰ

291 3899 452 3954 τοῦτο
478 3901 679 3956 ἄτοπον
704 3903 738 3974 ἢ
767 3907 979 3975 φρονεῖν
1021 3906 1056 3976 ἢ
1080 3906 1256 3976 λέγειν
1275 3923 1291 3940 ⁸
1324 3910 1529 3976 τέλειος
1575 3914 1682 3985 ἄρα
1724 3915 1871 3969 ἐστὶν

292 3995 324 4045 6
356 3992 504 4057 Υίὸς,
529 3995 604 4058 ὠς
638 3995 781 4065 ὑπὲρ
807 3999 914 4052 πᾶν
936 3999 1128 4070 δνομα,
1164 4001 1257 4055 καὶ
1283 4001 1433 4067 Θεός.

363 4087 568 4141 AAAU.
599 4086 662 4138 Εί
699 4088 733 4158 η
762 4087 878 4141 Θεία
905 4088 1067 4158 φύσις
1091 4091 1154 4145 οὑ
1184 4096 1520 4157 πεπόσωται,
1556 4096 1871 4168 συμόαίνειν

297 4176 352 4230 δὲ
376 4172 481 4230 οἶδε
513 4177 575 4231 τὸ
600 4177 820 4232 ἔλαττον
844 4179 904 4234 ὲν
938 4183 1122 4245 ποσοῖς
1139 4220 1153 4244 ,
1197 4182 1315 4246 πῶς
1343 4182 1408 4238 ἂν
1437 4185 1672 4242 ἐλάττων
1701 4190 1873 4242 νοοῖτο

300 4266 440 4321 κατὰ
461 4268 623 4338 φύσιν
649 4268 911 4341 ὑπάρχων
933 4271 1067 4337 Θεὸς
1107 4275 1136 4326 6
1163 4273 1332 4338 Υίός;
1376 4275 1437 4328 οὑ
1483 4276 1594 4346 γὰρ
1629 4277 1734 4343 ἔξω
1777 4279 1871 4332 τοῦ

298 4360 466 4412 ποσοῦ
509 4361 784 4426 κείσεται,
838 4362 943 4416 κᾶν
989 4364 1064 4428 ὼς
1115 4364 1251 4436 πρὸς
1289 4366 1508 4438 Πατέρα
1553 4370 1614 4422 τὸ
1654 4368 1872 4424 ἔλαττον

299 4446 528 4517 λέγωσιν
552 4450 697 4520 ἔχειν
733 4452 914 4508 αὐτόν.

374 4623 578 4679 AAAO.
611 4627 665 4680 '0
682 4629 954 4700 μακάριος
978 4631 1228 4702 Ἰωάννης
1255 4634 1381 4705 περὶ
1411 4634 1502 4688 τοῦ
1526 4634 1654 4690 Υίοῦ
1682 4655 1866 4708 φησιν,

293 4717 380 4769 ὅτι
431 4735 451 4767 ι
475 4717 585 4772 Ούκ
610 4721 672 4774 ὲκ
708 4722 910 4792 μέτρου
935 4721 1116 4777 δίδωσι
1140 4723 1201 4777 τὸ
1234 4726 1480 4798 Πνεῦμα,
1510 4746 1528 4779 ι
1570 4732 1682 4792 τοῖς
1701 4729 1872 4796 ἀξίοις

291 4807 518 4878 δηλαδή.
566 4809 698 4863 Ὅτε
739 4812 917 4867 τοίνυν
954 4813 1154 4884 μέτρον
1193 4815 1295 4869 οὐκ
1338 4816 1484 4870 ἐστιν
1519 4819 1578 4870 ὲν
1625 4817 1703 4889 τῷ
1736 4819 1868 4891 Υίῷ,

294 4898 607 4968 ἀμέτρητος
644 4902 749 4971 ἄρα
775 4903 894 4956 ἐστὶ
913 4943 928 4968 ,
974 4904 1071 4958 καὶ
1099 4907 1280 4958 πᾶσαν
1305 4907 1609 4962 ἁναὸαίνων
1636 4910 1873 4980 κατάλη-

292 4988 389 5057 ψιν
415 4988 515 5060 τὴν
541 4990 600 5042 ἐν
622 4992 768 5062 ποσῷ
795 4993 1088 5066 νοουμένην
1110 4996 1185 5060 ὡς
1205 4996 1355 5058 Θεός.
1379 4997 1501 5061 Πῶς
1518 4995 1610 5052 οὖν
1635 5000 1871 5056 ἐλάττων

291 5081 322 5130 ὀ
355 5080 431 5150 μὴ
473 5080 840 5152 μετρούμενος
861 5101 876 5148 ;

367 5168 571 5221 AAAO.
633 5170 697 5223 Εί
742 5171 979 5226 ἐλάττων
1029 5175 1175 5227 ἐστὶν
1221 5177 1248 5228 6
1282 5176 1442 5240 Υἱὸς,
1497 5178 1695 5247 μείζων
1742 5181 1797 5233 δὲ
1844 5182 1874 5233 6

293 5258 520 5330 Πατὴρ,
566 5259 837 5330 διαφόρως
888 5263 1126 5333 δηλονότι
1178 5266 1283 5334 έκαὶ
1334 5267 1739 5335 ἀναλογούντως
1791 5263 1873 5330 οἷς

290 5353 527 5416 ἕκαστος
566 5354 676 5425 ἔχει
713 5357 932 5429 μέτροις
963 5360 1318 5432 ἐνεργήσουσι
1348 5363 1477 5434 περὶ
1507 5363 1595 5416 τὸν
1624 5366 1704 5428 είς
1727 5368 1875 5436 ἡμᾶς

291 5445 590 5512 ἁγιασμόν.
628 5447 734 5500 Καὶ
760 5449 978 5517 ἁγιάσει
1010 5452 1108 5522 μὲν
1138 5451 1399 5523 μειζόνως
1421 5455 1449 5506 6
1480 5454 1690 5526 Πατὴρ,
1720 5456 1873 5510 ἐλατ-

287 5535 466 5599 τόνως
502 5537 558 5590 δὲ
583 5541 675 5593 καὶ
709 5540 830 5594 καθ’
879 5544 1118 5598 ἑαυτὸνό
1151 5546 1294 5608 Υἱός.
1332 5544 1522 5599 Ἔσται
1580 5549 1868 5618 τοιγαροῦν

404 5712 452 5744 ⁵⁸
479 5712 636 5770 Joan.
664 5734 702 5777 I.
741 5721 830 5775 I6.
914 5721 958 5753 "
982 5721 1142 5782 Joan.
1168 5741 1248 5786 Ill,
1284 5725 1372 5780 ⁸54.

615 5813 882 5875 ΡΛΤῐιωῐ..
931 5817 1043 5878 Gtt.
1096 5820 1349 5880 LXXIII.

1970 3189 2131 3231 versa
2159 3195 2172 3229 :
2211 3174 2430 3230 ubinam
2460 3173 2636 3243 major
2663 3172 2754 3227 illa
2784 3171 2964 3227 Patris
2990 3173 3269 3242 capacitas
3297 3173 3538 3228 colloca—

1971 3267 2158 3322 bitur?
2203 3265 2414 3321 Licebit
2442 3264 2590 3319 enim
2615 3264 2846 3334 exempli
2886 3278 3054 3319 causa
3083 3264 3243 3335 quasi
3273 3263 3342 3319 de
3376 3264 3540 3320 rebus

1971 3359 2252 3427 corporeis
2283 3357 2355 3410 ita
2387 3354 2557 3426 loqui,
2580 3369 2704 3408 cum
2727 3369 2909 3410 rerum
2937 3354 3391 3423 incorporearum
3422 3369 3536 3409 ma-

1971 3449 2202 3521 gnitudo
2229 3459 2282 3504 et
2313 3447 2627 3503 imminutio
2656 3447 2816 3502 aliter
2846 3446 3209 3516 intelligatur.

2043 3539 2275 3596 ALIUD.
2307 3541 2362 3595 Si
2386 3540 2531 3611 quod
2559 3550 2645 3596 est
2671 3553 2838 3610 super
2859 3552 3020 3593 omne
3043 3551 3239 3593 nomen
3263 3535 3408 3594 Deus
3434 3548 3536 3600 est.

1969 3644 2026 3690 et
2057 3633 2222 3704 hujus
2263 3633 2439 3688 haeres
2482 3645 2607 3687 cum
2639 3629 2712 3685 sit
2737 3627 2907 3685 Filius
2927 3670 2940 3694 ,
2969 3627 3248 3699 perfectus
3278 3645 3401 3686 esse
3429 3646 3538 3685 non

1972 3731 2150 3795 potest
2173 3723 2301 3794 quia
2336 3723 2517 3777 minor
2549 3736 2564 3774 :
2614 3736 2738 3778 esse
2772 3735 2938 3791 super
2968 3720 3152 3776 omnia
3191 3720 3326 3775 nihil
3357 3722 3539 3791 magni

1970 3827 2094 3880 est,
2143 3815 2248 3870 hoc
2293 3824 2473 3870 autem
2514 3821 2600 3869 est
2644 3812 2811 3870 Deus.
2855 3812 2962 3867 Sed
3000 3811 3305 3867 absurdum
3342 3820 3426 3866 est
3463 3813 3537 3866 ita

1972 3908 2177 3964 sentire
2200 3914 2292 3960 aut
2317 3905 2503 3976 loqui:
2533 3903 2808 3975 perfectus
2843 3903 3008 3973 igitur
3027 3910 3110 3958 est
3129 3900 3326 3966 Filius,
3352 3911 3541 3975 utpote

1973 4014 2138 4068 super
2169 4010 2330 4050 omne
2365 4009 2562 4049 nomen
2587 4031 2600 4057 ,
2635 4002 2689 4048 et
2719 3991 2884 4047 Deus.

2041 4087 2270 4145 ALIUD.
2299 4087 2356 4143 Si
2375 4094 2572 4142 natura
2592 4085 2777 4141 divina
2797 4083 3121 4155 quantitatis
3144 4091 3226 4140 est
3244 4097 3461 4152 expers.
3485 4091 3540 4137 et

1974 4185 2030 4240 in
2063 4184 2228 4239 rebus
2258 4181 2555 4250 aliquantis
2583 4179 2767 4234 minus
2795 4176 3020 4247 reperiri
3052 4176 3229 4230 solet:
3263 4173 3540 4244 quomodo

1972 4275 2153 4330 minor
2174 4272 2518 4342 intelligatur
2541 4267 2844 4325 secundum
2877 4271 3131 4320 naturam
3159 4261 3331 4320 Filius
3353 4305 3367 4328 ,
3396 4263 3542 4320 Deus

1973 4381 2097 4420 cum
2155 4365 2282 4420 sit?
2344 4361 2464 4417 Non
2519 4360 2666 4415 enim
2723 4355 3050 4428 quantitatis
3110 4369 3306 4425 expers
3381 4356 3484 4412 erit
3521 4396 3538 4420 ,

1974 4456 2226 4527 quamvis
2272 4462 2521 4523 respectu
2559 4449 2736 4503 Patris
2776 4449 2956 4503 minus
2993 4448 3194 4503 habere
3239 4448 3416 4518 ipsum
3457 4447 3542 4503 di-

1975 4557 2120 4603 cant.

2047 4635 2276 4691 ALIUD.
2309 4635 2505 4691 Beatus
2533 4633 2775 4689 Joannes
2807 4632 2876 4687 de
2901 4629 3040 4686 Filio
3078 4631 3185 4700 22
3226 4631 3336 4696 ait,
3375 4649 3393 4683 ι
3430 4645 3542 4686 non

1975 4728 2042 4782 ad
2068 4741 2380 4782 mensuram
2413 4725 2545 4781 dare
2572 4723 2842 4794 Spiritum
2862 4722 2906 4753 ⁸⁷
2937 4741 2956 4774 ι
2982 4761 2998 4786 ,
3025 4720 3224 4792 'dignis
3254 4720 3538 4775 nimirum.

1973 4819 2110 4873 Cum
2157 4832 2288 4889 ergo
2335 4829 2595 4873 mensura
2637 4829 2749 4870 non
2805 4812 2878 4869 sit
2919 4811 2975 4866 in
3017 4810 3190 4878 Filio,
3236 4811 3541 4866 immensus

1971 4919 2059 4965 est
2089 4909 2277 4980 igitur,
2309 4915 2363 4962 et
2381 4921 2606 4963 omnem
2642 4904 2967 4977 quantitatis
2989 4901 3536 4973 comprehensionem

1973 5009 2196 5074 superat
2246 5006 2431 5070 utpote
2481 4996 2625 5052 Deus
2667 5014 2682 5051 :
2725 4993 3001 5067 quomodo
3043 5007 3176 5065 ergo
3222 4992 3404 5048 minor
3457 4998 3543 5043 est

1972 5097 2065 5151 ille
2093 5095 2184 5164 qui
2218 5107 2475 5150 mensura
2515 5105 2625 5146 non
2658 5087 2914 5160 capitur?

2044 5183 2276 5240 ALIUD.
2306 5181 2363 5238 Si
2399 5183 2576 5237 minor
2607 5179 2802 5246 Filius,
2829 5177 3005 5248 major
3032 5184 3213 5231 autem
3245 5173 3406 5230 Pater
3433 5179 3539 5238 est,

1974 5277 2192 5332 diverse
2222 5273 2481 5328 nimirum
2510 5287 2609 5327 nec
2632 5271 2800 5326 simili
2828 5269 3044 5324 ratione
3071 5280 3168 5334 pro
3191 5280 3292 5320 suo
3308 5265 3545 5336 quisque

1975 5367 2138 5423 modo
2170 5362 2660 5420 sanctiﬁcationem
2695 5370 2938 5415 nostram
2971 5358 3259 5430 perﬁcient
3287 5375 3301 5412 :
3344 5365 3399 5412 et
3429 5371 3546 5410 ma-

1973 5458 2055 5529 gis
2097 5455 2315 5526 quidem
2368 5452 2530 5507 Pater
2569 5449 2968 5514 sanctificabit,
3005 5450 3191 5506 minus
3229 5457 3407 5505 autem
3431 5488 3444 5512 ,
3479 5463 3544 5502 ac
3569 5443 3582 5450 “

1978 5563 2074 5620 pro
2106 5563 2206 5602 suo
2230 5543 2452 5600 modulo
2478 5543 2674 5600 Filius.
2711 5541 2826 5597 Erit
2853 5542 3020 5613 igitur
3059 5539 3300 5611 Spiritus
3325 5554 3545 5611 quoque

3110 5814 3145 5874 2
