4072 6210
472 305 542 363 εδ
1457 298 1512 352 s.
1543 293 1826 353 CYRILLI
1859 289 2333 348 ALEXANDRlNl
2372 293 2696 352 ARCHIEP.
3654 309 3724 365 4;

474 417 667 487 duplex
695 456 708 479 ,
757 422 810 471 et
859 414 1038 471 minor
1072 412 1292 484 quidem
1328 412 1381 466 iu
1428 411 1566 465 Filio
1592 449 1606 473 ,
1653 409 1747 465 sed
1790 410 1845 463 in
1886 407 2051 462 Patre

2155 407 2247 460 mi
2276 407 2337 460 τὸ
2362 407 2585 479 Πνεῦμα
2612 405 2852 476 διπλοῦν,
2889 411 2983 463 καὶ
3020 413 3172 482 μεῖον
3207 411 3308 484 μὲν
3340 415 3397 469 ὲν
3431 415 3566 488 Υίῷ,
3605 423 3728 490 μεῖ-

452 508 672 578 ‘tnajor.
725 507 788 559 Et
837 506 1077 577 perfecte
1105 504 1326 576 quidem
1361 501 1858 559 sanctiﬁcabuntur
1887 500 1978 569 qui
2018 512 2048 552 a

473 598 666 663 Patre,
717 612 779 650 ac
816 597 1056 652 vicissim
1109 610 1216 651 non
1256 593 1499 665 perfecte
1544 593 1641 663 qui
1685 605 1783 662 per
1823 589 2044 644 Filium.

474 689 638 758 Atqui
670 687 837 741 multa
869 697 953 741 est
1002 686 1054 738 in
1093 685 1180 741 his
1218 685 1495 739 rationum
1527 681 1860 738 absurditas.
1894 679 2049 736 Unus

474 779 620 834 enim
644 788 728 834 est
754 783 982 832 sanctus
1013 773 1272 846 Spiritus,
1305 789 1411 830 una
1446 783 1501 829 et
1527 772 1772 843 perfecta
1802 771 2047 827 sanctiﬁ-

475 875 653 938 catio,
683 887 803 942 qua:
849 887 879 924 a
927 871 1084 926 Patre
1121 886 1218 941 per
1247 869 1450 924 Filium
1481 866 1807 922 naturaliter
1835 865 2047 936 praebe-

475 973 583 1018 tur.
621 963 740 1018 Non
783 965 925 1033 ergo
954 963 1133 1015 minor
1171 969 1255 1016 est
1285 961 1378 1030 qui
1424 958 1674 1014 eamdem
1709 957 1869 1012 habet
1922 970 2048 1009 cum

476 1054 718 1124 perfecto
741 1050 899 1106 Patre
921 1049 1318 1121 operationem,
1347 1048 1552 1118 quique
1579 1047 1758 1101 Patris
1784 1044 2048 1116 Spiritum

478 1145 676 1208 habet,
704 1152 916 1198 natum
950 1157 1062 1196 sua:
1093 1142 1323 1205 bonum,
1349 1140 1622 1195 viventem
1657 1154 1720 1194 ac
1745 1138 2049 1194 subsisten-

478 1250 604 1300 tem,
647 1233 1102 1304 quemadmodum
1137 1246 1333 1302 nempe
1356 1239 1410 1286 et
1439 1229 1623 1284 Pater.

544 1324 776 1379 ALIUD.
835 1343 854 1377 ι
890 1323 946 1378 Si
990 1325 1046 1378 in
1092 1323 1268 1378 forma
1312 1331 1368 1378 et
1409 1322 1721 1390 aequalitate
1758 1315 1999 1373 Patris“
2025 1334 2046 1369 ι

475 1425 590 1474 erat
644 1415 861 1480 Filius,
914 1416 1068 1485 juxta
1129 1414 1285 1468 Pauli
1349 1412 1718 1472 sententiam.
1775 1409 2051 1480 quomodo

477 1511 655 1565 minor
682 1509 801 1579 ipso
827 1508 946 1563 est?
968 1506 1089 1562 Non
1118 1507 1264 1561 enim
1295 1514 1441 1561 certe
1467 1503 1864 1560 incarnationis
1887 1501 2048 1566 ratio,

472 1611 528 1658 et
579 1617 642 1657 ea
689 1615 811 1672 quae
861 1599 1069 1654 dicitur
1125 1597 1438 1652 humiliatio
1494 1594 1762 1666 dignitate
1810 1593 2050 1648 naturali

476 1689 674 1748 Filium
732 1691 959 1746 nudabit
1006 1705 1133 1746 cum
1183 1689 1430 1747 secundo
1478 1688 1716 1744 adventu
1769 1693 2050 1742 cessatura

2155 499 2247 563 ζον
2279 498 2335 552 δὲ
2382 499 2440 552 ὲν
2470 501 2664 570 Πατρί.
2723 501 2833 555 Καὶ
2863 501 3083 567 τελείως
3114 504 3212 573 μὲν
3253 506 3304 558 οί
3341 507 3492 578 παρά
3520 511 3730 582 Πατρὸς

2150 590 2572 660 ἀγιασθήσονται
2590 634 2612 657 ,
2639 594 2701 645 οὐ
2720 592 2941 656 τελείως
2965 593 3021 646 δὲ
3041 594 3204 647 πάλιν
3226 597 3276 647 οἱ
3304 596 3370 648 δι’
3395 597 3545 653 Υἱοῦ.
3573 601 3730 656 Ἀλλά

2151 681 2318 751 πολλή
2349 680 2435 744 τίς
2467 683 2615 736 ἐστιν
2649 683 2706 735 ὲν
2745 683 2957 747 τούτοις
2999 685 3165 756 ἡτῶν
3212 685 3489 758 λογισμῶν
3511 690 3728 747 ἀτοπία.

2157 772 2254 826 ’Ἑν
2304 772 2413 844 γὰρ
2457 773 2516 826 τὸ
2563 775 2785 845 Πνεῦμα
2821 777 2881 828 τὸ
2915 777 3069 845 ἅγιόν
3108 780 3291 843 ἐστιν,
3339 776 3420 844 είς
3448 783 3502 835 δὲ
3530 784 3730 850 τέλειος

2149 862 2451 932 ἁγιασμὸς,
2496 863 2647 934 παρὰ
2679 865 2890 934 Πατρὸς
2919 865 2988 919 δι’
3013 867 3143 920 Υίοῦ
3192 871 3435 936 φυσικῶς
3469 875 3732 944 χορηγού-

2154 971 2313 1025 μενος
2337 975 2349 986 ο
2377 956 2478 1009 ούκ
2506 955 2614 1027 ἄρα
2643 957 2882 1011 ἐλάττων
2903 959 3050 1013 ἐστιν
3079 961 3108 1012 6
3133 961 3231 1032 τὴν
3257 962 3427 1033 αὐτὴν
3457 964 3733 1036 ἐνέργειαν

2151 1045 2288 1116 ἔχων
2333 1046 2410 1118 τῷ
2455 1049 2646 1120 τελείῳ
2699 1051 2908 1122 Πατρὶ,
2967 1053 3061 1105 καὶ
3116 1052 3178 1105 τὸ
3231 1054 3346 1120 τοῦ,
3374 1057 3733 1126 γεννήσαντος

2152 1136 2378 1208 Πνεῦμα
2405 1137 2621 1207 φύσεως
2649 1140 2781 1204 ἰδίας
2812 1141 2950 1211 ἔχων
2990 1144 3219 1211 ἀγαθὸν,
3255 1144 3391 1212 ζῶν,
3420 1147 3516 1201 καὶ
3540 1149 3733 1204 ὲνυπό-

2154 1247 2368 1295 στατον,
2397 1230 2587 1302 ὥσπερ
2610 1228 2702 1286 οῦν
2731 1233 2922 1303 ἀμέλει
2953 1235 3048 1288 καὶ
3082 1238 3110 1288 6
3143 1237 3353 1309 Πατήρ.

2221 1322 2426 1375 ΑΛΛΟ.
2460 1323 2522 1375 El
2565 1341 2582 1374 ι
2611 1325 2670 1376 ὲν
2703 1327 2884 1396 μορφῇ
2953 1326 3047 1379 καὶ
3093 1328 3300 1399 ἰσότητι
3325 1330 3420 1384 τοῦ
3461 1332 3672 1404 Πατρὺς
3704 1355 3722 1385 ι

2154 1408 2398 1481 ὑπῆρχεν
2434 1412 2463 1463 6
2511 1410 2636 1474 Υίὸς
2674 1412 2816 1466 κατὰ
2857 1413 2955 1485 τὴν
2992 1414 3085 1468 τοῦ
3115 1416 3328 1470 Παύλου
3358 1421 3574 1491 φωνὴν,
3605 1423 3729 1486 πῶς

2151 1499 2389 1553 ἐλάττων
2417 1500 2582 1556 αὑτοῦ
2611 1502 2795 1570 ὲστιν;
2825 1505 2897 1558 Ού
2934 1506 3044 1577 γὰρ
3083 1508 3146 1578 δή
3183 1526 3286 1562 που
3318 1512 3416 1582 τῆς
3441 1513 3577 1582 μετά
3607 1531 3731 1585 σαρ-

2152 1591 2246 1656 κὸς
2283 1592 2596 1664 οἰκονομίας
2627 1595 2656 1647 6
2683 1595 2874 1666 λόγος,
2925 1601 3018 1653 καὶ
3066 1602 3100 1670 ἠ
3134 1600 3222 1655 διὰ
3264 1603 3422 1657 τοῦτο
3462 1605 3726 1678 λεγομένη

2153 1682 2510 1751 ταπείνωσις,
2561 1685 2657 1739 τοῦ
2690 1689 2829 1742 κατὰ
2879 1689 3040 1759 φύσιν
3079 1693 3372 1763 προσόντος
3413 1695 3728 1766 ἀξιώματος

477 1788 567 1842 sit.
615 1806 634 1839 ί
675 1784 872 1840 Veniet
908 1801 926 1836 ι
984 1783 1131 1837 enim
1179 1783 1448 1845 omnino,
1496 1787 1556 1835 ut
1602 1793 1727 1834 eum
1777 1778 2048 1834 dicentem

2155 1747 2543 1846 ἀπογυμνώσει
2595 1779 2686 1832 τὸν
2719 1747 3073 1847 Υίὺν,’λύσιν
3112 1747 3308 1854 έχουσα
3340 1747 3439 1857 τὴν

478 1877 828 1946 accepimus,
883 1892 904 1926 ι
941 1873 999 1928 in
1033 1873 1212 1944 gloria
1263 1871 1441 1926 Patris
1487 1870 1573 1927 sui
1598 1870 1664 1922 ⁸³.
1701 1887 1720 1921 ι
1765 1866 2051 1934 Quomodo

482 1969 642 2039 igitur
689 1969 743 2023 in
794 1966 964 2038 gloria
1009 1974 1094 2022 est
1143 1962 1238 2019 Dei
1282 1962 1506 2025 Patris,
1556 1961 1654 2031 qui
1703 1959 1883 2015 minor
1932 1958 2053 2028 ipso

477 2057 592 2112 sit?

545 2228 775 2287 ALIUD.
809 2228 1093 2284 Invenitur
1133 2226 1338 2282 alicubi
1378 2240 1473 2296 per
1513 2238 1687 2279 unum
1730 2221 2051 2294 prophetam

480 2322 623 2378 Deus
648 2336 710 2376 ac
730 2320 894 2376 Pater
923 2319 1149 2376 dicere:
1186 2335 1205 2370 ι
1240 2317 1480 2373 Gloriam
1525 2330 1706 2371 meam
1743 2315 1903 2370 alteri
1944 2329 2053 2368 non

478 2413 621 2470 dabo
647 2413 716 2468 ⁵ο.
758 2432 776 2464 ›
819 2410 1192 2482 lntcrrogandi
1219 2417 1348 2464 sunt
1377 2409 1544 2479 igitur
1571 2408 1883 2477 quicunque
1914 2405 2055 2458 Filio

479 2505 642 2576 impie
667 2503 988 2568 detrahunt,
1023 2504 1132 2556 imo
1161 2516 1290 2555 vero
1326 2500 1472 2554 Patri
1509 2515 1607 2569 per
1630 2499 1811 2568 ipsum
1849 2514 1862 2549 :
1900 2515 1918 2549 ι
1951 2495 2054 2563 Qui

477 2597 622 2651 enim
658 2594 854 2648 Filium
892 2608 1000 2648 non
1040 2593 1309 2658 honorat,
1359 2592 1407 2646 is
1447 2607 1546 2646 nec
1577 2592 1797 2645 Patrem
1829 2588 2053 2658 quidem

491 2688 726 2742 honorat
748 2685 824 2752 ⁸¹;
858 2703 874 2734 ι
917 2692 1100 2738 utrttm
1133 2683 1560 2747 tandem,sicuti
1583 2681 1901 2737 existimant
1928 2679 2053 2749 ipsi,

484 2777 596 2833 Deo
641 2791 704 2830 ac
746 2775 908 2828 Patre
939 2773 1120 2826 minor
1153 2773 1429 2828 exsistens
1459 2769 1666 2834 Filius,
1693 2769 2058 2824 consubstan-

484 2867 636 2923 tialis
671 2848 744 2920 Sit
793 2864 941 2935 ipsi,
978 2878 1045 2916 an
1083 2877 1216 2918 non.
1267 2862 1324 2917 Si
1361 2861 1884 2916 consubstantialem
1933 2876 2057 2917 esse

480 2958 670 3014 dicunt
691 2995 706 3021 ,
736 2954 867 3026 quid
902 2954 1108 3009 frustra
1139 2953 1320 3008 minus
1349 2953 1396 3008 ei
1437 2951 1721 3006 tribuunt?
1749 2953 1879 3019 Qua:
1907 2953 2053 3008 enim

2153 1867 2213 1931 ἐξ
2234 1867 2464 1938 ούρανοῦ
2488 1871 2809 1941 παρουσίαν.
2833 1873 3020 1940 (Ἥξει
3041 1894 3057 1926 t
3089 1876 3196 1946 γὰρ
3219 1877 3453 1943 πάντως,
3471 1877 3546 1942 ὼς
3565 1879 3728 1947 ἠκού-

2156 1974 2332 2027 σαμεν
2363 1957 2638 2029 λέγοντος,
2679 1979 2698 2014 ι
2731 1963 2788 2018 ὲν
2811 1966 2876 2035 τῇ
2911 1965 3036 2037 δόξῃ
3079 1966 3173 2019 τοῦ
3217 1968 3427 2040 Πατρὸς
3478 1969 3662 2024 αὑτοῦ.
3701 1990 3719 2022 ι

2156 2048 2281 2112 Πῶς
2322 2045 2414 2105 οῦν
2457 2052 2594 2116 ὅλως
2635 2054 2695 2107 ὲν
2735 2056 2802 2126 τῇ
2855 2055 2981 2128 δόξῃ
3032 2058 3125 2112 τοῦ
3168 2060 3378 2134 Πατρὸς
3423 2062 3453 2114 6
3492 2061 3726 2116 ἐλάττων

2155 2141 2319 2196 αὐτοῦ
2348 2159 2363 2207 ;
3753 2150 3760 2157 ’

2223 2233 2428 2287 ΑΛΛΟ.
2460 2233 2786 2305 Εύρίσκεταί
2836 2253 2932 2290 που
2978 2238 3148 2308 λέγων
3195 2241 3263 2295 δι’
3293 2242 3412 2308 ἑνδς
3453 2245 3560 2299 τῶν
3592 2263 3722 2318 προ-

2157 2324 2386 2394 φητῶνό
2406 2324 2535 2388 Θεὸς
2558 2326 2650 2379 καὶ
2677 2327 2865 2400 Πατήρ
2891 2346 2906 2360 ο
2939 2348 2958 2381 ι
2985 2331 3094 2400 Τὴν
3125 2332 3283 2398 δόξαν
3322 2353 3423 2405 μου
3461 2337 3628 2408 ἑτέρῳ
3663 2339 3724 2391 ού

2155 2416 2333 2472 δώσω.
2377 2437 2397 2472 ι
2449 2419 2782 2491 Ἐρωτητέον
2824 2423 3109 2494 τοιγαροῦν
3156 2425 3282 2489 τοὺς
3320 2426 3433 2480 ὅσοι
3474 2428 3564 2481 τὸν
3601 2429 3727 2482 Υἱὸν

2156 2510 2510 2580 ἀτιμάζουσιν
2555 2510 2765 2577 ἀσεϐῶς
2789 2551 2805 2577 ,
2859 2513 3061 2584 μᾶλλον
3105 2515 3160 2568 δὲ
3199 2517 3268 2570 δι’
3306 2517 3470 2572 αὑτοῦ
3501 2522 3595 2574 καὶ
3639 2523 3730 2574 τὸν

2157 2604 2378 2673 Πατέρα
2399 2618 2412 2631 ·
2439 2623 2458 2656 t
2481 2605 2538 2658 '0
2555 2603 2661 2674 γὰρ
2690 2604 2764 2677 μὴ
2793 2607 2966 2678 τιμῶν
2984 2608 3076 2662 τὸν
3094 2608 3241 2679 Υίὸν,
3258 2611 3376 2664 οὐδὲ
3396 2613 3486 2665 τὸν
3513 2614 3730 2686 Πατέρα

2157 2697 2292 2766 τιμᾷ
2323 2713 2366 2749 ο»
2404 2696 2634 2766 πότερόν
2676 2714 2804 2751 ποτε
2826 2736 2843 2766 ,
2879 2699 3132 2772 καθάπερ
3173 2702 3535 2773 ὑπειλήφασιν
3558 2707 3727 2770 αὐτοὶ,

2165 2787 2261 2844 τοῦ
2291 2789 2426 2845 θεοῦ
2476 2792 2572 2846 καὶ
2605 2792 2814 2862 Πατρὺς
2859 2795 3095 2848 ἐλάττων
3122 2794 3196 2850 ὢν
3223 2798 3251 2850 6
3277 2799 3422 2866 Υίδς,
3450 2800 3730 2870 όμοούσιός

2166 2879 2337 2944 ἐστιν,
2366 2879 2442 2943 ὡς
2467 2881 2604 2952 πρὸς
2634 2882 2828 2951 αὐτὸν,
2859 2883 2892 2956 ἢ
2925 2884 3062 2954 οὐχί.
3127 2885 3192 2939 Εἰ
3231 2889 3328 2958 μὲν
3371 2884 3463 2942 οὖν
3496 2891 3725 2960 ἐροῦσιν,

2157 2971 2232 3034 ὡς
2259 2970 2406 3026 ἐστιν
2436 2973 2737 3043 ὁμοούσιος,
2765 2975 2818 3028 τί
2843 2975 3020 3045 μάτην
3045 2976 3105 3030 τὸ
3132 2976 3351 3033 ἔλαττον
3381 2980 3728 3052 ἐπιφέρουσιν

480 3047 725 3120 ejusdem
753 3053 882 3102 sunt
913 3045 1236 3102 substantia:
1281 3060 1344 3098 ac
1391 3055 1628 3110 naturae,
1671 3045 1852 3099 minus
1895 3045 1950 3100 in
1989 3059 2048 3100 se

2157 3062 2344 3134 αὑτῷ;
2403 3064 2484 3118 Τὰ
2512 3065 2622 3135 γὰρ
2655 3065 2754 3136 τῆς
2796 3067 2964 3138 αὐτῆς
2999 3068 3187 3132 οὐσίας
3222 3069 3349 3121 ὄντα
3376 3071 3468 3122 καὶ
3489 3045 3728 3140 τρύσεως,

485 3139 729 3208 profecto
769 3155 878 3194 non
931 3139 1133 3192 habent
1175 3136 1357 3206 quoad
1405 3136 1668 3191 rationem
1705 3136 2047 3191 substantiae.

485 3230 597 3285 lloc
627 3240 807 3285 autem
839 3239 922 3284 est
943 3229 1086 3298 quod
1114 3229 1435 3298 quaerimus.
1471 3225 1578 3283 Sed
1612 3243 1718 3283 non
1745 3231 2050 3284 assentien-

485 3330 575 3375 tur
596 3320 804 3388 forsan,
828 3336 1004 3391 neque
1043 3320 1572 3376 consubstantialem
1605 3335 1727 3375 esse
1751 3322 2053 3377 concedent

485 3412 633 3466 Patri
662 3411 880 3478 Filium,
916 3427 1038 3468 cum
1069 3413 1248 3467 minor
1296 3413 1390 3476 sit,
1430 3420 1489 3465 ιιι
1516 3412 1620 3483 ipsi
1643 3413 1850 3468 volunt.
1884 3412 2054 3484 Igitur

485 3505 735 3561 diversus
770 3503 876 3559 erit
905 3505 1129 3558 omnino
1165 3513 1219 3560 et
1254 3503 1469 3560 alienus
1503 3520 1532 3557 a
1562 3503 1741 3559 Patre.
1769 3504 2052 3569 Quomodo

486 3597 670 3664 itaque
696 3594 921 3664 gloriam
949 3595 1068 3663 ejus
1100 3594 1303 3650 habet?
1338 3613 1356 3646 ι
1397 3594 1454 3648 Ei
1489 3595 1634 3651 enim
1679 3595 1839 3652 datus
1875 3603 1992 3661 est,
2027 3616 2047 3650 ι

488 3694 544 3740 ut
575 3687 650 3741 ait
676 3687 870 3742 beatus
903 3685 1127 3752 Daniel,
1175 3703 1193 3736 ι
1226 3689 1436 3752 honor,
1475 3696 1526 3741 et
1559 3702 1784 3756 regnum
1804 3689 1873 3743 δ’.
1902 3707 1920 3740 ι
1958 3687 2052 3742 Vel

485 3778 628 3832 enim
667 3777 772 3848 23
803 3777 1094 3832 mentietur
1129 3775 1271 3832 Deus
1304 3783 1358 3831 et
1391 3775 1552 3832 Pater
1591 3777 1784 3833 dicens
1811 3797 1825 3834 :
1875 3797 1894 3832 ι
1926 3778 2053 3833 Glo-

489 3868 620 3921 riam
647 3883 824 3923 meam
859 3867 1020 3923 alteri
1059 3883 1167 3921 non
1207 3867 1350 3922 dabo
1372 3868 1418 3899 ⁸³
1443 3885 1459 3935 ;
1487 3887 1508 3921 ι
1548 3869 1629 3924 vel
1661 3869 1707 3925 si
1734 3885 1897 3924 verax
1928 3878 2012 3927 est
2035 3910 2052 3936 ,

487 3975 754 4029 suamque
796 3947 1028 4030 gloriam
1061 3961 1210 4014 dedit
1239 3960 1404 4024 Filio,
1443 3975 1552 4016 non
1586 3963 1725 4017 alius
1757 3962 1948 4034 utique
1971 3972 2056 4019 est

487 4053 558 4106 ab
598 4052 757 4123 ipso,
809 4067 933 4106 cum
982 4052 1056 4108 sit
1098 4051 1312 4107 [ructus
1360 4055 1680 4111 substantia:
1726 4055 1935 4125 ipsius,
1989 4069 2056 4111 ac

490 4159 674 4197 verum
701 4144 974 4214 genimen.
1009 4142 1113 4208 Qui
1144 4153 1322 4196 autem
1357 4144 1548 4199 eodem
1594 4146 1757 4200 modo
1795 4161 1854 4203 se
1891 4147 2056 4203 habet

486 4249 610 4288 cum
653 4233 841 4301 Patre,
871 4233 1176 4290 secundum
1213 4243 1421 4290 natura:
1453 4236 1742 4305 rationem,
1778 4239 2054 4308 quomodo

489 4328 608 4394 ipso
634 4323 853 4378 demum
880 4324 986 4379 erit
1020 4327 1200 4379 minor
1227 4326 1250 4379 ?

859 4414 981 4468 Atia
1008 4416 1270 4484 simplicia
1295 4427 1342 4470 ct
1365 4419 1676 4476 inconnexa.

561 4503 618 4558 Si
643 4505 986 4574 omnipotens
1013 4516 1097 4562 est
1120 4507 1298 4574 Pater,
1324 4518 1375 4563 et
1399 4511 1655 4567 similiter
1677 4512 1848 4569 Filius
1871 4517 2053 4570 omni-

488 4603 701 4668 potens,
753 4597 1030 4665 quomodo
1081 4600 1266 4654 minor
1316 4608 1400 4654 est
1452 4601 1612 4670 ipso?
1649 4603 1763 4658 Non
1810 4607 1956 4661 enim
2004 4609 2051 4663 si

489 4693 636 4741 recte
670 4684 1144 4755 philosophamur,
1175 4687 1403 4758 perfecti
1448 4690 1818 4748 conditionem
1850 4695 2051 4767 imper-

489 4778 688 4832 fectum
728 4785 1079 4848 assequelur.
1116 4779 1200 4842 Et,
1231 4782 1274 4836 si
1313 4781 1579 4838 Dominus
1616 4791 1699 4838 est
1728 4784 1910 4854 Pater,
1947 4788 2053 4844 Do-

487 4866 783 4936 minusque
827 4866 1084 4923 similiter
1102 4877 1186 4924 est
1208 4869 1401 4933 Filius,
1428 4873 1702 4940 quomodo
1735 4875 1852 4944 ipso
1880 4877 2058 4936 minor

486 4959 609 5010 est?
659 4956 775 5010 Erit
814 4956 962 5011 enim
1013 4972 1120 5011 non
1172 4958 1413 5028 perfecte
1467 4960 1624 5023 liber,
1683 4965 1951 5034 siquidem
2001 4967 2056 5022 itt

487 5047 862 5102 dominatione
903 5047 1081 5102 minor
1128 5057 1230 5118 est,
1267 5067 1368 5106 nec
1414 5053 1577 5107 habet
1609 5054 1662 5108 in
1694 5055 1876 5126 seipso
1920 5073 2055 5112 con-

487 5149 816 5193 summatam
863 5138 1205 5211 dignitatem.
1257 5141 1342 5207 Et,
1397 5145 1442 5200 si
1491 5145 1578 5199 lux
1632 5158 1714 5201 cst
1750 5146 1930 5213 Pater,
1962 5151 2052 5204 lux

487 5228 612 5283 item
653 5227 847 5296 Filius,
900 5233 1176 5300 quomodo
1223 5234 1406 5289 minor
1443 5243 1527 5290 est
1559 5238 1715 5306 ipso?
1746 5236 1861 5293 Erit
1907 5242 2050 5296 enim

485 5333 593 5372 non
644 5320 886 5387 perfecte
936 5321 1047 5386 lux,
1092 5323 1186 5379 sed
1229 5340 1292 5380 ex
1327 5334 1481 5396 parte
1527 5330 1770 5386 tenebris
1804 5347 2049 5401 compre-

487 5409 770 5476 hendetur,
825 5416 1231 5486 mentieturque
1264 5421 1628 5490 evangelista,
1660 5423 1850 5479 dicens
1885 5443 1897 5477 :
1939 5442 1956 5474 ι
1985 5424 2048 5478 Ει

483 5500 718 5556 tenebrae
753 5517 879 5557 eum
901 5520 1010 5558 non
1037 5507 1566 5576 comprehenderunt
1589 5513 1655 5565 ⁵⁸.
1681 5533 1698 5564 υ
1733 5513 1820 5576 Ει,
1853 5516 1898 5570 si
1936 5517 2043 5570 vita

593 5617 636 5647 ιδ
656 5615 869 5688 Philipp

878 5635 1002 5694 ._tt,_
1026 5622 1078 5673 ϐ.
1193 5623 1421 5694 δξΜςιιδε.
1456 5643 1573 5694 vm,
1607 5629 1693 5683 58.

481 5698 667 5747 ιινιη,
705 5689 786 5739 ll.

899 5689 944 5718 "'
977 5688 1132 5742 Joan.
1163 5692 1272 5752 1.5.

1809 5633 1855 5663 ⁸ο
1887 5633 1988 5690 lsa.
2007 5652 2198 5707 vam,
2235 5641 2320 5696 ll.

2153 3154 2252 3208 οὐκ
2279 3153 2345 3208 ἂν
2371 3155 2506 3218 ὅλως
2536 3155 2650 3225 ἔχοι
2683 3157 2804 3209 καθ’
2834 3159 3042 3212 ἑαυτῶν
3066 3159 3127 3212 τὸ
3153 3159 3354 3230 μεῖζον,
3385 3162 3524 3216 κατά
3552 3179 3614 3230 γε
3637 3164 3730 3215 τὸν

2150 3243 2246 3297 τοῦ
2271 3245 2388 3309 πῶς
2420 3240 2559 3300 εἶναι
2586 3247 2760 3316 λόγον.
2785 3248 2954 3303 Τοῦτο
2983 3251 3038 3304 δὲ
3069 3251 3284 3316 πάντως
3309 3254 3422 3306 ἐστὶ
3449 3254 3510 3306 τὸ
3539 3254 3732 3325 ζητού-

2156 3352 2338 3405 μενον.
2385 3337 2540 3391 ’Ἀλλ’
2573 3339 2635 3391 ού
2662 3340 3012 3410 συνθήσονται
3045 3343 3236 3413 τυχὸν,
3291 3344 3411 3397 οὐδὲ
3449 3347 3730 3417 όμοούσιον

2153 3421 2294 3480 εἶναι
2322 3427 2549 3482 δώσουσι
2575 3430 2652 3501 τῷ
2679 3433 2854 3502 Πατρὶ
2882 3435 2971 3487 τὸν
3003 3434 3131 3489 Υίὸν
3153 3476 3167 3500 ,
3224 3435 3299 3500 ὡς
3323 3435 3578 3491 ἐλάττονα
3612 3439 3729 3491 κατ’

2153 3518 2348 3581 αὐτούς
2368 3535 2381 3549 ⁸
2415 3521 2606 3575 οὐκοῦν
2639 3522 2824 3593 ἕτερος
2846 3525 2997 3579 ἔσται
3032 3528 3309 3591 παντελῶς
3342 3528 3433 3580 καὶ
3457 3529 3729 3602 ἀλλότριος

2153 3609 2247 3662 τοῦ
2290 3611 2522 3682 Πατρός.
2578 3612 2702 3677 Πῶς
2730 3610 2822 3669 οὖν
2847 3615 2956 3686 ἔχει
2983 3616 3080 3687 τὴν
3104 3618 3259 3682 δόξαν
3288 3619 3451 3672 αὑτοῦ
3479 3637 3494 3684 ;
3531 3639 3549 3672 ι
3574 3620 3730 3690 Αὑτῴ

2155 3700 2262 3770 γὰρ
2285 3701 2458 3772 ὲδόοη,
2491 3722 2508 3754 ι
2529 3704 2671 3758 καθά
2694 3723 2855 3776 φησιν
2886 3709 2913 3760 6
2930 3709 3196 3779 μακάριος
3223 3709 3443 3780 Δανιὴλ,
3467 3729 3487 3763 ι
3510 3713 3542 3781 ὴ
3568 3713 3721 3782 τιμὴ,

2155 3791 2248 3845 καὶ
2283 3794 2315 3863 ἡ
2350 3792 2615 3862 βασιλεία.
2641 3815 2660 3848 ι
2701 3798 2772 3850 Ἢ
2801 3799 2907 3869 γὰρ
2939 3799 3286 3868 διαψεύσεται
3315 3801 3488 3869 λέγων
3527 3803 3556 3854 6
3593 3800 3726 3863 Θεὸς

2155 3882 2248 3935 καὶ
2279 3883 2471 3953 Πατήρ
2499 3900 2512 3912 ·
2545 3904 2564 3937 t
2591 3887 2702 3958 Τὴν
2757 3888 2910 3954 δόξαν
2955 3907 3054 3960 μου
3098 3891 3268 3962 ἑτέρῳ
3315 3893 3375 3945 ού
3416 3873 3570 3945 δώσω
3593 3908 3608 3923 ο
3633 3911 3651 3944 ι
3695 3891 3730 3962 ἢ

2155 3975 2311 4046 εἴπερ
2343 3977 2488 4030 ἐστὶν
2521 3975 2744 4048 ἀληθὴς,
2773 3979 2970 4033 δέδωκε
3007 3981 3064 4034 δὲ
3111 3981 3212 4052 τὴν
3239 3980 3426 4036 ἑαυτοῦ
3469 3981 3622 4047 δόξαν
3652 3982 3729 4050 τῷ

2160 4067 2273 4139 Υίῷ
2292 4109 2307 4136 ,
2349 4071 2448 4141 οὐχ
2477 4071 2663 4142 ἔτερος
2696 4072 2803 4143 ἀρα
2833 4075 2948 4127 ἐστὶ
2975 4077 3104 4146 παρ’
3139 4075 3332 4142 αύτὶν,
3388 4074 3596 4146 καρπὸς
3623 4074 3728 4127 ὑπ-

2157 4157 2337 4229 άρχων
2365 4163 2464 4231 τῆς
2491 4161 2677 4225 οὐσίας
2701 4165 2887 4231 αὑτοῦ,
2921 4167 3014 4219 καὶ
3039 4167 3259 4238 γνήσιον
3287 4166 3550 4236 γέννημα.
3586 4166 3647 4226 Ὀ
3674 4166 3730 4219 δὲ

2154 4247 2417 4314 ὡσαύτως
2443 4251 2580 4321 ἔχων
2607 4253 2684 4324 τῷ
2703 4255 2877 4326 Πατρλ⁵
2908 4257 3048 4310 κατά
3070 4257 3161 4312 τὸν
3183 4257 3283 4328 τῆς
3309 4255 3523 4326 φύσεως
3552 4255 3729 4322 λόγον.

2160 4339 2276 4403 πῶς
2305 4341 2372 4397 ἂν
2397 4342 2485 4413 εἴη
2510 4344 2696 4398 λοιπὸν
2723 4346 2961 4400 ἐλάττων
2982 4349 3147 4402 αὑτοῦ
3175 4367 3190 4415 ;

2529 4435 2712 4490 Ἀλλα
2749 4436 2914 4493 ἁπλᾶ
2936 4441 3034 4492 καὶ
3062 4441 3383 4495 ἀσύνδετα.

2231 4523 2294 4576 Ei
2327 4526 2718 4598 παντοκράτωρ
2760 4529 2907 4582 ἐστὶν
2932 4532 2960 4582 6
2990 4531 3176 4603 Πατὴρ
3198 4571 3211 4595 ,
3255 4531 3648 4605 παντοκράτωρ
3672 4531 3728 4584 δὲ

2158 4613 2358 4684 ὁμοίως
2397 4617 2492 4671 καὶ
2536 4620 2566 4670 ὁ
2609 4619 2754 4684 Υἱὸς,
2790 4620 2906 4684 πῶς
2948 4621 3185 4674 ἐλάττων
3217 4621 3380 4673 αὐτοῦ
3415 4623 3600 4684 ἐστιν;
3653 4620 3727 4671 Οὐ

2158 4705 2268 4774 γὰρ
2311 4705 2505 4777 δήπου,
2539 4709 2682 4762 κατά
2700 4727 2762 4778 γε
2809 4711 2901 4764 τὸν
2947 4711 3044 4781 τῆς
3088 4709 3398 4773 ἀκολουθίας
3430 4709 3619 4777 λόγον,
3651 4709 3729 4770 είς

2157 4796 2217 4848 τὸ
2245 4796 2338 4850 τοῦ
2362 4797 2563 4852 τελείου
2586 4800 2784 4872 μέτρον
2805 4803 2866 4855 τὸ
2895 4803 2969 4874 μὴ
2989 4802 3187 4856 τέλειον
3213 4801 3564 4870 ἀναϐήσεται.
3597 4800 3729 4860 Καὶ,

2158 4887 2208 4938 εί
2241 4887 2442 4958 Κύριός
2489 4891 2635 4943 ἐστιν
2684 4893 2712 4944 6
2746 4893 2971 4964 Πατὴρ,
3017 4893 3220 4965 Κύριος
3269 4893 3324 4946 δὲ
3353 4891 3550 4964 ὁμοίως
3581 4891 3675 4944 καὶ
3704 4892 3733 4943 6

2159 4977 2304 5044 Υἱὸς,
2351 4979 2467 5043 πῶς
2512 4981 2749 5036 ἐλάττων
2783 4985 2946 5038 αὑτοῦ
2989 4988 3169 5051 ὲστιν;
3219 4983 3411 5038 Ἔσται
3431 4985 3536 5054 γὰρ
3561 4982 3621 5035 ού
3647 4999 3732 5035 τε·

2155 5067 2312 5133 λείως
2350 5070 2665 5143 ἐλεύθερος,
2700 5076 2858 5148 είπερ
2903 5078 3051 5132 ἐστὶν
3082 5078 3318 5130 ἐλάττων
3343 5078 3400 5129 ἐν
3432 5075 3731 5146 κυριότητι,

2158 5160 2250 5211 καὶ
2271 5160 2332 5212 οὐ
2363 5162 2566 5233 πλῆρες
2596 5165 2735 5236 ἔχων
2761 5169 2818 5220 ὲν
2846 5167 3026 5238 ἐαυτῷ
3051 5168 3109 5220 τὸ
3134 5167 3369 5236 ἀξίωμα.
3401 5167 3510 5219 Kal.
3539 5166 3589 5218 εί
3617 5165 3733 5235 φῶς

2157 5250 2304 5304 ἐστιν
2326 5252 2354 5304 6
2382 5253 2590 5326 Πατὴρ,
2623 5257 2738 5325 φῶς
2766 5260 2822 5312 δὲ
2852 5261 3050 5330 ὁμοίιος
3078 5259 3171 5312 καὶ
3202 5261 3230 5311 ὁ
3254 5257 3402 5324 Υἱὸς,
3440 5256 3556 5319 πῶς
3588 5255 3736 5308 ὲλὰτ-

2156 5358 2262 5394 των
2287 5342 2451 5396 αὐτοῦ
2484 5346 2663 5426 ὲστιν;
2698 5350 2889 5404 Ἔσται
2923 5351 3032 5423 γὰρ
3056 5350 3115 5403 ού
3146 5348 3366 5410 τελείως
3393 5346 3527 5416 φῶς,
3565 5362 3730 5397 κατα·

2155 5432 2489 5505 ληφθήσεται
2531 5440 2586 5493 δὲ
2629 5442 2736 5495 ἀπὸ
2795 5445 2992 5516 μέρους
3042 5446 3147 5500 ὑπὸ
3187 5447 3280 5518 τῆς
3341 5445 3590 5510 σκοτίας,
3640 5442 3733 5517 καὶ

2151 5522 2408 5592 ψεύσεται
2448 5528 2622 5597 λέγων
2665 5536 2693 5586 6
2727 5535 3154 5606 εύαγγελιστήςο
3202 5556 3221 5588 ι
3261 5537 3324 5590 Ἦ
3354 5539 3543 5590 σκοτία
3573 5537 3736 5591 αὐτὸν

2432 5645 2476 5676 ⁸¹
2498 5644 2657 5701 Joan.
2692 5663 2744 5711 v,
2770 5648 2860 5704 25.
2974 5651 3020 5682 ⁸¹
3053 5650 3189 5706 Dan.
3228 5667 3324 5717 vn,
3355 5649 3441 5704 M.
3544 5649 3592 5682 ⁸³
3623 5651 3731 5706 lsa.
