4052 6208
317 313 380 367 65

1366 299 1433 355 1N
1461 298 1748 358 JOANNIS
1785 296 2235 358 EVANGELIUM
2275 299 2406 357 LIB.
2448 302 2487 357 Ι.

3481 310 3551 366 46

314 432 370 486 οὐ
400 425 693 484 κατέλαϐε.
720 441 741 477 ι
793 421 907 479 Καὶ
937 422 988 477 εί
1029 421 1144 493 ζωή
1174 422 1321 476 ἐστιν
1355 423 1388 476 6
1418 421 1642 494 Πατὴρ,
1686 420 1802 493 ζωὴ
1826 421 1867 476 81

1984 431 2067 480 εει
2122 412 2306 488 Pater,
2340 422 2452 478 vita
2485 421 2615 478 item
2660 420 2860 490 Filius,
2889 425 3171 497 quomodo
3217 427 3400 486 minor
3428 429 3550 504 ipso

312 519 505 592 ὁμοίως
549 516 645 571 καὶ
670 515 702 568 6
730 512 894 577 Υἱὸς,
944 510 1063 573 πῶς
1094 509 1330 565 ὲλάττων
1357 508 1522 566 αὐτοῦ
1568 511 1754 577 tartv;
1805 509 1882 563 Οὐ

313 610 413 681 γάρ
450 610 569 662 ἐστι
611 604 837 667 τελείως
869 602 929 656 ὲν
974 602 1106 672 ἡμῖν
1131 603 1165 672 ἠ
1206 599 1352 672 ζωὴ,
1408 600 1513 656 κᾶν
1542 601 1622 665 είς
1657 600 1749 655 τὸν
1775 600 1883 656 lato

311 700 588 772 ἄνθρωπον
622 694 939 765 κατοικήσει
971 691 1209 763 Χριστός
1234 706 1249 720 ·
1297 693 1481 764 νεκροὶ
1513 693 1573 748 δέ
1600 710 1718 757 πως
1741 694 1883 750 κατά

309 811 358 847 τι
388 791 555 863 μέρος
598 789 648 841 oi
692 783 1114 848 πιστεύσαντες,
1166 782 1326 856 είπερ
1368 785 1516 839 ἐστὶν
1560 785 1621 839 οὐ
1662 785 1882 850 τελείως

310 882 440 954 ζωὴ,
463 879 527 934 τὸ
555 878 776 932 ἔλαττον
805 875 946 948 ἔχων
966 876 996 929 6
1025 874 1174 939 Υἱός.
1236 874 1455 947 Ἐπειδὴ
1474 875 1532 929 δὲ
1565 876 1670 947 χρὴ
1700 875 1798 947 τὴν
1823 877 1882 931 ἂν

309 975 511 1037 τούτοις
542 970 775 1026 ἀτοπίαν
807 968 886 1033 ὡς
933 966 1271 1038 πορρωτάτω
1318 965 1587 1021 ποιεῖσθαι
1605 1005 1621 1030 ,
1675 966 1881 1023 τέλειον

308 1060 442 1119 εἷναί
471 1078 651 1133 φαμεν
673 1060 765 1114 τὸν
786 1058 916 1113 Υίὸν
942 1059 1001 1112 ὲν
1023 1057 1104 1129 τῷ
1132 1055 1322 1128 τελείῳ
1347 1057 1523 1129 Πατρὶ
1542 1055 1877 1127 παρισούμε-

308 1172 390 1209 νον
420 1152 508 1208 διὰ
540 1153 603 1206 τὸ
632 1152 733 1221 τῆς
757 1149 944 1212 οὐσίας
976 1146 1415 1219 ἀπαράλλακτον.

370 1246 573 1300 ΔΛΛΟ.
611 1245 675 1297 Ei
698 1242 935 1297 ἐλάττων
961 1240 1080 1295 ἐστὶ
1108 1239 1203 1293 τοῦ
1230 1237 1444 1311 Πατρὸς
1473 1239 1503 1291 6
1532 1238 1679 1304 Υἱὸς,
1707 1238 1796 1293 διά
1817 1255 1878 1293 τε

306 1336 461 1391 τοῦτο
489 1335 585 1404 οὐχ
625 1330 951 1404 όμοούσιος⁸
1001 1329 1188 1401 ἕτερος
1229 1328 1340 1402 ἀρα
1377 1329 1494 1383 ἐστὶ
1535 1328 1677 1383 κατά
1716 1328 1877 1397 φύσιν

307 1427 400 1484 καὶ
438 1425 714 1497 ἀλλότριος
746 1419 1027 1485 παντελῶς
1044 1437 1058 1451 ·
1083 1419 1279 1475 οὐκοῦν
1309 1420 1408 1492 οὐχ
1434 1420 1583 1484 Υἱὸς,
1612 1419 1726 1475 ἀλλ’
1753 1420 1876 1475 οὐδὲ

305 1515 439 1577 an»;
478 1514 624 1577 Θεός.
679 1511 806 1574 Πῶς
841 1510 950 1580 γὰρ
991 1507 1059 1564 ἂν
1108 1509 1202 1563 καὶ
1233 1509 1452 1564 καλοῖτο
1488 1510 1616 1575 Υἱὸς
1656 1512 1684 1564 6
1711 1504 1786 1583 μὴ
1810 1511 1877 1568 ἐκ

305 1604 542 1677 Πατρὸς,
577 1601 610 1671 ἢ
642 1600 760 1664 πῶς
794 1599 872 1653 ἔτι
902 1599 1064 1665 Θεὸς,
1093 1598 1123 1652 6
1159 1597 1235 1670 μὴ
1262 1599 1325 1652 ἐκ
1349 1596 1484 1652 Θεοῦ
1506 1597 1646 1653 κατὰ
1673 1597 1871 1667 φύσινς

304 1699 363 1752 Τί
386 1711 557 1766 φασιν
580 1690 816 1747 ἐνταῦθα
847 1690 897 1743 οί
923 1690 1051 1754 τοὺς
1082 1688 1158 1761 μὴ
1185 1688 1285 1762 τὴν
1316 1689 1396 1751 εἰς
1424 1687 1516 1743 τὸν
1538 1689 1665 1743 Υίὸν
1696 1705 1873 1762 παρα-

301 1765 626 1857 δεξαμένους
677 1784 882 1848 πίστιν,
925 1781 1291 1846 ἀπεκτονότας
1325 1781 1383 1835 δὲ
1427 1780 1628 1853 μᾶλλον
1658 1782 1869 1845 τοῦτον,
1902 1765 1944 1822 Β

302 1877 376 1938 εἰς
393 1874 492 1930 τὸν
508 1872 721 1943 Πατέρα
738 1868 1431 1942 πιστεύεινίσχυριζόμενοι
1448 1886 1464 1937 ;
1489 1869 1772 1943 Ἐπειδὴδὲ
1792 1871 1872 1935 είς

308 1965 428 2020 Υίόν
451 1965 599 2018 ἐστιν
616 1964 648 2035 ἡ
667 1961 962 2028 πίστις,ἕτι
984 1962 1125 2019 κατὰ
1152 1961 1213 2015 τὸ
1236 1962 1385 2026 είκὸς
1407 1960 1760 2034 πλανώμεθα,
1781 1961 1873 2015 τὸν

301 2056 551 2129 ἀληθινὸν
571 2055 669 2109 οὐκ
696 2054 1070 2122 ἐπεγνωκότες
1087 2051 1239 2107 Θεόν.
1277 2053 1438 2107 Ἀλλά
1464 2053 1623 2108 τοῦτο
1648 2053 1869 2109 ἄτοπον.

301 2145 660 2209 Πιστεύοντες
682 2144 729 2198 δ’
760 2145 839 2208 είς
863 2143 1011 2212 Υἱὸν,
1039 2142 1135 2198 καὶ
1153 2143 1233 2207 είς
1264 2144 1356 2199 τὸν
1376 2144 1596 2217 Πατέρα
1624 2140 1872 2200 πιστεύο-

301 2256 411 2309 μεν,
448 2237 545 2291 καὶ
572 2236 656 2299 είς
679 2233 741 2288 τὸ
774 2232 929 2303 ἅγιον
953 2232 1182 2303 Πνεῦμα
1216 2232 1439 2306 δηλαδή.
1486 2235 1600 2289 Οὐκ
1620 2233 1728 2306 ἄρα
1755 2235 1873 2290 ἐστὶ

296 2327 382 2381 τοῦ
412 2324 552 2380 Θεοῦ
572 2324 669 2379 καὶ
693 2322 930 2395 Πατρὸς,
958 2323 1035 2389 ὡς
1065 2323 1326 2386 ἐλάττων,
1359 2322 1638 2395 ἀλλότριος
1663 2323 1693 2376 6
1720 2322 1869 2390 Υἱὸς,

295 2416 402 2470 ἀλλ’
428 2416 491 2469 ἓν
516 2415 594 2479 ὡς
624 2414 764 2487 πρὸς
791 2413 974 2480 αὐτὸν,
1027 2413 1118 2469 διά
1142 2414 1204 2469 τὸ
1229 2413 1290 2482 ἐξ
1313 2412 1478 2468 αὐτοῦ
1512 2414 1656 2469 κατά
1687 2414 1869 2485 φύσιν,

297 2503 403 2571 ῖσος
427 2521 492 2558 τε
522 2502 611 2559 διά
636 2503 798 2559 τοῦτο
830 2503 930 2557 καὶ
955 2501 1181 2567 τέλειος.

358 2700 565 2755 ΔΔΛΟ.
596 2700 658 2754 Ei
692 2700 792 2770 μὲν
821 2698 948 2763 Υίός
977 2698 1094 2753 ἔστι
1122 2696 1266 2753 κατά
1294 2697 1551 2771 ἀλήθειαν
1586 2699 1617 2755 6
1644 2701 1711 2754 ἐκ
1734 2698 1869 2755 Θεοῦ

291 2792 512 2862 Πατρὸς
553 2788 869 2861 ἀναλάμψας
893 2787 1027 2854 Θεὸς
1064 2787 1238 2858 Λόγος
1254 2826 1272 2855 ,
1321 2788 1533 2861 ἀνάγκη
1578 2790 1735 2845 πᾶσα
1776 2790 1871 2845 καὶ

294 2882 402 2952 οὐχ
437 2881 660 2944 ἑκόντας
698 2884 819 2947 τοὺς
847 2879 918 2935 δι’
947 2879 1199 2943 ἑναντίας
1225 2879 1507 2951 ὁμολογεῖν
1554 2881 1622 2935 ἑκ
1650 2879 1751 2952 τῆς
1775 2880 1868 2934 οὐ-

294 2972 423 3036 σίας
467 2971 623 3026 αὐτὸν
656 2971 926 3044 ὑπάρχειν
948 2970 1050 3041 τῆς
1091 2970 1185 3025 τοῦ
1213 2970 1447 3041 Πατρός.
1493 2970 1665 3026 Τοῦτο
1691 2970 1801 3044 γὰρ
1830 2972 1866 3045 ἡ

302 3060 445 3117 κατά
472 3060 731 3133 ἀλήθειαν
785 3059 972 3131 υίότης
1003 3059 1276 3145 σημαίνει.
1306 3054 1442 3115 Εἶτα
1493 3060 1611 3126 πῶς
1633 3062 1664 3116 6
1688 3060 1866 3158 τοιοῦ-
1892 3096 1938 3158 c

282 3170 373 3218 τος
406 3152 647 3208 ἐλάττων
681 3151 801 3206 ἐστὶ
830 3152 923 3207 τοῦ
959 3152 1172 3224 Πατρὸς
1202 3152 1330 3217 Υἱὸς
1350 3190 1369 3220 ,
1413 3152 1571 3222 εῖπερ
1598 3151 1746 3207 ἐστὶν
1771 3153 1866 3207 οὐ·

285 3244 405 3309 σίας
435 3244 669 3316 καρπὸς,
704 3242 1003 3314 οὐδαμόθεν
1036 3243 1098 3296 τὸ
1157 3241 1378 3298 ἔλαττον
1411 3243 1499 3313 ἐφ’
1519 3244 1689 3315 ἑαυτῇ
1717 3242 1866 3315 δεχο-

283 3338 487 3410 μένης;
539 3337 723 3392 Πάντα
768 3336 880 3407 γὰρ
919 3335 1140 3402 τελείως
1184 3338 1242 3390 ὲν
1284 3336 1364 3409 τῷ
1396 3336 1531 3408 Θεῷ.
1576 3339 1640 3392 Ei
1676 3338 1734 3392 δὲ
1765 3339 1865 3393 οὐκ

278 3430 426 3485 εστιν
465 3432 535 3483 ἐκ
574 3431 672 3502 τῆς
702 3430 889 3495 οὐσίας
928 3429 1022 3485 τοῦ
1046 3428 1260 3501 Πατρὸς
1305 3429 1423 3483 οὐδὲ
1455 3429 1581 3494 Υἱὸς
1613 3428 1740 3501 ἄρα’
1781 3431 1865 3485 νό-

276 3518 368 3582 θος
397 3519 459 3572 δὲ
491 3518 681 3590 ὥσπερ
710 3537 792 3583 τις
821 3520 915 3574 καὶ
947 3518 1314 3590 ψευδώνυμος.
1377 3519 1515 3573 Ἀλλ’
1540 3520 1661 3577 οὐδὲ
1702 3520 1864 3585 αὐτὸς

274 3613 304 3667 6
327 3613 546 3682 Πατὴρ,
573 3612 765 3683 Πατὴρ
798 3612 867 3667 ἂν
892 3612 1105 3666 καλοῖτο
1135 3612 1359 3677 δικαίως
1387 3628 1471 3678 τε,
1496 3613 1591 3667 καὶ
1620 3611 1860 3683 ἀληθῶς.

275 3706 402 3761 Υῐοῦ
437 3706 555 3776 γὰρ
579 3706 681 3761 οὐκ
711 3706 865 3769 ὄντος
894 3704 989 3759 τοῦ
1023 3705 1163 3759 κατά
1198 3704 1382 3774 φύσιν,
1415 3704 1483 3758 δι’
1509 3704 1568 3757 ὃν
1593 3706 1711 3758 ἔστι
1748 3706 1862 3758 Πα-

267 3795 392 3864 τὴρ,
417 3794 624 3859 πῶςᾶν
645 3796 816 3847 νοοῖτο
832 3794 1051 3866 Πατήρς
1079 3792 1237 3848 Ἀλλά
1257 3793 1413 3848 τοῦτο
1437 3793 1659 3851 ἄτοπον.
1705 3794 1860 3848 Ἐστι

268 3881 326 3937 δὲ
351 3884 549 3956 Πατὴρ
572 3884 825 3955 ἀληθινὸς
867 3887 896 3939 6
922 3884 1054 3948 Θεός
1080 3900 1096 3914 '
1155 3883 1315 3939 τοῦτο
1362 3883 1471 3955 γάρ
1499 3884 1563 3955 δὴ
1602 3884 1697 3938 καὶ⁵
1737 3883 1856 3937 ὅλαι

273 3973 466 4044 βοῶσιν
492 3976 554 4031 αἱ
576 3976 722 4030 θεῖαι
749 3974 965 4045 Γραφαί
982 3991 997 4005 ·
1023 3975 1151 4040 Υἱὸς
1171 3973 1278 4047 ἄρα
1305 3975 1522 4039 πάντως
1543 3977 1572 4030 6
1602 3974 1664 4040 ἐξ
1688 3973 1855 4030 αὐτοῦ

275 4066 543 4132 φυσικῶς.
584 4067 649 4119 Ei
681 4067 737 4119 δὲ
770 4064 960 4131 τοῦτο,
1002 4065 1102 4119 οὐκ
1128 4060 1365 4120 ἐλάττων
1390 4079 1404 4092 ·
1435 4066 1722 4137 όμοούσιος
1747 4066 1856 4138 γὰρ

273 4152 350 4216 ὡς
378 4153 533 4218 Υιός-
1452 4214 1465 4220 -

244 4282 251 4285 -
350 4240 562 4301 ΔᾹΛΟ.
620 4247 696 4300 T6
737 4249 839 4320 τῆς
866 4248 1096 4319 πατριᾶς
1141 4246 1260 4319 ἦτοι
1301 4246 1638 4318 πατρότητος
1682 4246 1852 4317 ὄνομα

266 4337 366 4391 οὐκ
401 4338 465 4404 ἐξ
496 4339 658 4409 ἡμῶν
682 4338 797 4411 εχει
818 4338 951 4404 Θεὸς
970 4378 985 4402 ,
1031 4338 1146 4392 ἀλλ’
1175 4340 1336 4410 ἡμεῖς
1370 4337 1571 4410 μᾶλλον
1600 4338 1657 4405 ἐξ
1687 4338 1848 4392 αὐτοῦ

269 4423 534 4490 λαϐόντες
563 4424 838 4497 όρώμεθα.
877 4427 1072 4491 Πιστὸς
1100 4427 1155 4481 δὲ
1186 4428 1214 4480 6
1246 4426 1405 4494 λόγος
1434 4425 1650 4479 Παύλου
1683 4424 1851 4495 βοῶν-
1888 4427 1930 4481 D

264 4533 352 4582 τος
388 4518 492 4572 ὡδί
516 4534 536 4549 ⁸
568 4534 587 4569 ι
629 4517 718 4585 Ἐξ
752 4511 815 4572 οὗ
862 4521 1010 4573 πᾶσα
1065 4514 1268 4592 πατριά
1312 4518 1368 4572 ἕν
1401 4534 1459 4571 τε
1495 4516 1707 4589 οὐρανῷ
1756 4518 1850 4571 καὶ

263 4611 351 4665 ἐπὶ
384 4612 495 4682 γῆς
548 4609 893 4681 ὀνομάζεται.
927 4628 945 4662 ι
1007 4611 1223 4683 Ἐπειδὴ
1266 4611 1321 4665 δὲ
1354 4610 1489 4675 Θεὸς
1528 4610 1587 4663 τὸ
1631 4609 1848 4665 πάντων

256 4703 375 4756 ἐστὶ
402 4700 793 4773 πρεσϐύτατον
816 4741 830 4765 ,
878 4703 1019 4756 κατά
1065 4702 1297 4774 μίμησιν
1329 4700 1571 4773 δηλονότι
1613 4697 1848 4770 πατέρες

258 4792 441 4861 ἡμεῖς,
463 4792 519 4842 οῖ
553 4788 690 4860 πρὸς
718 4788 780 4843 τὸ
808 4789 1016 4843 ἐκείνου
1066 4792 1250 4862 σχῆμα
1280 4789 1367 4843 διὰ
1395 4788 1488 4842 τοῦ
1519 4787 1848 4859 πεποιῆσθαι

253 4883 374 4934 κατ’
403 4879 629 4946 εἰκόνα,
655 4879 1001 4952 κεκλημένοι.
1031 4876 1165 4937 Εἶτα
1196 4879 1336 4947 πῶς,
1365 4880 1485 4934 είπέ
1515 4897 1626 4950 μοι,
1663 4878 1848 4933 λοιπὸν

250 4974 297 5024 οῖ
330 4972 465 5025 καθ’
511 4970 776 5042 ὁμοίωσιν
805 4972 1087 5040 γεγονότες
1116 4972 1291 5043 αὐτῷ,
1322 4973 1462 5027 κατὰ
1491 4973 1653 5043 φύσιν
1677 4971 1844 5043 ἐσμὲν

247 5063 357 5116 τῶν
380 5062 615 5117 οἰκείων
652 5062 860 5117 τέκνων
888 5062 1120 5134 πατέρες
1143 5103 1156 5127 .
1207 5066 1254 5117 εί
1288 5062 1361 5135 μὴ
1399 5064 1655 5136 πρόσεστι
1688 5062 1842 5118 τοῦτο

247 5157 310 5225 τῇ
346 5154 660 5224 ἀρχετύπῳ
713 5154 914 5218 εἰκόνι,
970 5154 1105 5225 πρὸς
1146 5156 1211 5226 ἢν
1245 5155 1349 5223 καὶ,
1385 5153 1838 5227 μεμορφώμεθας

246 5245 374 5309 Πῶς
422 5245 476 5299 δ’
521 5244 588 5298 ἂν
630 5244 769 5309 ὅλως
809 5246 870 5299 τὸ
911 5245 1009 5316 τῆς
1050 5250 1285 5318 πατριᾶς
1332 5249 1450 5318 ἦτοι
1508 5247 1847 5319 πατρότητος

241 5335 420 5406 όνομα
478 5336 581 5388 καὶ
607 5337 688 5400 είς
731 5337 859 5399 τοὺς
891 5335 1083 5402 ἄλλους
1121 5338 1345 5409 ἑκὸἧναι
1377 5338 1526 5410 πα.ρά
1567 5336 1704 5392 Θεοῦ
1729 5338 1848 5409 δοίη

237 5442 323 5488 τις
355 5425 464 5488 ἂν,
522 5424 576 5477 εἴ
602 5441 665 5494 τε
689 5425 860 5491 ὅντως
884 5426 986 5487 οὐκ
1013 5427 1127 5481 ἔστι
1164 5430 1390 5501 Πατήρ;
1436 5428 1689 5483 Φαίνεται
1714 5430 1843 5502 γὰρ,

239 5511 308 5565 ἂν
351 5513 551 5575 οὕτως
580 5514 731 5585 Im,
772 5502 1051 5581 παντεῷς
1089 5516 1510 5589 ἀνεστραμμὲνη
1556 5517 1657 5572 τοῦ
1705 5518 1848 5590 πρά-

237 5620 460 5675 γματος
491 5606 534 5676 ἡ
564 5604 725 5674 φύσις
745 5644 762 5671 ,
800 5606 961 5677 ἡμεῖς
985 5605 1040 5660 δὲ
1071 5607 1271 5679 μᾶλλον
1304 5607 1453 5678 αὐτῷ
1491 5607 1614 5662 καθ’
1645 5608 1846 5678 ὁμοίως·

342 5717 395 5750 “
430 5715 646 5784 Eplies.
668 5730 750 5782 ιιι,
792 5715 882 5772 15.

1984 513 2105 571 est?
2132 513 2251 570 Non
2279 514 2429 570 enim
2457 523 2543 570 est
2572 513 2812 584 perfecte
2850 516 2907 575 in
2938 518 3101 575 nobis
3137 520 3277 586 vita,
3296 524 3551 591 quamvis

1985 603 2041 658 in
2072 603 2325 660 interiori
2351 602 2574 659 homine
2616 603 2874 661 Christus
2921 606 3153 670 habitet,
3187 609 3283 664 sed
3311 609 3549 680 quadam

1981 707 2050 749 ex
2072 700 2231 763 parte
2260 694 2466 749 mortui
2503 704 2638 750 sunt
2681 695 2994 761 “edentes.
3022 697 3294 768 siquidem
3325 716 3438 757 non
3464 710 3551 760 est

1985 781 2095 838 vita
2112 780 2378 852 perfecte,
2401 797 2529 839 cum
2557 782 2741 841 minus
2766 784 2966 841 habeat
2987 785 3181 843 Filius.
3196 786 3335 846 Cum
3363 798 3546 846 autem

1980 871 2381 929 absurditatem
2438 874 2588 930 illam
2642 875 2698 931 in
2748 875 2839 932 bis
2886 877 3207 948 longissime
3258 864 3579 953 prodigas-el

1976 971 2256 1035 oporteat,
2288 964 2593 1036 perfectum
2622 980 2750 1025 esse
2783 968 3023 1026 dicimus
3049 968 3254 1027 Filium
3302 972 3547 1043 periecto

1977 1054 2130 1113 Patri
2191 1056 2458 1127 (aqualem
2480 1097 2497 1124 ,
2554 1069 2779 1129 prepter
2839 1059 3139 1131 perfectam
3201 1060 3544 1120 identitatem

1977 1146 2323 1203 substantiae.

2047 1235 2276 1297 ALIUD.
2306 1236 2364 1292 Si
2397 1238 2577 1293 minor
2603 1248 2691 1296 est
2728 1239 2891 1299 Patre
2928 1239 3126 1307 Filius,
3161 1255 3224 1298 sc
3258 1249 3545 1312 propterea

1976 1342 2089 1383 non
2128 1327 2641 1395 consubstantialis,
2677 1329 2825 1385 alius
2866 1333 3057 1401 utique
3094 1333 3402 1390 secundum
3449 1347 3545 1391 ns-

1976 1424 2182 1484 turam,
2214 1432 2278 1472 ac
2308 1417 2470 1488 plane
2498 1417 2736 1473 alienus.
2769 1417 2940 1488 Igitur
2971 1435 3084 1477 non
3104 1419 3301 1488 Filius.
3326 1423 3423 1480 sed
3448 1438 3545 1480 ne-

1974 1522 2083 1579 que
2112 1521 2345 1579 prorsus
2386 1506 2554 1569 Deus.
2585 1508 2873 1577 Quomodo
2899 1510 3047 1569 enim
3089 1519 3320 1568 vocetur
3344 1513 3543 1582 Filius.

1973 1598 2070 1671 qui
2102 1614 2214 1656 non
2250 1608 2335 1655 est
2360 1614 2425 1656 ex
2469 1598 2654 1666 Patre,
2692 1608 2789 1655 aut
2818 1602 3095 1671 quomodo
3125 1603 3346 1660 tandem
3375 1604 3543 1670 Deus.

1972 1691 2069 1762 qui
2097 1705 2210 1749 non
2240 1700 2327 1749 est
2357 1707 2424 1748 ex
2467 1690 2579 1748 Deo
2626 1693 2930 1750 secundum
2961 1695 3254 1753 naturam?
3277 1695 3422 1763 Quid
3453 1697 3544 1754 hic

1970 1782 2168 1841 dicunt
2209 1784 2304 1856 qui
2352 1794 2610 1841 asserunt
2651 1784 2710 1841 in
2740 1783 2960 1841 Patrem
3006 1787 3235 1844 credere
3272 1804 3389 1847 non
3445 1803 3544 1846 eos

1973 1873 2069 1943 qui
2125 1873 2285 1928 iidem
2341 1882 2709 1945 susceperunt
2750 1874 2807 1930 in
2854 1874 3078 1941 Filium,
3105 1874 3203 1933 sed
3251 1876 3347 1949 qui
3393 1876 3543 1935 hunc

1972 1964 2159 2034 potius
2196 1963 2628 2021 interfecerunt?
2667 1964 2807 2021 Cum
2852 1973 3036 2022 autem
3082 1966 3218 2022 lides
3259 1969 3333 2025 sit
3361 1969 3417 2027 iu
3447 1966 3541 2024 Fi-

1972 2055 2130 2122 lium,
2163 2055 2366 2121 adhuc.
2395 2066 2456 2112 ut
2482 2056 2748 2114 credibile
2771 2065 2877 2124 est,
2904 2071 3180 2127 erramus,
3207 2074 3398 2119 verum
3428 2073 3543 2116 non

1971 2156 2334 2219 agnoscentes
2379 2147 2573 2207 Deum.
2613 2149 2685 2204 At
2711 2148 2819 2207 hoc
2858 2148 3181 2208 absurdum.
3239 2150 3541 2211 Credentes

1971 2247 2153 2296 autem
2184 2240 2242 2296 in
2281 2238 2508 2309 Filium,
2546 2243 2602 2299 in
2651 2239 2869 2298 Patrem
2917 2258 3137 2315 quoque
3171 2243 3452 2303 cratimus
3485 2253 3542 2301 et

1971 2332 2027 2386 in
2077 2332 2344 2405 Spiritum
2399 2342 2654 2391 sanctum
2707 2336 2998 2395 nimirum.
3070 2336 3189 2394 Non
3234 2345 3324 2396 est
3369 2337 3542 2413 igitur

1968 2424 2127 2495 quasi
2159 2424 2270 2481 Deo
2293 2439 2359 2480 ac
2384 2424 2548 2482 Patre
2576 2427 2757 2483 minor
2782 2428 3003 2485 alienus
3027 2427 3224 2498 Filius.
3247 2430 3346 2487 sed
3366 2444 3538 2486 unum

1968 2515 2101 2587 quid
2130 2531 2255 2573 cum
2289 2516 2428 2588 ipso,
2459 2525 2750 2589 propterea
2780 2517 2930 2589 quod
2973 2533 3043 2575 ει
3069 2520 3189 2589 ipso
3214 2530 3303 2575 est
3342 2534 3532 2577 secun-

1969 2604 2100 2661 dum
2137 2612 2410 2671 naturam,
2439 2615 2495 2662 et
2527 2605 2652 2664 ideo
2682 2608 2915 2680 aequalis
2942 2621 3014 2664 ac
3034 2608 3345 2679 perfectus.

2039 2693 2272 2750 ALIUD.
2303 2694 2359 2750 Si
2389 2694 2565 2752 Filius
2616 2711 2741 2755 vere
2772 2704 2860 2753 est
2901 2697 2953 2754 is
2988 2697 3087 2769 qui
3123 2711 3193 2754 ex
3227 2695 3337 2755 Deo
3375 2696 3541 2756 Patre

1967 2783 2175 2845 elIulsit
2218 2783 2365 2844 Deus
2408 2785 2666 2851 Verbum.
2701 2800 2933 2844 necesse
2968 2787 3195 2845 onniino
3227 2787 3539 2848 estsadrer-

1967 2876 2149 2935 sarios
2196 2875 2284 2932 vel
2330 2876 2585 2934 nolentes
2635 2876 2919 2944 conﬁteri,
2964 2874 3077 2953 ’ἦ
3113 2892 3184 2935 es
3229 2877 3537 2936 substantia

1967 2967 2149 3024 Patris
2202 2967 2385 3039 ipsum
2443 2966 2762 3025 exsistere:
2809 2966 2914 3025 hoc
2962 2968 3113 3027 enim
3166 2982 3297 3027 vero
3346 2968 3539 3028 liliatio

1968 3057 2264 3132 signiﬁcat.
2296 3059 2367 3113 At
2393 3056 2673 3129 quomodo
2702 3056 2756 3114 is
2785 3058 2964 3116 minor
2999 3064 3087 3116 est
3126 3056 3292 3116 Patre
3338 3057 3532 3117 Filius.

1966 3146 2239 3221 siquidem
2289 3147 2365 3209 sit
2412 3145 2734 3204 substantia:
2774 3145 3014 3219 fructus,
3055 3163 3180 3222 qua
3218 3149 3534 3213 nullatenus

1966 3235 2023 3293 in
2052 3251 2114 3294 se
2153 3236 2339 3294 minus
2375 3236 2646 3309 suscipit?
2669 3236 2884 3296 Cuncta
2929 3239 3078 3296 enim
3124 3239 3365 3312 periecte
3404 3252 3534 3300 sunt

1965 3328 2021 3385 in
2058 3326 2187 3384 Deo.
2219 3328 2378 3396 Quod
2416 3329 2464 3385 si
2491 3343 2604 3385 non
2642 3337 2729 3387 est
2753 3345 2822 3387 ex
2852 3331 3171 3389 substantia
3204 3330 3411 3400 Patris,
3438 3347 3537 3390 ne-

1962 3432 2072 3489 que
2118 3416 2297 3476 Filius
2339 3428 2428 3477 est
2472 3419 2659 3491 igitur,
2695 3421 2792 3478 sed
2837 3421 3064 3493 spurius
3100 3422 3270 3482 veluti
3312 3423 3536 3495 quidam

1962 3528 2029 3569 ac
2050 3512 2181 3593 (falsi
2211 3513 2472 3573 nominis.
2501 3515 2610 3575 Sed
2642 3532 2822 3590 neque
2849 3517 3013 3576 Pater
3042 3520 3164 3592 ipse
3182 3519 3350 3579 Pater
3377 3521 3532 3593 justo

1960 3618 2026 3659 ac
2048 3619 2178 3661 vere
2206 3616 2433 3664 vocetur
2466 3625 2480 3663 :
2513 3608 2562 3665 si
2589 3608 2737 3665 enim
2763 3608 2939 3667 Filius
2965 3625 3077 3668 non
3110 3619 3195 3667 est
3223 3613 3530 3670 secundum

1959 3703 2218 3751 naturam
2247 3706 2479 3768 propter
2519 3712 2684 3770 quem
2721 3700 2794 3756 sit
2823 3699 3022 3767 Pater,
3053 3702 3330 3772 quomodo
3366 3701 3534 3759 Pater

1959 3787 2339 3859 intelligatur?
2372 3786 2484 3847 Sed
2510 3789 2617 3853 hoc
2655 3790 2978 3849 absurdum.
3028 3791 3122 3849 Est
3153 3801 3342 3851 autem
3368 3791 3532 3851 Pater

1960 3894 2120 3934 verus
2173 3878 2315 3936 Deus
2361 3879 2489 3952 (hoc
2532 3882 2683 3937 enim
2732 3882 2937 3954 ubique
2987 3882 3290 3956 Scriptura
3330 3886 3530 3947 divina

1956 3971 2292 4041 clamitant),
2322 3971 2494 4030 Filius
2532 3988 2663 4046 ergo
2694 3982 2781 4030 est
2801 3976 2961 4046 plane
2994 3977 3088 4048 qui
3120 3991 3187 4033 ex
3216 3977 3338 4048 ipso
3369 3987 3529 4034 natu-

1955 4063 2166 4120 raliter.
2198 4063 2357 4131 Quod
2401 4066 2449 4121 si
2481 4063 2680 4132 Filius.
2716 4081 2829 4122 non
2871 4082 3004 4138 ergo
3045 4068 3243 4123 minor.
3274 4067 3529 4127 Consub-

1954 4154 2238 4210 stantialis
2273 4157 2418 4211 enim
2460 4164 2546 4211 est
2583 4164 2775 4228 utpote
2812 4155 3009 4217 Filius.

2022 4241 2255 4298 ALIUD.
2289 4242 2646 4298 Paternitatis
2691 4258 2892 4300 nomen
2927 4260 3040 4301 non
3084 4244 3248 4303 habet
3282 4246 3425 4305 Deus
3457 4263 3525 4306 ex

1952 4335 2135 4397 nobis,
2171 4332 2265 4389 sed
2303 4349 2406 4389 nos
2443 4334 2623 4405 potius
2666 4335 2736 4390 ab
2769 4335 2890 4406 ipso
2928 4337 3210 4408 accepisse
3248 4338 3519 4395 videmur.

1955 4424 2161 4482 Fidelis
2207 4426 2411 4497 quippe
2460 4432 2544 4482 est
2591 4441 2776 4484 sermo
2825 4425 2981 4484 Pauli
3021 4430 3309 4488 clamantis
3345 4450 3360 4487 :
3396 4449 3416 4485 ι
3449 4428 3523 4487 Ex

1957 4534 2066 4590 quo
2097 4517 2279 4575 omnis
2319 4518 2623 4589 paternitas
2653 4518 2707 4573 in
2735 4518 2891 4577 ctelis
2920 4528 2973 4575 et
3001 4519 3055 4576 in
3087 4529 3233 4577 terra
3271 4522 3526 4578 nomina-

1954 4617 2044 4663 tur
2076 4608 2146 4664 ".
2175 4626 2195 4659 ι
2233 4608 2371 4663 Cum
2430 4616 2609 4663 autem
2651 4607 2793 4665 Deus
2828 4609 2898 4665 sit
2953 4624 3042 4667 res
3081 4612 3325 4668 omnium
3381 4615 3525 4669 anti-

1954 4700 2249 4771 quissima,
2285 4699 2595 4755 imitatione
2651 4699 2891 4770 quadam
2922 4711 2978 4758 et
3019 4704 3382 4764 similitudine
3420 4722 3523 4763 nos

1957 4800 2142 4862 patres
2178 4790 2540 4862 appellamur,
2580 4792 2725 4862 quod
2778 4793 2847 4848 ad
2894 4793 3016 4864 ejus
3055 4794 3349 4867 imaginem
3392 4795 3521 4851 facti

1947 4897 2160 4939 sumus.
2185 4885 2254 4935 At
2289 4882 2585 4953 quomodo.
2616 4899 2824 4953 quaeso,
2844 4883 2911 4939 ad
2943 4884 3064 4955 ejus
3099 4886 3231 4943 facti
3258 4886 3516 4942 similitu-

1946 4969 2126 5027 dinem
2158 4977 2480 5026 nostrorum
2513 4971 2752 5026 ﬁliorum
2781 4979 2965 5044 patres
2998 4990 3191 5030 sumus
3218 4974 3517 5031 secundum

1943 5071 2223 5126 naturam,
2254 5062 2300 5117 si
2347 5064 2670 5132 exemplari,
2704 5064 2864 5134 cujus
2906 5064 3207 5122 imitatione
3251 5065 3306 5121 id
3344 5065 3515 5122 babe-

1942 5167 2090 5217 mus,
2109 5151 2214 5207 boc
2249 5167 2359 5206 non
2392 5153 2570 5208 inest?
2600 5151 2890 5218 Quomodo
2914 5154 3148 5224 denique
3169 5156 3515 5224 paternitatis

1948 5256 2148 5298 nomen
2173 5240 2339 5296 etiam
2368 5240 2437 5295 ad
2466 5241 2604 5296 alios
2621 5258 2648 5293 ε
2675 5240 2786 5296 1)εο
2809 5257 3138 5312 permanare
3161 5244 3515 5313 concedetur.

1948 5335 1994 5390 si
2027 5333 2191 5388 Pater
2219 5345 2349 5387 vere
2372 5347 2481 5411 non
2515 5332 2639 5388 est?
2663 5330 2798 5388 Nam
2833 5334 2883 5391 si
2910 5333 2986 5389 ita
3016 5350 3077 5392 se
3110 5335 3298 5404 habet,
3323 5352 3517 5396 eversa

1949 5439 2180 5496 prorsus
2213 5423 2431 5480 videtur
2468 5423 2547 5480 rei
2588 5433 2810 5493 natura,
2838 5433 2895 5484 et
2917 5441 3018 5484 nos
3044 5428 3094 5484 ei
3118 5427 3297 5487 Patris
3331 5433 3521 5503 appel-

1946 5518 2208 5576 lationem
2247 5515 2316 5573 ad
2355 5516 2773 5574 similitudinem
2808 5528 3055 5578 nostram
3090 5524 3274 5594 potius
3312 5526 3523 5582 tribue.

1951 5625 2096 5677 mus,
2131 5624 2299 5681 quam
2326 5608 2445 5682 ipse
2469 5610 2652 5669 nobis.
2679 5609 2795 5670 Hoc
2824 5612 2972 5672 enim
3001 5616 3143 5673 ratio
3170 5614 3332 5674 lateri
3359 5626 3519 5687 coget
