4052 6208
447 371 515 426 47
1459 364 1515 419 S.
1543 363 1819 421 CYRIIJJ
1855 365 2326 422 ALEXANDRINI
2368 369 2692 427 AllClliEP.
3644 380 3710 438 ις

453 483 774 540 hazreticum
817 482 902 536 vel
940 480 1204 536 invitum.
1241 478 1428 550 Itaque
1459 480 1726 535 mentitur
1758 480 1916 535 testis
1942 481 2027 538 ille

2136 499 2220 536 σιν
2272 468 2370 554 τὴν
2414 485 2548 554 πρὸς
2597 487 2745 557 ἡμᾶς
2778 486 2838 538 τὸ
2886 487 3079 561 Πατὴρ
3121 489 3402 546 καλεῖσθαι
3443 493 3714 567 δώσομεν.

447 576 721 639 veritatis,
766 574 860 644 qui
912 589 981 629 ex
1030 575 1153 643 ipso
1196 572 1586 642 paternitatem
1638 586 1860 628 onmem
1903 588 2026 630 esse

446 670 606 736 dicit,
643 669 698 723 in
743 667 887 723 ccelo
919 675 974 722 et
1009 679 1176 722 terra.
1213 665 1282 721 At
1325 666 1430 720 hoc
1474 665 1659 720 dicere
1707 674 1794 719 est
1832 665 2027 722 absur-

447 763 766 819 dissimum.
799 761 979 815 Verax
1014 759 1161 814 enim
1209 768 1298 814 est
1340 758 1435 828 qui
1469 772 1669 828 magna
1709 757 1908 813 ﬁducia
1938 757 2027 813 di-

448 855 570 910 cit:
604 873 622 906 ι
641 854 723 908 An
748 852 1186 922 experimentum
1206 849 1453 920 quaeritis
1479 848 1601 918 ejus
1625 848 1718 919 qui
1751 849 1805 903 in
1840 863 1926 904 me
1949 849 2026 905 lo-

447 948 636 1016 quitur
667 945 930 1000 Christus
954 943 1037 998 “i
1061 962 1079 995 ι
1111 941 1178 996 Et
1209 957 1276 997 ex
1304 940 1416 996 Deo
1444 941 1794 1011 paternitatis
1825 956 2023 996 nomen

445 1039 612 1094 etiam
645 1039 700 1092 in
730 1053 831 1092 nos
864 1036 1075 1092 deﬂuit.
1110 1033 1284 1105 Igitur
1317 1031 1623 1087 secundum
1655 1041 1914 1088 naturam
1939 1040 2023 1088 est

448 1132 608 1187 Pater
623 1131 788 1187 Verbi
811 1149 826 1196 ;
851 1128 946 1186 sed
973 1129 1160 1199 genuit
1197 1141 1308 1182 non
1327 1125 1656 1182 dissimilem
1696 1126 1823 1188 sibi.
1855 1127 1931 1179 ita
1962 1133 2022 1179 ut

450 1223 658 1294 aliquid
695 1223 750 1276 in
792 1221 895 1276 hoc
929 1219 1115 1275 minus
1143 1217 1216 1274 sit
1251 1232 1420 1288 quam
1465 1216 1521 1271 in
1551 1215 1696 1286 ipso.
1729 1213 1841 1272 Nos
1873 1216 2020 1270 enim

430 1317 515 1372 'ad
545 1314 910 1370 imitationem
939 1312 1062 1380 ejus
1093 1310 1246 1376 lacti,
1275 1310 1520 1366 minores
1555 1310 1652 1365 illo
1683 1323 1897 1372 sumus,
1923 1308 2019 1364 sed

448 1408 540 1480 qui
572 1423 602 1462 a
630 1405 795 1462 nobis
822 1405 1064 1460 eduntur
1093 1402 1333 1474 aequales
1357 1401 1524 1457 nobis
1551 1409 1680 1457 sunt
1717 1400 2020 1457 secundum

450 1509 658 1557 naturae
696 1499 987 1553 rationem.

2131 576 2274 648 ἥπερ
2306 575 2467 639 αὐτὸς
2512 579 2664 647 ἡμῖν.
2715 577 2886 632 Τοῦτο
2917 579 3026 652 γὰρ
3063 583 3091 634 6
3133 581 3291 648 λόγος
3333 586 3718 656 συνομολογεῖν

2131 666 2430 734 ἀναγκάσει
2469 668 2564 720 καὶ
2596 667 2797 722 ἄκοντα
2831 670 2924 722 τὸν
2953 671 3250 741 αἱρετικόν.
3284 674 3497 729 Οὐκοῦν
3521 676 3717 746 ψεύδε-

2131 773 2222 810 ται
2261 758 2362 828 τῆς
2395 758 2656 831 ἀληθείας
2689 761 2718 813 6
2749 762 2979 834 μάρτυς,
3019 762 3079 828 ἐξ
3127 764 3293 818 αὐτοῦ
3331 764 3506 835 λέγων
3534 771 3716 823 πᾶσαν

2134 843 2272 902 εἶναι
2300 850 2560 921 πατριὰν,
2599 851 2656 906 ἐν
2683 869 2742 904 τε
2771 853 2984 926 οὐρανῷ
3015 855 3110 908 καὶ
3133 855 3226 908 ἐπὶ
3257 857 3382 927 γῆς.
3429 858 3567 912 Ἀλλ’
3599 861 3714 915 ἔστι

2128 938 2289 994 τοῦτο
2319 941 2483 1010 φάναι
2506 941 2618 996 τῶν
2650 944 3040 1001 ἀτοπωτάτων.
3088 947 3365 1019 Ἀληθεύει
3393 952 3500 1020 γάρ
3526 954 3558 1006 6
3582 954 3717 1024 θαρ·

2129 1031 2304 1103 σήσας
2335 1036 2511 1088 εἰπεῖν
2538 1051 2553 1066 ο
2597 1055 2615 1087 ι
2657 1035 2721 1089 El
2756 1036 2986 1110 δοκιμὴν
3014 1039 3228 1110 ζητεῖτε
3253 1043 3346 1096 τοῦ
3391 1045 3449 1098 ὲν
3471 1045 3594 1115 ἐμοὶ
3621 1045 3716 1099 λα-

2127 1125 2348 1190 λοῦντος
2399 1127 2673 1199 Χριστοῦ;
2709 1148 2727 1181 ι
2782 1131 2892 1185 Καὶ
2936 1133 3001 1186 ὲκ
3043 1132 3180 1187 Θεοῦ
3232 1135 3294 1189 τὸ
3331 1135 3432 1208 τῆς
3475 1139 3715 1206 πατριᾶς

2127 1219 2298 1290 ὄνομα
2347 1222 2441 1275 καὶ
2467 1209 2718 1294 είςήμᾶς
2745 1225 3030 1294 καταρρεῖ.
3061 1225 3271 1280 Οὐκοῦν
3298 1229 3414 1280 ἐστι
3445 1228 3585 1281 κατά
3615 1229 3718 1296 φύ-

2131 1329 2216 1367 σιν
2258 1313 2352 1367 τοῦ
2403 1315 2578 1383 Λόγου
2625 1317 2852 1389 Πατήρ⁹
2891 1316 3079 1370 τέτοκε
3124 1317 3181 1371 δὲ
3219 1319 3440 1384 πάντως
3484 1321 3583 1375 οὐκ
3620 1322 3717 1375 ἀν-

2127 1403 2312 1475 όμοιον
2335 1406 2514 1477 ἐαυτῷ
2530 1449 2545 1472 ,
2571 1406 2657 1461 διὰ
2681 1408 2774 1462 τοῦ
2805 1407 2864 1460 τὸ
2890 1408 3108 1464 ἔλαττον
3137 1410 3279 1481 ἔχειν
3299 1451 3314 1474 ,
3341 1412 3376 1482 ἢ
3418 1413 3475 1465 ὲν
3511 1409 3712 1482 οἷςπέρ

2127 1494 2275 1547 ἐστὶν
2318 1495 2480 1559 αὐτός
2507 1513 2520 1526 ·
2569 1498 2617 1550 el
2656 1497 2767 1568 γὰρ
2798 1497 2934 1567 πρὸς
2969 1498 3199 1570 μίμησιν
3218 1501 3518 1569 ,γεγονότες
3551 1503 3712 1572 ἡμεῖς

446 1593 546 1665 τὴν
598 1591 810 1644 ἐκείνου
836 1630 851 1656 ,
887 1589 1086 1660 ἔχομεν
1132 1588 1231 1659 οὐχ
1257 1587 1400 1642 οὕτω
1426 1587 1493 1640 τὰ
1561 1585 1622 1652 ἐξ
1687 1583 1895 1639 ἑαυτῶν
1960 1582 2300 1655 γεννώμενα,
2359 1587 2451 1643 ίσα
2489 1589 2545 1644 δὲ
2597 1591 2877 1656 παντελῶς
2920 1593 3062 1646 κατά
3105 1611 3169 1663 γε
3210 1594 3303 1648 τὸν
3347 1596 3450 1667 τῆς
3494 1596 3711 1664 φύσεως

445 1687 622 1757 λόγον.

515 1775 848 1833 ΑιιυῡρΝθ
874 1776 1156 1832 veritatem
1177 1773 1331 1832 vafer
1357 1775 1655 1832 haereticus
1682 1773 2016 1840 ludiﬁcetur,

2201 1768 2409 1823 AAAO.
2443 1768 2536 1841 Μὴ
2577 1771 2883 1841 σοφιζέσθω
2903 1771 3001 1843 τὴν
3029 1772 3284 1845 ἀλήθειαν
3315 1775 3342 1828 6
3369 1777 3610 1842 ποικίλος
3631 1781 3711 1844 είς

448 1885 628 1940 neque
650 1869 847 1924 Filium
872 1867 965 1924 Dei
991 1868 1097 1938 25
1123 1867 1362 1924 Verbum
1396 1867 1617 1923 fatendo
1655 1867 1860 1923 nudum
1889 1867 1938 1922 ei
1969 1873 2024 1921 et

448 1961 636 2017 verbis
677 1970 838 2017 tenus
867 1960 1134 2015 honorem
1162 1961 1391 2023 tribuat,
1419 1975 1530 2015 non
1577 1975 1702 2016 esse
1745 1960 1923 2030 ipsum
1955 1973 2023 2014 ex

447 2054 758 2108 substantia
803 2052 982 2107 Patris
1030 2065 1313 2106 asserens.
1349 2050 1638 2116 Quomodo
1668 2052 1815 2106 enim
1863 2052 2024 2121 plane

449 2143 622 2200 Filius
672 2154 780 2208 est,
815 2143 861 2200 si
911 2151 1111 2198 natura
1159 2143 1241 2196 ita
1279 2156 1390 2197 non
1435 2143 1558 2198 est?
1600 2143 1708 2196 Aut
1751 2156 1883 2210 ergo
1931 2141 2025 2203 de-

449 2245 622 2290 tracta
659 2235 972 2308 hypocrisis
1003 2249 1244 2306 persona
1279 2235 1460 2304 palam
1487 2233 1893 2305 blasphement,
1924 2249 2024 2290 nec

449 2323 619 2378 Deum
652 2339 756 2378 nec
786 2322 986 2378 Filium
1021 2338 1146 2379 esse
1177 2322 1416 2382 fatentes
1441 2338 1456 2375 :
1480 2327 1578 2374 aut
1612 2321 1658 2375 si
1698 2323 2024 2375 auctoritate

451 2419 862 2489 Seripturarum
930 2417 1207 2480 convicti,
1271 2425 1327 2470 et
1389 2426 1708 2469 sanctorum
1773 2415 2022 2470 doctrina

447 2513 601 2573 tacti,
651 2510 933 2565 veritatem
985 2515 1326 2570 reverentur,
1369 2511 1424 2561 et
1464 2505 1663 2560 Filium
1719 2503 1911 2559 dicunt
1961 2519 2025 2559 ac

449 2604 637 2665 Deum,
669 2617 737 2657 ne
766 2599 930 2654 Patre
969 2598 1236 2653 minorem
1281 2610 1404 2652 esse
1449 2596 1710 2666 cogitent.
1743 2593 2026 2660 Quomodo

444 2693 595 2749 enim
645 2692 829 2746 minus
884 2689 1118 2759 accipiet
1146 2693 1396 2756 respectu
1431 2685 1609 2740 Patris
1645 2682 1760 2748 Dei,
1788 2698 1914 2737 cum
1952 2683 2024 2738 sit

445 2785 591 2842 Deus
620 2779 894 2840 Verbum?
925 2779 1059 2833 Nam
1111 2786 1166 2832 et
1213 2777 1376 2832 homo
1424 2774 1665 2830 hominis
1715 2772 1939 2838 dicitur,
1972 2782 2025 2829 et

447 2883 552 2938 est,
582 2873 747 2938 ﬁlius,
781 2870 876 2927 sed
913 2883 1021 2924 non
1051 2868 1156 2923 erit
1200 2866 1410 2922 idcirco
1455 2872 1608 2934 patre
1651 2864 1851 2929 minor,
1885 2881 2022 2936 qua-

449 2979 610 3022 tenus
659 2971 746 3018 est
787 2961 972 3014 homo.
998 2956 1174 3012 nemo
1202 2956 1348 3010 enim
1399 2955 1640 3019 homine,
1670 2955 1726 3009 in
1760 2965 2025 3026 quantum

449 3058 612 3110 homo
661 3058 769 3116 est,
799 3063 910 3104 non
955 3054 1040 3104 est
1091 3046 1268 3117 major
1318 3053 1411 3100 aut
1465 3046 1666 3114 minor,
1697 3046 1793 3102 sed
1847 3062 2026 3118 neque

2124 1861 2315 1931 λόγους
2358 1859 2650 1934 αίρετικὸς,
2685 1863 2819 1935 μηδὲ
2869 1863 2998 1918 Υίὸν
3029 1864 3306 1936 ὁμολογῶν
3333 1867 3424 1920 τὸν
3451 1867 3544 1921 τοῦ
3570 1869 3709 1924 Θεοῦ

2124 1955 2298 2023 Λόγον
2321 1995 2335 2020 ,
2365 1954 2528 2027 ψιλὴν
2559 1955 2708 2026 αὐτῷ
2748 1957 2842 2010 καὶ⁸
2879 1958 2981 2028 τὴν
3006 1959 3062 2010 ὲν
3107 1958 3314 2030 ῥήμασι
3347 1960 3530 2030 μόνοις
3554 1981 3710 2034 χαρι-

2124 2045 2300 2111 ζέσθω
2335 2047 2501 2118 τιμὴν
2523 2087 2538 2112 ,
2581 2049 2683 2102 οὐκ
2715 2043 2853 2103 εἶναι
2881 2049 3056 2118 λέγων
3085 2050 3246 2104 αὐτὸν
3284 2053 3349 2105 ὲκ
3386 2053 3485 2123 τῆς
3513 2055 3706 2119 οὐσίας

2124 2139 2221 2210 τῆς
2271 2137 2364 2191 τοῦ
2396 2139 2630 2209 Πατρός.
2696 2139 2820 2204 Πῶς
2871 2139 2980 2210 γὰρ
3022 2139 3158 2202 ὅλως
3205 2140 3370 2209 Υἱὸς,
3422 2143 3581 2213 εἰμὴ
3615 2145 3709 2198 οὐ·

2123 2245 2231 2292 τως
2281 2229 2394 2300 ἔχοι
2421 2229 2565 2283 κατὰ
2592 2229 2754 2299 φύσιν
2778 2247 2794 2296 ;
2847 2232 2915 2283 Ἢ
2946 2231 3126 2284 τοίνυν
3151 2232 3212 2284 τὸ
3239 2232 3340 2303 τῆς
3367 2233 3708 2305 ὑποκρίσεως

2126 2318 2468 2390 περιελόντες
2544 2323 2885 2391 προσωπεῖον
2938 2320 3389 2392 δυσφημείτωσαν
3467 2323 3708 2392 ἀναφαν-

2122 2405 2247 2471 δὸν,
2303 2408 2438 2478 μήτε
2493 2407 2622 2461 Θεὸν
2667 2408 2805 2478 μήτε
2850 2408 2979 2462 Υίὸν
3012 2409 3436 2487 ὁμολογοῦντες·
3483 2413 3517 2483 ἢ
3547 2413 3706 2486 εἴπερ

2124 2502 2187 2554 ὲκ
2222 2501 2398 2570 πάσης
2443 2501 2786 2572 ἐλεγχόμενοι
2825 2503 2924 2574 τῆς
2957 2502 3109 2568 Θείας
3142 2505 3396 2576 Γραφῆς,
3449 2507 3544 2561 καὶ
3593 2509 3707 2571 τοῖς

2123 2587 2232 2639 τῶν
2295 2587 2466 2655 ἀγίων
2511 2587 2690 2656 λόγοις
2759 2593 3347 2665 κατασφενδονούμενοι
3398 2595 3709 2650 δυσωποῦν·

2123 2693 2213 2730 ται
2241 2675 2338 2748 τὴν
2371 2675 2648 2748 ἀλήθειαν,
2678 2679 2774 2733 καὶ
2817 2681 2946 2736 Υίὸν
2983 2678 3124 2736 εἶναι
3162 2683 3381 2753 λέγουσι
3423 2686 3517 2740 καὶ
3550 2686 3707 2754 Θεὸν,

2128 2765 2202 2836 μὴ
2229 2765 2597 2836 φρονείτωσαν
2627 2769 2705 2832 ὡς
2733 2767 2880 2824 ἔστιν
2912 2769 3150 2827 ἐλάττων
3177 2773 3271 2827 τοῦ
3291 2775 3702 2848 γεγεννηκότος.

2125 2857 2247 2920 Πῶς
2281 2857 2390 2930 γὰρ
2415 2858 2554 2924 ὅλως
2595 2861 2895 2927 ὲπιδέξεται
2935 2863 2999 2916 τὸ
3044 2863 3266 2920 ἔλαττον
3316 2867 3393 2932 ὡς
3437 2869 3574 2940 πρὸς
3618 2867 3706 2922 τὸν

2126 2950 2343 3022 Πατέρα
2372 2951 2526 3016 Θεὸν,
2556 2953 2690 3018 Θεὸς
2718 2953 2794 3008 ὢν
2825 2957 2854 3008 6
2879 2954 3050 3025 Λόγος
3074 2973 3090 3022 ;
3127 2957 3321 3012 Καίτοι
3369 2961 3462 3013 καὶ
3492 2960 3705 3032 ἀνθρω-

2126 3057 2227 3105 πος
2255 3041 2543 3113 ἀνθρώπου
2591 3046 2922 3118 χρηματίζει
2962 3065 3023 3101 τε
3077 3049 3172 3103 καὶ
3223 3049 3370 3103 ἐστιν
3407 3051 3557 3116 Υἱὸς,
3589 3052 3708 3105 ἀλλ’

444 3150 634 3202 τίοιθεοιι
684 3143 910 3214 angelus
958 3140 1175 3211 angelo,
1223 3147 1498 3210 quatenus
1551 3139 1799 3208 angelus,
1847 3153 2025 3209 neque

2129 3134 2226 3187 οὐκ
2255 3133 2495 3191 ἐλάττων
2539 3137 2692 3193 ἔσται
2723 3139 2816 3192 τοῦ
2845 3140 3062 3213 Πατρὸς
3093 3143 3235 3196 κατά
3263 3157 3326 3211 γε
3356 3141 3417 3195 τὸ
3446 3138 3584 3196 εἶναι
3612 3145 3708 3198 ἀν-

440 3236 671 3294 res'ulla
702 3235 952 3306 respectu
991 3231 1218 3287 alterius
1247 3245 1368 3300 quae
1399 3230 1470 3283 sit
1507 3229 1751 3300 ejusdem
1791 3237 2019 3294 naturae,

446 3340 500 3386 et
530 3327 803 3400 ejusdem
853 3325 1107 3383 essentiae
1157 3323 1424 3377 rationem
1484 3321 1695 3377 sortita.
1735 3318 1923 3391 itaque
1977 3319 2022 3377 si

450 3436 638 3476 revera
667 3427 751 3475 est
774 3417 970 3484 Filius,
995 3431 1222 3472 necesse
1253 3411 1338 3471 est
1376 3413 1561 3469 dicere
1593 3414 1773 3485 ipsum
1804 3428 1926 3469 esse
1956 3428 2023 3468 ex

451 3508 629 3562 Patris
694 3505 1026 3571 substantia,
1092 3518 1285 3560 omnes
1352 3502 1474 3574 ejus
1532 3503 1894 3572 proprietates
1967 3501 2022 3556 in

452 3600 631 3669 seipse
661 3599 929 3653 ferentem
966 3597 1292 3651 naturaliter
1320 3614 1334 3650 :
1371 3605 1427 3651 et
1453 3595 1500 3651 si
1535 3603 1731 3650 natura
1769 3594 1910 3650 Deus
1941 3601 2026 3650 est

451 3690 632 3756 Pater,
664 3691 809 3747 Deus
857 3689 1050 3760 utique
1092 3689 1395 3745 secundum
1449 3697 1703 3742 naturam
1746 3685 1910 3741 etiam
1941 3693 2026 3742 est

456 3783 688 3840 Verbum
734 3797 822 3838 ειη
861 3781 984 3852 ipso
1029 3780 1293 3852 genitum.
1332 3776 1619 3845 Quomodo
1668 3790 1797 3848 ergo
1848 3777 2028 3832 minor

442 3875 555 3930 erit
610 3872 752 3929 Deus
805 3871 946 3942 Deo,
985 3887 1050 3928 ea
1118 3885 1314 3942 nempe
1377 3870 1590 3926 ratione
1635 3883 1742 3940 qua
1800 3876 2027 3933 uterque

444 3965 593 4025 'Deus
621 3967 738 4022 est?

501 4269 747 4342 ALIUD.
795 4268 954 4324 Unde
1003 4267 1176 4334 vobis,
1205 4279 1412 4339 quaso,
1465 4272 1613 4322 tanta
1670 4266 1920 4334 audacia,
1969 4275 2028 4323 ut

451 4360 647 4416 dicatis
703 4357 984 4412 inferioris
1035 4358 1370 4413 conditionis
1419 4371 1543 4413 esse
1602 4353 1800 4410 Filium
1861 4372 2026 4428 quam

454 4445 709 4504 Patrem?
740 4443 1017 4515 quomodo
1049 4458 1180 4498 vero
1203 4445 1389 4500 minus
1418 4443 1680 4514 accipiet?
1712 4441 2024 4500 Exsistendi
2063 4470 2104 4526 υ

440 4543 598 4595 certe
627 4545 896 4606 tempore,
915 4535 1196 4589 nemo:vel
1223 4533 1463 4589 maxime
1490 4534 1700 4591 delirus
1729 4536 2024 4606 putaverit.

453 4629 548 4688 Est
580 4627 730 4684 enim
765 4635 893 4683 ante
943 4625 1146 4682 saecula
1193 4622 1388 4689 Filius,
1429 4635 1483 4679 et
1528 4625 1645 4693 ipse
1698 4628 2026 4682 saeculorum

451 4729 535 4779 est
575 4717 831 4775 conditor
881 4736 895 4774 :
949 4731 1129 4786 neque
1172 4713 1558 4769 circumscribi
1612 4722 1856 4784 tempore
1904 4715 2030 4784 jure

451 4812 770 4871 censebitur
801 4811 896 4881 qui
941 4817 1186 4880 tempore
1216 4807 1411 4878 quovis
1449 4806 1852 4877 generationem
1887 4808 2030 4861 anti-

450 4908 702 4978 quiorem
727 4903 914 4961 habet.
943 4901 1050 4958 Sed
1087 4916 1266 4972 neque
1297 4899 1693 4970 magnitudinis
1722 4899 2029 4970 quantitate

452 4999 573 5067 ipso
622 4996 728 5052 erit
769 4994 998 5051 inferior
1038 5011 1052 5048 :
1085 4992 1478 5064 magnitudinis
1511 4991 1679 5058 enim,
1714 4998 1770 5048 et
1803 4991 2026 5064 quanti-

451 5090 604 5155 tatis,
637 5096 691 5144 et
728 5087 979 5159 corporis
1014 5100 1214 5156 expers
1237 5091 1433 5140 natura
1468 5083 1651 5140 divina
1678 5084 2025 5156 intelligitur,

449 5189 505 5234 et
551 5189 656 5238 est.
709 5178 999 5248 Quomodo
1045 5191 1177 5249 ergo
1237 5176 1537 5232 minoratio
1591 5175 1917 5232 ostendetur
1973 5177 2027 5231 in

450 5268 626 5324 Filio?
663 5269 721 5324 In
759 5272 932 5342 gloria
973 5267 1136 5330 forte,
1173 5268 1316 5323 dicet
1347 5267 1570 5338 aliquis,
1612 5267 1667 5322 in
1707 5266 1932 5334 virtute,
1973 5267 2028 5321 iu

455 5360 757 5428 sapientia;
793 5362 979 5416 dicant
1015 5365 1168 5431 ergo,
1194 5367 1433 5430 quantus
1466 5361 1538 5415 sit
1582 5359 1636 5413 in
1670 5359 1753 5414 his
1785 5366 1838 5413 ct
1868 5372 2028 5428 quam

457 5449 681 5519 grandis
722 5449 903 5512 Pater,
957 5459 1014 5504 ut
1069 5453 1145 5504 ita
1205 5450 1408 5518 dicam,
1465 5462 1520 5506 ut
1577 5451 1758 5506 minor
1807 5448 2028 5504 demum

459 5536 630 5591 Filius
657 5536 995 5606 intelligatur
1023 5539 1089 5592 ad
1117 5540 1262 5595 illius
1295 5556 1607 5595 mensuram
1631 5548 1984 5610 comparatus
2012 5557 2022 5592 :

458 5631 548 5679 aut
589 5623 634 5679 si
666 5625 1316 5691 incomprehensibilibus
1347 5637 1400 5683 et
1433 5629 1719 5686 immensis
1756 5631 1912 5685 bonis
1943 5638 2026 5684 est
2067 5637 2072 5641 '

549 5797 673 5855 “ll
703 5800 823 5858 Cor.
863 5816 979 5868 χιιι,
1015 5802 1068 5856 5.

2128 3225 2344 3299 θρωπος
2365 3246 2379 3260 ·
2413 3229 2697 3302 ἄνθρωπος
2725 3231 2832 3303 γὰρ
2858 3231 3146 3304 ἀνθρώπου
3168 3274 3183 3298 ,
3234 3233 3372 3288 καθὸ
3398 3234 3493 3289 ἀνθ
3503 3251 3710 3306 ρωπος,

2127 3319 2228 3372 οὐκ
2258 3319 2326 3373 ἂν
2364 3322 2450 3391 εἴη
2502 3321 2707 3391 μείζων
2759 3323 2793 3394 ἢ
2839 3323 3077 3378 ἐλάττων
3101 3364 3117 3391 ,
3177 3325 3293 3378 ἀλλ’
3322 3325 3446 3379 οὐδὲ
3479 3327 3708 3398 ἄγγελος

2128 3410 2360 3479 ἀγγέλου
2389 3413 2551 3482 τυχὸν
2599 3413 2734 3468 καθὸ
2778 3413 3028 3484 ἄγγελος,
3057 3415 3091 3487 ἢ
3115 3415 3300 3488 ἕτερόν
3323 3434 3376 3470 τι
3407 3418 3517 3472 τῶν
3539 3419 3708 3474 ὄντων

2128 3501 2264 3572 πρὸς
2288 3505 2398 3558 πᾶν
2430 3505 2610 3558 ὁτιοῦν
2640 3507 2903 3577 όμοφυὲς,
2968 3509 3062 3562 καὶ
3091 3509 3180 3564 τὸν
3205 3509 3304 3581 τῆς
3325 3510 3498 3582 αὐτῆς
3521 3512 3708 3576 οὐσίας

2131 3593 2288 3662 λόγον
2333 3595 2882 3669 ἀποκεκληρωμένον.
2937 3599 3146 3653 Οὐκοῦν
3179 3601 3228 3654 εί
3267 3603 3410 3656 κατὰ
3449 3602 3708 3673 ἀλήθειάν

2129 3685 2276 3739 ἐστιν
2308 3685 2439 3750 Υίὸς
2458 3727 2473 3752 ,
2519 3687 2732 3759 ἀνάγκη
2767 3680 2981 3757 λέγειν,
3016 3689 3092 3752 ὡς
3123 3689 3270 3744 ἐστιν
3301 3691 3366 3744 ὲκ
3395 3692 3493 3762 τῆς
3518 3692 3706 3756 οὐσίας

2128 3773 2220 3828 τοῦ
2250 3775 2493 3848 Πατρὸς,
2529 3779 2706 3834 πάντα
2737 3778 2806 3832 τά
2839 3779 3055 3851 ἐκείνης
3087 3781 3193 3834 ἴδια
3219 3783 3402 3853 φέρων
3448 3784 3504 3836 ἐν
3533 3783 3710 3854 ἑαυτῷ

2129 3869 2373 3937 φυσικῶς
2397 3886 2412 3901 ο
2447 3869 2544 3922 καὶ
2571 3872 2620 3924 εί
2650 3870 2809 3940 φύσει
2841 3871 2973 3935 Θεὸς
3001 3873 3029 3925 ὁ
3057 3873 3269 3946 Πατὴρ,
3300 3874 3431 3937 Θεὸς
3467 3873 3710 3944 δηλονότι

2129 3958 2274 4013 κατά
2298 3959 2461 4029 φύσιν
2487 3962 2582 4015 καὶ
2610 3963 2640 4014 6
2666 3963 2838 4032 Λόγος
2869 3965 2897 4017 6
2941 3963 3000 4028 ἐξ
3040 3966 3208 4036 αὐτῆς
3236 3967 3536 4038 γεννηθείς.
3583 3971 3708 4034 Πῶς

2129 4045 2223 4105 οὖν
2251 4051 2489 4107 ὲλάττων
2514 4052 2666 4108 ἔσται
2695 4055 2828 4120 Θεὸς
2852 4054 2987 4110 Θεοῦ
3007 4095 3023 4122 ,
3074 4058 3168 4112 καὶ
3189 4059 3352 4112 ταύτὸ
3375 4059 3441 4130 δὴ
3464 4059 3622 4114 τοῦτο
3647 4062 3711 4117 τὸ

2130 4139 2269 4199 εἶναι
2299 4143 2430 4210 Θεός
2456 4162 2472 4212 ;

2201 4256 2412 4313 ΛΛΛΟ.
2453 4256 2624 4311 Πόθεν
2651 4258 2780 4330 ὐμῖν
2799 4299 2814 4325 ,
2861 4253 2906 4313 ὦ
2932 4252 3110 4326 οὗτοι,
3152 4259 3389 4333 πάρεστι
3424 4262 3631 4335 τολμᾷν
3653 4263 3713 4316 τὸ

2132 4348 2190 4401 ἐν
2219 4347 2467 4403 ἐλάττοσι
2497 4349 2710 4404 κεῖσθαι
2745 4350 2926 4418 λέγειν
2966 4351 3056 4405 τὸν
3089 4352 3251 4417 Υίὸν,
3301 4354 3334 4424 ἢ
3365 4353 3425 4406 ὲν
3452 4348 3533 4417 οἷς
3563 4355 3712 4408 ἐστιν

2131 4439 2444 4511 όγεννήσας
2471 4441 2672 4508 αὐτόν;
2724 4443 2866 4497 κατὰ
2894 4443 3014 4498 τίνα
3049 4444 3108 4497 δὲ
3156 4446 3354 4515 τρόπον
3381 4446 3444 4499 τὸ
3491 4444 3712 4498 ἔλαττον

2133 4531 2478 4599 ὲπιδέξεταις
2546 4533 2703 4587 Κατὰ
2745 4535 2858 4604 μὲν,
2885 4529 2979 4588 οὖν
3025 4535 3115 4589 τὸν
3144 4537 3202 4588 ὲν
3226 4535 3304 4605 τῷ
3336 4531 3476 4590 εἶναι
3499 4535 3712 4608 χρόνον,

2133 4623 2234 4676 οὐκ
2259 4625 2324 4679 ἄν
2351 4643 2455 4689 τις,
2492 4620 2667 4694 οἶμαι,
2697 4626 2792 4679 καὶ
2816 4626 3019 4698 σφόδρα
3051 4627 3232 4699 ληρῶν
3261 4627 3540 4682 ὑπολάϐοι.
3569 4629 3713 4698 [lpo-

2137 4714 2353 4778 αιώνιος
2396 4717 2504 4785 γὰρ
2530 4718 2558 4768 6
2598 4717 2752 4782 Υίὸς,
2799 4720 2894 4773 καὶ
2941 4721 3102 4786 αὐτός
3141 4723 3255 4774 ἐστι
3302 4718 3411 4772 τῶν
3438 4719 3651 4772 αίὼνων
3679 4719 3708 4770 6

2138 4804 2387 4874 ποιητὴς,
2418 4805 2512 4858 καὶ
2531 4805 2612 4859 ὅτι
2643 4808 2743 4860 οὐκ
2772 4807 2841 4863 ἃν
2868 4808 3006 4874 ὅλως
3036 4807 3396 4882 περιορίζοιτο
3443 4807 3618 4878 χρόνῳ
3651 4809 3712 4860 τὸ

2136 4894 2327 4968 χρόνου
2355 4898 2556 4962 παντὸς
2586 4900 2966 4972 πρεσϐυτέραν
2993 4903 3116 4973 ἔχον
3161 4903 3262 4974 τὴν
3287 4902 3560 4971 γέννησιν,
3590 4917 3712 4970 νοη-

2136 4987 2254 5060 θείη
2283 4987 2530 5053 εἰκότως.
2597 4991 2736 5046 Ἀλλ’
2775 4993 2897 5047 οὐδὲ
2924 4995 2982 5047 ὲν
3013 4994 3163 5063 ποσῷ
3193 4995 3274 5064 τῷ
3309 4994 3448 5047 κατά
3487 4992 3715 5062 μέγεθος

2139 5077 2376 5132 ἐλάττων
2419 5079 2584 5134 αὐτοῦ
2607 5095 2621 5108 ⁵
2645 5081 2922 5153 ἀμεγέθης
2955 5083 3092 5154 γὰρ,
3116 5083 3319 5146 άποσός
3344 5101 3402 5136 τε
3441 5084 3536 5136 καὶ
3567 5082 3715 5136 ἀσώ-

2142 5186 2307 5240 ματος
2340 5169 2374 5240 ή
2409 5169 2529 5224 θεία
2558 5173 2756 5226 νοεῖται
2802 5175 2898 5229 καὶ
2936 5174 3052 5227 ἔστι
3102 5173 3284 5242 φύσις.
3336 5174 3460 5238 Πῶς
3486 5170 3582 5227 οὖν
3609 5176 3717 5245 ἄρα

2134 5261 2197 5314 τὸ
2244 5260 2464 5315 ἔλαττον
2512 5262 2607 5315 ἐπὶ
2645 5263 2742 5317 τοῦ
2791 5265 3142 5336 γεννηθέντος
3188 5265 3573 5337 δειχθήσεται;
3627 5265 3715 5318 ‘Ev

2133 5353 2260 5428 δόξῃ
2289 5354 2473 5410 λοιπὸν
2497 5397 2514 5422 ,
2541 5357 2659 5426 ὲρεῖ
2687 5375 2769 5422 τις
2795 5359 2956 5428 τυχὸν
2974 5399 2989 5424 ,
3044 5359 3102 5415 ἐν
3139 5359 3368 5429 δυνάμει
3387 5396 3402 5422 ,
3443 5360 3500 5410 ὲν
3531 5357 3710 5428 σοφίᾳ.

2135 5447 2459 5515 Λεγέτωσαν
2495 5449 2676 5502 τοίνυν
2697 5493 2712 5516 ,
2740 5451 2903 5515 πόσος
2927 5452 3075 5505 ἐστὶν
3100 5452 3158 5504 ὲν
3192 5451 3402 5514 τούτοις
3435 5449 3527 5503 καὶ
3555 5449 3715 5516 πηλί-

2133 5556 2229 5605 κος
2249 5540 2278 5592 ὁ
2303 5541 2513 5612 Πατὴρ,
2553 5544 2684 5611 εἴγε
2713 5543 2818 5614 χρὴ
2846 5544 2940 5596 καί
2966 5543 3131 5598 τοῦτο
3163 5545 3338 5596 εἰπεῖν
3365 5580 3382 5607 ,
3415 5542 3501 5595 ἵνα
3530 5542 3716 5611 νοῆται

2135 5633 2317 5690 λοιπὸν
2339 5635 2576 5690 ἐλάττων
2609 5638 2637 5689 ὁ
2671 5635 2829 5701 Υἱὸς,
2859 5636 2935 5701 ὠς
2960 5636 3097 5707 πρὸς
3131 5637 3309 5689 ἐκεῖνο
3339 5631 3718 5704 ἐκμετρούμεε
