4052 6208
335 291 400 345 ,ιο
1406 281 1468 337 ΙΝ
1508 281 1788 339 JOANNIS
1820 282 1896 338 EV

1996 285 2266 342 iGELlUM
2312 285 2439 341 LIB.
2481 287 2519 342 I.
3505 295 3574 350 ὅθ

330 413 450 461 νος·
483 394 516 465 ἢ
549 393 714 466 εἰπερ
749 394 898 450 ἐστὶν
923 395 982 449 ἐν
1003 396 1410 469 ἀκαταλήπτοις
1441 403 1531 455 καὶ
1558 402 1896 475 ἀνεκμετρή-

2003 405 2284 475 praeditus,
2311 414 2366 460 et
2402 415 2603 460 nostrae
2647 406 2846 461 mentis
2875 412 3093 476 captum
3143 405 3373 460 mullum
3415 422 3569 464 exce-

326 505 437 551 τοις
476 489 506 541 ὁ
536 487 730 557 Πατὴρ
774 485 1020 555 ἀγαθοῖς,
1069 489 1161 541 καὶ
1201 490 1334 544 πολὺ
1377 493 1438 544 τὺ
1479 495 1579 563 τῆς
1633 494 1904 564 ἡμετέρας

327 575 562 639 διανοίας
584 575 942 646 ἀνατρέχουσι
967 577 1170 648 μέτρον
1189 617 1204 643 ,
1226 579 1391 632 πόθεν
1409 579 1668 637 ἐλάττονα
1690 583 1904 653 λέγουσι

327 667 414 719 τὸν
455 665 588 719 Υίὺν
635 668 684 719 oi
739 668 918 721 πάντα
962 669 1272 740 τολμῶντες
1323 673 1555 743 ἑτοίμως
1605 675 1661 728 Ἀ
1672 678 1901 746 ρειανοὶ,

329 756 463 826 πρὸς
513 756 831 829 ἀνατροπὴν
878 758 973 812 τοῦ
1023 762 1316 831 προσόντος
1364 763 1514 835 αὐτῷ
1558 766 1700 820 κατά
1745 767 1905 835 φύσιν

326 847 671 918 ἀξιώματοςς
731 849 1044 920 Ἐλέγχεται
1073 853 1181 922 γάρ
1219 853 1646 926 ἀντιπαραθέσει
1669 859 1736 928 τῇ
1767 857 1904 929 πρὸς

327 938 386 990 τὸ
415 938 604 1010 μεῖζον
653 941 716 993 τὸ
751 940 970 995 ἔλαττον
994 984 1006 996 .
1056 943 1156 996 οὐκ
1203 945 1652 1017 ἐκμετρουμένης
1691 947 1746 1002 δὲ
1805 949 1904 1020 τῆς

328 1027 481 1092 ἀξίας
506 1028 602 1083 τοῦ
625 1030 857 1104 Πατρδς,
884 1032 1012 1086 ποία
1043 1033 1207 1099 δεῖξις
1239 1035 1296 1090 ἐν
1324 1035 1440 1108 Υίῷ
1463 1037 1556 1092 τοῦ
1590 1040 1903 1111 μειονεκτή-

331 1135 534 1191 patos;

395 1253 602 1306 ΔΛΔΟ.
662 1253 785 1308 Ἐπὶ
821 1258 885 1326 τῇ
927 1255 1177 1331 βδελυρίᾳ
1210 1261 1317 1315 τῶν
1349 1262 1577 1316 ἀνοσίων
1613 1265 1902 1335 αἱρετικῶν

327 1342 534 1408 ἔξεστιν
578 1343 750 1408 ὅντως
790 1346 963 1400 είπεῖν
999 1347 1364 1418 ἀληθεύοντας
1401 1367 1416 1383 ⁸
1471 1371 1491 1405 ι
1520 1353 1584 1406 Οί
1631 1353 1687 1407 δὲ
1719 1355 1902 1426 ἐχθροὶ

330 1433 488 1501 ἡμῶν
515 1435 753 1505 ἀνόητοι.
785 1455 803 1489 ι
868 1438 994 1503 Πῶς
1023 1439 1132 1510 γάρ
1158 1439 1258 1496 οὑκ
1299 1440 1365 1496 ἀν
1404 1439 1516 1498 εἷεν
1547 1445 1728 1516 πάσης
1758 1447 1902 1517 ἀμα-

335 1523 457 1588 θίας
498 1525 785 1598 ἀνάπλεῳ,
824 1547 842 1579 ι
877 1531 951 1600 μὴ
998 1530 1198 1596 εἰδότες
1237 1535 1374 1604 μήτε
1407 1533 1444 1590 ἀ
1471 1534 1725 1605 λέγουσι,
1765 1540 1899 1610 μήτε

329 1616 455 1686 περὶ
481 1615 645 1669 τίνων
664 1617 1126 1687 διαϐεϐαιοῦνται;
1161 1641 1180 1675 ι
1215 1623 1469 1699 καθάπερ
1499 1627 1528 1680 ὁ
1550 1627 1763 1691 Παῦλός
1794 1647 1899 1700 φη-

327 1725 429 1761 σιν.
456 1709 624 1764 Ὅτου
668 1709 724 1763 δὲ
762 1710 826 1782 δὴ
869 1713 1028 1783 χάριν
1053 1714 1413 1787 ἐπισκήπτειν
1454 1719 1637 1784 αὐτοῖς
1679 1721 1904 1791 οἰόμεθα

325 1802 452 1862 δεῖν,
484 1801 662 1855 ἐκεῖνό
700 1804 851 1856 ἐστιν
878 1821 893 1835 ·
930 1805 991 1858 Ei
1033 1806 1176 1860 κατά
1220 1808 1480 1879 ἀλήθειαν
1510 1810 1644 1866 Θεὸν
1669 1813 1736 1866 ἐκ
1767 1813 1902 1868 Θεοῦ

323 1891 416 1946 τοῦ
451 1893 664 1965 Πατρδς
691 1896 1050 1966 γεγεννῆσθαι
1079 1896 1296 1967 λέγουσι
1323 1898 1416 1954 τὸν
1436 1901 1596 1966 Υίδν,
1634 1903 1728 1957 καὶ
1761 1905 1904 1959 οὕτω

325 1984 672 2049 πιστεύουσι,
731 1985 851 2049 πῶς
875 1986 1114 2042 ἐλάττων
1153 1990 1268 2042 ἐστὶ
1297 1991 1390 2045 τοῦ
1420 1993 1670 2067 Πατρός;
1726 1995 1903 2068 Πολλὴ

323 2074 430 2145 γάρ
458 2074 710 2129 ἐντεῦθεν
736 2076 1166 2149 ἀποτεχθήσεται
1190 2080 1468 2152 λογισμῶν
1489 2085 1722 2151 ἀτοπία,
1762 2105 1902 2141 παν-

321 2166 456 2237 ταχῆ
490 2167 551 2220 τὺ
576 2167 860 2239 δύσφημον
898 2169 1096 2240 ἔχουσα
1119 2213 1133 2237 ,
1190 2175 1284 2226 καὶ
1333 2175 1540 2246 ὅσαπερ
1589 2177 1656 2231 ἀν
1697 2197 1778 2244 τις
1810 2182 1903 2235 καὶ

324 2257 482 2327 μόνον
507 2258 741 2314 ἀκοῦσαι
768 2264 1183 2335 παραιτήσεται.
1214 2266 1274 2319 Εἰ
1303 2267 1411 2338 γάρ
1441 2268 1576 2333 ὅλως
1609 2269 1740 2335 Θεὸς
1763 2273 1901 2326 κατά

319 2348 481 2416 φύσιν
526 2350 792 2422 ὑπάρχων
821 2355 849 2407 ό
886 2354 1012 2420 Υἱὸς
1037 2356 1342 2424 ἐπιδέξεται
1385 2361 1526 2414 κατά
1571 2378 1625 2416 τι
1654 2362 1782 2429 γοῦν
1815 2353 1926 2436 ἐφά

320 2440 497 2511 ἐαυτῷ
518 2441 582 2495 τὸ
615 2442 858 2508 ἔλαττον,
902 2446 1112 2517 ἀνάγκη
1140 2447 1328 2502 λοιπὸν
1347 2449 1568 2515 ἐννοεῖν,
1595 2451 1669 2514 ὡς
1705 2452 1819 2505 ἐστι
1847 2471 1899 2506 τι

322 2530 506 2599 μεῖξον
536 2531 694 2586 Θεοῦ.
745 2535 952 2589 Οὐκοῦν
981 2536 1080 2589 οὑκ
1107 2539 1164 2590 ἐν
1197 2539 1492 2610 τελειότητι
1530 2544 1594 2613 τῇ
1627 2545 1768 2597 κατά
1791 2546 1899 2598 πᾶν

317 2618 493 2673 ὁτιοῦν
520 2622 553 2691 ἠ
583 2621 678 2675 τοῦ
709 2623 923 2693 Πατρὸς
945 2625 1100 2678 οὐσία
1125 2627 1360 2693 νοεῖται,
1406 2629 1508 2682 κᾶν
1542 2629 1760 2701 ὑπάρχῃ
1799 2631 1899 2699 φύε

319 2727 402 2762 σει
437 2711 570 2775 Θεός
596 2729 611 2743 ’
644 2713 909 2784 προκόψει
938 2715 994 2768 δέ
1033 2733 1123 2769 ποι
1167 2717 1258 2770 καὶ
1293 2718 1456 2782 αὐτὸς
1484 2721 1574 2773 ἐπὶ
1605 2721 1662 2773 τὸ
1690 2721 1893 2792 μεῖζον,

316 2800 696 2871 ἐλεγχόμενος,
726 2803 914 2875 ὥσπερ
947 2807 1116 2860 εικόνι
1138 2807 1216 2878 τῷ
1246 2806 1382 2880 Υἱῷ,
1418 2810 1499 2862 ὅτι
1535 2810 1640 2881 πέρ
1669 2813 1897 2866 ἐστικαὶ

318 2891 488 2955 αὑτὸς
519 2894 617 2963 τῆς
647 2895 706 2947 τὸ
737 2896 960 2950 ἔλαττον
986 2899 1375 2971 ἐπιδεχομένης
1407 2901 1616 2966 οὐσίας.
1670 2904 1893 2975 Φορέσει

322 2982 380 3035 δὲ
406 2982 533 3036 αὑτδ
559 2984 801 3056 δυνάμει,
833 2989 927 3042 καὶ
951 2991 1000 3042 εί
1035 2991 1106 3060 μή
1140 3007 1225 3044 πω
1257 2993 1564 3064 πεφόρεκεν
1583 3010 1598 3027 ο
1637 2995 1759 3048 ἐπεί
1787 3012 1894 3067 περ

322 3072 390 3124 τὰ
418 3072 634 3129 δεκτικά
656 3093 800 3140 τινος
828 3077 976 3145 ὄντα,
993 3079 1200 3143 δέξεται
1222 3081 1440 3146 πάντως
1469 3083 1564 3136 καλ⁸
1587 3083 1656 3137 τὰ
1673 3078 1748 3139 ὧν
1776 3085 1889 3139 ἐστι

312 3165 556 3230 δεκτικά,
590 3167 684 3220 καὶ
709 3168 900 3240 καιροῦ
925 3170 1214 3237 καλοῦντος
1245 3175 1325 3237 είς
1354 3173 1414 3228 τὺ
1439 3175 1628 3230 παθεῖν
1661 3177 1720 3232 οὑ
1748 3195 1883 3250 παρα

310 3256 614 3326 αιτήσεται.
678 3258 838 3312 Ἀλλὰ
871 3260 1038 3331 πολλή
1087 3279 1170 3325 τις
1210 3263 1267 3316 ἐν
1298 3263 1510 3328 τούτοις
1549 3267 1582 3337 ἡ
1613 3266 1892 3338 δυσφημία

309 3347 585 3414 φαίνεται.
639 3347 780 3403 Οὑτε
807 3349 916 3422 γὰρ
954 3353 1286 3424 προϐήσεται
1313 3373 1404 3408 ποι
1435 3357 1572 3427 πρὸς
1615 3357 1676 3412 τὺ
1705 3358 1892 3428 μεῖζον

306 3440 338 3491 ὁ
374 3439 594 3512 Πατὴρ,
646 3439 764 3495 ἀλλ’
807 3443 1018 3498 οὐδὲτὸ
1058 3445 1280 3500 ἔλαττον
1321 3447 1648 3513 ἐπιδέξεται,
1696 3449 1786 3502 διὰ
1830 3451 1892 3504 τὸ

307 3527 451 3585 εἶναι
481 3531 622 3586 κατά
649 3532 812 3602 φύσιν
837 3533 986 3597 Θεός.
1009 3535 1218 3591 Οὐκοῦν
1238 3537 1298 3590 τὸ
1323 3536 1542 3592 ἔλαττον
1569 3539 1686 3594 οὑδέ
1716 3543 1744 3594 ὁ
1765 3540 1892 3602 Υἱὸς

306 3621 399 3690 ἐφ’
431 3622 610 3694 ἐαυτῷ
649 3624 1002 3692 καταδέξεται
1027 3666 1043 3691 ,
1093 3627 1225 3692 Θεὸς
1277 3630 1373 3683 καὶ
1418 3631 1580 3695 αὐτὸς
1632 3632 1891 3703 ὑπάρχων

307 3714 454 3768 κατά
483 3714 670 3784 φύσιν,
698 3715 787 3770 ἵνα
812 3715 886 3788 μὴ
914 3719 1012 3786 τῆς
1035 3718 1298 3773 ἀνωτάτω
1327 3722 1518 3775 πασῶν
1546 3723 1736 3788 οὑσίας
1756 3741 1890 3778 κατ-

303 3806 567 3877 ηγόρημα
595 3807 784 3878 νοῆται
827 3807 888 3861 τδ
915 3805 974 3874 ἐξ
1009 3809 1248 3880 ἀμαθίας
1288 3811 1397 3866 τῶν
1446 3814 1735 3885 αίρετικῶν
1768 3817 1890 3869 ἐπι-

317 3897 512 3966 ωηθέν
545 3898 836 3969 ῥημάτιον.

381 4048 584 4103 ΔΔΛΟ.
616 4049 679 4101 Ei
707 4047 836 4112 Υἱὸς
861 4049 999 4104 κατά
1026 4049 1186 4120 φύσιν
1214 4053 1472 4125 ὑπάρχων
1505 4055 1599 4110 τοῦ
1628 4057 1765 4112 Θεοῦ
1797 4060 1892 4114 καὶ

316 4139 526 4210 [ἰατρὸς
551 4141 583 4193 ὑ
629 4140 690 4208 ἐξ
738 4141 902 4195 αὑτοῦ
933 4142 1107 4211 Λόγος
1139 4144 1376 4199 ἐλάττων
1417 4148 1564 4202 ἐστὶν
1593 4149 1757 4204 αὑτοῦ
1781 4191 1795 4216 ,
1854 4153 1886 4222 ἤ

318 4229 462 4281 κατά
500 4229 589 4284 τὸν
618 4231 722 4302 τῆς
747 4230 1086 4305 θεοπρεποῦς
1126 4233 1284 4299 ἀξίας
1322 4235 1516 4306 λόγον,
1569 4237 1705 4308 ἢὼς
1751 4242 1890 4294 κατὰ

313 4315 478 4384 φύσιν
503 4319 604 4373 οὑκ
638 4319 779 4390 ἔχων
804 4321 1262 4394 ἀπαραλλάκτως,
1311 4323 1345 4395 ἢ
1374 4325 1516 4381 κατά
1550 4343 1604 4379 τι
1628 4328 1760 4395 γοῦν
1783 4329 1889 4381 τῶν

310 4413 374 4465 ἐν
414 4414 530 4478 τοῖς
574 4415 1008 4487 μειονεκτήμασι
1040 4418 1278 4489 τρόπων,
1315 4419 1415 4473 οὐκ
1441 4421 1608 4475 αὐτοῦ
1636 4422 1889 4477 τοσοῦτον

310 4505 468 4558 ἔσται
491 4505 554 4558 τὸ
581 4506 946 4580 κατηγόρημα
975 4509 1201 4578 μᾶλλον,
1251 4511 1376 4564 ὅσον
1402 4510 1503 4580 τῆς
1535 4513 1722 4575 οὐσίας
1743 4512 1802 4578 ἐξ
1822 4508 1890 4585 ἧς

309 4591 454 4649 εἶναι
479 4597 839 4653 πεπίστευται
857 4637 873 4662 ,
930 4601 1088 4672 εῐπερ
1124 4600 1261 4664 ὅλως
1291 4600 1354 4654 τὸ
1381 4601 1601 4656 ἔλαττον
1621 4641 1636 4665 ,
1687 4604 1806 4675 ἢτοι
1831 4607 1892 4659 τὸ

310 4687 518 4758 χεῖρον,
538 4689 617 4753 ὡς
643 4689 782 4760 πρὸς
807 4689 937 4744 αὐτὸ
952 4709 981 4744 ν
1009 4692 1362 4761 ἀπογεννῶσα
1387 4694 1634 4763 φαίνεται
1653 4737 1668 4762 ,
1717 4696 1894 4751 καίτοι

312 4777 421 4846 τῆς
449 4777 686 4848 γενητῆς
717 4779 812 4832 καὶ
847 4781 1220 4854 πεποιημένης
1245 4783 1348 4838 οὑκ
1371 4785 1708 4856 ἀνεχομένης
1736 4786 1892 4842 τοῦτο

310 4866 531 4922 παθεῖν.
590 4870 777 4924 Τίκτει
823 4871 930 4942 γὰρ
971 4874 1191 4938 πάντως
1216 4875 1278 4928 τὸ
1322 4876 1506 4946 ὅμοιον
1554 4876 1734 4948 ἐαυτῷ
1782 4880 1892 4934 πᾶν

311 4961 451 5029 ὅπερ
493 4959 612 5012 ἐστὶ
649 4963 1006 5032 καρπογόνον.
1059 4964 1122 5018 Ei
1169 4967 1228 5020 δὲ
1271 4967 1384 5021 ἄνω
1427 4970 1628 5034 παντὸς
1684 4969 1894 5024 κεῖσθαι

307 5048 522 5114 πάθους
546 5051 647 5120 τὴν
676 5051 828 5107 θείαν
865 5054 960 5108 τοῦ
993 5057 1204 5130 Πατρδς
1237 5059 1424 5130 ἐροῦσι
1457 5060 1639 5130 φύσιν,
1675 5062 1780 5130 ἔξω
1804 5062 1895 5132 δηο

187 5169 214 5177 ν
306 5137 491 5193 λονότι
520 5143 616 5197 καὶ
643 5143 743 5213 τῆς
776 5145 867 5198 ἐπὶ
891 5145 1046 5201 τοῦτο
1073 5151 1410 5222 κατηγορίας
1433 5153 1707 5218 κείσεται,
1732 5153 1808 5217 ὡς
1838 5153 1895 5206 δὲ

306 5230 625 5299 ἀρχέτυπος
652 5228 790 5288 οὖσα
818 5235 926 5289 τῶν
973 5239 1031 5290 ἐν
1064 5239 1198 5310 ἡμῖν
1225 5241 1444 5309 ἀγαθῶν
1468 5283 1484 5306 ,
1512 5244 1612 5297 οὐκ
1640 5244 1896 5299 ἐλάττονα

306 5321 409 5373 τὸν
452 5321 583 5376 Υῑδν
623 5324 981 5391 ἀποτὲξεται,
1030 5331 1146 5384 ἀλλ’
1172 5327 1288 5385 ἶσόν
1320 5350 1380 5386 τε
1436 5335 1528 5387 καὶ
1577 5335 1882 5406 ὁμοούσιον,

310 5411 406 5462 ἵνα
429 5414 502 5485 μὴ
522 5415 617 5468 καὶ
637 5417 794 5486 ἡμῶν
816 5419 1259 5494 ἀπολιμπάνηται
1278 5423 1407 5488 Θεὸς
1430 5426 1456 5478 ὁ
1479 5425 1725 5482 τοσοῦτον
1756 5428 1895 5499 ὑπὲρ

312 5504 484 5572 ἡμᾶς·

424 5682 466 5713 ³⁷
503 5682 684 5741 ITim.
725 5701 764 5749 I,
790 5685 841 5743 7.

2007 495 2264 551 dentibus
2296 539 2309 563 ,
2357 495 2632 551 undenam
2676 496 2943 551 minorem
2981 496 3174 551 dicunt
3207 512 3329 552 esse
3377 496 3572 553 Filium

2007 586 2097 655 qui
2148 587 2332 641 omnia
2379 595 2582 642 temere
2623 587 2826 641 audent
2867 587 3078 651 Ariani,
3111 586 3178 642 ad
3218 587 3573 643 evertendam

2006 685 2128 740 qua:
2149 670 2199 726 ei
2234 671 2557 726 naturaliter
2583 672 2730 728 inest
2770 672 3130 742 dignitatem?
3155 674 3574 744 Comparatione

2006 761 2114 832 26
2138 761 2286 815 enim
2330 761 2558 831 majoris
2588 763 2770 820 minus
2806 765 3102 821 innotescit
3129 783 3142 819 :
3169 763 3348 820 Patris
3389 773 3571 820 autem

2006 852 2324 923 dignitatem
2385 869 2493 908 non
2543 855 2800 925 dimensi,
2833 857 3106 927 quomodo
3153 856 3570 918 diminutionem

2004 943 2306 1001 ostendetis
2331 944 2384 1000 in
2411 943 2581 1001 Filio?

2072 1251 2300 1307 ALIUD.
2349 1251 2421 1308 De
2479 1252 2804 1308 exsecrabili
2859 1258 3134 1322 .mptetate
3188 1253 3570 1308 haereticorum

2005 1352 2152 1398 certe
2182 1351 2236 1397 et
2249 1358 2313 1398 ex
2351 1342 2428 1398 rei
2457 1343 2685 1399 veritate
2713 1343 2898 1398 dicere
2920 1357 3217 1412 possumus
3248 1361 3262 1399 :
3296 1361 3316 1395 ι
3358 1341 3570 1398 Inimici

2005 1430 2179 1486 nostri
2226 1430 2424 1485 insani.
2468 1450 2487 1483 ι
2529 1429 2816 1496 Quomodo
2845 1432 2989 1485 enim
3045 1433 3194 1486 omni
3231 1446 3430 1502 genere
3474 1431 3570 1487 de-

2005 1521 2221 1575 mentiae
2250 1534 2357 1574 nsn
2388 1520 2689 1590 pleui‘sint,
2718 1522 2812 1590 qui
2847 1539 2866 1572 ι
2905 1537 3080 1591 neque
3099 1537 3222 1592 qua
3247 1523 3567 1592 loquuntur.

2004 1624 2180 1678 neque
2228 1609 2296 1664 de
2340 1609 2540 1680 quibus
2574 1609 2846 1664 afﬁrmant
2875 1611 3224 1681 intelligunt?
3263 1631 3282 1664 ι
3316 1613 3574 1681 quemad-

2004 1700 2223 1754 modum
2253 1699 2457 1756 Paulus
2506 1702 2583 1755 ait
2617 1702 2686 1754 ⁸⁷.
2713 1701 2892 1756 Causa
2926 1712 3106 1757 autem
3155 1713 3377 1772 propter
3405 1718 3569 1773 quam

1934 1785 1976 1840 Β
2005 1789 2127 1845 illos
2160 1789 2640 1860 reprehendendos
2683 1800 2966 1862 putamus,
2998 1808 3063 1848 ea
3096 1802 3218 1848 est:
3247 1791 3307 1848 Si
3350 1807 3410 1848 re
3442 1807 3569 1850 vera

2007 1879 2173 1935 Deum
2221 1897 2285 1936 ex
2332 1882 2440 1938 Deo
2471 1882 2633 1941 Patre
2677 1885 2920 1954 genitum
2955 1900 3079 1941 esse
3117 1885 3311 1940 dicunt
3349 1883 3568 1948 Filium,

2004 1980 2166 2042 atque
2219 1973 2292 2027 ita
2351 1977 2611 2041 credunt,
2656 1977 2936 2048 quomodo
2990 1977 3172 2031 minor
3235 1982 3323 2030 est
3371 1974 3574 2030 Patre?

2005 2060 2142 2116 Iliuc
2193 2063 2338 2118 enim
2393 2065 2635 2134 prodibit
2682 2067 2852 2122 multa
2905 2067 3181 2120 rationum
3229 2063 3566 2127 absurditas,

2003 2161 2224 2210 scatens
2277 2154 2480 2226 ubique
2520 2158 2904 2229 blasphemiis,
2945 2167 3001 2214 et
3039 2172 3178 2228 quas
3228 2169 3396 2212 aures
3425 2156 3568 2211 τοίαν

2000 2246 2172 2315 giant.
2205 2245 2338 2300 Nam
2374 2247 2422 2302 si
2462 2246 2604 2304 Deus
2637 2249 2936 2306 secundum
2995 2257 3246 2304 naturam
3311 2261 3438 2301 cum
3494 2248 3568 2303 sit

2003 2334 2196 2402 Filius,
2235 2338 2636 2406 quadamtenus
2680 2340 2736 2395 in
2781 2355 2842 2397 se
2872 2340 3059 2396 minus
3107 2339 3312 2410 capiat,
3341 2354 3568 2396 necesse

1999 2434 2087 2482 est
2150 2429 2369 2483 tandem
2423 2431 2668 2500 cogitare
2732 2431 2940 2501 aliquid
3012 2446 3138 2488 esse
3195 2431 3374 2502 majus
3435 2429 3566 2486 Deo.

2001 2515 2170 2586 Igitur
2220 2534 2332 2573 non
2388 2520 2441 2573 in
2511 2522 2847 2590 perfectione
2893 2523 3208 2578 omnimoda
3258 2523 3565 2578 substantia

1999 2609 2184 2667 Patris
2217 2609 2541 2682 intelligitur
2568 2625 2716 2677 esse,
2739 2612 2991 2682 quamvis
3019 2620 3219 2666 natura
3260 2613 3332 2668 sit
3371 2611 3511 2668 Deus
3549 2631 3562 2665 :

1998 2701 2094 2757 sed
2143 2702 2260 2772 ipse
2293 2718 2516 2773 quoque
2551 2704 2605 2758 in
2637 2704 2817 2774 majus
2864 2702 3133 2773 proﬁciet,
3165 2703 3220 2756 in
3250 2701 3390 2757 Filio
3424 2704 3567 2758 sicut

1999 2794 2234 2863 imagine
2300 2796 2600 2850 ostendens
2669 2809 2730 2849 se
2789 2809 3009 2864 quoque
3064 2809 3188 2850 esse
3251 2793 3564 2849 substantia

1995 2887 2283 2956 praditum
2316 2902 2436 2956 qua:
2466 2883 2648 2941 minus
2675 2886 2927 2955 suscipit.
2953 2885 3071 2940 I‘loc
3105 2895 3288 2944 autem
3323 2885 3564 2954 potentia

1997 2978 2155 3042 feret,
2188 2979 2316 3035 licet
2359 2978 2539 3034 adhuc
2583 2993 2691 3034 non
2741 2978 2930 3032 tulerit
2965 2995 2980 3032 :
3013 2991 3139 3032 nam
3171 2991 3293 3046 qua:
3326 2975 3565 3046 alicujus

1995 3079 2122 3123 sunt
2153 3068 2402 3138 capacia,
2442 3082 2507 3124 ea
2555 3069 2747 3138 utique
2799 3067 3099 3137 suscipient
3150 3080 3388 3136 quorum
3437 3073 3565 3122 sunt

1994 3160 2241 3230 capacia,
2275 3167 2329 3215 et
2359 3169 2605 3230 tempore
2627 3161 2694 3215 ad
2725 3158 3139 3229 suscipiendum
3170 3169 3427 3223 vocante,
3449 3172 3565 3214 non

1994 3253 2351 3308 recusabunt.
2379 3252 2486 3307 Sed
2522 3252 2691 3307 multa
2726 3252 2781 3306 in
2816 3251 2902 3308 bis
2932 3250 3270 3320 blasphemia
3297 3251 3560 3307 wrnitur.

1991 3341 2182 3412 Neque
2230 3343 2376 3400 enim
2417 3345 2474 3399 in
2510 3343 2690 3414 majus
2733 3342 2898 3398 Pater
2929 3343 3117 3412 utique
3163 3341 3559 3412 progrediatur,

1992 3436 2090 3492 sed
2139 3450 2240 3492 nec
2294 3436 2478 3492 minus
2519 3435 2804 3503 suscipiet,
2849 3444 3134 3506 propterea
3177 3434 3323 3504 quod
3366 3448 3562 3489 secun~

1992 3529 2122 3585 dum
2179 3536 2435 3584 naturam
2502 3535 2588 3584 est
2634 3525 2799 3583 Deus.
2851 3525 2994 3598 Ergo
3047 3541 3225 3596 neque
3282 3523 3454 3580 Filius
3505 3527 3560 3578 in

1993 3623 2179 3692 seipso
2217 3622 2403 3678 minus
2434 3619 2694 3690 accipiet,
2731 3618 2874 3674 Deus
2912 3632 3039 3672 cum
3087 3619 3160 3674 sit
3193 3618 3309 3688 ipse
3345 3631 3563 3688 quoque

1993 3713 2298 3770 secundum
2325 3723 2604 3776 naturam,
2640 3726 2710 3766 ne
2745 3723 3060 3780 supremam
3099 3708 3344 3763 omnium
3374 3721 3560 3764 essem

1994 3806 2126 3860 tiam
2185 3806 2382 3862 laedere
2434 3814 2729 3862 censeatur
2784 3803 2874 3857 illa
2929 3816 2994 3855 ex
3051 3799 3431 3855 haereticorum
3466 3813 3565 3854 ve-

1991 3896 2180 3953 cordia
2213 3898 2519 3967 excogitata
2551 3897 2765 3953 vocula.
2811 3928 2814 3930 ν

2063 4055 2294 4112 ALIUD.
2339 4053 2397 4112 Si
2465 4052 2637 4111 Filius
2702 4051 3006 4110 secundum
3076 4058 3329 4106 naturam
3403 4060 3557 4102 suam

1991 4148 2269 4205 exsistens
2327 4143 2422 4201 Dei
2476 4141 2540 4200 ac
2573 4143 2751 4201 Patris
2790 4143 3053 4206 Verbum,
3100 4141 3280 4194 minus
3326 4145 3410 4194 est
3457 4153 3556 4199 eo,

1993 4242 2108 4296 sive
2155 4239 2356 4294 divinae
2409 4236 2713 4307 majestatis
2761 4234 2996 4298 ratione,
3031 4231 3147 4287 sive
3170 4229 3316 4301 quod
3359 4242 3556 4285 secun-

1993 4331 2121 4386 dum
2161 4337 2414 4385 naturam
2465 4342 2620 4383 suam
2672 4339 2782 4381 non
2828 4324 3004 4395 possit
3034 4337 3156 4380 esse
3187 4322 3348 4394 plane
3389 4321 3556 4380 idem,

1995 4431 2090 4476 aut
2128 4428 2278 4475 certe
2319 4419 2428 4474 alio
2497 4417 2694 4487 quovis
2753 4413 3137 4471 diminutionis
3206 4413 3406 4478 modo,
3451 4427 3560 4466 non

1994 4521 2104 4567 tam
2136 4512 2183 4567 is
2231 4508 2491 4572 laedetur,
2541 4522 2705 4578 quam
2755 4521 2818 4563 ea
2863 4522 2929 4562 ex
2993 4521 3100 4575 qua
3155 4503 3400 4561 creditur
3439 4516 3562 4558 esse

1991 4601 2346 4666 substantia,
2393 4600 2665 4671 siquidem
2721 4615 2834 4655 rem
2897 4598 3080 4669 seipso
3142 4597 3408 4652 minorem
3466 4604 3562 4649 aut

1991 4696 2323 4752 deteriorem
2381 4695 2603 4766 gignere
2665 4692 2905 4758 videtur,
2950 4691 3075 4747 licet
3128 4688 3181 4746 id
3248 4699 3435 4745 creata
3505 4696 3562 4743 et

1991 4789 2136 4846 facta
2186 4788 2499 4845 substantia
2554 4801 2665 4842 non
2727 4783 3098 4854 ferat.Gignit
3133 4783 3279 4838 enim
3334 4796 3561 4852 prorsus

1991 4883 2096 4938 sibi
2130 4881 2328 4947 simile,
2355 4880 2729 4951 quodcunque
2788 4875 3133 4930 I‘ructilerum
3177 4881 3279 4928 est.
3314 4872 3472 4939 Quod
3513 4872 3558 4926 si

1991 4974 2138 5028 omni
2195 4972 2451 5042 passione
2508 4969 2846 5040 superiorem
2906 4982 3027 5022 csse
3082 4965 3266 5020 dicent
3319 4964 3559 5017 divinam

1992 5063 2170 5118 Patris
2221 5071 2496 5123 naturam,
2552 5073 2748 5130 expers
2807 5058 2995 5126 utique
3045 5056 3192 5110 illius
3246 5051 3385 5106 labis
3428 5051 3558 5113 erit,

1994 5168 2230 5222 cumque
2287 5149 2610 5222 primigenia
2664 5149 2738 5204 sit
2785 5146 3030 5224 omnium
3084 5143 3244 5198 nobis
3289 5141 3559 5194 bonorum

1994 5245 2100 5315 27
2164 5245 2425 5306 essentia,
2471 5257 2580 5296 non
2650 5240 2915 5294 minorem
2965 5238 3151 5308 gignet
3196 5233 3416 5299 Filium,
3461 5233 3558 5288 sed

1992 5336 2255 5406 aequalem
2303 5343 2358 5389 et
2400 5331 2949 5392 consubstantialem,
2988 5344 3054 5384 ne
3105 5326 3271 5390 Deus,
3317 5325 3409 5397 qui
3443 5334 3562 5382 lano

1994 5437 2181 5499 topere
2213 5441 2314 5483 nos
2343 5425 2580 5492 excedit,
2617 5423 2776 5480 nobis
2813 5436 3031 5494 quoque
3061 5421 3128 5478 sit
3170 5419 3417 5480 inferior,
