4072 6210
477 277 537 334 5|
1499 268 1558 324 S.
1589 266 1870 326 CYRILLI
1908 265 2380 324 ALEXANDRINI
2418 269 2738 327 ARCIIIEP.
3647 279 3715 334 52

544 393 772 463 ALIUD,
808 409 902 465 per
929 365 1282 450 reductionem
1325 394 1394 449 ad
1445 394 1757 450 absurdum.
1791 393 2039 463 Seipsum

2232 395 2443 463 AMO,
2483 395 2582 450 διὰ
2625 396 2738 467 τῆς
2771 398 2856 465 είς
2900 397 3131 454 ἄτοπον
3180 398 3520 471 ἀπαγωγῆς.
3576 405 3718 461 Ἴσον

472 488 736 558 :equalem
801 485 910 542 Deo
964 501 1028 542 ac
1093 487 1247 541 Patri
1313 486 1635 551 ostendens,
1666 486 1744 540 ait
1789 485 2044 540 Christus

473 577 677 633 alicubi
725 576 790 631 ad
825 592 956 633 suos
985 577 1288 647 discipulos
1326 596 1340 632 :
1387 597 1406 630 ι
1437 579 1555 647 Qui.
1586 578 1718 633 vidit
1767 592 1874 641 me,
1911 576 2044 630 vidit

474 669 688 725 Patrem
721 685 900 725 meum
938 670 1004 724 ⁵⁸.
1046 687 1066 722 ι
1104 671 1170 724 At
1201 669 1480 740 quomodo
1523 670 1573 724 is
1605 670 1696 739 qui
1737 668 2042 723 secundum

476 769 726 816 naturam
758 761 889 816 talis
915 769 1022 828 est,
1050 763 1264 832 qualem
1297 776 1358 818 se
1389 776 1515 818 vere
1543 761 1760 824 asserit,
1786 761 2045 815 imminu-

478 853 676 909 tionem
726 852 1017 909 habiturus
1063 863 1168 920 est,
1204 862 1265 909 ut
1293 854 1463 911 stulte
1506 852 1758 908 nonnulli
1812 853 2046 906 volunt?

475 943 610 998 Nam
646 944 690 1001 si
721 945 901 1000 minor
930 945 1228 1012 exsistens,
1262 947 1315 1000 in
1347 947 1534 1018 seipso
1565 944 1778 998 Patrem
1803 944 2048 1000 ostendit

477 1037 630 1092 nullo
695 1037 1068 1093 intercedente
1099 1038 1444 1104 discrimine,
1472 1036 1539 1090 ad
1599 1036 1813 1090 Patrem
1863 1037 2043 1090 inuni-

475 1131 630 1185 nutio
667 1131 986 1199 pertinebit,
1017 1130 1107 1200 qui
1149 1130 1206 1185 in
1258 1129 1588 1184 immutabili
1637 1135 1862 1198 apparet
1911 1127 2046 1181 ima-

471 1221 620 1291 gine,
673 1219 808 1275 Filio
889 1222 1173 1276 nimirum.
1221 1220 1296 1275 At
1353 1221 1460 1276 hoc
1511 1218 1838 1276 absurdum.
1879 1218 2047 1290 Igitur

473 1329 583 1368 non
640 1312 824 1368 minor
875 1323 960 1369 est
1006 1313 1203 1380 Filius,
1266 1313 1322 1369 in
1380 1328 1489 1384 quo
1541 1311 1705 1368 Pater
1771 1311 2046 1384 perfectus

472 1406 745 1461 exsistens
779 1407 1123 1477 exprimitur.

540 1495 772 1554 ALIUD.
801 1498 1086 1563 Quomodo
1109 1497 1281 1555 Filius
1309 1500 1494 1556 minus
1530 1488 1692 1568 quam
1714 1499 1876 1552 Pater
1901 1496 2047 1552 acci-

475 1588 607 1658 piat,
642 1592 734 1659 qui
781 1592 918 1644 citra
970 1591 1190 1661 culpam
1236 1591 1313 1645 ait
1345 1609 1359 1646 :
1391 1608 1413 1644 ι
1453 1588 1649 1647 Omnia
1702 1603 2047 1661 quaecunque

2145 485 2338 540 ἑαυτὸν
2380 486 2734 542 ἐπιδεικνύων
2777 490 2856 559 τῷ
2903 489 3022 560 Θεῷ
3068 489 3164 543 καὶ
3213 491 3407 562 Πατρὶ,
3435 494 3568 561 φησί
3613 511 3716 549 που

2142 577 2377 648 Χριστὸς
2410 579 2547 652 πρὸς
2572 582 2700 645 τοὺς
2724 582 2955 645 οἰκείους
2984 581 3226 653 μαθητάς
3250 597 3264 613 ’
3308 602 3326 635 ι
3366 583 3424 636 '0
3455 585 3716 655 ἑωρακὼς

2144 670 2266 740 ἐμὲ,
2299 669 2512 741 ἑώρακε
2548 672 2638 726 τὸν
2681 673 2898 745 Πατέρα
2934 692 3056 746 μου.
3090 693 3107 726 ι
3157 671 3287 728 Εἶτα
3337 677 3454 738 πῶς
3502 679 3531 732 6
3575 681 3717 733 κατὰ

2145 759 2306 830 φύσιν
2329 761 2588 828 τοιοῦτος,
2617 764 2760 819 οὕτω
2783 783 2844 819 τε
2872 767 3131 839 ὑπάρχων
3153 769 3228 831 ὼς
3257 769 3418 832 αὐτὸς
3441 769 3718 841 ἀληθεύων

2143 850 2549 923 διισχυρίζεται,
2580 855 2642 909 τὸ
2667 857 2885 913 ἔλαττον
2912 859 3023 923 ἔξει
3055 860 3196 913 κατὰ
3224 861 3322 933 τήν
3365 877 3526 915 τινων
3554 863 3718 917 ἀϐου-

2145 944 2302 1010 λίαν;
2351 947 2413 1000 ΕΞ
2444 945 2554 1017 γάρ
2585 948 2843 1020 ὑπάρχων
2874 950 3109 1003 ἐλάττων
3153 952 3211 1003 ἐν
3261 952 3437 1022 ἑαυτῷ
3487 953 3718 1008 δεικνύει

2143 1037 2237 1090 τὸν
2291 1038 2532 1108 Πατέρα,
2562 1038 2830 1109 μηδεμιᾶς
2875 1040 3274 1111 μεσολαόούοης
3330 1043 3682 1114 παραλλαγῆς
3702 1083 3717 1108 ν

2146 1128 2238 1180 ἐπὶ
2263 1128 2354 1181 τὸν
2374 1129 2593 1201 Πατέρα
2618 1129 2679 1183 τὸ
2711 1131 2928 1186 ἔλαττον
2952 1131 3302 1202 ἀναϐήσεται,
3331 1133 3406 1195 ὡς
3431 1135 3490 1186 ὲν
3509 1135 3716 1205 ἀμετα-

2147 1220 2357 1292 ποιήτῳ
2392 1221 2713 1291 φαινόμενον
2742 1223 2911 1276 εἰκόνι
2943 1222 3021 1294 τῷ
3049 1223 3184 1293 Υίῷ.
3229 1224 3388 1276 Ἀλλὰ
3411 1224 3569 1279 τοῦτο
3601 1226 3717 1280 ἀτο·

2147 1329 2267 1368 πον.
2317 1314 2524 1370 Οὐκοῦν
2553 1314 2652 1368 ούκ
2685 1314 2920 1370 ἐλάττων
2949 1317 2976 1368 6
3006 1317 3152 1384 Υίὸς,
3190 1319 3247 1370 ὲν
3277 1310 3429 1388 ᾧπερ
3459 1317 3716 1380 εἰκονίζε-

2145 1419 2236 1457 ται
2263 1403 2471 1469 τέλειος
2498 1403 2574 1457 ὣν
2601 1406 2630 1458 6
2659 1405 2868 1477 Πατήρ.

2215 1496 2417 1551 ΑΛΛΟ.
2459 1495 2570 1550 Καὶ
2595 1497 2712 1562 πῶς
2744 1497 2809 1550 ἂν
2841 1497 2902 1551 τὸ
2928 1497 3168 1558 ἔλαττον,
3196 1497 3229 1566 ἥ
3264 1497 3321 1549 ἐν
3349 1491 3543 1569 οἷσπερ
3569 1498 3715 1552 ἐστιν

2145 1587 2174 1639 ό
2217 1587 2424 1658 Πατὴρ,
2457 1587 2487 1642 6
2526 1587 2656 1652 Υἱὸς
2704 1587 3048 1658 ὲπιδέξηται,
3101 1588 3272 1658 λέγων
3329 1588 3712 1659 ἀνεγκλήτως·

475 1681 639 1736 habet
665 1679 832 1735 Pater
861 1696 983 1750 mea
1021 1691 1150 1737 sunt
1179 1681 1264 1737 ⁸⁸2
1291 1703 1310 1736 ι
1342 1681 1410 1736 Et
1446 1697 1665 1746 rursus,
1692 1679 1944 1736 oratione
1973 1678 2039 1734 ad

2152 1693 2171 1727 ‹
2203 1677 2387 1731 Πάντα
2407 1680 2504 1732 ὅσα
2529 1676 2640 1747 ἔχει
2665 1678 2692 1730 6
2721 1679 2908 1750 Πατὴρ
2946 1678 3055 1748 ἐμά
3079 1679 3214 1730 ὲστιο
3251 1698 3270 1729 ι
3313 1677 3407 1731 καὶ
3434 1677 3617 1742 πάλιν,
3639 1677 3715 1741 ὡς

476 1770 641 1828 lleum
675 1785 728 1827 et
751 1772 968 1828 Patrem
991 1789 1258 1830 conversa
1290 1792 1303 1829 :
1335 1793 1354 1826 ‹
1390 1774 1586 1830 Omnia
1619 1788 1738 1828 mea
1771 1781 1861 1826 tua
1887 1779 2038 1837 sunt,

472 1875 523 1922 ct
555 1873 643 1918 tua
689 1880 807 1920 mea
833 1865 899 1920 ⁸ο.
939 1884 957 1917 ι
989 1865 1046 1920 Si
1078 1866 1223 1920 enim
1243 1906 1258 1928 ,
1296 1874 1355 1920 ut
1377 1873 1581 1921 temere
1613 1865 1860 1920 nonnulli
1887 1878 2041 1920 asse-

474 1963 622 2018 runt,
658 1969 850 2009 revera
902 1955 1084 2010 minor
1132 1963 1220 2011 est
1272 1954 1471 2021 Filius,
1501 1956 1760 2024 quoniam
1794 1969 1920 2010 vero
1963 1955 2044 2009 lo-

471 2048 662 2117 quitur
689 2045 818 2100 dum
853 2046 988 2101 dicit
1024 2046 1094 2100 ad
1139 2046 1356 2102 Patrem
1393 2065 1409 2102 :
1447 2064 1466 2098 ι
1505 2045 1623 2102 Mea
1668 2053 1760 2100 tua
1813 2052 1962 2110 sunt,
1985 2052 2043 2102 et

471 2147 562 2190 tua
588 2153 744 2202 mea;
783 2156 803 2190 ι
835 2137 1016 2192 minus
1048 2137 1101 2191 in
1133 2136 1350 2193 Patrem
1376 2136 1552 2203 cadet,
1581 2144 1636 2192 et
1669 2139 1852 2206 majus
1886 2135 2044 2190 simi-

474 2228 602 2283 liter
627 2229 683 2282 in
709 2227 929 2296 Filium,
962 2231 1279 2300 promiscuo
1304 2245 1487 2285 rerum
1519 2228 1736 2294 ordine,
1768 2228 2039 2298 siquidem

470 2323 525 2375 in
557 2322 732 2378 altero
775 2337 896 2393 qua;
941 2323 1099 2378 alteri
1144 2322 1338 2380 insunt
1387 2321 1759 2392 reperiuntur,
1799 2330 1854 2378 et
1892 2320 2040 2391 quod

471 2411 650 2468 Patris
691 2421 796 2476 est,
832 2413 937 2468 hoc
986 2414 1154 2468 etiam
1184 2421 1270 2468 est
1300 2411 1447 2468 Filii.
1487 2411 1554 2466 Et
1601 2427 1830 2476 rursus,
1865 2411 2041 2483 quod-

465 2516 689 2571 cunque
750 2499 872 2556 Filii
930 2502 1214 2572 proprium
1256 2517 1382 2558 esse
1434 2501 1686 2567 videtur,
1754 2502 1905 2559 istud
1955 2508 2042 2558 est

467 2593 668 2650 Patris.
731 2593 879 2649 Nihil
921 2609 1056 2664 ergo
1103 2594 1291 2650 dicere
1337 2594 1543 2650 vetabit
1591 2595 1860 2650 minorem
1915 2609 2041 2651 esse

465 2683 606 2742 Filio
650 2685 894 2752 Patrem,
934 2696 990 2741 et
1035 2686 1301 2756 majorem
1351 2685 1515 2740 Patre
1547 2684 1767 2740 Filium.
1816 2683 1926 2740 Sed
1955 2685 2038 2740 vel

464 2777 709 2850 cogitatu
738 2776 884 2832 istud
927 2785 1010 2832 est
1033 2775 1514 2832 absurdissimum.
1565 2775 1820 2845 Equalis
1849 2775 2037 2845 igitur,

465 2877 524 2925 et
553 2883 662 2924 non
692 2868 872 2923 minor
903 2875 991 2924 est
1034 2868 1130 2937 qui
1157 2862 1482 2924 communes
1523 2867 1690 2924 habet
1718 2881 1842 2924 cum
1876 2867 2039 2924 Patre

466 2958 720 3016 essentia
747 2956 1160 3028 praerogativa.

535 3137 766 3203 ALIUD,
795 3153 863 3193 ea:
897 3136 1098 3193 eodem.
1138 3136 1198 3194 Si
1235 3152 1580 3210 quaecunque
1640 3138 1802 3194 habet
1853 3139 2036 3206 Pater,

469 3228 584 3286 hac
608 3229 793 3284 omnia
809 3237 940 3286 sunt
969 3228 1114 3294 Filii,
1133 3236 1220 3286 est
1251 3237 1434 3286 autem
1462 3230 1516 3284 in
1545 3229 1707 3286 Patre
1735 3229 1998 3300 perfectio
2023 3249 2037 3286 :

468 3319 742 3393 perlectus
767 3321 874 3377 erit
903 3332 957 3378 et
990 3321 1185 3388 Filius,
1217 3323 1312 3393 qui
1351 3322 1516 3378 habet
1548 3338 1669 3392 quae
1701 3323 1880 3379 Patris
1915 3339 2042 3394 pro-

469 3415 584 3485 pria
631 3423 764 3472 sunt
795 3423 852 3472 et
901 3416 1124 3472 eximia.
1173 3416 1346 3488 Igitur
1393 3429 1504 3472 non
1551 3424 1636 3473 est
1683 3416 1926 3478 iul‘erior,
1980 3426 2040 3472 ut

466 3508 632 3579 impie
665 3508 901 3564 hieretici
927 3508 1189 3564 sentiunt.

535 3598 767 3667 ALIUD,
796 3614 887 3669 per
923 3599 1273 3655 “ductionem
1308 3602 1361 3655 in
1389 3600 1700 3666 absurdum,
1724 3617 1842 3655 cum
1871 3603 2037 3672 syllo-

466 3691 623 3760 gismi
676 3691 1056 3761 complexione.
1088 3691 1283 3748 Dicant
1331 3692 1490 3748 nobis
1523 3692 1618 3763 qui
1677 3693 2037 3764 inexstingui-

470 3783 630 3837 bilem
666 3782 942 3838 ﬂammam
979 3784 1035 3837 in
1081 3789 1248 3852 caput
1291 3797 1452 3837 suum
1506 3788 1818 3845 arcessunt,
1857 3789 1913 3837 et
1951 3797 2037 3838 re-

465 3883 609 3929 ctam
636 3874 946 3930 divinorum
967 3874 1280 3945 dogmatum
1307 3874 1572 3929 rationem
1599 3879 1947 3936 aversantur,
1973 3888 2038 3928 ac

467 3966 741 4020 variarum
799 3967 1134 4037 argutiarum
1176 3965 1287 4034 28
1321 3966 1614 4031 versutias,
1663 3967 1731 4020 ad
1787 3964 2034 4021 fraudem

467 4055 861 4126 simpliciorum
913 4062 969 4110 et
1017 4055 1431 4110 subversionem
1480 4057 1815 4127 excogitant.
1849 4064 2035 4110 utrum

465 4149 683 4204 tandem
721 4148 913 4204 melior
941 4147 1013 4204 sit
1052 4147 1211 4203 Pater
1246 4147 1405 4211 Filio,
1436 4165 1558 4203 cum
1587 4150 1762 4217 major
1790 4150 1861 4204 sit
1895 4150 2032 4218 ipso,

465 4245 511 4296 si
533 4239 726 4324 .Filius
761 4243 942 4297 minor
972 4249 1080 4307 est,
1111 4248 1171 4296 ut
1217 4241 1293 4296 illi
1338 4249 1632 4312 nugautur,
1673 4257 1741 4295 an
1783 4257 1917 4296 non.
1945 4242 2034 4308 At,

464 4333 688 4397 opinor,
740 4332 1019 4388 meliorem
1077 4348 1199 4389 esse
1256 4333 1591 4390 fatebuntur.
1643 4332 1835 4389 Dicant
1905 4348 2035 4405 ergo

2145 1769 2281 1840 πρὸς
2323 1768 2415 1823 τὸν
2449 1768 2582 1822 Θεὸν
2613 1770 2705 1822 καὶ
2736 1769 2974 1839 Πατέρα,
3017 1771 3098 1824 ὅτι
3154 1787 3172 1820 ι
3200 1769 3384 1824 Πάντα
3411 1768 3480 1821 τὰ
3511 1767 3619 1838 ἐμὰ
3649 1765 3718 1820 σά

2143 1861 2311 1928 ἐστιν,
2339 1861 2434 1914 καὶ
2458 1859 2528 1915 τὰ
2563 1860 2630 1916 σὰ
2668 1861 2809 1930 ἐμάς
2843 1880 2861 1913 ι
2895 1861 2960 1914 Εἰ
2990 1860 3096 1932 γὰρ
3122 1859 3288 1921 ὅντως
3313 1859 3427 1912 ἐστὶ
3453 1856 3593 1912 κατά
3614 1858 3716 1928 τήν

2143 1969 2302 2006 τινων
2330 1951 2586 2006 ἀϐουλίαν
2616 1951 2854 2006 ἐλάττων
2879 1953 2907 2006 6
2932 1951 3081 2017 Υἱὸς,
3129 1952 3426 2022 ἐπειδήπερ
3463 1947 3716 2020 ἀληθεύει

2142 2039 2316 2108 λέγων
2349 2041 2485 2112 πρὸς
2515 2041 2605 2095 τὸν
2634 2040 2855 2112 Πατέρα
2877 2056 2891 2071 ο
2949 2059 2968 2092 ι
2995 2039 3075 2094 Τά
3119 2039 3229 2110 ἐμὰ
3258 2039 3326 2093 σά
3353 2039 3490 2101 ἔστι,
3522 2038 3612 2090 καὶ
3645 2036 3716 2090 τὰ

2144 2133 2215 2186 σά
2263 2132 2394 2204 ἐμὰ,
2425 2151 2444 2183 ι
2493 2134 2733 2206 χωρήσει
2763 2133 2857 2187 καὶ¹
2884 2133 2975 2186 ἐπὶ
2996 2131 3088 2185 τὸν
3120 2131 3340 2207 Πατέρα
3373 2131 3432 2185 τὸ
3474 2130 3710 2191 ἔλαττον,

2143 2226 2238 2279 καὶ
2261 2225 2322 2278 τδ
2352 2225 2536 2296 μεῖζον
2560 2224 2764 2295 ὁμοίως
2781 2223 2882 2284 ,ἐπὶ
2906 2222 2998 2276 τὸν
3020 2222 3169 2285 Υίὺν,
3201 2219 3592 2293 ἀδιαφορούσης
3615 2218 3713 2285 τῆς

2140 2317 2249 2370 τῶν
2280 2318 2620 2388 πραγμάτων
2651 2317 2878 2384 τάξεως,
2912 2315 3068 2388 εἴπερ
3110 2316 3166 2369 ὲν
3208 2313 3453 2385 ἑκατέρῳ
3481 2312 3548 2366 τὰ
3579 2313 3710 2365 ἐκα-

2139 2409 2286 2482 τέρῳ
2318 2410 2590 2482 προσόντα
2619 2409 2887 2478 φαίνεται,
2938 2408 3031 2462 καὶ
3066 2407 3203 2478 ὅπερ
3233 2407 3297 2460 ἂν
3339 2405 3427 2476 εἴη
3456 2403 3549 2456 τοῦ
3597 2405 3709 2457 Πα-

2139 2501 2288 2572 τρδς,
2315 2500 2472 2554 τοῦτό
2497 2502 2613 2554 ἐστι
2633 2497 2726 2552 τοῦ
2751 2497 2882 2552 Υίοῦ
2900 2538 2916 2564 ,
2944 2497 3039 2552 καὶ
3076 2497 3260 2562 πάλιν,
3285 2497 3422 2567 ὅπερ
3451 2493 3517 2548 ἂν
3539 2493 3708 2562 ὑπάρο
3780 2522 3782 2524 τ

2139 2611 2234 2664 χον
2265 2592 2392 2646 ίδιον
2421 2592 2677 2661 φαίνηται
2702 2589 2796 2644 τοῦ
2827 2590 2980 2657 Υίοῦ,
2999 2589 3154 2644 τοῦτό
3184 2589 3300 2641 ἐστι
3332 2585 3423 2640 τοῦ
3463 2585 3671 2655 Πατρός
3695 2602 3707 2614 -

2139 2692 2290 2748 οὐδὲν
2317 2687 2410 2748 οὖν
2439 2691 2671 2746 κωλύσει
2696 2691 2878 2760 λέγειν
2907 2689 3164 2745 ἐλάττονα
3189 2688 3283 2743 τοῦ
3319 2685 3448 2742 Υἱοῦ
3480 2686 3571 2739 τὸν
3599 2685 3708 2737 Πα-

2136 2781 2290 2850 τέρα,
2321 2780 2414 2834 καὶ
2457 2779 2682 2851 μείζονα
2708 2779 2804 2832 τοῦ
2837 2779 3049 2851 Πατρὸς
3094 2778 3186 2832 τὸν
3235 2778 3385 2832 Υίόν.
3433 2775 3570 2829 Ἀλλ’
3597 2773 3710 2826 ἐστι

2135 2867 2246 2922 τῶν
2293 2869 2688 2932 ἀτοπωτάτων,
2733 2867 2827 2922 καὶ⁹
2873 2867 3034 2938 μόνον
3091 2867 3288 2922 ἐννοεῖν
3327 2884 3381 2920 τι
3424 2863 3660 2919 τοιοῦτον
3687 2881 3702 2896 ο

2136 2955 2254 3024 ἶσος
2286 2959 2418 3031 ἄρα,
2454 2959 2550 3014 καὶ
2575 2958 2676 3013 οὐκ
2702 2959 2940 3013 ἐλάττων
2964 2959 2993 3012 6
3021 2958 3176 3013 κοινά
3205 2957 3342 3031 πρὸς
3369 2957 3461 3012 τὸν
3494 2957 3712 3028 Πατέρα

2065 3069 2108 3129 c
2140 3051 2210 3105 τὰ
2233 3052 2332 3122 τῆς
2356 3050 2545 3115 οὐσίας
2579 3049 2718 3121 ἔχων
2751 3050 3044 3120 πλεονεκτή
3055 3066 3219 3120 ματα.

2214 3143 2417 3207 ΔΔΛΟ,
2455 3142 2524 3197 ἐκ
2561 3142 2668 3198 τοῦ
2701 3142 2907 3199 αὐτοῦ.
2961 3144 3025 3196 Ei
3058 3141 3232 3196 πάντα
3256 3141 3354 3194 ὅσα
3385 3139 3498 3210 ἔχει
3529 3139 3559 3191 6
3593 3140 3708 3192 Πα-

2141 3233 2266 3306 τὴρ,
2295 3234 2469 3288 ταῦτα
2498 3237 2676 3291 πάντα
2705 3234 2823 3287 ἐστὶ
2867 3231 2962 3287 τοῦ
2995 3231 3144 3295 Υίοῦ,
3189 3231 3304 3285 ἐστι
3342 3230 3400 3284 δὲ
3444 3231 3501 3283 ὲν
3533 3230 3709 3301 Πατρὶ

2139 3326 2202 3380 τὸ
2227 3325 2456 3391 τέλειον,
2491 3325 2694 3389 τέλειος
2743 3324 2896 3380 ἔσται
2929 3324 3027 3378 καὶ
3058 3325 3087 3378 6
3130 3322 3258 3385 Υίδς
3301 3324 3331 3376 6
3373 3321 3467 3375 τοῦ
3499 3321 3711 3391 Πατρός

2139 3416 2279 3488 ἔχων
2297 3417 2368 3472 τὰ
2390 3416 2496 3472 ἴδια
2519 3417 2613 3472 καὶ
2641 3415 2914 3488 ἐξαίρετα..
2937 3415 3144 3470 Οὐκοῦν
3166 3414 3268 3470 οὐκ
3293 3413 3550 3479 ἐλάττων,
3571 3412 3708 3468 κατά

2139 3511 2240 3581 τὴν
2264 3509 2371 3563 τῶν
2400 3508 2692 3581 αίρετικῶν
2718 3508 3062 3565 δυσσέϐειαν.

2209 3600 2414 3665 AAAO,
2464 3599 2561 3654 διὰ
2602 3597 2714 3668 τῆς
2756 3601 2844 3666 είς
2890 3598 3116 3654 ἄτοπον
3164 3595 3512 3668 ἀπαγωγῆς,
3561 3593 3709 3664 μετὰ

2138 3690 2506 3762 συμπλοκῆς
2541 3690 2982 3760 συλλογισμοῦ.
3029 3689 3353 3759 Λεγέτωσαν
3385 3690 3513 3759 ἡμῖν
3541 3689 3588 3740 οί
3611 3685 3709 3755 τὴν

2138 3783 2400 3839 ἄσϐεστον
2428 3781 2600 3851 φλόγα
2646 3781 3005 3852 καταχέοντες
3056 3781 3156 3851 τῆς
3201 3778 3408 3833 ἑαυτῶν
3446 3777 3707 3848 κεφαλῆς,

2138 3875 2232 3929 καὶ
2264 3873 2361 3945 τὴν
2395 3873 2494 3944 μὲν
2522 3873 2580 3926 ὲν
2603 3875 2716 3937 τοῖς
2747 3872 2911 3936 θείοις
2935 3872 3200 3942 δόγμασιν
3227 3870 3494 3942 ὀρθότητα
3518 3886 3711 3940 παραι-

2136 3965 2407 4036 τούμενοι,
2463 3965 2698 4036 στροφάς
2743 3965 2802 4018 δὲ
2851 3965 3109 4018 ποικίλων
3153 3963 3494 4026 ἐπινοοῦντες
3525 3962 3708 4014 συλλο-

2135 4057 2348 4129 γισμῶν
2378 4058 2511 4127 πρὸς
2535 4058 2754 4127 ἀπάτην
2783 4057 2892 4112 τῶν
2921 4057 3321 4129 ἀκεραιοτέρων
3357 4057 3450 4110 καὶ
3489 4056 3709 4124 ἀνατρο-

2140 4152 2266 4222 πὴν,
2303 4150 2532 4221 πότερόν
2555 4166 2686 4202 ποτε
2715 4149 2978 4220 κρείττων
3006 4149 3151 4202 ἐστὶν
3173 4151 3202 4202 6
3225 4147 3412 4217 Πατὴρ
3437 4145 3530 4199 τοῦ
3553 4143 3706 4209 Υἱοῦ,

2135 4244 2198 4297 τὸ
2236 4244 2421 4314 μεῖζον
2442 4242 2519 4306 ὡς
2547 4241 2686 4312 πρὸς
2712 4240 2873 4294 αὐτὸν
2903 4240 3064 4311 ἔχων,
3105 4240 3260 4310 είπερ
3307 4240 3543 4293 ἐλάττων
3571 4236 3707 4299 ἐστὶ,

2138 4333 2319 4399 καθὼς
2347 4336 2542 4388 ἐκεῖνοι
2584 4332 2876 4404 ληροῦντές
2905 4350 3091 4402 φασιν,
3119 4331 3152 4403 ἢ
3184 4331 3325 4402 οὐχί.
3361 4331 3528 4394 ε’Λλλ’
3554 4324 3708 4398 οἶμαι

466 4419 723 4492 quidnam
752 4421 934 4476 eximii
961 4420 1161 4477 habere
1194 4421 1354 4477 Pater
1391 4423 1667 4478 videbitur
1697 4423 1750 4476 in
1791 4437 1857 4479 eo
1889 4423 2032 4492 quod

2140 4425 2201 4497 δὴ
2231 4426 2466 4492 πάντως,
2487 4424 2586 4488 ὅτι,
2620 4423 2920 4495 Κρείττων,
2953 4423 3134 4494 ἐροῦσι
3160 4439 3174 4452 °
3196 4422 3502 4490 λεγέτωσαν
3529 4420 3709 4474 τοίνυν

468 4512 642 4582 majus
669 4511 851 4577 habet,
889 4511 996 4566 nisi
1027 4512 1222 4566 melior
1267 4521 1372 4566 est.
1421 4512 1556 4566 Nam
1591 4515 1637 4568 si
1669 4515 1804 4568 nihil
1850 4515 2033 4583 plane,

468 4602 645 4657 soluta
670 4602 889 4657 demum
920 4609 1005 4656 est
1037 4601 1218 4655 omnis
1246 4603 1337 4656 illa
1365 4603 1490 4656 Filii
1513 4605 1906 4678 reprehensio.
1937 4605 2036 4661 Sin

466 4700 644 4748 autem
695 4694 926 4747 multum
972 4701 1217 4764 praestat,
1264 4693 1458 4748 melior
1501 4695 1670 4766 igitur
1709 4705 1814 4759 est,
1850 4706 2038 4768 utpote

465 4785 558 4857 qui
589 4784 766 4855 majus
792 4785 975 4840 habet.
1001 4783 1387 4854 Respondeant
1405 4800 1559 4856 ergo,
1577 4795 1631 4842 et
1653 4802 1754 4843 nos
1781 4787 2036 4856 doceant,

465 4879 508 4933 si
551 4889 742 4932 revera
771 4875 1015 4944 sapiunt,
1055 4891 1218 4946 quant
1258 4875 1331 4931 ob
1374 4891 1598 4936 causam
1645 4875 1843 4933 Filium
1871 4877 2034 4936 Pater

463 4983 584 5023 cum
628 4968 898 5038 genuerit,
933 4983 1042 5022 non
1081 4969 1343 5039 azqualem
1395 4970 1501 5024 sibi
1549 4972 1756 5039 genuit,
1797 4973 1894 5029 sed
1930 4973 2033 5027 mi-

461 5073 674 5114 norem.
703 5058 838 5113 Nam
870 5060 914 5114 si
943 5059 1140 5115 melius
1167 5060 1447 5116 videretur
1493 5062 1757 5131 aequalem
1798 5063 1902 5120 sibi
1938 5080 2034 5134 per

461 5151 645 5205 omnia
692 5152 948 5222 genuisse
999 5150 1222 5220 Filium,
1268 5153 1393 5223 quis
1441 5152 1622 5209 facere
1669 5155 1813 5210 istud
1851 5157 2036 5225 prohi-

460 5238 654 5295 beret?
692 5239 748 5296 Si
783 5243 929 5297 enim
990 5243 1193 5313 aliquid
1246 5243 1609 5313 prohibuerit,
1661 5247 2032 5302 necessarium

460 5344 583 5383 esse
630 5331 717 5385 vel
764 5333 920 5386 inviti
971 5333 1319 5401 fatebuntur,
1366 5342 1426 5389 ut
1475 5337 1546 5391 sit
1611 5336 1819 5406 aliquid
1875 5336 2034 5393 Patre

462 5417 663 5486 majus.
711 5419 868 5484 Quod
919 5423 966 5477 si
1022 5425 1156 5479 nihil
1209 5425 1372 5494 plane
1420 5426 1718 5495 prohibuit,
1763 5428 1859 5482 sed
1906 5443 2029 5482 cum

461 5513 731 5576 potestate
763 5512 1023 5579 praeditus
1053 5524 1219 5582 esset,
1249 5518 1526 5586 sciretque
1570 5517 1767 5573 melius
1808 5531 1932 5572 esse
1975 5525 2032 5572 ut

530 5679 574 5712 "
601 5681 756 5740 Joan.
793 5704 898 5757 λιν,
928 5691 978 5746 9.
1092 5695 1135 5728 "
1161 5693 1318 5748 Joan.
1346 5710 1455 5763 rm,
1488 5696 1572 5750 I5.

2137 4518 2191 4572 τί
2223 4516 2478 4588 περισσὸν
2507 4518 2566 4572 ὲν
2596 4514 2674 4587 τῷ
2699 4515 2997 4586 κεκλῆσθαι
3018 4517 3079 4569 τὸ
3106 4517 3289 4586 μεῖζον
3314 4515 3342 4567 6
3361 4513 3550 4584 Πατὴρ
3569 4512 3707 4582 ἔχων

2139 4609 2422 4675 φανεῖται,
2465 4607 2520 4659 ει
2562 4604 2637 4676 μὴ
2669 4605 2931 4676 κρείττων
2963 4590 3138 4657 ἐστίν.
3185 4605 3250 4657 EI
3297 4603 3398 4672 μὲν
3431 4603 3539 4671 γὰρ
3571 4603 3708 4664 ὅλως

2137 4699 2308 4766 οὐδὲν,
2337 4698 2553 4751 λέλυται
2584 4695 2770 4750 λοιπὸν
2798 4699 2897 4768 ήδη
2926 4695 3034 4751 πᾶν
3056 4695 3118 4749 τὸ
3162 4695 3248 4765 ἐφ’
3294 4693 3424 4748 Υἱοῦ
3473 4695 3707 4761 κατηγό-

2142 4807 2292 4860 ρημα
2313 4805 2327 4820 ·
2373 4790 2422 4843 εἰ
2449 4787 2506 4841 δὲ
2537 4786 2670 4842 πολύ
2696 4805 2750 4841 τι
2779 4788 2839 4842 τδ
2863 4785 3118 4858 διάφορόν
3147 4787 3284 4848 ἐστι,
3302 4785 3570 4858 κρείττων
3598 4783 3708 4854 ἀρα

2138 4882 2343 4945 λοιπὸν,
2374 4880 2450 4944 ὡς
2478 4878 2617 4950 ἔχων
2641 4879 2701 4933 τὸ
2737 4879 2939 4950 μεῖζον.
2981 4877 3477 4947 ’Λπολογείσθωσαν
3508 4876 3710 4940 τοίνυν,

2139 4973 2234 5027 καὶ
2256 4971 2655 5026 διδασκέτωσαν
2682 4971 2849 5042 ἡμᾶς,
2877 4969 3035 5039 είπερ
3063 4969 3200 5023 εἰσὶν
3225 4968 3392 5032 ὅντως
3418 4967 3590 5037 σοφοὶ,
3616 4966 3712 5020 τοῦ

2138 5063 2201 5134 δὴ
2226 5063 2386 5136 χάριν
2422 5064 2686 5135 γεννήσας
2711 5061 2804 5115 τὸν
2832 5061 2962 5116 Υἱδν
2987 5063 3015 5116 6
3040 5061 3230 5132 Πατὴρ
3258 5062 3358 5114 οὐκ
3383 5054 3498 5113 ἴσον
3535 5059 3712 5128 ἐαυτῷ

2137 5154 2488 5224 γεγέννηκεν,
2534 5153 2651 5208 ἀλλ’
2707 5152 2984 5207 ἐλάττονα.
3038 5154 3102 5206 El
3164 5152 3264 5221 μὲν
3313 5152 3422 5223 γὰρ
3468 5152 3711 5220 φαίνοιτο

2135 5247 2381 5316 κρεῖττον
2429 5245 2490 5298 τὸ
2536 5239 2655 5298 ἴσον
2703 5243 2882 5314 ἐαυτῷ
2926 5243 3065 5298 κατά
3116 5243 3294 5297 πάντα
3332 5243 3588 5311 γεννῆσαι
3619 5241 3711 5294 τὸν

2137 5336 2286 5402 Υίδν,
2313 5336 2396 5399 τίς
2427 5337 2456 5388 6
2482 5335 2732 5398 κωλύσας
2758 5334 2916 5389 τοῦτο
2948 5335 3160 5399 ποιεῖν;
3209 5335 3270 5388 Ei
3301 5334 3400 5404 μὲν
3424 5334 3534 5404 γάρ
3564 5351 3617 5386 τι
3651 5333 3711 5386 τὺ

2139 5427 2388 5481 κωλύσαν
2413 5428 2489 5490 ὡς
2521 5427 2582 5492 ἐξ
2601 5426 2847 5497 ἀνάγκης
2883 5425 3052 5490 ἐστὶν,
3078 5427 3471 5497 ὁμολογήσουσι
3498 5427 3588 5479 καὶ
3613 5426 3712 5497 οὐχ

2137 5521 2352 5584 ἑκόντες
2383 5515 2523 5575 εἷναί
2552 5536 2604 5572 τι
2635 5519 2694 5572 τὸ
2727 5518 2911 5589 μεῖζον
2936 5518 3028 5572 τοῦ
3055 5518 3286 5592 Πατρός.
3334 5519 3397 5573 El
3427 5518 3486 5572 δὲ
3515 5517 3576 5570 τὸ
3601 5533 3704 5570 κω-

1685 5699 1726 5729 ε⁰
1767 5698 1924 5755 Joan.
1962 5715 2095 5768 xm,
2130 5699 2227 5755 IO.‘
2276 5722 2279 5724 ·
