4052 6208
245 314 308 375 53
1309 316 1377 373 ΙΝ
1401 316 1686 375 ιοΑΝΝιε
1722 319 1791 376 Ei

1893 320 2170 383 lGELlUM
2209 328 2338 384 LIB.
2384 331 2422 386 Ι.
3413 344 3481 397 54

247 429 351 484 λύον
375 424 441 498 ἦν
470 428 609 493 δλως
635 428 808 495 οὐδὲν,
838 429 980 501 ἔχων
1007 431 1064 485 δὲ
1089 430 1188 504 τὴν
1216 432 1485 503 ἐξουσίαν,
1515 437 1609 491 καὶ
1628 438 1791 504 εἰδὼςτ

1907 445 2173 513 aequalem
2211 448 2479 518 gigneret,
2531 452 2796 508 minorem
2856 455 3071 522 maluit,
3113 457 3316 514 invidia
3354 477 3485 533 ergo

246 523 315 576 ὅτι
338 518 564 582 κάλλιόν,
583 521 703 574 ἐστι
736 524 993 594 γεννῆσαι
1025 523 1118 578 τὸν
1150 521 1299 591 ῐσον,
1352 526 1676 601 βεϐούληται
1709 531 1801 586 τὸν

247 612 500 678 ἐλάττονα,
559 612 757 681 φθόνος
805 613 915 685 ἄρα
960 615 1091 687 περὶ
1155 616 1319 671 αὐτὸν
1392 619 1487 672 καὶ⁸
1537 620 1803 691 βασκανία

246 700 486 771 γενομένη
538 702 787 774 φαίνεται
812 719 827 735 ·
882 705 945 760 οὐ
981 706 1091 779 γάρ
1124 708 1389 781 ἠθέλησεν
1418 711 1710 767 ἀποδοῦναι
1740 714 1802 768 τὸ

243 792 342 848 ἴσον
360 793 435 864 τῷ
460 792 593 864 rte.
626 797 699 849 Ἦ
723 796 904 852 τοίνυν
922 799 1245 873 ἀδυνατήσει
1273 804 1401 873 περὶ
1424 804 1523 875 τὴν
1549 804 1801 876 γέννησιν

243 888 268 940 6
293 885 489 959 Πατὴρ,
536 886 570 957 ἢ
604 886 875 957 βάσκανος
902 890 1057 946 ἔσται
1091 892 1234 947 κατά
1273 893 1336 948 τδ
1376 895 1441 949 ὲκ
1472 896 1582 950 τῶν
1610 897 1799 951 συλλο-

244 977 433 1048 γισμῶν
462 980 829 1047 συναγόμενον
875 980 1162 1054 θεώρημα,
1200 983 1267 1038 ἂν
1297 984 1396 1057 ἔχῃ
1429 986 1493 1041 τὸ
1524 986 1743 1043 ἔλαττον
1770 990 1800 1043 ό

245 1067 352 1131 Υἱὸς
380 1068 521 1122 κατὰ
564 1070 657 1122 τὸν
687 1071 911 1125 ἐκείνων
951 1073 1129 1139 λόγον.
1185 1075 1347 1131 Ἀλλά
1375 1077 1535 1132 τοῦτο
1566 1078 1763 1133 ἄτοπον
1781 1095 1795 1112 ο

241 1160 337 1215 ἀνω
361 1159 469 1232 γάρ
498 1160 707 1225 πάθους
738 1164 938 1226 παντὸς
964 1166 997 1234 ή
1027 1164 1148 1223 θεία
1180 1165 1276 1221 καὶ
1303 1166 1579 1239 ἀκήρατος
1613 1168 1792 1238 φύσις.

242 1250 429 1311 οὐκοῦν
452 1252 555 1305 οὐκ
576 1251 818 1307 ὲλάττων
847 1254 876 1305 6
907 1253 1055 1318 Υἱὸς,
1085 1254 1172 1310 ἵνα
1197 1255 1273 1327 μὴ
1298 1257 1359 1309 τὸ
1390 1253 1506 1311 ῐσον
1530 1258 1793 1331 ἀπολέσῃ,

241 1339 343 1393 κατ’
367 1342 557 1396 οὐδένα
590 1342 794 1415 τρόπον
821 1344 1181 1415 ἀτονήσαντος
1209 1345 1304 1399 τοῦ
1340 1347 1553 1419 Πατρδς
1578 1350 1705 1420 περὶ
1733 1350 1796 1403 τὸ

239 1429 341 1486 ἴσον
381 1433 575 1487 ἑαυτοῦ
611 1435 870 1505 γεννῆσαι
918 1434 1010 1489 τὸν
1053 1435 1112 1502 ἐξ
1152 1437 1319 1491 αὐτοῦ
1338 1477 1354 1502 ,
1405 1440 1542 1510 μήτε
1574 1440 1683 1512 μὴν
1729 1443 1795 1497 ἐκ

238 1525 520 1595 βασκανίας
546 1527 928 1598 κεκωλυμένου
954 1528 1016 1582 τὸ
1047 1529 1302 1600 ἐθελῆσαι
1332 1530 1392 1585 τὸ
1419 1531 1664 1603 ἄμεινον.

297 1620 498 1672 ΛΛΛο.
526 1618 697 1683 Αὐτός
728 1620 832 1673 πού
863 1637 1028 1691 φησιν
1054 1623 1084 1675 6
1108 1622 1319 1694 Σωτὴρ,
1349 1622 1424 1687 ὡς
1449 1623 1535 1693 εἴη
1569 1622 1669 1694 μὲν
1694 1622 1793 1677 αὒ-

235 1709 312 1773 τδς
335 1711 386 1762 ὲν
413 1710 617 1780 “arpi,
649 1712 741 1765 xui
770 1713 799 1766 6
823 1712 1013 1784 Πατὴρ
1035 1713 1094 1767 δὲ
1122 1713 1323 1785 ὁμοίως
1355 1715 1414 1769 ὲν
1441 1713 1609 1786 αὐτῷ.
1650 1714 1790 1770 Ἀλλ’

1902 544 1957 591 et
2004 535 2177 594 livore
2208 538 2405 599 ductus
2436 543 2684 612 videtur;
2724 546 2898 603 noluit
2930 549 3077 605 enim
3112 552 3481 621 a‘qualilateln

1900 627 2033 684 dare
2057 626 2217 686 Filio.
2251 632 2359 687 Aut
2405 649 2537 705 ergo
2568 638 2844 709 impotens
2885 641 2991 696 erit
3036 642 3091 698 in
3127 646 3485 714 generatione

1903 718 2082 789 Pater,
2104 732 2199 780 aut
2225 723 2464 792 invidus,
2486 735 2547 782 ut
2574 744 2640 783 ex
2668 734 3151 800 argumentatione
3195 734 3484 805 perspicue

1900 812 2199 885 colligitur,
2237 815 2303 883 si,‘
2323 817 2503 874 minus
2536 818 2739 876 habeat
2768 820 2964 888 Filius,
3001 830 3061 877 ut
3091 824 3169 878 illi
3200 832 3479 880 asserunt.

1901 902 2009 959 Sed
2058 904 2164 959 hoc
2217 905 2521 963 absurdum
2566 928 2578 964 :
2619 913 2803 969 omnis
2859 913 3005 969 enim
3073 913 3349 983 passionis
3395 919 3481 969 est

1896 1008 2098 1066 expers
2137 995 2318 1053 divina
2348 1007 2405 1055 et
2435 1000 2767 1059 immortalis
2799 1011 3018 1061 natura.
3055 1003 3225 1075 Igitur
3251 1020 3360 1059 non
3394 1012 3480 1059 est

1898 1088 2080 1144 minor
2124 1087 2324 1158 Filius,
2362 1106 2432 1148 ne
2486 1092 2853 1163 aequalitatem
2903 1094 3113 1165 perdat,
3156 1108 3283 1149 cum
3326 1094 3482 1150 nullo

1898 1178 2061 1234 modo
2110 1178 2273 1237 Pater
2324 1181 2537 1239 viribus
2595 1185 2835 1240 caruerit
2883 1184 2939 1239 in
2997 1184 3319 1256 generando
3370 1183 3477 1240 sibi

1896 1269 2094 1339 mquali
2117 1270 2281 1339 Filio,
2315 1287 2494 1343 neque
2520 1272 2695 1329 livore
2731 1273 3047 1344 prohibitus
3078 1273 3151 1331 sit
3177 1271 3477 1345 quominus

1894 1362 2062 1419 vellet
2094 1362 2148 1423 id
2178 1363 2324 1434 quod
2354 1364 2554 1421 melius
2598 1373 2770 1423 esset.

1962 1622 2195 1679 ALIUD.
2217 1622 2336 1695 Ipse
2361 1624 2566 1680 alicubi
2591 1623 2844 1681 Salvator
2870 1626 2948 1680 ait
2987 1639 3047 1681 se
3062 1639 3185 1681 esse
3210 1624 3265 1680 in
3288 1623 3472 1693 Patre,

1889 1720 1948 1769 et
1987 1711 2205 1770 Patrem
2253 1714 2510 1770 similiter
2547 1714 2602 1770 in
2637 1715 2761 1786 ipso
2797 1715 2865 1770 “.
2897 1714 3003 1770 Sed
3037 1721 3185 1786 patet
3216 1713 3473 1770 omnibus

236 1801 336 1855 ἐστι
361 1802 525 1855 παντί
552 1820 656 1856 που
689 1803 867 1874 δῆλον,
902 1804 978 1869 ὡς
1021 1805 1085 1859 οὐ
1126 1806 1393 1878 προσήκει
1420 1809 1582 1871 νοεῖν,
1619 1808 1791 1863 καθά-

1893 1822 2002 1862 non
2057 1821 2183 1863 esse
2230 1806 2366 1863 illud
2425 1808 2869 1879 intelligendum,
2923 1807 3089 1864 sicuti
3150 1822 3354 1878 corpus
3415 1806 3473 1862 in

234 1907 324 1961 περ
348 1891 509 1961 σῶμα
532 1893 592 1945 ὲν
620 1892 855 1963 σώματι,
887 1894 921 1966 ἢ
953 1894 1147 1960 σκεῦος
1173 1898 1233 1967 ὲν
1276 1896 1481 1961 σκεύει,
1510 1897 1684 1963 οὕτως
1713 1895 1792 1953 εἷ-

236 1998 311 2036 ναι
328 1983 577 2053 χωρητὸν
603 1983 662 2039 ιν
695 1984 810 2055 Υίῷ
838 1985 929 2039 τὸν
963 1987 1201 2058 Πατέρα,
1231 1988 1264 2059 ἢ
1293 1983 1362 2046 αὖ
1394 1989 1557 2044 πάλιν
1591 1991 1793 2062 ἀντεμ-

233 2072 528 2139 ϐιδάζεσθαι
578 2075 782 2147 τρόπον
844 2077 965 2132 τινά
1019 2077 1096 2150 τῷ
1146 2080 1321 2150 Harp!
1345 2118 1362 2143 ,
1415 2073 1571 2144 οὗτος
1625 2081 1682 2136 δὲ
1733 2083 1791 2136 ἐν

235 2162 419 2234 ἐκείνῳ,
473 2165 727 2230 κάκεῖνος
755 2166 814 2220 ὲν
836 2166 1008 2239 τούτῳ
1035 2168 1284 2238 φαίνεται
1308 2169 1382 2234 ὡς
1409 2171 1467 2223 ὲν
1501 2172 1791 2243 ταυτότητι

218 2250 380 2314 οὐσίας
391 2256 823 2328 ἀπαραλλάκτῳ,
864 2258 958 2312 καὶ
985 2261 1053 2331 τῇ
1091 2260 1238 2314 κατὰ
1282 2261 1445 2330 φύσιν
1489 2261 1702 2332 ἑνότητί
1730 2279 1790 2316 τε

233 2349 310 2399 καὶ
347 2347 650 2419 ὁμοιότητι,
703 2349 894 2421 ὥσπερ
925 2350 991 2405 ἂν
1019 2351 1074 2405 ετ
1114 2369 1199 2416 τις
1238 2354 1332 2406 κα)⁹
1378 2355 1437 2408 ἐν
1474 2354 1642 2409 εἰκόνι
1691 2354 1791 2426 τὴν

229 2439 410 2493 οἰκείαν
463 2440 884 2513 καταθεώμενος
923 2445 1137 2516 μορφὴν
1186 2445 1398 2514 λέγοιτο
1451 2446 1589 2516 πρός
1637 2462 1791 2512 τινας

228 2531 508 2602 ἀληθεύων,
534 2533 630 2586 καὶ
654 2533 755 2604 τὴν
780 2535 859 2597 είς
891 2533 1060 2605 ἀκρον
1089 2533 1472 2607 ἐξησκημένην
1492 2536 1790 2608 ἐμφέρειαν

226 2624 306 2678 τοῦ
332 2626 534 2679 οἰκείου
578 2628 858 2697 σχήματος
903 2627 1281 2697 ἀποθαυμάζοι
1329 2627 1467 2698 βοῶν
1505 2645 1520 2660 ·
1560 2628 1700 2699 Ἐγὼ
1733 2630 1791 2683 ὲν

226 2716 333 2786 τῇδε
360 2721 424 2788 τῇ
466 2722 685 2789 γραφῇ,
715 2721 812 2773 καὶ
841 2720 875 2790 ἢ
899 2719 1085 2791 γραφὴ
1110 2720 1170 2774 δὲ
1201 2723 1259 2774 ὲν
1289 2721 1410 2792 ἐμοί
1435 2738 1449 2754 ο
1491 2721 1525 2793 ἢ
1552 2723 1646 2776 καὶ
1667 2721 1788 2777 καθ’

222 2807 395 2878 ἕτερον
422 2809 645 2879 τρόπον,
672 2809 859 2878 ὥσπερ
895 2810 961 2865 ἂν
994 2813 1043 2865 εί
1085 2812 1180 2865 καὶ
1211 2813 1255 2883 ’ή
1295 2812 1391 2866 τοῦ
1422 2813 1636 2884 μέλιτος
1661 2814 1790 2883 γλυ-

222 2903 337 2954 κεῖα
362 2899 587 2970 ποιότης
631 2900 899 2956 ἐντεθεῖσα
924 2902 1161 2976 γλώττῃ,
1183 2905 1311 2974 περὶ
1364 2905 1563 2974 ἑαυτῆς
1590 2905 1740 2975 λέγοι
1770 2922 1784 2938 ·

232 2992 371 3061 Ἐγὼ
396 2993 456 3046 ιν
498 2990 574 3062 τῷ
602 2991 794 3063 μέλιτι,
828 2995 924 3048 καὶ
953 2993 1016 3048 τὺ
1050 2995 1173 3065 μέλι
1205 2994 1262 3049 δὲ
1299 2998 1359 3049 ὲν
1404 2995 1529 3068 ἐμοί
1554 3011 1568 3026 ⁸
1633 2997 1667 3069 ἢ
1698 2996 1790 3051 καὶ

215 3079 401 3152 ὥσπερ
423 3081 582 3136 πάλιν
607 3084 640 3153 ή
668 3083 733 3136 ὲκ
760 3083 932 3154 πυρὸς
959 3083 1203 3153 φυσικῶς
1224 3085 1492 3157 προϊοῦσα
1515 3084 1788 3156 θερμότης

216 3176 393 3248 φωνὴν
415 3178 640 3247 ἀφιεῖσα
673 3176 824 3247 λέγοι
849 3192 866 3209 ·
907 3176 1050 3247 Ἐγὼ
1083 3180 1142 3233 ἐν
1170 3177 1247 3250 τῷ
1273 3178 1427 3250 πυρὶ,
1457 3178 1554 3233 καὶ
1585 3177 1646 3232 τὸ
1675 3176 1789 3249 πῦρ

214 3266 264 3320 δὲ
286 3268 342 3320 ὲν
357 3268 506 3338 ἐμοί.
523 3268 681 3322 Ἐστι
709 3267 809 3339 μέν
833 3284 951 3332 πως
973 3268 1081 3340 γὰρ
1104 3267 1213 3322 τῶν
1235 3268 1540 3340 εἰρημένων
1560 3266 1788 3323 ἕκαστον

216 3357 414 3432 ἐπινοίᾳ
445 3360 725 3431 μεριστὸν,
758 3360 819 3414 ἐν
866 3359 925 3414 δὲ
965 3364 1033 3432 τῇ
1077 3359 1259 3431 φύσει,
1290 3361 1384 3414 καὶ
1429 3358 1488 3413 ἓν
1534 3358 1597 3424 ἐξ
1644 3359 1783 3424 ἐνὸς,

214 3449 491 3522 ἀμερίστῳ
540 3452 648 3505 τινὶ
696 3451 794 3505 καὶ
831 3451 1138 3523 ἀδιαστάτῳ
1194 3451 1407 3523 προόδῳ
1455 3450 1791 3523 προκῦπτον,

215 3539 386 3614 ὥσπερ
423 3542 526 3597 καὶ
573 3541 901 3614 χωρίζεσθαι
946 3541 1136 3599 δοκοῦν
1165 3542 1261 3617 τοῦ
1303 3544 1363 3597 6v
1411 3537 1565 3617 ᾧπέρ
1590 3545 1742 3597 ἔστιν
1774 3558 1788 3572 ·

213 3632 348 3701 ὅμως
388 3634 437 3688 δ’
463 3629 567 3689 οὖν
595 3637 647 3689 εί
693 3637 791 3690 καὶ
831 3634 1020 3690 τοῦτον
1050 3634 1165 3706 ἔχει
1217 3634 1310 3689 τὸν
1359 3634 1531 3690 τύπον
1557 3634 1666 3688 τῶν
1698 3635 1787 3687 ἐπ’

214 3722 382 3789 αὐτοῖς
436 3727 734 3797 νοημάτων
763 3728 800 3798 ή
833 3726 1084 3798 δύναμις,
1118 3725 1234 3780 ἀλλ’
1282 3727 1341 3779 ὲν
1380 3726 1554 3798 ἑτέρῳ
1604 3724 1792 3796 φαίνε-

1892 1907 2146 1963 corpore,
2197 1901 2294 1949 aut
2344 1909 2443 1952 vas
2498 1895 2554 1950 in
2600 1910 2732 1951 vase
2761 1934 2778 1960 ,
2825 1896 2902 1951 ita
2953 1895 3169 1952 Patrem
3224 1896 3282 1953 in
3334 1894 3474 1951 Filio

1891 1984 2189 2051 contineri,
2235 1993 2331 2041 aut
2383 1986 2628 2043 vicissim
2673 1987 2821 2043 hunc
2875 1988 3287 2059 quodammodo
3323 1986 3473 2043 Patri

1892 2077 2138 2151 imponi;
2178 2078 2275 2134 sed
2311 2078 2464 2134 hunc
2508 2079 2564 2135 in
2610 2079 2730 2144 illo,
2764 2086 2820 2136 et
2868 2079 3020 2136 illum
3074 2080 3129 2135 in
3195 2084 3301 2136 hoc
3349 2093 3476 2135 esse

1890 2167 2104 2234 videri,
2154 2183 2259 2226 ceu
2321 2170 2378 2226 in
2427 2170 2715 2227 identitate
2768 2171 3091 2228 substantiae
3141 2186 3239 2241 per
3288 2169 3473 2227 omnia

1891 2261 2079 2328 simili.
2120 2270 2179 2318 et
2218 2262 2465 2319 naturali
2509 2264 2722 2321 unitate
2755 2277 2820 2319 ac
2868 2262 3251 2328 similitudine,
3305 2261 3475 2317 veluti

1891 2354 1939 2409 si
1966 2355 2098 2424 quis
2143 2354 2200 2409 in
2249 2353 2491 2425 imagine
2534 2353 2768 2411 formam
2789 2369 2947 2411 suam
2982 2353 3389 2423 contemplans,
3418 2359 3474 2407 et

1889 2446 2222 2516 exquisitam
2255 2446 2444 2501 vultus
2464 2447 2548 2502 sui
2576 2445 2992 2502 similitudinem
3023 2444 3326 2509 admirans,
3347 2456 3475 2499 vere

1889 2538 2133 2593 clamare
2162 2536 2380 2591 dicatur
2408 2554 2422 2590 :
2458 2534 2572 2607 Ego
2616 2535 2672 2589 in
2702 2535 2805 2589 bac
2842 2534 3066 2595 tabella,
3091 2541 3169 2596 et,
3192 2533 3393 2588 tabella
3416 2533 3475 2586 in

1894 2646 1980 2687 me
2042 2637 2151 2687 est.
2205 2629 2314 2683 Ant
2371 2626 2835 2697 quemadmodum
2895 2625 2942 2682 si
2996 2625 3180 2681 dulcis
3235 2624 3476 2701 qualitps
3538 2674 3543 2679 .

1890 2722 2070 2777 mellis
2109 2722 2385 2791 impressa
2433 2719 2634 2790 lingua;
2683 2718 2753 2774 de
2801 2717 2982 2788 seipsa
3026 2716 3216 2772 dicat:
3256 2715 3371 2786 Ego
3413 2716 3469 2773 iu

1892 2812 2073 2877 melle,
2105 2818 2161 2866 et
2192 2811 2297 2866 mel
2327 2812 2382 2865 in
2410 2825 2499 2866 me
2524 2817 2641 2874 est;
2667 2815 2761 2865 aut
2785 2808 2833 2864 si
2868 2807 3022 2862 calor
3055 2821 3119 2860 ex
3154 2806 3281 2877 igne
3314 2812 3475 2875 natu,-

1891 2904 2083 2958 raliter
2127 2901 2239 2974 29
2281 2901 2545 2974 prodiens
2596 2901 2804 2958 emissa
2859 2912 2999 2954 voce
3046 2897 3197 2954 dicat
3227 2915 3241 2953 :
3276 2895 3387 2967 Ego
3420 2896 3478 2951 in

1889 2997 2034 3068 igne,
2056 3003 2111 3051 et
2154 2995 2298 3066 ignis
2343 2994 2400 3049 in
2453 3008 2559 3049 me.
2596 2991 3042 3062 Unumquodque
3085 2989 3235 3044 enim
3285 3001 3477 3045 eorum

1888 3100 2012 3157 qum
2041 3084 2187 3140 dicta
2209 3092 2343 3153 sunt
2380 3083 2687 3155 separabile
2711 3090 2797 3139 est
2825 3082 3141 3147 intellectu;
3163 3078 3262 3136 sed
3293 3092 3467 3133 unum

1894 3185 2121 3242 natura,
2154 3183 2211 3232 et
2241 3190 2412 3231 unum
2461 3190 2530 3231 ex
2582 3188 2693 3230 uno
2727 3171 3082 3244 inseparabili
3134 3170 3371 3242 quodam
3421 3174 3479 3225 et

1894 3270 2201 3326 continenti
2248 3284 2545 3342 progressu
2580 3268 2784 3340 prodit,
2818 3265 3284 3339 quemadmodum
3323 3271 3379 3319 et
3407 3261 3477 3319 ab

1892 3376 1960 3418 eo
1988 3363 2044 3416 in
2080 3374 2191 3432 quo
2222 3367 2309 3416 est
2358 3361 2607 3430 separari
2641 3359 2902 3415 videtur:
2935 3364 3312 3412 verumtamen
3351 3353 3479 3410 licet

1889 3453 2039 3509 hunc
2086 3453 2437 3525 concipiendi
2479 3452 2703 3508 modum
2755 3466 2872 3523 pra:
2914 3465 2976 3506 se
3008 3449 3210 3513 lerant,
3241 3447 3476 3502 alterum

1888 3553 2078 3602 tamen
2133 3546 2189 3602 in
2245 3545 2421 3602 altero
2476 3545 2751 3612 cernitur,
2778 3553 2834 3600 et
2869 3542 3014 3599 idem
3066 3547 3199 3598 sunt
3244 3546 3476 3606 utraque

1890 3638 2076 3709 quoad
2102 3636 2491 3693 substantiam.
2519 3635 2577 3692 Si
2605 3650 2737 3708 ergo
2762 3643 2988 3707 propter
3016 3629 3477 3705 perfectissimam

1889 3729 2231 3786 identitatem
2263 3730 2615 3795 substantia,
2640 3736 2695 3784 et
2730 3725 3077 3783 characteris
3103 3718 3478 3778 omnitnodam

216 3832 309 3877 ται,
322 3816 418 3870 καὶ
439 3816 646 3871 ταυτόν
666 3818 807 3871 εἰσιν
824 3818 948 3871 ὅσον
964 3819 1045 3883 εἰς
1061 3816 1250 3872 οὐσίαν
1278 3817 1586 3889 ἀμφότερα.
1619 3816 1791 3889 Εἴπερ

1894 3822 2311 3879 similitudinem
2339 3823 2502 3879 Pater
2524 3830 2612 3879 est
2646 3822 2703 3877 in
2727 3820 2889 3883 Filio,
2913 3815 3190 3890 quomodo
3214 3811 3392 3881 major
3421 3810 3477 3864 in

213 3903 313 3975 οὖν,
346 3909 433 3964 διὰ
461 3910 533 3963 τὸ
574 3910 673 3982 τῆς
700 3910 889 3972 οὐσίας
909 3909 1327 3981 ἀπαράλλακτον
1370 3910 1466 3963 καὶ
1508 3910 1571 3964 τὸ
1609 3911 1668 3964 ὲν
1714 3909 1791 3982 τῷ

1893 3915 2141 3979 minore,
2173 3922 2236 3969 ut
2282 3914 2362 3970 illi
2395 3915 2609 3979 volunt,
2648 3910 2789 3968 Filio
2827 3908 3197 3967 continebitur
3256 3917 3322 3958 ae
3354 3915 3478 3957 cer-

214 4002 519 4074 χαρακτῆρι
568 4001 851 4065 παντελῶς
887 4001 1322 4073 ἀπαραποίητον,
1356 4003 1386 4054 6
1422 4003 1616 4073 Πατήρ
1642 4002 1791 4057 ἐστιν

1893 4003 2279 4060 ηειιιτῖϐυηιη
2311 4010 2495 4059 autem
2549 4007 2702 4056 totus
2760 3999 2834 4055 sit
2892 3998 2947 4052 in
3010 3995 3154 4065 ipso,
3196 3988 3478 4063 perfectus

214 4092 266 4142 ἐν
293 4092 427 4165 Υίῷ,
456 4093 585 4158 πῶς
608 4095 638 4146 6
668 4091 871 4165 μείζων
903 4094 962 4146 ὲν
993 4094 1236 4149 ἐλάττονι
1260 4094 1381 4148 κατ’
1409 4093 1656 4158 ἐκείνους
1677 4094 1790 4149 δντι

1897 4095 2087 4166 utique
2126 4110 2358 4166 prorsus
2386 4102 2475 4151 est
2513 4091 2711 4157 Filius,
2745 4090 2839 4162 qui
2890 4087 3198 4159 perfectum
3225 4080 3398 4151 capit,
3423 4083 3478 4132 et

209 4184 284 4253 τῷ
323 4185 438 4256 Υὶῷ
484 4187 731 4258 χωρήσει
785 4187 882 4240 καὶ
919 4185 1254 4257 ὀφθήσεται;
1304 4184 1521 4258 Ἐπειδὴ
1559 4185 1617 4240 δὲ
1667 4185 1789 4250 ὅλος

1893 4187 2180 4243 character
2210 4194 2296 4244 est
2324 4185 2505 4258 magni
2540 4185 2742 4239 Patris.
2947 4259 2952 4265 π

211 4276 355 4330 ἐστὶν
380 4278 438 4331 ὲν
460 4278 636 4351 αὐτῷ,
672 4278 878 4340 τέλειος
918 4279 1028 4351 ἄρα
1071 4279 1292 4343 πάντως
1337 4279 1487 4333 ἐστὶν
1518 4281 1548 4332 6
1577 4277 1728 4346 Υἱὸς,
1760 4280 1789 4332 6
1823 4279 1917 4334 τοῦ
1985 4280 2193 4334 τελείου
2240 4279 2567 4350 χωρητικδς,
2615 4277 2709 4330 καὶ
2776 4259 3059 4345 χαρακτὴρ
3095 4267 3188 4323 τοῦ
3238 4259 3477 4335 μεγάλου

212 4367 435 4442 Πατρός.

825 4466 1076 4521 ΚΕΦΑΛ.
1114 4470 1186 4522 Δ¹.

2528 4455 2678 4512 CAP.
2749 4455 2839 4511 IV.

215 4553 352 4620 Πρὸς
387 4555 541 4622 τοὺς
570 4555 921 4626 τολμῶντας
954 4557 1173 4629 λέγειν,
1207 4559 1295 4613 ὅτι
1329 4557 1531 4626 ἕτερός
1562 4555 1733 4609 ἐστιν
1758 4558 1791 4610 ό

269 4624 612 4681 ἐνδιάθετος
664 4627 765 4681 καὶ
823 4630 1085 4681 φυσικὸς
1141 4630 1211 4681 ἐν
1267 4626 1390 4681 Θεῶ
1442 4628 1542 4681 καὶ
1598 4624 1783 4681 Πατοι

1894 4551 2161 4606 Adversus
2194 4565 2284 4605 eos
2330 4548 2423 4619 qui
2467 4549 2651 4604 dicere
2695 4550 2928 4619 audent,
2967 4552 3121 4606 aliud
3167 4569 3280 4609 esse
3315 4555 3478 4611 inter-

1963 4638 2088 4676 num
2110 4630 2159 4675 et
2183 4621 2432 4675 naturale
2457 4620 2511 4673 in
2543 4619 2653 4675 Deo
2674 4632 2723 4675 et
2748 4621 2915 4677 Patre
2950 4621 3200 4681 Verbum.
3226 4633 3276 4679 et
3300 4626 3477 4681 aliud.

271 4624 612 4693 ἐνδιάθετος
664 4624 765 4681 καὶ
821 4624 1085 4696 φυσικῦς
1141 4630 1211 4683 ἐν
1267 4626 1390 4696 Θεῷ
1424 4624 1542 4682 καὶ
1598 4624 1783 4694 Πατρι

271 4696 484 4778 dor-oc,
521 4696 923 4778 καὶξτξρος-ιῦ
956 4699 1114 4778 παρᾲ
1135 4698 1263 4778 τξιῖς
1295 4696 1784 4778 θείᾳιςῇιῖραφαῖς

1963 4638 2088 4676 num
2110 4630 2159 4675 et
2183 4624 2432 4675 naturale
2457 4624 2511 4673 in
2543 4624 2653 4675 Deo
2674 4632 2723 4675 et
2748 4624 2915 4677 Patre
2950 4624 3200 4692 Verbum,
3226 4633 3276 4679 et
3300 4626 3477 4692 aliud,

1962 4692 2430 4778 quodnScriptura:
2452 4692 2655 4778 diuina:
2684 4694 2955 4778 appellant
2984 4692 3209 4778 Filium.
3250 4693 3345 4749 Est
3385 4714 3482 4751 au-

268 4760 602 4834 λεγόιὶενος
631 4760 782 4832 Υἱόὲ.
812 4760 987 4821 ’Ἔστι
1020 4760 1090 4823 δὲ
1119 4760 1255 4825 τῶν·⁷
1273 4770 1403 4839 περὶ
1427 4760 1729 4840 Εὐνὸμῖον
1747 4760 1786 4833 ἦ

268 4839 519 4903 τοιαύτη
556 4837 900 4902 κακοδοξία.

1963 4760 2063 4818 tem
2096 4760 2552 4816 Eunomianorum
2577 4760 2727 4816 error
2754 4760 3081 4818 istiusmodi.

259 4923 450 4996 Οὗτος
480 4925 567 4999 ἦν
591 4928 661 4983 ἐν
696 4928 855 4999 ἀρχῇ
878 4930 1028 4999 πρὸς
1059 4928 1168 4983 τὸν
1199 4930 1364 4986 Θεόν.

276 5015 789 5085 ’Δνακεφαλαεωσιν
816 5019 914 5088 μὲν
945 5017 1134 5090 ὥσπερ
1166 5019 1289 5073 τινὰ
1322 5017 1433 5073 τῶν
1471 5018 1574 5091 ήδη
1603 5033 1788 5090 προει-

130 5174 157 5184 φ
208 5108 455 5177 mittiro
480 5110 548 5163 ὲν
564 5109 775 5175 τούτοις
803 5112 832 5162 6
855 5111 1248 5183 εὐαγγελιστὴς
1278 5111 1588 5182 ἐποιήσατο.
1614 5110 1788 5180 Προσ-

205 5195 307 5262 θεὶς
360 5200 425 5253 δὲ
477 5201 546 5255 τὸ
597 5219 619 5254 ε
653 5195 845 5268 οὗτος,
888 5222 908 5253 ι
982 5203 1266 5275 μονονουχὶ
1313 5202 1513 5274 βοήσας
1568 5202 1786 5273 ὁρᾶται,

206 5309 224 5340 t
241 5291 297 5345 '0
319 5293 398 5347 ὣν
424 5295 493 5348 ἐν
521 5295 688 5366 ἀρχῇ,
718 5314 738 5346 ι
772 5298 802 5350 ὁ
833 5296 988 5366 παρά
1014 5295 1093 5368 τῷ
1120 5296 1292 5365 Πατρὶ
1308 5296 1499 5364 Λόγος,
1528 5293 1788 5365 ὑπάρχων

1966 4942 2013 4983 ι,
2042 4916 2099 4972 2.
2144 4916 2259 4972 Hoc
2284 4924 2401 4972 erat
2441 4917 2497 4971 in
2525 4918 2789 4986 principio
2822 4916 2964 4989 apud
3008 4917 3193 4973 Deum.

1964 5008 2066 5067 Hic
2096 5009 2440 5081 Evangelista
2481 5010 2797 5065 summatim
2837 5011 3250 5081 quodammodo
3282 5012 3479 5082 repetit

1896 5192 2290 5265 propemodum
2351 5192 2600 5248 clamare
2649 5190 2915 5247 videtur:
2974 5209 2994 5243 ι
3052 5190 3208 5258 Quod
3256 5200 3376 5247 erat
3424 5191 3479 5246 in

1896 5283 2190 5356 principio,
2213 5302 2233 5335 ι
2264 5283 2395 5337 illud
2435 5281 2581 5353 apud
2621 5281 2840 5337 Patrem
2871 5280 3107 5339 Verbum
3134 5323 3149 5350 ,
3184 5282 3331 5341 Deus
3386 5299 3481 5341 ex-

204 5378 325 5446 Θιδς
359 5387 431 5438 ἐκ
464 5385 633 5451 Θεοῦ,
664 5379 821 5451 οὗτός
849 5388 967 5440 ἐστι
994 5388 1090 5442 καὶ
1115 5387 1217 5458 οὐχ
1241 5386 1327 5442 Era
1339 5402 1451 5459 ρος,
1481 5386 1609 5457 περὶ⁵
1648 5380 1709 5439 οὗ
1731 5384 1791 5438 τὸ

1897 5383 2106 5440 sistens
2130 5395 2198 5435 ex
2229 5378 2360 5443 Deo,
2390 5377 2518 5441 hoc,
2554 5376 2802 5447 inquam.
2842 5385 2901 5431 et
2935 5391 3045 5433 non
3081 5378 3233 5433 aliud
3282 5387 3369 5435 est
3414 5378 3483 5433 dc

201 5474 398 5544 σεμνὸν
432 5477 579 5547 ἡμῖν
612 5479 903 5550 πρόκειται
932 5479 1291 5552 σύγγραμμα.
1326 5481 1510 5533 Ἕοικε
1538 5478 1596 5531 δὲ
1631 5478 1791 5532 πάλιν

1894 5490 2006 5546 quo
2034 5485 2344 5532 sermonem
2396 5468 2579 5524 faccre
2630 5468 2682 5522 in
2718 5468 2821 5523 hoc
2868 5469 3013 5525 libro
3061 5470 3479 5542 proposuimus.

209 5562 257 5614 ni
282 5565 476 5636 μάτην
500 5569 617 5631 τοῖς
658 5570 971 5641 εἰρημένοις
1004 5572 1318 5640 ἐπενεγκεῖν
1363 5570 1441 5637 τὸ,
1471 5589 1489 5622 ι
1517 5562 1684 5635 Οὗτος
1724 5564 1791 5640 ἦν

1904 5565 2115 5621 Rursus
2140 5568 2321 5617 autem
2357 5572 2467 5616 non
2487 5556 2703 5614 videtur
2732 5555 2936 5615 frustra
2961 5557 3267 5632 subiecisse
3296 5556 3433 5643 illud
3465 5576 3478 5614 :

304 5741 348 5772 ⁶¹
381 5737 563 5796 Joan.
591 5755 642 5807 x,
673 5742 769 5798 '58.

1894 5118 2018 5175 quae
2040 5104 2196 5174 prius
2234 5100 2388 5157 dicta
2428 5108 2579 5157 sunt.
2624 5101 2762 5157 Cum
2794 5111 2975 5159 autem
3018 5101 3190 5168 addit,
3222 5120 3242 5154 ι
3281 5101 3416 5166 Hoc,
3453 5120 3472 5153 ι
3585 5133 3589 5142 ι
