4072 6210
554 338 624 389 55
909 343 938 350 ”“

1437 319 1440 323 ’
1538 329 1595 383 S.
1632 323 1909 381 CVRIIJJ
1941 324 2408 381 ALEXANDRIM
2446 325 2767 382 ARCHIEP.
3727 326 3794 382 56

559 469 574 498 ι
633 448 745 502 Hoc
791 456 910 503 erat
970 448 1023 502 in
1077 445 1348 517 principio
1393 443 1534 514 apud
1589 445 1775 498 Deum.
1809 461 1827 493 ι
1883 442 2119 512 Accepta

2225 445 2284 497 ἐν
2316 444 2457 515 ἀρχῇ
2491 445 2625 515 πρὸς
2640 445 2730 497 τὸν
2761 443 2910 497 Θεόν.
2957 464 2974 494 ι
3029 444 3115 507 Ὠς
3165 441 3272 512 γὰρ
3310 440 3414 494 ὑπὸ
3449 441 3594 496 θείου
3629 443 3796 497 Πνεύ-

552 541 693 594 enim
736 555 763 592 a
791 541 976 594 divino
1006 539 1212 608 Spiritu
1237 551 1418 592 rerum
1449 535 1757 590 futurarum
1793 534 2124 605 cognitione,

552 649 659 685 non
688 631 975 702 ignoravit,
1022 638 1080 684 ut
1119 630 1333 699 opinor,
1363 642 1426 682 ac
1456 642 1588 682 vere
1627 625 1896 680 atlirmare
1928 639 2126 695 possu-

553 738 696 787 mus,
721 722 985 791 quosdam
1014 721 1332 790 prodituros
1356 717 1682 788 perditionis
1711 715 1973 783 artifices,
2007 716 2126 771 dia-

553 815 660 867 boli
701 814 954 882 aucupia,
993 813 1189 868 mortis
1238 813 1483 883 laqueos,
1523 810 1580 865 in
1619 809 1873 864 cubicula
1915 821 1970 865 et
2001 824 2126 880 pro-

553 905 774 959 t'undnin
821 903 1022 959 inferni
1053 903 1409 959 detrudentes
1449 915 1545 956 eos
1571 899 1666 970 qui
1703 915 1812 968 prae
1853 899 2125 969 imperitia

548 997 837 1050 attendunt
865 995 932 1051 iis
972 1008 1090 1064 quae
1129 1001 1380 1049 eructant
1423 991 1490 1047 de
1531 989 1698 1046 corde
1729 989 1872 1044 malo
1901 989 1970 1043 “.
2033 988 2125 1043 lu-

548 1087 770 1140 stabunt
798 1101 948 1154 vero,
972 1085 1104 1139 etin
1129 1098 1292 1139 suum
1334 1082 1439 1152 ipsi
1468 1089 1632 1151 caput
1658 1080 2016 1144 iuvalescent,
2041 1079 2124 1135 di-

547 1188 754 1240 centes,
799 1175 948 1230 aliud
1000 1174 1220 1245 quidem
1272 1187 1396 1228 esse
1440 1171 1572 1226 illud
1625 1171 1853 1226 insitum
1909 1171 1966 1224 in
2015 1169 2124 1224 Deo

547 1268 708 1322 Patre
743 1265 1000 1329 Verbum,
1045 1264 1192 1319 aliud
1244 1263 1408 1318 insito
1442 1263 1600 1333 longe
1651 1260 1991 1316 simillimum
2037 1258 2125 1313 Fi-

546 1359 676 1411 lium
703 1398 716 1417 .
749 1364 803 1412 et
830 1355 1094 1417 Verbum,
1128 1369 1224 1423 per
1258 1352 1406 1422 quod
1448 1351 1589 1407 Deus
1621 1349 1805 1405 omnia
1840 1356 2120 1418 operatur,

545 1457 604 1500 ut
631 1447 711 1500 sic
742 1444 977 1501 Verbum
1011 1444 1192 1507 Verbi,
1221 1453 1276 1498 et
1307 1443 1488 1511 imago
1531 1439 1808 1510 imaginis,
1850 1446 1905 1493 et
1937 1439 2120 1508 splen-

543 1539 646 1592 dor
672 1536 986 1607 splendoris
1026 1534 1383 1604 intelligatur.
1435 1532 1604 1598 Quasi
1653 1545 1786 1600 ergo
1835 1529 1946 1598 jam
1998 1529 2122 1584 illos

544 1633 712 1704 impia
745 1633 851 1687 ista
879 1629 1245 1702 praedicantes
1282 1628 1518 1691 audiret,
1555 1633 1610 1682 et
1640 1625 1902 1679 adversus
1928 1623 2122 1676 imma-

543 1739 668 1778 ncm
698 1723 1029 1793 scriptorum
1060 1722 1168 1792 30
1192 1721 1433 1790 ipsorum
1470 1716 1712 1771 furorem
1747 1715 1945 1768 merito
1972 1725 2122 1766 com-

543 1821 726 1867 motus
751 1786 949 1866 be-atus
978 1786 1346 1881 evangelista,
1390 1815 1680 1876 postquam
1715 1804 1902 1858 multis
1937 1800 2121 1856 verbis
2153 1786 2194 1840 Β

536 1899 652 1970 jam
684 1899 897 1964 statuit,
931 1908 1006 1966 et,
1063 1908 1124 1954 ut
1157 1899 1413 1962 decebat,
1447 1895 1780 1966 signiﬁcavit
1826 1907 2016 1956 unum,
2057 1905 2122 1945 ac

541 1993 720 2046 solum
757 2001 808 2046 et
851 2007 1042 2046 verum
1071 1995 1140 2046 de
1183 1989 1319 2056 Deo,
1348 2000 1403 2045 ct
1453 1989 1508 2044 in
1539 1988 1650 2043 Deo
1682 1997 1734 2043 et
1769 1986 1912 2056 apud
1949 1984 2118 2038 Deum

538 2101 661 2142 esse
689 2084 948 2148 Verbum,
986 2084 1169 2140 statim
1215 2081 1382 2136 infert
1413 2100 1426 2135 :
1465 2099 1485 2132 ι
1532 2079 1648 2134 lloe
1677 2086 1796 2134 erat
1819 2078 1874 2131 in
1909 2075 2118 2145 princi-

541 2175 632 2244 pio
667 2177 808 2246 apud
837 2174 1028 2243 Deum,
1055 2194 1073 2227 ι
1097 2183 1154 2230 ιιι
1193 2173 1368 2230 Filius
1404 2173 1663 2228 nimirum
1703 2168 1846 2240 apud
1879 2167 2117 2233 Patrem,

541 2279 598 2322 ut
633 2271 898 2337 insitum;
940 2277 1002 2323 ut
1031 2285 1096 2322 ex
1127 2267 1251 2338 ejus
1291 2263 1626 2326 substantia,
1655 2269 1716 2315 ut
1746 2259 2116 2330 Unigcnitum,

545 2379 563 2412 ι
603 2359 740 2426 Hoc,
784 2379 802 2412 ι
839 2374 964 2415 cum
1017 2373 1126 2413 non
1181 2357 1255 2412 sit
1321 2353 1650 2411 secundum.
1702 2349 1810 2406 Sed
1856 2351 2118 2420 quoniam

539 2466 725 2523 opera:
768 2451 1006 2522 pretium
1049 2450 1209 2504 nobis
1264 2463 1388 2503 esse
1447 2455 1603 2518 puto,
1630 2445 1726 2516 qui
1777 2443 2116 2512 impietatem

541 2542 856 2598 istiusmodi
906 2541 1084 2612 palam
1134 2540 1320 2595 facere
1352 2553 1639 2602 conamur,
1674 2537 1876 2590 nudam
1927 2549 2118 2590 eorum

533 2647 814 2704 exponere
858 2631 1278 2701 blasphemiam,
1309 2629 1376 2683 ad
1412 2628 1815 2697 simpliciorum
1853 2625 2120 2679 securita-

533 2730 647 2778 tem
693 2723 944 2793 (cavebit
987 2721 1134 2776 enim
1169 2719 1427 2789 quisquis
1452 2718 1730 2779 didicerit,
1761 2732 1824 2769 ac
1860 2726 2118 2784 tanquam

531 2822 842 2884 carpentem
862 2813 1137 2867 transiliet
1162 2811 1215 2864 in
1238 2808 1419 2864 medio
1442 2808 1699 2861 latentem
1718 2805 1934 2874 itinere)
1979 2804 2120 2858 utili-

531 2913 619 2962 ter
642 2920 832 2960 eorum
859 2903 1162 2958 doctrinam
1197 2913 1495 2971 exponant,
1527 2897 1778 2967 opposita
1817 2897 2113 2950 contraria.

535 2993 628 3049 Sic
657 2996 803 3050 enim
832 2994 1094 3062 deinceps
1121 2992 1215 3047 illa
1273 2989 1608 3046 relutabitur
1654 2988 1724 3042 iis
1766 2987 1945 3042 modis
1975 3001 2116 3057 quos

2231 553 2396 607 ματος
2422 537 2501 599 είς
2528 535 2628 606 τήν
2677 537 2785 589 τῶν
2815 536 3084 607 ἐσομένων
3116 535 3316 604 γνῶσιν
3361 537 3796 608 φωταγωγούμε-

2226 644 2315 691 νος
2345 627 2446 680 οὐκ
2468 626 2754 697 ἠγνόησεν,
2787 627 2860 689 ὥς
2889 627 2955 695 γέ
2980 643 3068 696 μοι
3092 625 3260 690 δοκεῖ,
3293 627 3385 680 καὶ
3411 626 3486 689 ὡς
3527 627 3674 682 ἐστιν
3720 632 3798 683 εί·-

2228 721 2347 772 πείν
2374 718 2752 789 ἀληθεύοντας,
2815 719 2895 772 ὅτι
2933 735 3037 790 περ
3073 718 3469 788 ἀναφανοῦνταί
3496 736 3641 782 τινες
3691 724 3796 775 ἀπ-

2223 808 2418 872 ωλείας
2448 809 2696 879 ἐργάται,
2722 809 2967 863 διαϐόλου
2994 808 3262 881 θήρατρα,
3292 809 3522 864 θανάτου
3545 811 3791 880 παγίδες,

2224 903 2305 965 εἰς
2333 903 2538 972 ταμεῖα
2567 901 2965 972 καταφέρουσαι
2994 903 3086 955 καὶ
3120 903 3199 962 εἰς
3230 902 3501 972 πέταυρον
3520 904 3645 974 ᾅδου
3667 907 3792 969 τοὺς

2223 993 2282 1058 ἐξ
2337 991 2607 1063 ἀμαθείας
2662 993 3023 1063 προσέχοντας
3065 986 3144 1054 οἷς
3184 991 3250 1045 ἂν
3293 993 3357 1046 ἐκ
3387 994 3612 1064 καρδίας
3640 997 3794 1064 ἐρεύ-

2223 1099 2409 1151 γονται
2450 1085 2711 1154 πονηρᾶς.
2777 1083 3151 1152 Ἐνστήσονται
3210 1082 3263 1135 δὲ
3292 1124 3306 1147 ,
3355 1085 3446 1135 καὶ⁵
3510 1085 3649 1139 κατὰ
3693 1087 3793 1155 τῆς

2223 1176 2430 1229 ἑαυτῶν
2481 1173 2820 1245 ἀνδριοῦνται
2857 1173 3100 1243 κεφαλῆς
3131 1173 3398 1241 λέγοντες,
3453 1175 3638 1246 ἕτερον
3693 1179 3794 1248 μὲν

2223 1261 2361 1319 εἷναι
2388 1265 2478 1319 τὸν
2503 1265 2803 1319 ἐνδιάθετον
2827 1265 2887 1317 ἐν
2909 1262 3029 1333 Θεῷ
3059 1265 3238 1334 Πατρὶ
3283 1264 3476 1334 Λόγον,
3519 1265 3706 1338 ἓτερον
3734 1269 3791 1322 δέ

2219 1372 2344 1408 τινα
2384 1357 2477 1409 καὶ
2533 1354 2612 1425 τῷ
2646 1352 2935 1423 ἐνδιαθέτῳ
2982 1351 3100 1407 λίαν
3147 1354 3552 1424 ἐμφερέστατόν
3593 1373 3653 1408 τε
3697 1361 3791 1411 καὶ

2221 1446 2534 1516 ὁμοιότατον
2566 1445 2656 1498 τὸν
2692 1445 2818 1497 Υίὸν
2851 1445 2946 1498 καὶ
2968 1444 3158 1512 Λόγον,
3186 1445 3251 1498 δι’
3277 1441 3338 1500 οὗ
3362 1446 3494 1510 Θεὸς
3521 1447 3588 1501 τά
3616 1449 3790 1503 πάντα

2220 1537 2513 1609 ἐργάζεται
2535 1553 2549 1568 ⁸
2577 1539 2666 1592 ἶνα
2691 1539 2861 1607 Λόγος
2895 1537 3069 1606 Λόγου
3095 1537 3302 1608 νοῆται,
3335 1539 3430 1592 καὶ
3455 1539 3621 1592 εἰκὼν
3648 1542 3789 1594 είκό-

2220 1645 2308 1692 νος
2331 1670 2347 1693 ,
2405 1629 2498 1682 καὶ
2538 1628 2878 1699 ἀπαύγασμα
2929 1629 3378 1698 ἀωυγάσματος.
3429 1631 3640 1703 Ὥσπερ
3695 1629 3790 1686 οὖν

2221 1721 2321 1790 ἥδη
2366 1719 2790 1790 δυσφημοῦντων
2833 1717 3069 1782 ἀκούσας
3115 1720 3322 1784 αὐτῶν,
3371 1722 3466 1774 καὶ
3505 1724 3640 1794 πρὸς
3687 1725 3788 1789 τὰς

2222 1806 2488 1869 ἐκτύπους
2517 1808 2772 1870 ἀπονοίας
2818 1807 2927 1863 τῶν
2956 1808 3087 1880 παρ’
3115 1809 3299 1872 αὐτοῖς
3339 1814 3785 1882 συγγραμμάτων

2220 1897 2456 1965 εὐλόγως
2533 1899 2891 1968 κεκινημένος
2939 1899 2968 1950 ὁ
3027 1901 3294 1972 μακάριος
3363 1902 3786 1976 εὐαγγελιστής,

2218 1990 2538 2063 ὁρισάμενος
2561 1991 2661 2062 ήδη
2690 1991 2785 2044 καὶ
2817 1992 2907 2044 διὰ
2932 1991 3164 2057 πολλῶν,
3189 1993 3265 2057 ὡς
3291 1992 3398 2046 ἔδει
3421 2035 3437 2062 ,
3468 1998 3789 2069 κατασημήο

2220 2098 2317 2144 νας
2339 2082 2431 2134 τὸν
2457 2081 2575 2146 ἕνα,
2617 2083 2710 2134 καὶ
2744 2082 2923 2152 μόνον,
2952 2083 3048 2137 καὶ
3097 2084 3349 2154 ἀληθινὸν
3382 2089 3445 2140 ἐκ
3477 2087 3638 2154 Θεοῦ,
3691 2088 3788 2143 καὶ

2219 2174 2278 2226 ἐν
2309 2173 2450 2244 Θεῷ,
2481 2175 2576 2227 καὶ
2604 2174 2739 2244 πρὸς
2783 2175 2921 2227 Θεὸν
2965 2174 3094 2228 ὄντα
3125 2177 3318 2245 Λόγον,
3359 2178 3611 2250 ἐπιφέρει
3658 2197 3786 2250 γορ-

2218 2262 2330 2330 γῶς
2362 2279 2376 2293 ·
2415 2281 2433 2315 ι
2461 2259 2629 2327 Οῦτος
2663 2259 2730 2334 ἦν
2756 2265 2813 2316 ἐν
2842 2264 2983 2335 ἀρχῇ
3007 2265 3140 2334 πρὸς
3169 2266 3260 2319 τὸν
3296 2265 3450 2332 Θεὸν,
3492 2286 3512 2319 ι
3544 2268 3620 2331 ῶς
3661 2269 3786 2333 Υίὸς

2218 2353 2416 2425 δηλαδὴ
2455 2354 2592 2426 πρὸς
2631 2355 2723 2408 τὸν
2754 2355 2996 2426 Πατέρα,
3043 2357 3119 2420 ὼς
3147 2356 3406 2428 ἔμφυτος,
3456 2358 3533 2424 ὡς
3579 2361 3645 2413 ἐκ
3682 2361 3784 2431 τῆς

2218 2447 2404 2510 οὐσίας
2432 2447 2618 2513 αὐτοῦ,
2646 2445 2722 2511 ὡς
2760 2449 3071 2517 Μονογενής
3097 2464 3112 2479 ·
3162 2467 3182 2500 ι
3215 2443 3401 2514 Οὗτος,
3435 2469 3452 2503 ι
3496 2453 3595 2505 οὐκ
3632 2452 3786 2516 ὄντος

2217 2537 2493 2607 δευτέρου.
2555 2537 2770 2608 Ἐπειδὴ
2820 2539 2877 2592 δέ
2915 2541 3212 2611 προσήκειν
3244 2541 3480 2612 ἠγοῦμαι
3533 2543 3602 2596 τὰ
3656 2545 3786 2614 περὶ

2217 2630 2314 2700 τῆς
2348 2630 2602 2701 τοιαύτης
2640 2631 2954 2696 δυσσεϐείας
2999 2632 3310 2703 ἐξηγεῖσθαι
3367 2634 3783 2700 σπουδάζοντας,

2217 2719 2555 2791 γυμνατέραν
2582 2721 2759 2775 αὐτῶν
2789 2723 3128 2793 καταστῆσαι
3179 2724 3278 2794 τῆν
3319 2725 3648 2795 δυσφημίαν,
3695 2725 3784 2779 διὰ

2215 2812 2314 2883 τὴν
2333 2812 2440 2867 τῶν
2467 2813 2865 2884 ἀκεραιοτέρων
2889 2816 3186 2885 ἀσφάλειαν
3222 2833 3236 2846 ·
3291 2817 3582 2886 φυλάξεται
3611 2821 3716 2888 γὰρ
3753 2823 3784 2872 ὁ

2220 2903 2427 2974 μαθὼν,
2459 2904 2648 2967 καὶὡς
2675 2905 2799 2973 ὅφιν
2845 2907 3217 2976 ὑπεραλεὴαι,
3265 2908 3404 2962 κατὰ
3432 2910 3604 2980 μέσην
3659 2911 3783 2965 λαν-

2217 2993 2444 3048 θάνοντα
2488 2994 2588 3065 τὴν
2635 2995 2786 3049 ὁδόν·
2856 2996 3167 3065 ἀναγκαίως
3239 2998 3407 3065 αὐτὴν
3459 2999 3779 3070 ἐκθήσομαι,

537 3086 700 3142 nobis
735 3087 874 3143 Deus
921 3087 1286 3150 concesserit,
1336 3083 1428 3152 qui
1469 3081 1729 3136 omnibus
1767 3080 2112 3152 sapientiam

2217 3085 2316 3158 τὴν
2338 3085 2583 3150 ἐκείνων,
2627 3085 2702 3150 ὠς
2749 3086 2807 3139 ἐν
2833 3086 3157 3150 ἀντιθέσεως
3180 3089 3434 3157 σχήματι.
3471 3089 3640 3142 Λάόοι
3674 3091 3786 3160 γὰρ

536 3176 789 3248 largitur.

887 3348 1134 3404 Eunomii
1165 3347 1342 3416 opinio
1376 3347 1439 3402 de
1466 3345 1613 3401 Filio
1645 3345 1763 3404 Dei.

609 3442 956 3513 Unigcnittts,
990 3441 1190 3511 inquit,
1221 3439 1314 3493 Dei
1341 3438 1534 3503 Filius,
1563 3454 1672 3492 non
1706 3447 1792 3494 est.
1819 3453 1885 3492 ex
1911 3451 1971 3492 se
1996 3453 2114 3507 pro-

539 3537 653 3606 prie
683 3534 922 3587 Verbum
953 3531 1102 3601 ejus;
1138 3529 1236 3586 sed
1277 3530 1557 3584 internum
1587 3529 1720 3583 illud
1754 3527 1990 3584 Verbum
2019 3527 2112 3582 Dei

538 3643 601 3682 ac
624 3627 807 3681 Patris
837 3626 892 3680 in
932 3628 1056 3695 ipso
1087 3630 1358 3686 movetur,
1383 3631 1437 3676 et
1475 3628 1561 3676 est
1594 3635 1830 3690 semper.
1865 3619 1970 3685 Qui
2012 3635 2111 3673 au-

533 3725 645 3771 tem
679 3732 743 3770 ex
783 3717 901 3784 ipso
927 3713 1146 3784 genitus
1185 3726 1310 3766 esse
1339 3709 1512 3765 Filius
1557 3709 1785 3775 dicitur,
1832 3709 2112 3763 internum

534 3808 656 3875 ejus
685 3805 923 3861 Verbum
956 3803 1293 3872 suscipiens,
1334 3809 1538 3856 cuncta
1567 3801 1637 3854 ab
1670 3815 1737 3855 eo
1762 3799 1994 3855 edoctus
2021 3813 2115 3853 no-

534 3900 631 3962 vit,
667 3906 720 3951 et
754 3896 820 3950 ad
864 3896 985 3967 ejus
1019 3893 1436 3952 similitudinem
1479 3891 1716 3948 Verbum
1762 3899 1848 3948 est
1877 3902 1930 3947 et
1967 3907 2113 3946 nun-

534 4005 673 4059 cupa
683 3997 790 4042 tur.

601 4080 724 4136 Jam
759 4081 826 4135 ad
877 4078 1312 4136 conﬁrmandam
1367 4092 1526 4133 suam
1576 4084 1639 4130 ut
1670 4076 1952 4131 existimat
2004 4076 2110 4129 im-

537 4177 817 4246 pietatem,
856 4182 911 4228 ct
940 4184 1228 4240 pcrversas
1264 4168 1568 4225 sententias
1598 4167 1914 4222 istiusmodi
1944 4167 2114 4222 nectit

538 4265 907 4335 syllogismos,
954 4271 1034 4326 ut,
1089 4259 1555 4332 quemadmodum
1599 4258 1868 4328 scriptum
1906 4259 2108 4326 estw,

539 4370 762 4410 suorum
790 4363 1140 4425 peccatorum
1169 4353 1382 4410 catenis
1416 4352 1584 4408 miser
1625 4352 2060 4423 constringatur.

607 4536 666 4592 Si
701 4535 961 4600 Verbum,
994 4536 1191 4606 inquit,
1225 4535 1277 4588 in
1321 4534 1431 4590 Deo
1458 4548 1522 4588 ac
1557 4532 1717 4590 Patre
1747 4533 2018 4599 naturale,
2053 4539 2109 4587 et

541 4630 816 4684 internum
863 4636 951 4681 est
999 4629 1116 4695 ipse
1164 4624 1359 4687 Filius,
1404 4633 1459 4680 et
1501 4625 1993 4681 consubstantialis
2023 4631 2109 4679 est

540 4721 796 4790 genitori,
851 4719 982 4790 quid
1027 4718 1139 4788 jilll'l
1181 4717 1434 4786 prohibet
1495 4718 1794 4788 quominus
1861 4715 2102 4772 Verbum

540 4815 650 4876 sit,
703 4821 758 4866 et
818 4820 1040 4867 vocetur
1093 4809 1293 4874 Pater,
1356 4816 1545 4880 utpote
1605 4809 2105 4866 consubstantialis

541 4905 720 4962 Verbo
737 4906 763 4958 ?

609 5019 774 5076 l’l‘EM
809 4996 916 5076 {sa
968 5020 1204 5076 Verbum
1240 5029 1326 5076 cst
1359 5021 1451 5075 Dei
1488 5036 1551 5075 ac
1599 5017 1778 5072 Patris
1808 5016 2010 5080 Filius,
2057 5024 2112 5070 et

539 5120 736 5183 prmter
759 5112 939 5180 ipsum
965 5127 1075 5166 non
1103 5121 1189 5168 est
1211 5113 1382 5175 aliud,
1413 5128 1508 5181 per
1553 5111 1830 5180 quodnam
1848 5107 2112 5174 Verbum,

542 5202 738 5271 inquit,
761 5201 924 5257 Pater
955 5202 1020 5256 ad
1044 5203 1221 5272 ipsum
1251 5202 1437 5256 dicere
1468 5201 1808 5272 comperitur
1837 5217 1851 5255 :
1881 5219 1901 5251 ι
1937 5197 2114 5254 Filius

2216 3176 2282 3230 ἂν
2309 3176 2454 3230 οὕτω
2483 3178 2581 3240 τὰς
2607 3176 2786 3241 λύσεις
2815 3177 3033 3248 ἐφεξῆς,
3065 3179 3187 3233 καθ’
3230 3177 3432 3249 οῦςπερ
3458 3179 3524 3233 ἂν
3569 3180 3782 3237 ἐπιδοίη

2214 3268 2448 3334 τρόπους
2479 3269 2508 3320 ὁ
2547 3269 2727 3322 πάντα
2784 3269 2964 3337 σοφῶν
2999 3269 3150 3332 Θεὸς.

2359 3360 2654 3430 Εὐνομίου
2680 3360 2830 3424 δόξα
2857 3361 2990 3428 περὶ
3030 3362 3136 3415 τοῦ
3168 3361 3303 3416 Υίοῦ
3343 3361 3450 3415 τοῦ
3471 3361 3640 3416 Θεοῦ.

2305 3453 2363 3508 ’0
2386 3453 2718 3524 Μονογενὴς,
2771 3456 2924 3525 φησὶ,
2957 3454 3052 3508 τοῦ
3103 3453 3238 3508 Θεοῦ
3287 3455 3434 3523 Υἱὸς,
3481 3457 3582 3508 οὐκ
3631 3455 3782 3510 ἐστιν

2215 3547 2548 3618 αύτοκυρίως
2579 3549 2608 3601 ὁ
2646 3547 2819 3616 Λόγος
2875 3549 3039 3602 αὑτοῦ
3069 3567 3086 3583 ·
3125 3550 3241 3604 ἀλλ’
3278 3553 3308 3604 ὁ
3337 3551 3434 3622 μὲν
3482 3550 3785 3614 ἐνδιάθετος

2215 3635 2386 3702 Λόγος
2413 3634 2506 3688 τοῦ
2534 3635 2670 3689 Θεοῦ
2718 3636 2811 3689 καὶ
2833 3637 3046 3708 Πατρὸς
3083 3639 3144 3691 ἐν
3189 3639 3338 3711 αὐτῷ
3383 3643 3630 3707 κινεῖται,
3683 3642 3780 3694 καὶ

2213 3725 2360 3778 ἐστιν
2387 3725 2472 3778 ἀεί
2496 3741 2511 3756 ο
2541 3727 2570 3779 ὁ
2589 3726 2646 3780 δὲ
2671 3727 2730 3792 ἐξ
2748 3727 2910 3781 αὐτοῦ
2937 3730 3260 3800 γεννηθῆναι
3289 3730 3577 3801 λεγόμενος
3625 3731 3775 3795 Υἱὸς,

2211 3817 2304 3870 τὸν
2328 3817 2630 3872 ἐνδιάθετον
2666 3817 2831 3872 αὑτοῦ
2874 3819 3042 3888 Λόγον
3068 3821 3378 3891 δεχόμενος,
3398 3822 3575 3876 πάντα
3604 3839 3662 3874 τε
3700 3817 3780 3873 οἶ-

2212 3908 2300 3962 δεν
2335 3908 2610 3980 ἐκμαθὼν,
2649 3912 2745 3965 καὶ
2785 3910 2908 3964 καθ’
2958 3912 3250 3984 ὁμοιότητα
3299 3912 3398 3984 τὴν
3436 3914 3647 3967 ἐκείνου
3676 3912 3780 3968 Λό-

2212 4017 2307 4068 γος
2327 3999 2592 4065 καλεῖται,
2618 4000 2713 4053 καὶ
2737 3999 2905 4054 ἔστιν.

2285 4085 2418 4144 Εἶτα
2450 4090 2586 4162 πρὸς
2615 4090 2928 4160 βεϐαίωσιν,
2948 4092 3026 4156 ῶς
3068 4092 3257 4157 οἴεται,
3287 4093 3384 4162 τῆς
3421 4091 3615 4146 ἑαυτοῦ
3651 4093 3780 4146 δυσ-

2214 4181 2447 4246 σεϐείας,
2473 4181 2568 4235 καὶ
2613 4181 2720 4237 τῶν
2767 4182 3212 4254 διεστραμμένων
3246 4183 3460 4238 ἐννοιῶν
3505 4185 3777 4248 τοιούτους

2209 4270 2363 4333 τινὰς
2389 4270 2685 4325 ἀναπλέκει
2730 4272 3124 4344 συλλογισμοὺς
3149 4315 3164 4338 ,
3207 4275 3292 4328 ἱνα
3317 4316 3333 4341 ,
3383 4275 3524 4328 καθὰ
3574 4275 3775 4344 γέγρα-

2211 4377 2362 4425 πται,
2389 4365 2507 4425 ταῖς
2531 4363 2639 4418 τῶν
2679 4363 2894 4417 οἰκείων
2925 4365 3332 4438 ἁμαρτημάτων
3381 4369 3586 4436 σειραῖς
3617 4367 3645 4417 ό
3667 4363 3773 4417 δεί-

2140 4449 2185 4503 D
2212 4452 2358 4516 λαιος
2383 4455 2840 4526 κατασφίγγηται.

2281 4545 2344 4599 Ei
2371 4548 2399 4599 ό
2418 4547 2605 4613 Λόγος,
2634 4548 2816 4617 φησὶν,
2850 4549 2907 4601 ἐν
2933 4548 3010 4618 τῷ
3031 4548 3148 4618 Θεῷ
3187 4550 3281 4602 καὶ
3329 4551 3502 4620 Πατρὶ
3549 4550 3776 4617 φυσικός

2209 4654 2266 4689 τε
2299 4639 2391 4690 καὶ
2421 4637 2721 4701 ἐνδιάθετος
2758 4639 2914 4702 αὐτός
2960 4641 3106 4691 ἐστιν
3140 4642 3169 4691 ό
3200 4641 3347 4703 Υίὸς,
3396 4641 3512 4692 ἐστι
3546 4641 3603 4692 δὲ
3649 4643 3778 4710 ὀμο-

2209 4728 2390 4790 ούσιος
2416 4727 2493 4796 τῷ
2519 4729 2861 4800 γεννήσαντι,
2888 4729 2943 4782 τί
2972 4730 3032 4783 τὸ
3061 4730 3265 4784 κωλύον
3300 4730 3378 4784 ἔτι
3422 4732 3593 4800 Λόγον
3636 4728 3778 4786 εἶναι

2209 4836 2270 4872 τε
2324 4819 2417 4873 καὶ
2439 4820 2714 4875 καλεῖσθαι
2745 4823 2838 4876 τὸν
2876 4823 3113 4895 Πατέρα,
3151 4823 3227 4888 ὡς
3265 4822 3545 4894 όμοούσιον
3578 4824 3782 4894 Λόγῳ;

2285 5018 2404 5070 ΚΛΙ
2445 5019 2657 5072 ΠΛΛΙΝ
2683 5037 2695 5049 °
2728 5021 2791 5074 El
2824 5021 2853 5071 ὁ
2889 5021 3058 5088 Λόγος
3081 5021 3198 5075 ἐστὶ
3229 5021 3321 5077 τοῦ
3349 5021 3485 5076 Θεοῦ
3523 5021 3620 5076 καὶ
3668 5023 3780 5075 Πα-

2211 5107 2337 5176 τρὸς
2366 5110 2395 5160 ό
2428 5108 2577 5175 Υἱὸς,
2624 5110 2718 5163 καὶ
2747 5109 2879 5179 παρ’
2913 5111 3077 5164 αὐτὸν
3103 5113 3203 5165 ούκ
3235 5112 3383 5166 ἔστιν
3419 5112 3639 5182 ἔτεροςο
3695 5113 3786 5166 ad:

2212 5199 2365 5251 ποίου
2391 5199 2586 5267 Λόγου,
2627 5199 2858 5270 imoimo
2892 5199 3083 5271 Πατὴρ
3112 5201 3249 5270 πρὸς
3274 5201 3438 5255 αὑτὸν
3472 5201 3786 5271 εὑρίσκεται

544 5309 698 5349 meus
727 5309 788 5348 es
829 5302 923 5358 tu;
973 5309 1076 5364 ego
1125 5293 1289 5347 hodie
1321 5293 1484 5362 genui
1511 5302 1563 5347 te
1586 5291 1670 5345 '3?
1711 5311 1730 5345 ι
1765 5292 1921 5346 Patet
1962 5292 2109 5346 enim

2217 5290 2378 5358 λέγων
2405 5306 2418 5320 ·
2467 5310 2485 5343 ι
2531 5291 2660 5356 Υἱός
2687 5309 2790 5362 μου
2816 5287 2868 5345 εἴ
2901 5292 2965 5344 σύ
2999 5311 3013 5323 ο
3046 5292 3156 5361 ἐγὼ
3207 5294 3448 5364 σήμερον
3477 5291 3786 5361 γεγέννηκά

544 5399 652 5437 non
678 5383 899 5454 absque
927 5384 1096 5439 verbo
1124 5383 1340 5438 Patrem
1378 5383 1447 5437 ad
1485 5381 1686 5438 Filium
1728 5382 1900 5439 fuisse
1956 5383 2109 5436 locu-

541 5487 680 5536 tum.
727 5491 852 5530 cum
899 5475 952 5529 id
991 5491 1154 5530 omne
1185 5475 1329 5546 quod
1369 5475 1592 5536 dicitur.
1631 5475 1685 5529 in
1716 5473 1884 5529 verbo
1920 5474 2107 5542 utique

540 5567 778 5628 dicatur,
815 5579 926 5619 non
968 5565 1145 5620 aliter.
1199 5564 1262 5618 Et
1293 5566 1411 5634 ipse
1440 5564 1645 5620 alicubi
1690 5563 1941 5617 Salvator
1979 5564 2056 5617 ait
2089 5581 2101 5618 :
2148 5597 2152 5604 ι

650 5745 692 5776 ⁸³
713 5745 868 5800 Prov.
905 5759 976 5807 ix,
1019 5744 1062 5797 Ι.
1143 5744 1204 5776 η’
1229 5744 1391 5801 Prov.
1422 5758 1514 5812 vn,
1552 5744 1639 5797 9.2.
1721 5744 1764 5777 δ’
1788 5740 1932 5799 Psal.
1967 5757 2024 5809 ιι,
2054 5741 2100 5796 7.

2208 5398 2265 5434 σε
2296 5398 2310 5446 ;
2353 5400 2371 5434 ι
2406 5381 2668 5453 πρόδηλον
2705 5383 2815 5454 γὰρ
2845 5384 2922 5448 ὼς
2954 5383 3016 5437 ού
3052 5383 3174 5454 δίχα
3203 5383 3362 5453 λόγου
3390 5383 3487 5445 τὰς
3527 5383 3662 5454 πρὸς
3691 5382 3786 5433 αι-

2214 5473 2304 5526 τὸν
2341 5473 2600 5538 διαλέξεις
2627 5475 2866 5546 ὸΠατὴρ
2897 5477 3209 5545 ἐποιήσατο,
3259 5475 3380 5528 ἐπεὶ
3420 5475 3530 5526 πᾶν
3587 5472 3649 5525 τὸ
3692 5472 3786 5525 λα-

2217 5563 2470 5636 λούμενον
2520 5566 2578 5620 ἐν
2619 5565 2762 5636 λόγῳ
2821 5566 3020 5629 παντὸς
3076 5565 3195 5637 [ἵσ.
3241 5563 3490 5636 πάντως
3523 5564 3785 5628 λαλεῖται,
