4072 6210
411 279 480 332 57
1440 268 1508 323 IN
1543 270 1828 326 JOANNIS
1875 271 2322 327 EVANCELIUH
2367 273 2494 330 LIB.
2539 273 2579 327 Ι.
3614 281 3684 338 53

410 395 505 446 καὶ
518 393 619 463 οὐχ
632 390 856 462 ἑτέρως.
871 389 982 443 Καὶ
994 387 1154 451 αὐτὸς
1170 387 1224 440 δέ
1245 387 1345 440 πού
1365 405 1530 458 φησιν
1549 393 1576 442 6
1596 390 1837 460 Σωτὴρ,ι
1853 392 1981 442 Ὅτι

2100 407 2116 439 ι
2155 389 2290 455 Quia
2331 390 2454 444 novi
2491 390 2726 455 Patrem,
2767 399 2819 445 et
2858 391 3080 444 verbum
3108 391 3229 458 ejus
3277 407 3438 447 servo
3459 393 3525 446 “.
3567 409 3595 446 ν
3623 394 3684 448 Et

407 480 528 539 οἰδα
548 483 642 535 τὸν
668 477 910 551 Πατέρα,
930 479 1024 532 καὶ
1047 478 1139 530 τὸν
1154 477 1312 545 λόγον
1335 477 1501 531 αὐτοῦ
1518 477 1692 548 τηρῶ.
1715 497 1733 530 ι
1762 480 1872 533 Καὶ
1903 479 2003 532 πά-

408 578 492 629 λιν
521 592 535 605 ο
581 593 601 626 ι
638 573 698 626 '0
723 571 882 641 λόγος
906 570 966 623 ὃν
989 568 1238 633 ἀκούετε,
1267 569 1368 621 οὐκ
1395 567 1542 622 ἔστιν
1573 569 1726 638 ἐμὸς,
1752 569 1887 624 ἀλλά
1907 570 1999 623 τοῦ

411 662 728 734 πέμψαντός
760 678 850 732 με,
877 679 895 710 ι
928 660 1058 712 Ὅτε
1074 657 1254 712 τοίνυν
1265 658 1324 709 ὲν
1339 657 1482 726 λόγῳ
1499 657 1598 727 μὲν
1618 660 1646 711 6
1661 657 1851 728 Πατὴρ
1865 658 1999 730 πρὸς

409 757 576 810 αὐτὸν
605 753 934 820 διαλέγεται,
995 749 1347 820 συνομολογεί
1399 749 1455 801 δὲ
1495 749 1590 803 κει.)⁵
1634 749 1816 817 αὐτὸς,
1869 750 1999 803 ποτὲ

413 848 516 913 μὲν
551 848 633 899 ὅτι
659 847 820 915 τηρεί
851 843 1122 910 τὸνλόγον
1142 841 1238 894 τοῦ
1265 841 1477 913 Πατρδς
1504 882 1520 905 ,
1549 842 1682 895 ποτὲ
1716 842 1772 896 δὲ
1811 842 1995 908 πάλιν,

408 939 486 1001 ὡς
515 939 578 990 ού
606 937 696 989 τὸν
737 933 903 989 αὑτοῦ
931 933 1108 1001 λόγον,
1143 932 1281 986 ἀλλά
1308 932 1399 987 τὸν
1418 931 1512 986 τοῦ
1552 933 1770 1004 Πατρὺς
1799 933 1997 1004 ἢκουον

409 1029 457 1080 οἱ
513 1026 754 1080 Ἰουδαῖοι
785 1041 800 1056 ο
835 1023 953 1087 πῶς
987 1024 1088 1078 οὐκ
1117 1023 1184 1076 ἂν
1212 1021 1320 1093 εἰη,
1370 1022 1535 1094 φησὶν
1561 1065 1577 1090 ,
1608 1023 1996 1088 ἀνενδοιάστως

409 1116 870 1187 ὁμολογούμενον,
887 1115 962 1180 ὡς
985 1115 1170 1188 ἕτερός
1187 1116 1334 1168 ἐστιν
1350 1116 1378 1170 6
1396 1113 1524 1177 Υἰδς
1540 1115 1666 1186 περὶ
1681 1114 1793 1186 [Ion
1818 1116 1991 1187 παρὰ]

407 1207 504 1260 τὸν
539 1207 864 1270 ἐνδιάθετον,
894 1206 1013 1277 ἤτοι
1045 1206 1136 1259 τὸν
1173 1205 1232 1259 ὲν
1257 1205 1512 1276 γεννήσει
1554 1210 1858 1278 νοηματικῇ
1885 1209 1992 1262 Λό-

410 1315 529 1368 γον,
551 1293 612 1354 οὗ
655 1297 900 1369 μετέχων
933 1297 1028 1351 καὶ
1062 1297 1550 1368 ἀναπιμπλάμενος
1592 1299 1838 1352 καλεῖται
1886 1300 1990 1354 Δό-

407 1407 510 1459 γος
538 1393 567 1444 6
598 1389 954 1461 προφορικὸς,
977 1389 1186 1459 καὶτῆς
1209 1389 1304 1443 τοῦ
1325 1391 1541 1462 Ila-:96;
1568 1392 1755 1456 οὐσίας
1785 1393 1986 1460 έκφαν·

405 1481 580 1545 τικδς,
619 1479 764 1534 τοῦτ’
799 1479 968 1545 ἐστιν,
988 1481 1018 1534 6
1041 1479 1202 1548 Υἰός;
1234 1480 1469 1534 Τοιαῦτα
1510 1481 1610 1552 μὲν
1646 1479 1740 1537 οὗν
1768 1485 1796 1538 6
1820 1485 1989 1554 παρά-

406 1589 562 1641 φρων
608 1570 787 1642 ἑαυτῷ
827 1569 1059 1643 συνείρει
1100 1571 1267 1635 κακά,
1315 1571 1411 1626 καὶ
1458 1573 1662 1638 πάσαις
1696 1574 1834 1646 ὁμοῦ
1865 1579 1989 1640 ταῖς

407 1661 579 1724 θείαις
622 1663 871 1732 Γραφαῖς
916 1661 1231 1729 ἀντιφωνῶν
1271 1662 1372 1715 οὐκ
1420 1664 1758 1733 αἰσχύνεται,
1802 1665 1864 1718 τὸ
1892 1682 1985 1735 γε-

406 1726 725 1821 γραμμένον
751 1726 854 1819 -ὲφ’
911 1726 1090 1822 ἑαυτῷ
1148 1751 1407 1806 δεικνύων
1457 1726 1676 1824 ἀληθές·
1819 1726 1988 1810 Ὅταν
2020 1726 2061 1781 Β

407 1843 540 1912 ἔλθη
555 1840 753 1910 ἀσεϐὴς
775 1840 855 1903 εἰς
874 1839 1037 1910 βάθος
1061 1841 1270 1907 κακῶν,
1293 1845 1624 1916 καταφρονεῖ
1645 1863 1654 1873 ·
1683 1866 1702 1899 ι
1724 1845 1858 1901 Λίαν
1881 1847 1992 1918 γάρ

407 1932 579 1996 όντως
639 1930 898 1984 ἐϐάθυνεν
948 1932 1030 1995 εἰς
1075 1932 1320 1988 κάκωσιν
1372 1934 1433 1999 ὲξ
1479 1935 1665 1999 ἀνοίας
1713 1937 1744 1990 6
1789 1936 1991 2008 θεομά-

409 2041 546 2093 χος,
605 2021 668 2076 τὺ
728 2022 823 2093 μὲν
867 2024 926 2088 ἐξ
971 2023 1227 2096 ἀληθείας
1247 2025 1558 2096 *ὀρθοῦσθαι
1621 2029 1992 2100 παραιτούμε-

410 2130 538 2177 νος,
576 2117 642 2186 τῇ
685 2114 742 2167 δὲ
790 2116 1076 2188 σαθρότητι
1127 2115 1236 2170 τῶν
1275 2117 1495 2172 οἰκείων
1546 2118 1793 2184 ὀκλάζων
1839 2120 1988 2189 λογι-

403 2203 584 2273 σμῶν
608 2205 691 2258 ὅτι
730 2205 838 2276 γὰρ
877 2203 1173 2276 μονογενὴς
1200 2203 1292 2258 τοῦ
1319 2205 1454 2260 Θεοῦ
1478 2207 1572 2260 καὶ
1610 2207 1824 2278 Πατρὸς
1862 2209 1991 2274 Υἱὸς

400 2295 744 2365 αὐτοκυρίως
772 2295 923 2348 ἐστὶν
957 2296 985 2348 6
1014 2295 1186 2364 Λόγος
1219 2295 1406 2363 αὐτοῦ,
1433 2295 1521 2350 διὰ
1547 2296 1656 2350 τῶν
1689 2298 1983 2367 ὑποτεταγο

402 2385 582 2453 μένων
609 2387 890 2456 εἰσόμεθα.

531 2471 724 2537 Λύσις
748 2471 976 2542 ἑφεξῆς
1004 2473 1118 2543 τῆς
1162 2475 1466 2545 Εὐνομιου
1498 2478 1881 2549 κακοδοξίας.

485 2562 778 2634 Δυσμαθὴς
821 2566 852 2617 6
904 2565 1216 2637 παράφρων
1267 2568 1564 2638 αἰρετικός.
1601 2569 1727 2634 Πῶς
1769 2572 1878 2643 γάρ
1922 2573 1990 2627 ἃν

402 2655 545 2718 ὅλως
579 2657 658 2719 εἰς
686 2657 1012 2726 κακότεχνον
1033 2657 1212 2728 ψυχὴν
1245 2657 1477 2712 εἰσέλθοι
1506 2661 1710 2730 σοφία;
1740 2663 1773 2734 ἢ
1808 2665 1862 2718 τί
1879 2665 1988 2719 τῶν

395 2745 656 2801 τοιούτων
704 2749 903 2816 γένοιτ’
937 2747 1026 2812 ἂν,
1075 2750 1196 2802 εἰπέ
1231 2767 1344 2821 μοι,
1388 2753 1902 2826 κακοτεχνέστερον,
1938 2759 1991 2810 οἴ

399 2854 467 2905 γε
494 2838 629 2892 κατά
654 2839 717 2893 τὺ
745 2841 1152 2912 γεγραμμένον,
1192 2841 1302 2895 ἀπὸ
1335 2843 1434 2913 μὲν
1460 2843 1559 2914 τῆς
1584 2845 1844 2917 ἀληθείας
1888 2848 1986 2920 τὴν

400 2930 572 3000 ἀκοὴν
591 2931 1054 3003 ἀποστρέψουσιν,
1075 2933 1169 2986 ἐπὶ
1204 2933 1265 2988 δὲ
1283 2934 1410 2999 τοὺς
1425 2934 1628 3005 μύθους
1640 2937 1751 2992 τῶν
1771 2941 1987 2994 οἰκείων

389 3024 776 3095 ,διανοημάτων
813 3025 1202 3097 εὐπετέστερον
1231 3027 1535 3098 τρέχουσιν,
1559 3029 1648 3083 ἴνα
1675 3031 1740 3102 δὴ
1788 3034 1883 3087 καί
1907 3033 1985 3088 δι-
2009 3067 2052 3123 C

395 3116 572 3178 καίως
594 3116 908 3182 ἀκούσειαν,
939 3117 1001 3172 οὐ
1035 3118 1102 3172 τά
1129 3119 1194 3172 ἐκ
1222 3121 1322 3190 τῆς
1349 3121 1498 3185 θείας
1522 3121 1810 3189 λαλοῦντες
1837 3127 1982 3197 Γρασ-

394 3207 506 3276 φῆς
533 3223 549 3236 ο
586 3223 606 3258 ε
629 3207 776 3261 4)ύαί
799 3208 850 3261 οἱ
881 3209 1314 3280 προφητεύοντες
1355 3212 1464 3264 ἀπὸ
1497 3214 1727 3284 καρδίας
1777 3217 1978 3282 αὐτῶν,

393 3298 494 3349 καὶ
517 3296 618 3352 οὐκ
635 3298 739 3352 ἀπὺ
757 3299 1025 3369 πόματος
1042 3285 1270 3370 Κυρίου.
1287 3319 1306 3352 ι
1334 3302 1435 3365 Τίς
1460 3301 1567 3374 γὰρ
1589 3303 1697 3358 ἀπὸ
1717 3305 1982 3377 στόματος

390 3388 606 3459 Κυρίου
643 3388 836 3456 λαλῶν,
882 3389 1030 3456 λέγει
1063 3391 1312 3462 ἀνάθεμα
1366 3393 1616 3464 Ἰησοῦν;
1675 3397 1740 3452 '0
1781 3398 1847 3466 δὴ
1887 3400 1982 3453 καὶ

390 3481 614 3535 ποιοῦσί
653 3499 799 3545 τινες
839 3481 948 3536 τῶν
998 3481 1096 3552 τῆς
1127 3483 1412 3548 εὐσεδείας
1457 3485 1747 3555 δογμάτων
1787 3489 1981 3562 ἀνέδην

387 3573 960 3644 κατασοϐαρευόμενοι
982 3614 998 3639 ,
1031 3574 1123 3628 καὶ
1151 3575 1403 3646 καθάπερ
1431 3575 1534 3648 ἔφη
1557 3595 1641 3643 τις
1674 3578 1783 3632 τῶν
1808 3581 1980 3650 ἀγίων

386 3665 713 3736 προφητῶν,
737 3663 914 3718 πάντα
935 3663 1002 3718 τὰ
1031 3663 1167 3735 ὀρθὰ
1191 3665 1605 3736 διαστρέφοντες
1639 3685 1654 3697 ο
1683 3670 1817 3737 φασὶ
1846 3670 1977 3743 γὰρ,

393 3761 591 3829 ἕτερον
623 3761 722 3830 μὲν
762 3755 901 3813 εἶναι
947 3758 1037 3813 τὸν
1071 3758 1300 3828 φυσικὸν
1340 3761 1435 3814 καὶ
1464 3761 1766 3818 ἐνδιάθετον
1805 3767 1863 3819 έν
1897 3767 1978 3838 τῷ

383 3849 515 3920 Θεῷ
565 3849 662 3902 καὶ
692 3849 869 3920 Πατρὶ
894 3848 1298 3920 Λόγον-ζέτερον
1331 3851 1388 3904 δὲ
1425 3847 1493 3906 αῦ
1523 3851 1686 3906 πάλιν
1713 3854 1806 3908 τὸν
1842 3854 1977 3908 ὠνο-

395 3941 684 4012 μασμένον
716 3941 844 3994 Υἰδν
891 3941 987 3995 καὶ
1018 3941 1212 4011 Λόγονο
1236 3941 1333 3996 καὶ
1357 3943 1582 4015 φέρουσι
1605 3945 1742 4018 πρὸς
1761 3946 1976 4001 ἀπόδει-

391 4031 474 4094 ξιν
502 4030 599 4100 τῆς
622 4029 850 4093 ἑαυτῶν,
881 4029 959 4093 ὡς
987 4030 1216 4094 οἴονται,
1249 4030 1431 4101 δόξης,
1461 4032 1660 4103 μᾶλλον
1687 4033 1745 4088 δὲ
1782 4036 1973 4106 ἀχαλί-

393 4137 490 4172 νου
513 4119 846 4184 δυσσεσείας,
872 4118 1098 4188 λέγοντα
1114 4120 1204 4173 τὸν
1229 4121 1435 4192 Κύριον
1461 4123 1618 4194 ἡμῶν
1653 4124 1861 4192 Ἰησοῦν
1883 4127 1974 4180 τὸν

393 4212 627 4282 Χριστὸν
651 4213 711 4264 έν
733 4213 854 4275 ταῖς
881 4210 1018 4284 πρὸς
1051 4211 1340 4276 Ἰουδαίους
1361 4213 1602 4285 ὁμιλίαις
1622 4255 1637 4278 ,
1679 4215 1760 4268 ὅτι
1801 4234 1820 4267 ι
1842 4213 1972 4271 Οἶδα

386 4301 484 4352 τὸν
507 4300 742 4370 Πατέρα,
776 4300 872 4354 καὶ
894 4299 986 4354 τὸν
1016 4299 1173 4368 λόγον
1192 4300 1358 4354 αὐτοῦ
1386 4301 1538 4373 τηρῶ
1560 4317 1574 4331 ·
1599 4320 1618 4353 ι
1650 4301 1788 4373 πρὸς
1813 4303 1872 4358 δέ
1906 4322 1969 4374 γε

2105 493 2342 534 rursus:
2404 498 2422 529 ι
2466 476 2703 533 Verbum
2748 478 2894 546 quod
2942 479 3149 533 auditis
3203 489 3428 535 nonest
3465 497 3681 551 meum,

2101 569 2194 623 sed
2222 569 2347 638 ejus
2395 570 2486 640 qui
2529 569 2677 625 misit
2716 585 2802 625 me
2839 571 2906 623 ⁸⁵.
2952 591 2969 622 ι
3021 569 3158 623 Cum
3190 570 3358 640 igitur
3412 573 3467 625 in
3516 574 3685 628 verbo

2102 659 2322 727 quidem
2358 657 2522 714 Pater
2561 659 2627 712 ad
2674 661 2850 729 ipsum
2900 661 3178 730 loquatur,
3213 662 3486 732 simulque
3511 665 3684 718 conli-

2101 755 2286 802 leatur
2315 748 2450 819 ipse,
2479 749 2756 803 interdum
2790 749 3008 818 quidem
3037 764 3096 803 se
3126 748 3301 805 Patris
3326 751 3429 820 31
3461 767 3682 807 servare

2099 841 2352 907 verbum,
2400 842 2680 897 interdum
2714 856 2845 896 vero
2874 841 3094 895 Judaeos
3131 858 3235 894 non
3278 844 3472 897 audire
3516 859 3678 899 suum

2099 932 2351 997 verbum,
2377 933 2473 988 sed
2506 934 2653 1002 illud
2690 931 2870 987 Patris
2905 951 2916 985 :
2976 932 3253 1002 quomodo
3308 950 3416 987 non
3470 934 3679 1004 liquido

2097 1023 2372 1080 constabit
2408 1025 2549 1094 apud
2579 1040 2775 1079 omnes
2823 1025 2988 1077 alium
3028 1041 3153 1080 esse
3191 1024 3386 1078 Filium
3435 1042 3463 1078 a
3511 1027 3679 1081 verbo

2097 1115 2284 1182 insito,
2321 1123 2417 1168 aut
2455 1115 2509 1168 in
2540 1123 2722 1169 mente
2762 1122 3028 1184 concepto
3053 1157 3068 1181 ,
3121 1117 3282 1184 cujus
3335 1132 3460 1170 cum
3515 1117 3680 1186 parti-

2094 1222 2223 1276 ceps
2272 1215 2326 1263 et
2374 1208 2569 1277 plenus
2620 1207 2693 1262 sit
2744 1205 2942 1272 Filius,
2987 1205 3225 1263 Verbum
3270 1210 3674 1263 enuntiativum

2094 1298 2428 1369 appellatur,
2462 1307 2514 1353 et
2542 1297 2870 1353 substantia:
2904 1297 3086 1354 Patris
3123 1297 3526 1368 expressivum.
3565 1296 3676 1350 Hu-

2087 1390 2328 1460 jusmodi
2361 1391 2505 1443 mala
2540 1391 2644 1444 sibi
2675 1389 2901 1446 demens
2932 1391 3026 1444 ille
3047 1389 3313 1451 contexit,
3339 1400 3392 1444 et
3419 1388 3676 1444 omnibus

2091 1482 2256 1538 simul
2281 1481 2588 1552 Scripturis
2636 1481 2842 1537 divinis
2869 1481 3171 1537 reclamare
3194 1495 3305 1535 non
3347 1488 3591 1546 veretur,
3621 1483 3673 1533 in

2089 1579 2270 1649 seipse
2318 1593 2508 1634 verum
2554 1593 2680 1633 esse
2725 1577 2967 1646 probans
3014 1577 3176 1646 quod
3221 1575 3491 1646 scriptum
3543 1584 3670 1634 est:

2095 1688 2115 1722 ι
2152 1670 2288 1724 Cum
2310 1668 2520 1724 venerit
2543 1668 2748 1739 impius
2770 1668 2827 1722 in
2857 1667 3190 1739 profundum
3223 1669 3516 1734 malorum,
3537 1685 3671 1726 con—

2096 1761 2293 1817 temnit
2329 1761 2397 1815 “.
2439 1779 2458 1812 ι
2498 1759 2798 1816 Verissime
2838 1761 2984 1815 enim
3031 1760 3288 1816 detrusus
3325 1772 3410 1818 est
3439 1763 3492 1816 in
3546 1780 3673 1834 pro-

2097 1856 2324 1912 fundum
2365 1855 2591 1910 malitia:
2617 1870 2730 1924 prae
2759 1869 2859 1910 sua
2897 1854 3169 1910 dementia
3204 1851 3295 1908 Dei
3338 1854 3537 1919 hostis,
3574 1872 3674 1910 nec

2091 1951 2230 2020 erigi
2288 1965 2348 2005 se
2391 1948 2621 2004 veritate
2669 1949 2899 2017 patitur,
2948 1945 3041 2002 sed
3088 1947 3410 2018 opinionum
3443 1963 3670 2003 suarum

2091 2043 2241 2097 carie
2270 2056 2335 2096 ac
2363 2041 2471 2094 situ
2511 2040 2764 2095 labascit.
2791 2037 3142 2110 Uuigenitum
3175 2038 3321 2092 enim
3354 2039 3445 2093 Dei
3477 2054 3541 2093 ac
3565 2037 3670 2093 Pa-

2091 2135 2192 2190 tris
2217 2133 2413 2188 Filium
2442 2149 2507 2190 ex
2540 2149 2599 2187 se
2624 2133 2844 2204 proprie
2873 2131 2994 2202 ejus
3025 2146 3147 2188 esse
3175 2129 3438 2198 Verbum,
3474 2148 3538 2188 ex
3578 2147 3668 2189 se-

2091 2227 2389 2298 quentibus
2412 2240 2802 2297 agnoscemus.

2479 2465 2748 2534 Refutatio
2777 2464 2972 2518 erroris
3003 2463 3272 2518 Eunomii.

2160 2558 2417 2614 ilebeseit
2452 2556 2678 2610 demens
2730 2555 3046 2608 haereticus.
3107 2555 3391 2618 Quomodo
3432 2556 3574 2608 enim
3609 2555 3661 2610 in

2089 2651 2389 2721 malignam
2421 2647 2660 2701 animam
2697 2645 2974 2700 introierit
3027 2645 3348 2715 sapientia?
3397 2655 3491 2699 aut
3534 2648 3661 2716 quid

2087 2759 2211 2800 esse
2251 2747 2468 2812 potest,
2505 2753 2715 2809 qumso,
2756 2739 2842 2794 bis
2893 2737 3225 2808 malignius,
3262 2741 3390 2807 qui,
3431 2746 3488 2790 ut
3525 2739 3664 2793 scri-

2087 2830 2484 2902 ptutttest“',a
2509 2828 2737 2882 veritate
2761 2827 3008 2881 auditum
3044 2833 3326 2891 avertunt,
3346 2827 3414 2881 ad
3447 2827 3663 2884 fabulas

2087 2931 2270 2979 autem
2310 2921 2712 2993 cogitationum
2751 2934 2976 2974 suarum
3013 2920 3199 2973 statim
3239 2929 3658 2984 convertuntur,

2088 3022 2148 3068 ttt
2196 3020 2250 3067 et
2305 3011 2504 3067 merito
2551 3010 2824 3065 audiant:
2859 3027 2877 3060 ι
2913 3008 3004 3063 Va>
3061 3010 3155 3080 qui
3214 3011 3541 3080 propbetant
3599 3013 3665 3068 de

2085 3099 2252 3156 corde
2283 3114 2418 3166 suo,
2453 3107 2508 3156 et
2543 3115 2656 3154 non
2695 3114 2760 3154 ex
2803 3114 2901 3154 ore
2943 3099 3159 3154 Domini
3191 3101 3258 3154 ⁸⁷.
3295 3121 3312 3152 ι
3343 3101 3480 3168 Quis
3517 3104 3663 3158 enim

2085 3193 2154 3248 ab
2187 3208 2284 3247 ore
2328 3192 2543 3247 Domini
2598 3191 2834 3261 loquens
2891 3191 3026 3246 dicit
3073 3192 3366 3248 anathema
3418 3193 3548 3249 Jesu
3581 3193 3662 3249 ⁸⁸2

2083 3286 2239 3352 Quod
2272 3285 2523 3341 nonnulli
2559 3292 2709 3340 certe
2746 3284 2979 3347 faciunt,
3005 3285 3227 3354 pietatis
3257 3285 3514 3357 dogmata
3556 3287 3665 3342 im-

2083 3381 2353 3451 pudenter
2384 3378 2781 3449 proculcantes
2803 3416 2819 3442 ,
2851 3386 2905 3432 et
2934 3376 3082 3432 sicut
3117 3377 3507 3446 prophetarum
3535 3395 3663 3435 san-

2081 3479 2297 3526 ctorum
2332 3484 2478 3524 unus
2523 3467 2694 3532 dixit,
2751 3468 2936 3522 omnia
2991 3476 3139 3522 recta
3186 3477 3558 3537 pervertentes
3591 3470 3658 3527 ".

2081 3563 2248 3616 Aiunt
2279 3561 2426 3616 enim
2462 3560 2610 3615 aliud
2643 3575 2768 3615 esse
2803 3559 3058 3614 naturale
3088 3567 3143 3615 et
3180 3561 3417 3615 insitum
3457 3559 3566 3615 Deo
3599 3576 3662 3615 ac

2079 3650 2228 3707 Patri
2271 3654 2501 3708 verbum
2525 3695 2540 3719 ,
2577 3652 2729 3708 aliud
2766 3668 2964 3708 rursus
2999 3655 3096 3724 qui
3143 3654 3358 3710 dicitur
3395 3653 3570 3710 Filius
3608 3665 3661 3710 et

2082 3741 2350 3797 Verbum.
2384 3743 2451 3798 Et
2487 3744 2556 3797 ad
2590 3743 3174 3810 asserendumvsuam,
3213 3752 3276 3798 ut
3307 3745 3656 3810 existimant,

2079 3834 2433 3898 sententiam,
2469 3834 2584 3887 imo
2636 3848 2770 3888 vero
2816 3833 3140 3888 en‘renatam
3181 3833 3548 3902 impietatem,
3576 3836 3658 3889 af-

2078 3923 2263 3980 ferunt
2297 3923 2488 3979 Jesum
2520 3924 2802 3979 Christum
2840 3924 3133 3979 Dominum
3175 3933 3424 3980 nostrum
3457 3927 3511 3981 in
3540 3929 3657 3983 suis

2077 4014 2141 4068 ad
2175 4012 2395 4067 Judasos
2429 4012 2789 4068 sermonibus
2816 4014 3092 4069 dicentem
3122 4032 3136 4069 :
3183 4034 3201 4066 ι
3232 4015 3370 4081 Quia
3404 4019 3520 4072 seio
3552 4018 3656 4072 Pa-

2077 4113 2248 4169 trem,
2272 4110 2328 4160 ct
2362 4103 2593 4160 verbum
2625 4104 2748 4174 ejus
2780 4120 2942 4161 servo
2977 4106 3044 4158 ⁷ο.
3080 4125 3098 4158 ι
3122 4105 3397 4161 Praeterea
3429 4109 3481 4163 id
3507 4111 3652 4178 quod

2074 4196 2178 4266 ipsi
2225 4211 2256 4250 a
2302 4194 2464 4252 Patre
2493 4195 2700 4251 dictum
2737 4206 2821 4252 est
2853 4215 2865 4250 :
2895 4215 2914 4247 ι
2949 4196 3026 4250 Ex
3071 4205 3226 4252 utero
3276 4207 3403 4254 ante
3440 4200 3651 4257 Lucife-

2075 4302 2198 4340 rum
2240 4288 2402 4358 genui
2445 4297 2496 4343 te
2527 4288 2596 4342 '“.
2633 4309 2653 4338 ι
2683 4287 2772 4350 At,
2818 4289 3120 4360 inquiunt,
3155 4307 3428 4346 venenum
3467 4307 3497 4346 a
3554 4310 3657 4349 suo

381 4393 582 4460 τούτῳ,
621 4392 716 4444 καὶ
747 4390 808 4443 τὸ
846 4389 984 4462 πρὸς
1016 4389 1178 4444 αὑτὸν
1209 4393 1501 4462 εἰρημένον
1543 4392 1696 4464 παρά
1726 4393 1817 4446 τοῦ
1848 4395 1970 4461 ,Πα-

2084 4385 2229 4449 patre
2278 4384 2563 4448 acceptum
2600 4388 2944 4445 eructantes,
2989 4381 3035 4436 si
3081 4383 3176 4453 qui
3230 4385 3475 4452 loquitur
3511 4387 3656 4440 alius

383 4481 536 4549 τρὸς,
571 4500 590 4532 ι
637 4481 733 4534 Ἐκ
770 4479 1006 4550 γαστρὸς
1048 4481 1153 4550 πρὸ
1187 4479 1498 4551 Ἑωσφόρου
1534 4480 1801 4553 ἐγέννησά
1839 4500 1920 4539 σε.
1945 4502 1964 4535 ι

385 4567 523 4623 Εἶτά
545 4586 700 4637 φασι,
716 4569 808 4622 τὸν
831 4570 894 4622 ὲκ
911 4568 1006 4621 τοῦ
1032 4568 1231 4622 οἰκείου
1261 4568 1465 4638 πατρὸς
1490 4567 1566 4622 ἰὸν
1583 4570 1962 4641 ἐρευγόμενοι·

385 4664 445 4714 Εἰ
477 4662 510 4714 6
535 4661 712 4715 λαλῶν
747 4661 942 4730 ἔτερος
973 4660 1050 4723 ὡς
1087 4659 1224 4731 7:96;
1267 4659 1358 4712 τὸν
1385 4654 1430 4728 ᾧ
1459 4661 1789 4730 διαλέγεται,
1843 4663 1962 4716 δια-

379 4755 601 4821 λέίεται
635 4753 693 4806 δὲ
717 4753 805 4806 διὰ
831 4753 1003 4822 Λόγου
1038 4752 1171 4823 πρὸς
1200 4751 1292 4804 τὸν
1322 4753 1450 4807 Υίὸν
1474 4755 1502 4807 ὁ
1525 4753 1738 4826 Πατὴρ,
1779 4754 1966 4826 ἕτερος

378 4843 492 4911 ἄρα
526 4842 657 4911 παρ’
695 4839 858 4893 αὐτὸν
891 4839 921 4891 6
971 4839 1210 4910 ἔμφυτος
1233 4839 1300 4894 ἂν
1339 4841 1425 4912 εἴη
1445 4841 1633 4910 Λόγος,
1671 4845 1699 4896 6
1723 4844 1783 4897 ὲν
1811 4837 1967 4916 ᾧπερ

376 4933 616 4984 ἐποιεῖτο
645 4931 743 4994 τὰς
769 4929 1035 4997 διαλέξεις
1066 4931 1095 4983 6
1119 4931 1309 5002 Πατήρ
1340 4946 1356 4962 ⁸
1392 4933 1487 4985 καὶ
1517 4935 1680 4988 πάλιν
1714 4952 1726 4963 ·
1758 4937 1821 4989 Εἰ
1853 4937 1956 4990 αὑ-

378 5023 473 5084 τός
511 5039 636 5084 που,
689 5023 884 5093 φησὶν,
929 5023 959 5075 6
991 5022 1116 5086 Υἱὸς
1152 5025 1340 5092 τηρεῖν
1373 5022 1464 5077 τὸν
1500 5024 1594 5078 τοῦ
1622 5027 1838 5098 Πατρὺς
1874 5027 1965 5082 λό-

378 5131 478 5182 γον
524 5115 919 5186 διισχυρίσατο,
980 5115 1097 5178 πῶς
1128 5115 1228 5168 οὐκ
1265 5115 1333 5170 ἂν
1373 5115 1562 5188 ἔτερος
1601 5119 1686 5190 εἴη
1734 5119 1921 5173 λοιπὸν
1948 5122 1976 5174 6

377 5206 564 5277 τηρῶν
619 5207 768 5277 παρὰ
809 5207 902 5261 τὸν
949 5207 1323 5279 τηρούμενον;
1382 5211 1523 5281 Πρὸς
1569 5210 1626 5264 δέ
1673 5229 1737 5280 γε
1798 5213 1973 5266 ταῦτα

379 5296 616 5366 χαλεπὸν
649 5297 749 5368 μὲν
795 5296 924 5360 ἴσως
960 5297 1112 5351 οὐδὲν
1140 5296 1442 5364 ἀντιλέγειν
1493 5314 1509 5331 ·
1548 5317 1567 5350 ι
1608 5299 1778 5354 Δὼσει
1805 5302 1915 5372 γὰρ
1947 5304 1974 5355 ὁ

379 5383 581 5457 Κύριος
610 5388 761 5457 ῥῆμα
790 5388 902 5450 τοῖς
921 5385 1427 5456 εὐαγγελιζομένοις
1452 5386 1681 5459 δυνάμει
1712 5391 1903 5460 πολλῇ*
1944 5410 1962 5442 ι

377 5477 521 5549 χρῆν
547 5478 606 5532 δέ
639 5493 703 5548 γε
749 5478 878 5542 τοὺς
904 5478 1066 5548 οἵπερ
1105 5480 1212 5532 εἰσί
1237 5478 1334 5550 τὴν
1373 5479 1632 5553 τοιαύτην
1680 5481 1967 5545 νοσοῦντες

452 5655 501 5685 ⁸⁸
535 5653 694 5709 Joan.
736 5661 940 5721 vm.55

374 5741 457 5781 ,ιιι
483 5773 498 5786 .
534 5741 587 5780 ε).

1019 5662 1062 5691 ⁸⁵
1089 5660 1240 5717 Joan.
1277 5680 1389 5731 χιιι,
1420 5667 1507 5722 ει.

672 5729 715 5758 ⁸⁸⁵
756 5728 918 5785 Μίριι.
957 5748 1051 5796 ιιι,
1087 5732 1137 5786 9.
1217 5735 1260 5766 7°
1293 5728 1449 5792 Joan.
1493 5753 1630 5799 vttt,

2134 5667 2256 5720 “'ll
2287 5665 2589 5731 Tim.tv,-i.
2660 5666 2906 5724 “’Jcrcm.
2945 5671 3214 5726 “tumlti.
3247 5671 3335 5726 27.

1836 5737 1876 5768 ⁷⁸
1922 5738 2068 5792 Psal.
2109 5752 2236 5804 ets,
2277 5739 2328 5794 5.
2409 5740 2453 5772 ⁷³
2496 5737 2638 5794 Psal.
2673 5755 2857 5806 uvu,
2901 5741 2983 5796 12.
3065 5744 3108 5774 ⁷³
3152 5742 3312 5797 Mieb.
3351 5756 3410 5798 nt
3437 5781 3451 5804 ,
3484 5741 3532 5801 ϐ,

1582 5665 1626 5696 ⁵⁸
1658 5665 1819 5722 Prov;
1855 5682 2008 5726 xvttt.

2074 4475 2160 4524 est
2193 4468 2263 4524 ab
2289 4483 2354 4523 eo
2381 4467 2470 4524 cui
2501 4469 2766 4540 loquitur,
2803 4470 2966 4528 Pater
2996 4482 3181 4529 autem
3211 4474 3350 4529 Filio
3383 4493 3478 4546 per
3517 4474 3648 4534 Ver-

2075 4562 2202 4616 bum
2258 4561 2538 4636 quuitur,
2595 4562 2743 4617 aliud
2791 4578 2925 4635 ergo
2971 4565 3040 4619 ab
3090 4565 3212 4635 ipso
3262 4567 3369 4622 erit
3421 4567 3650 4625 insitum

2076 4653 2318 4709 Verbum
2355 4653 2488 4708 illud
2526 4653 2582 4706 in
2628 4667 2738 4722 quo
2785 4651 2951 4710 Pater
2985 4655 3337 4726 loquebatur.
3376 4657 3548 4714 Item:
3589 4659 3647 4716 Si

2071 4747 2187 4816 ipse
2213 4732 2416 4801 alicubi
2455 4742 2632 4801 Filius
2661 4761 2721 4801 se
2756 4745 2936 4803 Patris
2967 4749 3200 4804 verbum
3235 4766 3459 4806 servare
3501 4768 3653 4808 asse-

2071 4837 2213 4900 ruit,
2249 4837 2524 4906 quomodo
2559 4853 2666 4892 non
2700 4838 2850 4892 aliud
2885 4838 3106 4894 demum
3143 4841 3250 4910 32
3279 4844 3387 4895 erit
3423 4843 3475 4896 id
3504 4845 3650 4911 quod

2072 4936 2254 4984 servat
2307 4929 2378 4984 ab
2428 4943 2496 4982 eo
2541 4929 2689 4999 quod
2748 4932 3051 4986 servatur?
3088 4932 3213 4987 llaec
3253 4935 3502 4989 refellere
3542 4951 3651 4990 non

2069 5020 2178 5076 erit
2231 5020 2416 5076 forsan
2469 5020 2728 5076 tliﬂieile:
2769 5040 2788 5074 ι
2826 5023 2987 5077 Dabit
3031 5025 3178 5078 enim
3219 5024 3482 5081 Dominus
3529 5043 3650 5081 ver-

2074 5113 2200 5166 bum
2255 5111 2779 5182 evangelizantibus
2831 5113 3038 5168 virtute
3066 5115 3236 5168 multa
3264 5116 3332 5169 ".
3364 5135 3381 5166 ι
3423 5115 3651 5172 Deeeret

2071 5212 2255 5257 autem
2290 5220 2386 5260 eos
2435 5205 2530 5274 qui
2571 5215 2724 5259 tanta
2776 5205 3030 5260 laborant
3068 5206 3289 5262 inscitia
3331 5211 3651 5267 meminisse

2069 5296 2307 5350 dicentis
2336 5313 2350 5349 :
2382 5314 2400 5348 ι
2427 5296 2472 5350 0
2499 5297 2593 5366 qui
2623 5296 2996 5365 dereliquistis
3029 5298 3148 5356 vias
3179 5309 3394 5366 rectas,
3437 5309 3498 5356 ut
3526 5317 3646 5358 am-

2070 5385 2340 5442 bularetis
2396 5386 2452 5441 in
2512 5386 2618 5441 viis
2654 5387 3008 5443 tenebrarum
3044 5389 3120 5444 ηε
3159 5411 3176 5443 ι
3223 5392 3398 5450 Nobis
3456 5405 3642 5452 autem

2068 5487 2502 5535 consentaneum
2533 5479 2716 5535 estad
2765 5493 2888 5535 eum
2921 5482 3014 5552 qui
3071 5483 3127 5539 in
3173 5485 3333 5543 caelis
3379 5497 3467 5544 est
3523 5488 3640 5544 cla~

3411 5673 3456 5702 "
3476 5673 3491 5724 l
3515 5673 3642 5730 Cor.
