4072 6210
455 368 525 424 59
1440 355 1495 409 S.
1528 347 1810 408 CYRiLLI
1850 343 2028 401 :ALE}

2131 340 2333 395 IDRINI
2356 339 2663 397 ARCHIEP.
3641 338 3710 393 60

461 502 614 543 mare
659 485 942 539 doctorem
972 502 983 536 .
1039 497 1059 531 ι
1091 478 1291 532 Averte
1314 474 1529 538 oculos,
1562 488 1629 526 ne
1658 470 1879 524 videant
1930 480 2021 521 va-

2131 459 2367 530 ἀμαθίαν
2414 457 2926 531 ἀναμιμνήσκεσθαι
2985 456 3078 511 τοῦ
3135 455 3387 524 λέγοντος
3420 472 3432 486 ·
3469 473 3487 506 ι
3551 457 3615 509 Ὢ
3661 456 3715 507 oi

461 578 687 633 nitatem
720 575 787 630 ⁷⁸.
825 593 842 626 ι
876 571 1109 626 Vanitas
1144 568 1291 625 enim
1330 564 1618 637 profecto,
1652 568 1707 616 et
1740 574 1928 629 nugae,
1965 572 2029 610 ae

460 665 595 721 nihil
623 662 769 719 aliud
803 669 933 720 sunt
982 661 1073 714 illa
1117 672 1240 729 qua:
1281 672 1346 712 ex
1397 650 1711 725 ignorantia
1763 665 1861 704 sua
1892 646 2029 701 οσα-

458 756 628 811 tiunt.
664 752 785 807 Non
813 751 958 806 enim
988 746 1146 819 quasi
1180 744 1419 802 Verbum
1453 740 1651 795 habeat
1688 736 1856 791 ullum
1882 734 2029 789 aliud

460 848 518 902 in
548 847 733 917 seipso
760 842 947 898 Patris
973 840 1168 903 Filius,
1197 837 1336 893 dixit
1366 850 1424 889 se
1446 832 1628 886 Patris
1662 843 1887 886 servare
1918 842 2033 881 ver-

461 938 635 994 bum:
667 950 848 1007 neque
898 932 968 988 ad
1016 946 1117 987 uos
1163 928 1380 984 venisse
1431 937 1677 993 unquam
1705 918 2029 982 aﬂirmavit,

458 1024 619 1096 quasi
673 1024 1027 1095 paedagogum
1074 1017 1364 1089 quemdam
1397 1013 1603 1075 ferret,
1638 1009 1734 1067 sed
1768 1018 2027 1079 tanquam

461 1117 619 1171 solus
664 1114 1002 1169 iuexsisteus
1040 1109 1194 1164 Patri
1224 1106 1529 1163 secundum
1579 1111 1857 1165 naturam,
1893 1112 1947 1157 et
1972 1101 2030 1155 in

460 1221 523 1262 se
550 1206 796 1261 vicissim
842 1203 1064 1257 Patrem
1099 1201 1307 1257 habens
1341 1198 1619 1262 similiter,
1653 1193 2035 1250 intercedente

462 1297 617 1351 nullo
649 1315 661 1350 :
693 1292 884 1367 «Ego,
912 1313 931 1346 ι
982 1293 1200 1364 inquit,
1252 1307 1272 1342 ι
1305 1291 1359 1345 in
1412 1288 1611 1354 Patre,
1664 1294 1718 1341 et
1764 1285 1929 1340 Pater
1976 1284 2031 1338 iu

462 1402 551 1440 me
579 1384 668 1451 7';
702 1404 721 1438 ι
750 1402 857 1439 non
890 1384 1117 1438 insitqu
1150 1379 1318 1444 illud,
1353 1393 1534 1447 neque
1567 1375 1716 1431 aliud
1751 1374 2031 1446 quoddam

463 1474 701 1531 Verbum
723 1515 737 1541 ,
773 1475 870 1530 sed
917 1474 1078 1528 Pater
1106 1474 1161 1526 in
1194 1487 1302 1526 me.
1351 1468 1641 1536 Quomodo
1670 1467 1840 1537 igitur
1872 1465 2033 1519 intel-

461 1567 736 1637 ligendqu
765 1575 849 1619 est
878 1564 1012 1619 illud
1042 1561 1188 1634 quod
1215 1560 1282 1615 ad
1308 1558 1528 1615 Iudaeos
1570 1558 1640 1613 ab
1668 1558 1788 1626 ipso
1820 1557 2031 1612 dictum

457 1664 579 1724 est,
606 1663 815 1728 qumret
843 1654 1042 1725 aliquis
1066 1694 1079 1716 ,
1113 1669 1214 1708 uec
1244 1651 1475 1723 injuria.
1526 1649 1629 1705 Cui
1657 1664 1725 1703 ex
1776 1649 1854 1705 rei
1885 1649 2034 1704 veri-

460 1756 574 1803 tate
615 1745 1079 1817 respondebimus
1132 1760 1253 1816 quae
1297 1744 1457 1800 nobis
1507 1744 1561 1798 in
1599 1752 1834 1799 mentem
1866 1757 2031 1798 vene-

460 1838 594 1891 rint.
632 1837 871 1893 Docebat
900 1836 1154 1892 Salvator
1183 1834 1680 1892 obstinatissimum
1711 1831 2025 1888 Judzeorum

458 1929 743 1999 populum,
773 1938 827 1982 et
852 1927 1113 1999 paulatim
1145 1942 1176 1981 a
1212 1926 1370 1998 legali
1402 1926 1555 1981 cullu
1586 1924 1868 1980 auditores
1896 1923 2030 1979 abs-

458 2021 723 2085 trahens,
784 2020 984 2091 srepius
1034 2018 1368 2073 inclamabat
1401 2035 1416 2072 :
1450 2036 1468 2068 ι
1507 2016 1617 2088 Ego
1690 2029 1813 2072 sum
1889 2015 2034 2070 veri-

460 2120 545 2167 tas
560 2112 660 2177 ",i
681 2127 816 2183 prop
840 2110 1073 2166 modum
1109 2110 1301 2166 dicens
1331 2127 1344 2164 :
1372 2109 1874 2178 Exeutite,quzeso,
1907 2121 2031 2174 vos,

459 2204 633 2273 legale
658 2203 849 2274 jugum
884 2221 899 2257 :
943 2202 1323 2257 adoratiouem
1368 2201 1424 2255 in
1460 2201 1660 2270 spiritu
1713 2199 1978 2269 suscipite
2015 2216 2030 2252 :

457 2293 639 2347 valeat
678 2293 895 2348 tandem
928 2292 1123 2347 umbra
1148 2333 1164 2359 ,
1202 2299 1551 2347 removeatur
1586 2290 1756 2361 ﬁgura
1779 2329 1794 2353 ,
1827 2289 2035 2345 veritas

457 2384 659 2438 illuxit.
698 2382 804 2438 Sed
852 2399 961 2438 non
1005 2383 1267 2438 omnibus
1310 2391 1458 2437 recte
1509 2380 1691 2437 facere
1741 2380 2036 2436 videbatur

458 2476 604 2545 quod
638 2464 877 2531 Mosaica
910 2483 1182 2545 prmcepta
1211 2482 1515 2535 everteret,
1549 2474 1659 2527 imo
1685 2487 1814 2528 vero
1840 2473 1905 2528 ad
1942 2488 2036 2529 ve-

455 2568 673 2624 ritatem
710 2567 1124 2632 adduceret,ita
1159 2576 1219 2621 ut
1245 2565 1498 2621 nonnulli
1528 2565 1705 2635 palam
1738 2564 2031 2620 dicerent:

460 2676 480 2710 ι
518 2656 574 2712 Si
619 2666 765 2711 esset
817 2656 903 2712 hic
948 2656 1113 2712 homo
1168 2671 1199 2711 a
1252 2656 1395 2721 Deo,
1453 2671 1563 2710 non
1610 2655 1855 2710 solveret
1899 2654 2035 2711 Sab-

455 2750 580 2806 bata
605 2749 651 2783 "
678 2768 691 2803 :
719 2768 738 2802 ι
762 2750 906 2819 quod
937 2758 1059 2804 erat
1086 2749 1279 2820 procul
1309 2748 1476 2803 dubio
1506 2747 1877 2803 condemnare
1905 2762 2035 2817 pec-

452 2838 560 2895 cati
588 2854 715 2895 eum
737 2841 829 2909 qui
860 2855 971 2893 non
1000 2839 1152 2893 novit
1181 2838 1339 2893 illud.
1368 2836 1683 2893 Istiusmodi
1720 2837 2031 2893 Judzeorum

454 2929 675 2986 furores
736 2930 922 3000 itaque
981 2929 1239 2996 diluens,
1297 2944 1515 2984 omnem
1556 2928 1754 2983 fastum
1811 2929 2031 3001 quidem

454 3018 690 3074 orationi
723 3017 1032 3085 subtrahit,
1063 3024 1117 3073 et
1146 3017 1419 3074 submisse
1437 3056 1451 3082 ,
1474 3032 1575 3072 nec
1597 3024 1785 3088 aperte
1805 3015 2036 3071 edocere

2131 552 2584 621 ἐγκαταλιπόντες
2627 553 2779 615 ὁδοὺς
2843 549 3057 613 εὐθείας
3116 551 3212 603 τοῦ
3275 548 3601 619 πορεύεσθαι
3651 548 3713 601 ὲν

2133 646 2272 709 όδοτς
2309 644 2534 709 σκότους
2558 662 2569 675 ·
2620 663 2638 696 ι
2682 640 2715 713 ή
2724 645 2828 714 μᾶς
2849 642 2906 694 δὲ
2930 641 3222 696 ἀκόλουθον
3246 640 3383 712 πρὸς
3405 639 3498 693 τὸν
3511 641 3569 693 ὲν
3594 642 3709 704 τοῖς

2130 736 2377 809 οὐρανοῖς
2427 735 2867 807 ἀναφθέγγεσθαι
2918 734 3279 805 μυσταγωγόν
3315 749 3329 764 ·
3368 750 3386 784 ι
3420 733 3710 804 ’Δπόστρε-

2132 829 2232 898 ψον
2267 829 2395 893 τοὺς
2417 827 2729 898 ὀφθαλμοὺς
2750 828 2845 881 τοῦ
2874 827 2948 898 μὴ
2973 827 3100 880 ίδεῖν
3128 825 3483 896 ματαιότητα.
3528 844 3546 876 ι
3587 826 3703 879 Μα-

2130 918 2353 989 ταιότης
2397 916 2506 990 γὰρ
2554 916 2741 981 ὅντως,
2778 916 2940 987 λῆρός
2983 932 3043 970 τε
3089 916 3185 970 καὶ
3214 914 3403 985 ἓτερον
3448 914 3599 969 οὐδὲν
3642 915 3711 969 τὰ

2133 1009 2198 1062 ὲκ
2224 1008 2321 1077 τῆς
2354 1006 2580 1061 ἐκείνων
2612 1006 2969 1069 ἀπαιδευσίας
2991 1006 3441 1077 κενοφωνούμενα
3466 1023 3482 1037 ·
3514 1006 3576 1060 οὐ
3599 1006 3709 1078 γάρ

2132 1098 2208 1164 ὡς
2246 1099 2418 1168 Λόγον
2459 1099 2598 1170 ἔχων
2630 1098 2816 1171 ἕτερον
2858 1099 3047 1153 οὐδένα
3071 1100 3128 1152 ὲν
3167 1099 3343 1168 ἑαυτῷ
3370 1099 3464 1152 τοῦ
3495 1100 3709 1169 Πατρδς

2132 1193 2161 1245 6
2186 1192 2334 1257 Υίὸς,
2352 1193 2443 1247 τὸν
2467 1191 2562 1246 τοῦ
2588 1195 2700 1247 Πατ
2710 1191 2799 1261 ρὺς
2824 1190 3026 1260 ἔφασκε
3058 1190 3216 1260 λόγον
3228 1193 3434 1263 τηρεῖν⁸
3463 1192 3579 1245 ἀλλ’
3598 1192 3709 1247 οὐδ’

2133 1285 2318 1355 ὥςπερ
2362 1284 2484 1338 τινὰ
2524 1283 2867 1353 παιδαγωγὸν
2888 1282 3341 1353 ὲπικομιζόμενος
3376 1284 3511 1355 πρὸς
3562 1284 3711 1354 ἡμᾶς

2135 1377 2362 1447 ἀφῖχθαι
2410 1377 2779 1448 διισχυρίσατό
2811 1392 2963 1441 ποτε,
2995 1376 3072 1440 ὡς
3102 1376 3159 1430 δὲ
3194 1377 3354 1446 μόνος
3387 1378 3708 1448 ἐνυπάρχων

2135 1468 2276 1522 κατὰ
2313 1467 2474 1538 φύσιν
2522 1467 2602 1538 τῷ
2635 1468 2831 1539 Πατρὶ,
2853 1468 2993 1538 ἔχων
3029 1484 3088 1521 τε
3119 1464 3187 1522 αὖ
3217 1468 3379 1522 πάλιν
3423 1468 3623 1538 ὁμοίως
3650 1471 3708 1522 ὲν

2135 1560 2310 1633 ἑαυτῷ
2339 1561 2434 1615 τὸν
2481 1560 2723 1633 Πατέρα,
2776 1559 3202 1632 μεσολαδοῦντος
3238 1560 3424 1632 ἐτέρου
3457 1561 3703 1632 μηδενόςο

2140 1671 2160 1705 ι
2220 1651 2382 1722 Ἐγὼ,
2435 1652 2619 1725 φησὶν,
2674 1654 2732 1706 ἐν
2784 1652 2863 1723 τῷ
2917 1653 3116 1723 Πατρὶ,
3178 1653 3272 1706 καὶ
3330 1653 3360 1706 6
3400 1653 3592 1724 Πατὴρ
3648 1656 3708 1707 ὲν

2137 1741 2280 1811 ἐμοὶ,
2316 1761 2335 1795 ι
2364 1741 2462 1812 οὐχ
2492 1744 2521 1796 6
2551 1741 2809 1813 ἔμφυτος,
2835 1741 2949 1795 ἀλλ’
2973 1742 3096 1795 οὐδὲ
3120 1741 3149 1793 6
3176 1742 3364 1813 ἕτερός
3395 1759 3479 1806 τις
3506 1743 3701 1811 Λόγος,

2136 1833 2302 1887 ἀλλ’ὀ
2334 1834 2522 1906 Πατὴρ
2544 1834 2785 1904 ὲνὲμοί.
2834 1831 2958 1892 Πῶς
3008 1828 3100 1886 οὖν
3155 1832 3262 1903 ἄρα
3309 1834 3497 1903 νοῆσαι
3535 1850 3708 1905 προσ-

2133 1927 2257 1998 ήκοι
2305 1918 2367 1979 τδ
2416 1927 2548 1998 παρ’
2598 1924 2763 1980 αὐτοῦ
2804 1925 2941 1995 πρὸς
2991 1926 3119 1988 τοὺς
3155 1924 3441 1987 Ἰουδαίους
3481 1926 3708 1996 εἰρημέ-

2134 2033 2243 2082 νον,
2271 2017 2414 2071 είποι
2455 2034 2539 2082 τις
2560 2017 2625 2071 ἂν
2648 2020 2803 2088 ἡμῖν,
2842 2017 2938 2071 καὶ
2982 2016 3127 2087 μάλα
3177 2016 3401 2080 είκότως
3427 2033 3441 2047 ·
3470 2016 3607 2087 πρὸς
3643 2016 3709 2089 δή

2133 2109 2292 2165 τοῦτο
2347 2108 2580 2182 ἐροῦμεν
2634 2109 2989 2182 ἀληθεύοντες
3046 2109 3117 2164 τὰ
3172 2110 3253 2172 είς
3296 2108 3422 2163 νοῦν
3485 2110 3712 2164 ἀναϐαί-

2134 2219 2291 2257 νοντα
2333 2201 2425 2256 τὸν
2461 2203 2745 2275 ἡμέτερον.
2786 2203 3093 2257 Ἐδίδασκεν
3141 2205 3169 2257 6
3209 2201 3400 2273 Σωτὴρ
3443 2201 3535 2256 τδν
3579 2202 3707 2256 δυσ-

2136 2292 2486 2349 πειθέστατον
2514 2293 2623 2349 τῶν
2658 2293 2926 2350 Ἰουδαίων
2962 2294 3109 2349 λαῶν
3127 2294 3242 2368 [γρ.
3263 2293 3438 2365 λαδν],
3462 2296 3709 2351 καὶκατὰ

2138 2379 2308 2453 βραχὺ
2345 2380 2447 2452 τῆς
2485 2380 2715 2453 νομικῆς
2746 2382 2980 2450 ἐξέλκων
3027 2382 3280 2453 λατρείας
3322 2382 3449 2446 τοὺς
3502 2383 3712 2454 ἀκροω-

2139 2471 2351 2541 μένους,
2372 2470 2641 2540 ἐπεφώνει
2670 2472 2950 2536 πολλάκις
2983 2492 3001 2523 ι
3037 2471 3180 2542 Ἑγώ
3205 2473 3319 2544 είμι
3347 2474 3380 2543 ὴ
3409 2472 3653 2543 ἀλήθεια,
3684 2491 3705 2522 ι

2139 2561 2421 2631 μονονουχὶ
2450 2559 2624 2628 λέγων
2647 2576 2664 2593 ο
2681 2561 3071 2617 Ἀποσείσασθε
3096 2562 3187 2617 τὸν
3215 2563 3457 2633 νομικὸν,
3474 2555 3706 2631 (Imb-:02,

2136 2651 2298 2721 ζυγόν
2325 2669 2341 2684 ο
2387 2652 2753 2718 καταδέξασθε
2815 2654 2915 2727 τὴν
2959 2654 3018 2709 ἐν
3066 2657 3340 2727 πνεύματι
3403 2657 3659 2729 λατρείαν
3690 2676 3705 2689 ·

2135 2740 2366 2811 οἰχέσθω
2420 2740 2604 2805 λοιπὸν
2648 2745 2681 2814 ή
2730 2744 2879 2807 σκιά,
2918 2745 3165 2815 χωρείτω
3205 2747 3422 2817 μακρὰν
3457 2748 3486 2800 6
3517 2749 3707 2812 τύπος,

2137 2830 2454 2903 ἐπέλαμψεν
2491 2832 2524 2902 ή
2558 2832 2807 2904 ἀλήθεια.
2842 2834 2983 2888 ’Λλλ’
3014 2835 3077 2888 ού
3122 2838 3288 2891 πᾶσιν
3321 2837 3496 2891 ἐδόκει
3536 2841 3708 2893 ποιεῖν

2135 2921 2339 2995 ὀρθῶς,
2387 2925 2707 2997 ἀνατρέπων
2754 2924 2824 2979 τὰ
2865 2925 3145 2993 Μωσέως,
3209 2928 3411 3000 μᾶλλον
3462 2929 3519 2984 δὲ
3561 2930 3709 3000 ἄγων

2136 3014 2229 3067 ἐπὶ
2260 3013 2323 3068 τὸ
2365 3013 2743 3087 ἀληθέστερον,
2794 3016 2872 3081 ὠς
2912 3016 3006 3072 καί
3048 3035 3202 3085 τινας
3229 3019 3332 3091 ἦδη
3361 3019 3493 3091 βοᾷν
3524 3038 3538 3051 ·
3581 3041 3599 3072 ι
3647 3021 3710 3074 El.

454 3111 570 3167 vult
594 3110 739 3181 quod
761 3110 894 3166 nihil
920 3117 1120 3180 praeter
1138 3110 1476 3165 voluntatem
1493 3107 1581 3165 Dei
1603 3124 1667 3164 ac
1688 3108 1866 3166 Patris
1892 3108 2028 3166 fece-

2137 3103 2208 3179 ἧν
2256 3101 2410 3173 οὗτος
2458 3107 2610 3181 παρά
2660 3107 2795 3162 Θεοῦ
2843 3108 3148 3180 ἄνθρωπος,
3209 3110 3309 3166 οὐκ
3364 3112 3431 3166 ἃν
3476 3111 3597 3165 ἔλυε
3638 3113 3711 3168 τά

452 3203 562 3266 rit,
600 3202 692 3273 qui
717 3216 826 3257 non
855 3201 1007 3257 novit
1028 3208 1310 3269 peccatum
1339 3198 1536 3257 Filius.
1597 3197 1795 3257 Veru’m
1823 3240 1838 3266 ,
1886 3216 1956 3256 ne
1988 3201 2032 3256 si

454 3293 695 3364 apertius
715 3292 948 3360 diceret,
977 3291 1265 3348 Peccatum
1298 3307 1405 3347 non
1438 3291 1585 3355 novi,
1616 3307 1811 3347 rursus
1848 3307 1943 3348 eos
1971 3301 2031 3346 ut

452 3385 508 3442 iu
532 3399 593 3440 se
620 3383 895 3455 lapidibus
922 3384 1197 3449 saevirent,
1223 3392 1476 3448 acueret;
1504 3385 1689 3439 statim
1716 3384 1918 3455 quippe
1948 3384 2031 3439 ira

456 3474 653 3531 fervidi
688 3482 744 3530 et
768 3483 1067 3531 aestuantes
1096 3474 1371 3531 dixissent
1400 3493 1414 3529 :
1449 3472 1554 3531 Uni
1601 3473 1708 3530 Deo
1736 3478 2025 3546 preprium

451 3576 539 3625 est
570 3582 681 3623 non
714 3582 977 3638 peccare,
1012 3577 1070 3622 tu
1102 3576 1285 3623 autem
1316 3567 1486 3622 homo
1516 3582 1639 3623 eum
1678 3570 1788 3633 sis,
1824 3569 1934 3624 noli
1968 3584 2031 3626 ea

454 3659 702 3731 promrre
729 3674 852 3731 qua:
877 3658 980 3716 soli
1009 3658 1119 3714 Deo
1146 3659 1507 3715 conveniunt.
1536 3658 1690 3726 Quod
1720 3660 1854 3716 alias
1884 3669 2031 3716 certe

454 3751 737 3813 fecerunt,
780 3751 1026 3806 dicentes
1057 3751 1185 3819 jure
1223 3765 1283 3806 se
1330 3765 1451 3806 eum
1497 3751 1772 3821 lapidibus
1815 3760 2024 3822 petere.

449 3842 558 3914 33
619 3841 789 3913 quod.
844 3858 971 3898 eum
1037 3850 1189 3899 esset
1262 3842 1460 3907 homo,
1519 3845 1759 3913 seipsum
1823 3844 2029 3899 faceret

450 3924 621 3986 Deiuu
655 3950 669 3988 :
699 3932 990 3990 obscurius
1027 3932 1301 4000 Salvator,
1352 3935 1652 4005 praesertim
1697 3951 1821 3991 cum
1866 3935 2027 3991 homo

451 4025 630 4079 factus
660 4032 828 4088 esset,
869 4035 923 4080 et
972 4034 1231 4095 tauquam
1263 4026 1366 4096 legi
1418 4025 1677 4081 subditus
1710 4042 1836 4082 eum
1891 4028 2026 4097 legis

449 4115 707 4179 subditis,
740 4130 1048 4172 sermonem
1082 4116 1223 4170 dixit
1249 4130 1471 4171 servare
1504 4131 1564 4172 se
1596 4112 1792 4181 Patris,
1827 4132 2024 4187 prope-

449 4206 673 4261 modum
742 4208 1002 4278 inquiens
1050 4226 1063 4263 :
1112 4206 1393 4279 Nusquam
1453 4207 1630 4264 Patris
1682 4209 2021 4265 voluntatem

450 4298 869 4369 praetergrediar
897 4316 913 4366 ;
969 4307 1251 4370 peccatum
1280 4300 1425 4355 enim
1462 4308 1547 4357 est
1574 4300 1630 4355 in
1661 4300 1862 4357 divinze
1891 4300 2023 4373 legis

2138 3199 2394 3255 Σάϐϐατα
2426 3217 2442 3233 ο
2493 3219 2513 3254 ι
2578 3202 2715 3274 ὅπερ
2773 3196 2845 3272 ἦν
2894 3202 3155 3275 ἄντικρυς
3205 3202 3482 3276 ἁμαρτίαν
3536 3221 3702 3260 κατα·

2134 3290 2468 3363 ψηφίζεσθαι
2502 3291 2594 3347 τοῦ
2638 3292 2714 3364 μὴ
2768 3291 2972 3357 είδότος
3029 3293 3223 3365 αὑτήν.
3271 3293 3416 3363 Πρδς
3461 3290 3557 3350 οὖν
3608 3295 3715 3379 τάξ

2135 3384 2392 3451 τοιαύτας
2435 3384 2545 3441 τῶν
2597 3386 2866 3441 Ἰουδαίων
2909 3387 3169 3452 ἀπονοίας
3225 3387 3663 3460 ἀπολογούμενος
3688 3428 3706 3452 ,

2136 3474 2311 3529 πάντα
2388 3475 2488 3546 μὲν
2538 3476 2760 3549 ὑφαιρεῖ
2801 3475 2893 3532 τδν
2929 3479 2988 3531 ὲν
3042 3480 3157 3544 τοῖς
3198 3478 3407 3552 ῥήμασι
3463 3478 3706 3554 κόμπον,

2134 3565 2443 3638 ὑφειμένως
2489 3566 2565 3633 δὲ,
2606 3569 2703 3623 καὶ
2760 3570 2823 3624 οὐ
2882 3568 3096 3641 τρανῶς
3122 3610 3138 3636 ,
3186 3569 3527 3627 ἐκδιδάσκειν
3581 3571 3709 3644 βούο

2132 3656 2315 3722 λεται,
2378 3658 2456 3723 ὡς
2500 3660 2600 3713 οὐκ
2655 3659 2719 3714 ἀν
2765 3678 2817 3714 τι
2880 3662 3030 3733 παρά
3083 3663 3143 3717 τὸ
3182 3661 3374 3719 δοκοῦν
3418 3664 3712 3737 ἐργάσαιτο

2131 3747 2212 3818 τῷ
2267 3747 2389 3820 Θεῷ
2431 3750 2530 3804 καὶ
2591 3749 2766 3823 Πατρὶ
2813 3751 2842 3805 6
2890 3752 2965 3824 μὴ
3018 3752 3176 3817 εἰδὼς
3225 3755 3504 3828 ἁμαρτίαν
3553 3756 3704 3822 Υἱός.

2133 3839 2252 3894 Ἵνα
2277 3840 2335 3894 δὲ
2375 3840 2450 3912 μὴ
2495 3846 2828 3916 γυμνότερον
2868 3843 3074 3913 λέγων,
3113 3846 3411 3920 Ἀμαρτίαν
3438 3847 3539 3902 οὐκ
3569 3843 3707 3914 οἶδα,

2132 3931 2443 4004 παροτρύνῃ
2467 3932 2629 3987 πάλιν
2664 3934 2860 3998 αὐτοὺς
2896 3937 2975 3997 είς
2991 3936 3053 3988 τὸ
3083 3936 3403 3993 καταλεύειν
3442 3937 3603 3993 αὐτόν
3627 3957 3640 3970 ο
3671 3939 3707 4010 ἢ

2130 4025 2240 4097 γάρ
2256 4025 2321 4079 ἀν
2340 4026 2500 4091 εὐθὺς
2518 4025 2836 4091 άναζέοντες
2852 4028 2931 4093 εἷς
2950 4028 3119 4098 ὀργὰς
3135 4030 3422 4102 ἐπεπήδων
3439 4031 3703 4100 λέγοντες·

2130 4115 2250 4187 Θεῷ
2277 4116 2424 4187 μόνῳ
2461 4117 2522 4171 τὸ
2548 4117 2622 4189 μὴ
2645 4118 2982 4192 ἁμαρτάνειν
3003 4121 3223 4175 οἰκεῖον·
3249 4122 3313 4175 σὺ
3341 4121 3398 4174 δὲ
3423 4121 3708 4193 ἄνθρωπος

2128 4206 2224 4272 ὢν,
2247 4207 2322 4276 μὴ
2343 4208 2575 4263 λάλειτά
2590 4210 2735 4280 μόνῳ
2759 4211 3038 4282 πρέποντα
3051 4212 3189 4284 Θεῷ.
3201 4215 3266 4268 Ὃ
3281 4213 3343 4284 δὴ
3356 4213 3449 4267 καὶ
3483 4213 3708 4285 ἑτέρωθί

2130 4316 2233 4354 που
2278 4301 2617 4371 πεπράκασι,
2662 4301 2912 4370 λέγοντες
2953 4303 3194 4369 λιθάζειν
3247 4304 3413 4358 αὑτὸν
3459 4304 3705 4370 εἰκότως,

450 4388 934 4457 transgressione;
968 4405 1069 4460 ego
1101 4407 1229 4447 vero
1254 4408 1361 4447 non
1393 4392 1519 4447 novi
1549 4400 1859 4462 peccatum.
1894 4407 2019 4449 cum

2131 4392 2319 4464 ὅτιπερ
2361 4393 2644 4465 ἅνθρωπος
2674 4394 2768 4459 ῶν,
2805 4392 2995 4448 ἑαυτὸν
3021 4397 3162 4449 ποιεῖ
3181 4394 3312 4450 Θεόν
3340 4412 3356 4427 ’
3392 4393 3713 4465 περιεσταλ-’

449 4480 554 4534 sim
590 4478 735 4536 Deus
795 4480 1099 4537 secundum
1140 4492 1413 4539 naturam.
1447 4461 1635 4555 Itaque
1664 4500 1792 4539 eum
1826 4485 2019 4551 doceo,

2131 4461 2306 4555 μένως
2338 4486 2366 4539 6
2392 4461 2604 4557 Σωτὴρ,
2642 4486 2738 4542 ἆτε
2776 4485 2841 4558 δὴ
2873 4487 2968 4541 καὶ
3006 4486 3289 4558 ἄνθρωπος
3320 4461 3580 4558 γεγονὼς,
3611 4487 3701 4541 καὶ

372 4614 381 4625 .
448 4570 669 4629 Patrem
705 4589 815 4629 non
851 4572 1089 4629 oﬂ'endo.
1136 4574 1409 4630 Cmterum
1453 4589 1617 4630 nemo
1664 4576 2029 4646 reprehendat

448 4679 577 4721 eum
616 4665 710 4735 qui
755 4665 1036 4735 legislator
1081 4664 1302 4735 quidem
1357 4674 1443 4720 est
1495 4672 1690 4720 natura
1747 4681 1884 4731 sua,
1930 4667 2025 4723 sed

424 4765 671 4826 propter
688 4755 1102 4812 similitudinem
1130 4772 1291 4828 quam
1325 4756 1489 4812 habet
1511 4757 1821 4821 nobiscum,
1851 4758 2023 4830 legem

448 4847 723 4901 observat.
753 4848 845 4901 Ait
879 4856 1059 4902 autem
1100 4863 1160 4903 se
1200 4846 1417 4905 Patrem
1448 4863 1637 4916 nosse,
1666 4864 1775 4903 non
1812 4849 2025 4920 simpli—

448 4940 608 5003 citer,
639 4939 804 4995 sicuti
857 4955 979 5003 nos,
1013 4940 1083 4995 ob
1131 4940 1279 4996 istud
1324 4942 1525 5008 solum,
1569 4943 1717 5013 quod
1747 4942 1891 5000 Deus
1920 4952 2027 5008 est,

447 5031 543 5088 sed
576 5049 642 5088 ex
674 5047 741 5089 eo
783 5033 929 5104 quod
964 5034 1079 5104 ipse
1112 5041 1225 5101 est,
1274 5033 1455 5092 Patris
1497 5044 1748 5091 naturam
1788 5036 1933 5091 scire
1959 5051 2021 5092 se

446 5125 752 5178 conﬁrmat.
782 5123 1050 5191 Quoniam
1101 5140 1231 5181 vero
1275 5127 1599 5184 mutationis
1638 5129 1882 5184 nescium
1914 5126 2019 5182 Pa-

447 5223 585 5271 trem
614 5232 738 5274 csse
775 5218 965 5284 novit,
1011 5217 1118 5273 scit
1155 5218 1321 5273 etiam
1356 5220 1612 5275 nimirum
1661 5236 1721 5277 se
1759 5221 2016 5275 immuta-

447 5308 607 5362 bilem
649 5325 714 5363 ex
751 5310 1076 5366 immutabili
1118 5309 1295 5366 Patre.
1333 5310 1490 5378 Quod
1544 5321 1725 5367 autem
1757 5313 2019 5367 mutatio-

2124 4574 2200 4639 ῶς
2225 4575 2331 4629 ὑπὸ
2349 4575 2515 4646 νόμον
2548 4576 2685 4647 μετά
2714 4575 2822 4629 τῶν
2848 4576 2954 4630 ὑπὸ
2984 4578 3148 4645 νόμον
3171 4579 3263 4630 τὸν
3293 4577 3450 4645 λόγον
3478 4578 3581 4649 ἔφη
3615 4595 3698 4647 τη-

2127 4670 2242 4741 ρεῖν
2262 4669 2356 4722 τοῦ
2378 4666 2615 4740 Πατρδς,
2643 4668 2926 4740 μονονουχὶ
2969 4667 3143 4736 λέγων
3168 4684 3182 4698 ·
3223 4666 3474 4738 Οὐδαμοῦ
3518 4667 3577 4720 τὸ
3608 4666 3701 4720 τοῦ

2121 4759 2332 4832 Πατρδς
2358 4758 2570 4831 θέλημα
2597 4762 3038 4833 παρεκόήσομαι.
3065 4758 3155 4813 Ἐν
3185 4757 3292 4830 γὰρ
3323 4755 3401 4829 τῷ
3437 4757 3530 4812 τὸν
3558 4757 3701 4811 θεῖον

2122 4850 2439 4923 ὲξέρχεσθαι
2468 4850 2629 4922 νόμον
2667 4852 2701 4923 ἡ
2733 4851 2977 4924 ἁμαρτία
2999 4850 3209 4920 γίνεται
3229 4865 3243 4879 ο
3274 4847 3385 4919 ἐγὼ
3421 4848 3480 4903 δὲ
3522 4849 3696 4921 ἁμαρ⁴

2122 4940 2243 4995 τίαν
2274 4940 2375 4994 οὐκ
2402 4935 2539 5007 οἶδα,
2598 4939 2740 4996 κατά
2788 4940 2950 5011 φύσιν
2993 4942 3255 5012 ὑπάρχων
3294 4939 3445 5004 Θεός.
3494 4937 3704 4993 Οὐκοῦν

2124 5032 2410 5097 διδάσκων,
2442 5032 2504 5087 ού
2544 5032 2700 5086 λυπῶ
2746 5032 2838 5087 τὸν
2884 5032 3127 5103 Πατέρα.
3160 5031 3361 5086 Λοιπὸν
3391 5030 3702 5101 ὲπιτιμάτω

2128 5124 2317 5197 μηδεὶς
2332 5124 2412 5197 τῷ
2437 5124 2579 5180 κατά
2606 5123 2768 5195 φύσιν
2797 5125 2894 5195 μὲν
2920 5123 3207 5195 νομοθέτῃ,
3237 5123 3325 5179 διὰ
3358 5121 3416 5175 δὲ
3445 5122 3545 5195 τὴν
3569 5121 3702 5192 πρὸς

2125 5218 2272 5289 ἡμᾶς
2300 5217 2560 5287 ὁμοίωσιν
2616 5216 2975 5288 νομοφύλακι.
3022 5215 3229 5269 Είδέναι
3257 5214 3313 5268 δὲ
3349 5213 3442 5267 τὸν
3481 5212 3699 5282 Πατέρα

2117 5306 2303 5376 φησὶν,
2336 5306 2435 5377 οὐχ
2481 5307 2668 5371 άπλῶς
2717 5305 2969 5377 καθάπερ
3012 5306 3195 5377 ἡμεῖς,
3222 5303 3700 5377 ἀπεριεργότερον,

445 5410 568 5448 nem
619 5398 829 5461 nescit,
878 5399 1152 5469 quomodo
1202 5415 1428 5461 peccare
1474 5401 1731 5465 dicetur,
1791 5416 1856 5456 ac
1907 5416 2017 5456 non

2131 5397 2247 5451 ιύτδ
2299 5396 2364 5467 δὴ
2401 5397 2560 5451 τοῦτο
2612 5398 2792 5468 μόνον,
2823 5397 3054 5467 ἐπείπερ
3087 5393 3174 5465 εἴη
3203 5392 3358 5458 Θεὸς.
3387 5392 3503 5446 ἀλλ’
3538 5390 3598 5459 ἐξ
3627 5377 3700 5443 ὧν

447 5484 629 5554 potius
679 5485 735 5538 iu
785 5488 1021 5555 propriis
1080 5499 1291 5545 natura:
1322 5489 1545 5545 dotibus
1590 5490 2018 5545 firmumconsi-

446 5571 632 5628 atere?
681 5573 827 5628 Vana
856 5587 941 5631 est
971 5578 1153 5648 itaque
1181 5578 1494 5637 Judaeorum
1522 5582 1875 5648 obtrectatio,
1923 5583 2014 5654 qui

2114 5486 2262 5538 ἐστιν
2279 5485 2439 5548 αὐτὸς
2457 5487 2556 5556 τὴν
2582 5487 2677 5539 τοῦ
2704 5485 2917 5557 Πατρδς
2938 5484 3100 5554 φύειν
3123 5480 3513 5554 διισχυρίζεται
3535 5481 3697 5535 νοεῖν.

2138 5577 2352 5649 Ἐπειδὴ
2394 5578 2451 5631 δὲ
2491 5578 2628 5631 οἶδεν
2680 5577 2975 5648 ὑπομένειν
3020 5576 3118 5631 οὐκ
3157 5576 3331 5631 εἰδότα
3363 5574 3573 5648 τροπὴν
3608 5573 3699 5628 τὸν

513 5752 564 5789 ’⁸
600 5754 744 5813 Psal.
786 5772 988 5830 cxvm,
1030 5760 1117 5817 57.
1194 5763 1237 5794 ⁷⁸
1277 5760 1435 5819 Joau.
1476 5779 1510 5818 x
1535 5805 1549 5830 ,
1588 5766 1673 5822 38.
1755 5766 1799 5798 ⁷⁸
1839 5764 1997 5823 Joan.

2139 5812 2152 5836 ,
2191 5773 2247 5826 ο,
2330 5768 2375 5799 ⁷⁷
2417 5759 2578 5818 Joan.
2623 5780 2673 5818 ιχ
2704 5802 2719 5828 ,
2767 5760 2853 5818 ιο.
