4072 6210
303 301 366 358 δι
1360 294 1427 351 IN
1465 295 1748 354 JOANNIS
1775 296 2222 356 EVANGELIUM
2257 302 2386 357 LIB.
2425 303 2466 357 l.
3492 323 3560 377 69

298 419 662 487 γεννήσαντα,
688 409 798 467 οἶδε
845 413 1109 484 δηλονότι,
1161 417 1254 469 καὶ
1287 417 1476 472 ἑαυτὸν
1520 418 1787 489 ἄτρεπτον
1819 418 1861 471 ἐξ

1984 434 2011 471 a
2071 419 2248 477 Patris
2287 422 2576 478 ηοιιιιςιειιο
2627 423 2925 482 dissentire
2980 426 3173 484 Filium
3219 433 3553 493 existimant.

299 510 574 579 ἀτρέπτου
632 506 846 576 Πατρός
869 523 882 535 θ
917 507 979 558 τὸ
1016 507 1072 558 δὲ
1108 508 1315 579 τροπὴν
1337 511 1438 563 οὐκ
1477 511 1634 574 εξδδς,
1670 512 1785 575 πῶς
1815 514 1880 568 ἂν

297 599 510 669 λέγοιτό
539 616 590 651 τι
631 599 726 651 καὶ
747 598 1104 667 ἁμαρτάνειν,
1126 600 1235 670 βαι
1274 601 1393 671 οὐχὶ
1423 601 1620 671 μᾶλλον
1649 602 1877 674 ἀκλονή-

297 706 408 751 τως
433 689 489 740 ὲν
511 689 624 750 τοῖς
656 686 807 749 ἰδίοις
831 685 1051 740 ἑστάναι
1087 692 1335 756 φυσικοῖς
1373 691 1878 762 πλεονεκτήμασινς

299 778 523 830 Είκαῖον
548 771 642 829 οὖν
671 777 778 848 ἄρα
811 775 920 829 τῶν
954 776 1220 830 Ἰουδαίων
1235 778 1294 831 τὸ
1323 780 1703 851 κατηγόρημα,
1729 781 1881 852 παρά

292 868 395 940 τὴν
417 867 513 922 τοῦ
545 868 757 938 Πατρδς
791 867 1044 939 βούλησιν
1076 869 1162 922 ἕτε
1174 871 1263 942 ρόν
1288 889 1342 924 τι
1373 874 1591 944 φρονεῖν
1617 873 1879 944 οἰομένων

292 963 388 1015 τὸν
427 960 578 1014 Υίόν.
610 961 781 1032 Τηρεῖ
798 961 928 1032 γάρ,
959 960 1035 1024 ὦς
1065 979 1222 1033 φησι,
1255 963 1347 1017 τδν
1373 965 1531 1032 λόγον
1564 965 1752 1032 αὐτοῦ,
1782 965 1878 1020 καὶ

291 1056 482 1123 ἀγνοεῖ
510 1055 569 1107 τὸ
597 1053 933 1124 ἁμαρτάνειν
964 1055 1208 1124 φυσικῶς
1235 1072 1247 1086 ·
1276 1052 1384 1109 οἶδε
1412 1058 1520 1125 γὰρ
1545 1058 1635 1110 τὸν
1658 1059 1878 1128 Πατέρα

289 1144 452 1198 τοῦτο
501 1144 693 1198 παθεῖν
744 1145 806 1196 οὐ
841 1145 1158 1215 δυνάμενον,
1202 1140 1354 1216 ᾧπέρ
1409 1149 1555 1200 ἐστιν
1594 1149 1877 1218 ὀμοούσιος

289 1236 370 1298 ὡς
417 1234 543 1297 Υἱὸς
581 1234 854 1306 ἀληθινός.
896 1235 1117 1307 Ἐπειδὴ
1151 1235 1209 1290 δὲ
1258 1236 1397 1307 πρὸς
1433 1237 1592 1290 τοῦτό
1625 1255 1757 1308 φασι
1783 1239 1877 1293 καὶ

286 1325 352 1376 τὸ
389 1325 732 1395 συνημμένον
760 1329 828 1396 τῇ
859 1327 988 1398 παρ’
1014 1327 1192 1380 αὐτῶν
1229 1327 1496 1382 ἀντιθέσει
1527 1345 1541 1360 ·
1584 1349 1604 1381 ι
1656 1331 1750 1382 Ἐκ
1777 1347 1876 1398 γα-

291 1415 463 1485 στρὸς
515 1416 619 1486 πρὸ
660 1417 972 1488 Ἑωσφόρου
1035 1418 1360 1489 ὲξεγέννησά
1407 1433 1497 1471 σε·
1549 1438 1568 1472 ι
1625 1419 1758 1491 φέρε
1808 1420 1872 1491 δὴ

290 1508 482 1574 πάλιν,
512 1509 606 1560 καὶ
635 1508 726 1562 ἐπὶ
741 1509 916 1580 τούτῳ
941 1509 1030 1563 τὸν
1057 1510 1158 1580 τῆς
1182 1510 1459 1575 εὐσεϐείας
1475 1511 1874 1582 ἅναπτύξωμεν

286 1601 468 1670 λόγον.
500 1603 573 1655 υύ
605 1603 715 1674 γὰρ
751 1603 1049 1675 ἐπειδήπερ
1082 1603 1150 1657 τὰ
1179 1604 1402 1658 τοιαῦτά
1439 1623 1572 1676 φησι
1616 1607 1747 1677 πρὸς
1780 1608 1872 1660 τὸν

288 1693 419 1746 Υἱδν
445 1692 474 1744 ό
499 1693 712 1763 Πατήρ,
748 1692 838 1746 διὰ
861 1693 1019 1746 τοῦτο
1040 1693 1105 1764 δὴ
1137 1693 1356 1758 πάντως
1378 1696 1582 1749 οἴεσθαι
1618 1696 1746 1767 χρὴ,
1779 1697 1871 1749 Λό-

284 1801 384 1851 γον
407 1783 505 1853 μὲν
529 1784 802 1854 ὑπάρχειν
835 1783 1076 1854 ἔμφυτον
1103 1784 1271 1854 αὐτῷ,
1301 1785 1488 1857 ἕτερον
1514 1785 1571 1838 δέ
1589 1803 1709 1839 τινα
1737 1788 1866 1856 παρ’

282 1873 497 1927 ικεῖνον
526 1875 726 1928 ἐννοεῖν
766 1875 857 1928 τὸν
911 1875 1036 1927 Υἱόν
1058 1893 1070 1905 ·
1106 1875 1242 1928 ἀλλά
1285 1876 1500 1946 πρῶτον
1552 1877 1652 1946 μὲν
1692 1879 1868 1932 ἐκεῖνο

282 1963 412 2017 καθ’
437 1964 663 2028 ἑαυτοὺς
694 1963 1075 2035 ἐνθυμώμεθα,
1107 1967 1190 2019 ὅτι
1213 1968 1498 2038 προφήτης
1517 1969 1572 2020 ἐν
1597 1968 1866 2038 πνεύματι

279 2053 475 2108 λαλεῖν
536 2055 837 2125 μελετήσας
912 2057 1206 2126 μυστήρια,
1269 2056 1330 2109 τὸ
1384 2057 1676 2129 πρόσωπον
1734 2061 1866 2128 ἡμῖν

280 2142 652 2213 ὑποκρίνεται
683 2143 774 2196 τοῦ
803 2142 951 2212 Υἱοῦ,
985 2143 1078 2197 καὶ
1098 2144 1160 2213 δὴ
1197 2145 1290 2198 καὶ
1323 2145 1563 2216 εοίσφέρει
1595 2147 1742 2217 παρά
1770 2147 1864 2200 τοῦ

221 2228 224 2230 ’
281 2233 508 2304 Πατρός
532 2233 790 2286 ἀκούοντα
817 2233 975 2286 αὐτόν
998 2249 1014 2265 ο
1057 2254 1076 2286 ι
1110 2234 1235 2297 Υἱός
1271 2251 1372 2306 μου
1410 2232 1462 2287 εἴ
1500 2237 1587 2299 σὺ,
1629 2255 1648 2288 ι
1684 2238 1863 2291 καίτά

277 2321 806 2387 τούτοις-ἀκόλουθα.
846 2325 958 2378 Καὶ
1001 2326 1062 2378 οὐ
1098 2325 1269 2396 δήπου
1321 2327 1539 2390 πάντως
1561 2329 1594 2397 ή
1631 2328 1771 2381 κατὰ
1800 2330 1862 2383 τὸ

275 2413 624 2486 ἀνθρώπινον
678 2420 863 2488 σχῆμα
898 2418 1164 2488 γενομένη
1211 2418 1472 2489 διασκευὴ
1513 2418 1606 2472 δύο
1654 2419 1861 2489 Λόγους

276 2506 425 2574 ἡμᾶς
460 2506 761 2575 ἀναγκάσει
813 2508 976 2570 νοεῖν,
1014 2508 1152 2561 ἀλλά
1181 2510 1293 2573 τοῖς
1346 2509 1636 2580 ἡμετέροις
1683 2509 1860 2562 ἔθεσιν

274 2595 568 2659 ἀναθέντες
599 2596 699 2668 τὴν
731 2597 820 2650 διὰ
845 2597 955 2649 τῶν
981 2597 1237 2651 τοιούτων
1256 2599 1629 2670 ἀπαραίτητον
1657 2601 1860 2652 οἰκονο-

279 2684 431 2754 μίαν,
461 2686 828 2758 αἰτιασόμεθα
855 2688 972 2758 μὲν,
1004 2687 1058 2740 εἴ
1084 2705 1147 2757 γε
1183 2688 1288 2760 μὴν
1307 2692 1637 2762 πράττοιμεν
1660 2693 1857 2762 ὀρθῶς,

281 2775 378 2845 τῆς
406 2776 614 2830 ἑαυτῶν
639 2777 853 2847 φύσεως
877 2779 976 2850 τὴν
1007 2779 1309 2846 ἀσθένειαν,
1335 2780 1457 2834 οὔτε
1489 2782 1672 2852 λόγους
1714 2785 1859 2854 ὲχού-

274 2881 404 2937 σης,
434 2866 558 2920 οὔτε
598 2868 703 2940 μὴν
735 2869 970 2940 τρόπους
1011 2870 1382 2942 θεωρημάτων
1411 2874 1537 2938 τοὺς
1568 2878 1682 2940 τοῖς
1714 2877 1857 2948 ὑπὲρ

276 2959 432 3027 ἡμᾶς
456 2959 767 3029 μυστηρίοις
782 2960 1021 3031 ἀκριϐῶς
1047 2960 1521 3034 διακονουμένους,
1552 2965 1586 3035 ἦ
1617 2967 1707 3019 καὶ
1730 2969 1857 3033 τοὺς

1990 511 2180 566 Servat
2209 515 2355 569 enim
2387 516 2506 585 ejus
2538 531 2847 573 sermonem
2873 561 2890 585 ,
2919 527 2978 574 ut
3009 522 3119 586 ait,
3150 530 3204 578 et
3231 533 3426 582 natura
3456 545 3554 584 sua

1983 618 2182 672 expers
2211 613 2295 660 est
2343 607 2622 675 peccandi.
2673 608 2787 664 Scit
2837 613 2982 666 enim
3031 615 3180 671 istud
3227 617 3280 671 in
3333 618 3552 676 Patrem

1978 693 2172 749 cadere
2227 711 2334 750 non
2379 712 2577 766 posse,
2631 700 2721 754 cui
2776 703 3271 762 consubstantialis
3311 719 3434 776 est,
3496 710 3551 764 in
3657 714 3670 730 ’

1977 793 2242 854 quantum
2286 786 2457 844 Filius
2500 805 2682 846 verus.
2717 790 2837 846 Jam
2885 809 3036 858 vero,
3076 811 3199 850 cum
3250 798 3547 867 objectioni

1977 891 2090 931 suae
2117 884 2359 932 attexant
2383 880 2534 946 illud,
2568 899 2587 932 ι
2618 880 2695 935 Ex
2726 892 2881 938 utero
2904 893 3030 940 ante
3053 885 3362 942 Luciferum
3388 892 3548 958 genui

1976 967 2107 1032 te",
2165 984 2184 1020 ι
2239 969 2492 1040 agedum,
2554 973 2770 1040 pietatis
2821 974 3129 1028 doctrinam
3189 977 3279 1030 hic
3329 993 3548 1034 rursum

1975 1059 2334 1127 explicemus.
2367 1059 2483 1114 Non
2508 1063 2653 1116 enim
2681 1079 2749 1117 ex
2786 1079 2852 1118 eo
2895 1065 3040 1134 quod
3074 1066 3234 1122 Pater
3267 1068 3453 1123 isthch
3480 1072 3547 1125 ad

1975 1146 2168 1202 Filium
2203 1149 2358 1213 dicit,
2393 1151 2599 1206 idcirco
2643 1153 2941 1222 putandum
3017 1164 3101 1209 est
3146 1155 3393 1210 innatum
3425 1161 3546 1226 qui-

1978 1238 2101 1292 dem
2145 1241 2194 1294 ei
2235 1257 2360 1297 esse
2399 1241 2673 1307 Verbum,
2712 1245 2806 1300 sed
2859 1245 3005 1298 aliud
3045 1246 3301 1314 quiddam
3355 1249 3424 1300 ab
3457 1250 3546 1302 illo

1976 1330 2400 1400 concipiendum
2444 1347 2568 1388 esse
2605 1331 2802 1387 Filium
2841 1352 2854 1387 :
2892 1349 3080 1388 verum
3122 1335 3252 1388 illud
3309 1337 3542 1404 primunt

1974 1421 2114 1489 apud
2147 1437 2246 1479 nos
2289 1425 2727 1494 perpendamus,
2767 1425 2913 1496 quod
2946 1440 3070 1480 cum
3111 1426 3387 1495 prophetae
3416 1442 3540 1497 pro-

1973 1511 2212 1580 positum
2245 1521 2392 1568 esset
2425 1514 2480 1568 in
2517 1514 2716 1584 spiritu
2762 1514 2909 1584 loqui
2942 1516 3220 1584 mysteria,
3255 1529 3540 1582 personam

1977 1601 2135 1656 nobis
2183 1603 2337 1672 lingit
2372 1602 2518 1669 Filii,
2556 1605 2800 1675 adeoque
2847 1605 3061 1659 inducit
3114 1606 3290 1675 ipsum
3321 1619 3351 1657 a
3383 1605 3541 1660 Patre

1973 1694 2326 1751 audientem:
2368 1713 2388 1747 ι
2427 1694 2598 1751 Filius
2632 1711 2790 1750 meus
2837 1711 2896 1751 es
2946 1697 3101 1761 tu",
3140 1715 3160 1747 ι
3193 1703 3249 1750 et
3283 1711 3405 1765 qua:
3455 1711 3541 1751 se-

1971 1795 2238 1854 quuntur.
2275 1787 2459 1858 Neque
2489 1802 2616 1841 vero
2647 1787 2889 1841 humano
2919 1803 3073 1843 more
3097 1788 3274 1844 eliicta
3310 1789 3537 1853 locutio,

1969 1879 2078 1935 duo
2117 1879 2291 1936 Verba
2327 1879 2626 1950 intelligere
2667 1894 2769 1934 nos
2826 1880 3040 1951 adiget,
3071 1881 3170 1936 sed
3198 1880 3267 1934 ad
3296 1889 3538 1956 nostram

1967 1971 2418 2026 consuetudinem
2473 1970 2787 2026 istiusmodi
2859 1972 3234 2026 necessarium
3282 1971 3535 2040 loquendi

1967 2078 2142 2132 genus
2173 2062 2476 2118 referentes
2501 2102 2516 2128 ,
2557 2077 2667 2116 non
2699 2062 2905 2133 injuria
2951 2071 3153 2118 nostrae
3192 2073 3405 2116 natura:
3435 2065 3538 2114 im-

1967 2156 2319 2212 becillitatem
2374 2154 2795 2218 accusabimus,
2854 2155 2944 2208 cui
2993 2153 3193 2210 desunt
3259 2154 3424 2209 verba
3480 2161 3535 2208 et

1963 2245 2486 2315 contemplationes,
2551 2259 2674 2313 quae
2729 2243 3009 2313 mysteriis
3074 2243 3294 2316 ingenio
3345 2251 3536 2300 nostro

1963 2335 2249 2388 altioribus
2285 2343 2473 2389 exacte
2519 2333 2858 2402 explicandis
2912 2334 3253 2396 inserviant,
3319 2343 3414 2388 aut
3444 2349 3534 2389 res

1961 2426 2147 2480 deitati
2203 2433 2572 2494 congruentes
2650 2426 2925 2495 inculpate
3004 2425 3113 2498 35.
3183 2427 3534 2498 interpretari

1961 2518 2230 2572 valeant:
2277 2515 2373 2570 sed
2421 2524 2678 2568 naturam
2735 2529 2900 2584 porro
2945 2515 3186 2568 divinam
3239 2525 3421 2570 mente
3481 2525 3535 2570 et

1960 2609 2210 2664 oratione
2244 2614 2430 2662 nostra
2470 2605 2810 2675 superiorem
2863 2619 2987 2659 esse
3039 2603 3370 2670 fatebimur,
3423 2621 3533 2660 non

1960 2699 2182 2772 perinde
2222 2707 2383 2768 atque
2430 2697 2708 2755 dicuntur.
2739 2710 2829 2749 res
2873 2690 3096 2750 divinas
3132 2697 3317 2749 animo
3373 2696 3534 2764 plane

1958 2792 2259 2860 capientes,
2291 2788 2387 2844 sed
2427 2794 2587 2856 prout
2627 2785 2731 2855 ipsi
2773 2785 3127 2849 conveniunt,
3168 2800 3374 2855 easque
3411 2787 3530 2840 vult

1959 2898 1989 2937 ιι
2019 2883 2176 2937 nobis
2212 2876 2621 2949 comprehendi.
2679 2877 2932 2946 Alioqui,
2992 2877 3039 2932 si
3095 2891 3381 2947 perperam
3424 2893 3528 2933 nos

1958 2971 2264 3030 istiusmodi
2288 2969 2433 3026 abuti
2460 2969 2640 3024 verbis
2669 2967 2908 3023 haeretici
2947 2966 3167 3037 quidam
3190 2967 3528 3030 existimant,

271 3046 624 3116 ἀνεγκλήτως
648 3048 1022 3120 διερμηνεύειν
1052 3050 1334 3121 ἰσχύοντας
1366 3054 1434 3108 τά
1453 3054 1853 3127 θεοπρεπέστε-

1962 3075 2010 3123 et
2036 3063 2291 3136 loquendi
2322 3075 2494 3134 genus
2527 3060 2593 3114 ad
2645 3070 2890 3116 nostram
2936 3059 3388 3116 consuetudinem
3441 3075 3532 3115 ac-

270 3154 367 3206 ρα.
388 3137 462 3191 τὸ
487 3142 643 3210 νικᾷν
667 3141 724 3194 δὲ
747 3140 909 3194 πάλιν
940 3143 1303 3215 ἐπιτρέψομεν
1329 3149 1393 3217 τῇ
1434 3147 1555 3218 θείᾳ
1578 3149 1736 3219 φύσει
1761 3149 1853 3206 τὸν

268 3229 330 3281 ἐν
365 3231 501 3300 ἡμῖν
531 3232 657 3287 νοῦν
687 3251 746 3286 τε
775 3233 870 3287 καὶ
909 3234 1065 3304 λόγον
1089 3276 1103 3301 ,
1136 3237 1235 3308 οὐχ
1265 3237 1342 3301 ὡς
1373 3239 1588 3308 λέγεται
1632 3241 1852 3307 πάντως

267 3320 524 3384 νοοῦντες
545 3322 618 3376 τά
657 3323 786 3393 περὶ
834 3324 1026 3396 αὐτῆς,
1071 3327 1282 3392 ἀλλ’ὡς
1323 3329 1458 3402 αὐτῇ
1501 3331 1720 3404 πρέπει,
1758 3334 1854 3389 καὶ

267 3410 548 3481 βούλεται.
580 3415 650 3468 Ἣ
696 3417 852 3487 εἴπερ
889 3418 990 3472 οὐκ
1039 3419 1219 3492 ὀρθῶς
1267 3424 1384 3487 τοῖς
1421 3423 1680 3490 τοιούτοις
1704 3429 1853 3498 ἡμᾶς

267 3503 692 3573 ἀποκεχρῆσθαι
721 3505 898 3576 λόγοις
920 3508 1120 3564 οἴονταί
1151 3527 1295 3576 τινες
1319 3513 1429 3566 τῶν
1452 3514 1682 3569 ἀνοσίων
1704 3520 1853 3590 αἱρε-

265 3590 464 3656 τικῶν,
520 3595 620 3664 τὴν
666 3595 722 3648 δὲ
750 3598 873 3652 καθ’
913 3600 1062 3670 ήμᾶς
1091 3600 1404 3658 ἀναϐαίνειν
1431 3606 1722 3678 συνήθειαν
1752 3610 1852 3664 οὐκ

264 3682 634 3756 ἐπιτρέπουσι
671 3685 732 3740 τὸ
776 3689 961 3760 σχῆμα
992 3692 1085 3744 τοῦ
1127 3691 1308 3762 λόγου,
1339 3694 1560 3760 δικαίως
1589 3699 1851 3759 ἀκούσον-

263 3791 357 3868 ται
382 3789 423 3868 ο-
453 3775 682 3868 νοείσθω
747 3781 869 3834 καθ’
900 3784 1046 3852 ἡμᾶς
1089 3786 1185 3839 καὶ
1241 3788 1445 3856 γεννῶν
1475 3791 1502 3843 ό
1531 3791 1740 3864 Πατὴρ,
1774 3797 1850 3868 μὴ

262 3865 542 3936 ἀρνείσθω
591 3869 830 3941 γαστέρα
873 3875 967 3928 καὶ
1010 3873 1110 3940 τάς
1156 3879 1252 3932 ἐπὶ
1293 3877 1370 3950 τῷ
1394 3880 1598 3935 τίκτειν
1626 3865 1842 3950 ὠδῖναςξ

268 3974 288 4007 ι
323 3958 425 4011 Ἐκ
452 3961 692 4031 γαστρὸς
720 3980 737 4013 ι
763 3965 870 4034 γάρ
890 3984 907 4014 t
947 3967 1272 4041 ὲξεγέννησά
1298 3987 1378 4037 σε,
1413 3989 1432 4023 ι
1462 3975 1593 4044 φησι
1617 3975 1693 4045 τῷ
1712 3976 1846 4049 Υίῷ.

277 4049 425 4102 Ἀλλ’
477 4055 610 4116 ἴσως
666 4056 863 4124 μᾶλλον
900 4057 956 4110 δὲ
987 4061 1186 4124 πάντες
1225 4064 1442 4135 ἐροῦσιν
1487 4069 1550 4120 ὲκ
1583 4069 1685 4139 τῆς
1724 4072 1848 4126 καθ’

265 4145 425 4213 ἡμᾶς
463 4145 774 4216 ὁμοιότητος
831 4149 930 4219 τὴν
962 4152 1047 4222 ἐφ’
1095 4153 1211 4223 Υίῷ
1255 4157 1484 4226 γνησίαν
1532 4160 1694 4216 ὠδῖνα
1748 4180 1848 4234 ση-

265 4234 561 4305 μαίνεσθαι
611 4238 704 4292 τοῦ
769 4242 998 4312 Πατρός.
1047 4246 1257 4300 Οὐκοῦν
1326 4251 1566 4318 εὐσεϐῶς
1623 4257 1849 4312 κάκεῖνο

261 4324 520 4417 νοείσθω,
551 4327 650 4381 κᾶν
676 4329 751 4393 ῶς
811 4332 867 4384 ὲν
910 4334 1234 4408 ἀνθρωπίνῳ
1285 4338 1528 4394 λαλεῖται
1576 4347 1844 4417 σχήματι,

1955 3157 2207 3214 commod
2227 3156 2306 3209 ari
2329 3155 2543 3217 nolunt,
2564 3152 2689 3222 jure
2715 3151 2936 3206 audient
2961 3168 2974 3205 :
3008 3150 3315 3206 Censeatur
3340 3160 3530 3207 nostro

1953 3264 2174 3320 quoque
2232 3261 2384 3302 more
2435 3245 2597 3300 Pater
2651 3244 2914 3316 gignere;
2977 3253 3166 3298 uterus
3227 3250 3281 3297 et
3333 3251 3519 3312 partus

1953 3341 2174 3396 dolores
2215 3338 2266 3394 ei
2311 3352 2435 3394 esse
2481 3351 2588 3391 non
2641 3347 2926 3404 negentur.
2963 3351 2983 3384 ι
3021 3333 3095 3387 Ex
3136 3341 3294 3386 utero
3322 3352 3340 3384 ι
3381 3334 3527 3387 enim

1957 3429 2176 3502 «genui
2227 3435 2314 3491 te,
2373 3444 2392 3478 ι
2458 3425 2638 3494 inquit
2705 3423 2864 3478 Filio.
2937 3421 3043 3477 Sed
3113 3422 3527 3492 respondebunt

1953 3515 2354 3583 f0rsan,nostri
2377 3513 2758 3577 similitudine,
2781 3527 2970 3566 verum
2998 3511 3052 3565 in
3083 3509 3220 3564 Filio
3257 3511 3530 3580 gignendo

1953 3619 2169 3683 partum
2205 3607 2504 3679 signiﬁcari
2536 3606 2740 3661 Patris.
2777 3605 2966 3676 Itaque
3008 3604 3096 3675 pie
3143 3603 3275 3658 illud
3325 3604 3529 3659 intelli-

1953 3711 2143 3774 gatur,
2196 3700 2411 3755 tametsi
2463 3699 2700 3752 humano
2736 3711 2885 3751 more
2921 3696 3162 3761 dicitur,
3219 3702 3383 3763 atque
3435 3695 3508 3747 ita

1953 3795 2194 3851 solvetur
2248 3790 2450 3845 acerba
2495 3790 2744 3858 ipsorum
2775 3796 2831 3841 et
2870 3787 3033 3854 impia
3065 3785 3322 3853 objectio.
3365 3783 3523 3836 Sulli-

1950 3891 2136 3942 cerent
2164 3883 2374 3945 isth:ec,
2406 3888 2463 3934 ιιι
2499 3893 2645 3934 reor.
2676 3877 2780 3932 Sed
2812 3892 2935 3930 eum
2973 3875 3134 3930 nobis
3179 3873 3522 3943 propositum

1951 3977 2022 4033 sit
2045 3975 2258 4030 illorum
2289 3970 2628 4040 obiectiones
2661 3965 2865 4020 nefarie
2902 3964 3166 4019 conﬂatas
3191 3979 3287 4020 ceu
3329 3981 3519 4034 quam-

1949 4068 2074 4124 dam
2122 4067 2360 4120 hostium
2389 4070 2626 4116 turmam
2662 4059 2875 4129 piorum
2910 4057 3224 4127 dogmatum
3287 4057 3525 4110 sinceri-

1951 4167 2063 4215 tate
2087 4154 2470 4226 comprimere,
2519 4149 2774 4222 agedum,
2803 4149 2872 4204 iis
2917 4148 3112 4203 ordine
3146 4147 3346 4216 cuique
3393 4161 3521 4201 con-

1948 4249 2188 4307 venienti
2220 4243 2516 4318 propositis
2540 4282 2555 4305 ,
2591 4239 2928 4297 contrarium
2959 4252 3302 4307 opponamus
3323 4278 3338 4303 ,
3381 4247 3434 4291 et
3469 4236 3522 4290 in

1951 4357 2047 4399 eas
2077 4341 2406 4394 instructam
2445 4331 2700 4386 doctrina
2748 4343 2965 4398 semper
2993 4327 3273 4382 victricem
3325 4328 3523 4381 verita-

263 4418 360 4468 καὶ
386 4416 601 4472 λέλυται
628 4419 688 4472 τὸ
716 4424 912 4493 πικρὸν
937 4426 1116 4481 αὐτῶν
1159 4431 1252 4484 καὶ
1281 4431 1492 4486 ἀνόσιον
1529 4416 1840 4508 πρόϐλημα.

1962 4447 2054 4488 ,οηι
2077 4439 2342 4501 generosa
2367 4431 2545 4477 mente
2564 4436 2860 4476 armemus.
2887 4418 3099 4474 Rursus
3112 4427 3291 4473 autem
3312 4418 3521 4474 haereti-

277 4507 531 4578 Ἐξήρκει
565 4512 662 4581 μὲν
705 4509 818 4579 οὖν,
845 4515 919 4579 ὡς
952 4512 1124 4588 οἶμαι,
1159 4522 1253 4575 καὶ
1294 4523 1485 4578 ταῦτα.
1541 4527 1755 4601 Ἐπειδὴ
1787 4531 1845 4584 δὲ

264 4597 464 4666 χρῆναι
495 4600 607 4654 δεῖν
633 4603 1013 4677 ὑπειλήφαμεν
1041 4610 1108 4662 τά
1151 4612 1215 4664 ὲκ
1242 4614 1340 4682 τῆς
1372 4615 1596 4670 ἐκείνων
1622 4617 1846 4692 δυστρο-

266 4685 399 4748 πῖας
430 4690 786 4761 ἐπινοηθέντα
835 4695 1214 4767 προϐλήματα,
1246 4701 1496 4772 καθάπερ
1520 4703 1644 4757 τινὰ
1681 4685 1839 4760 πολε-

1951 4536 2139 4579 eorum
2157 4517 2387 4588 objectio
2405 4513 2736 4586 syllogismis
2751 4513 2921 4581 ipsam
2939 4511 3274 4566 diluentibus
3289 4511 3524 4580 praelinit-

1953 4626 2116 4681 tetnr,
2138 4627 2258 4684 qua
2278 4607 2669 4682 disputationis
2695 4608 2957 4661 rationem
2983 4616 3242 4660 accurato
3265 4605 3523 4674 subjiciat

1944 4705 2204 4770 examini,
2225 4710 2278 4760 el.
2306 4703 2478 4758 instar
2493 4699 2665 4771 rapidi
2685 4699 2970 4768 cujusdam
2999 4696 3521 4751 ﬂuminislectorum

267 4775 410 4844 μίων
435 4779 624 4849 ἐσμὸν,
677 4785 743 4854 τῇ
791 4783 900 4836 τῶν
958 4787 1198 4841 εὐσεϐῶν
1246 4789 1530 4860 δογμάτων
1589 4795 1842 4868 ὀρθότητι

1962 4800 2159 4855 tnimos
2185 4798 2394 4851 alacres
2427 4792 2568 4849 lerat
2597 4790 2664 4846 ad
2715 4789 3093 4860 percipiendas
3119 4787 3518 4858 oppositiones.

265 4870 724 4962 κατακρούεσθαι,
753 4874 884 4946 φέρε
905 4875 968 4946 δὴ
992 4878 1330 4948 παραθέντες
1388 4884 1526 4939 αὐτά
1553 4889 1692 4944 κατά
1745 4891 1898 4962 λόγον
1957 4895 2172 4962 ἑκάστῳ
2226 4890 2318 4944 τὸν
2369 4889 2574 4951 δέοντα,
2607 4885 2670 4939 τὸ
2713 4881 3062 4939 ἀντιπατοῦν
3103 4883 3521 4953 ἀντεγείρωμεν,

263 4957 882 5058 ."°‘“.°5”“°fé9f°‘_m"
907 4967 1089 5022 αὐτῶν
1117 4971 1486 5045 ἐξοπλίσωμεν
1509 4957 1826 5052 θεωρήμασι
1860 4986 1958 5058 τὴν
1982 4986 2068 5040 ἀεὶ
2096 4957 2331 5039 νικῶσαν
2359 4979 2613 5051 ἀλήθειαν
2631 4993 2643 5008 ·
2671 4977 2962 5049 πρόϐλημα
2997 4976 3054 5029 δὲ
3081 4975 3258 5036 πάλιν,
3288 4973 3363 5036 ὡς
3392 4989 3522 5042 παρ’

641 5053 970 5112 ἐπιλυόντων
1015 5059 1148 5114 αὐτὸ
1194 5063 1586 5138 συλλογισμῶν,
1618 5048 2018 5141 ’προτετάξεται
2070 5074 2170 5147 τὴν
2190 5074 2282 5127 τοῦ
2313 5048 2472 5140 λόγου
2497 5068 2681 5138 νῆψιν,
2722 5048 2806 5131 είς
2866 5065 3262 5137 ἀκριϐεστέραν
3326 5065 3521 5133 χωρεῖν

262 5139 504 5236 ἒρεθίζον
536 5141 792 5211 βάσανον,
821 5147 915 5199 καὶ
947 5147 1274 5216 οἱονείτινος
1297 5157 1541 5228 ποταμοῦ
1607 5139 1893 5233 ρεὐματοςί
1915 5139 2138 5236 φορὰνί
2183 5163 2276 5216 ἐπὶ
2322 5139 2395 5214 τὸν
2426 5158 2631 5231 πρανὲς
2677 5157 2796 5211 ἐκεῖ
2846 5155 3151 5226 καταφέρον
3189 5153 3289 5223 τὴν
3325 5152 3419 5206 ἐπὶ
3459 5155 3519 5208 τὸ

262 5229 551 5328 ξούλεσθαι
600 5235 673 5328 τδ
685 5237 981 5292 ἀντιτεῖνον
1009 5243 1301 5311 μανθάνειν
1341 5248 1427 5302 ἀεὶ
1460 5249 1568 5303 τῶν
1599 5229 1998 5328 ἐντευξομένων
2027 5253 2237 5324 ἀγαθὴν
2268 5229 2600 5322 πρῡθυμίανο

258 5321 608 5391 Πρόϐλημα,
638 5323 770 5392 ἢτοι
811 5327 1114 5398 ἀντίθεσις
1148 5335 1228 5401 ὡς
1268 5336 1337 5390 ἐκ
1365 5337 1483 5392 τῶν
1513 5321 1839 5410 αἱρετικῶνί

2078 5321 2087 5324 ν
2165 5321 2459 5410 Oppositio,
2496 5341 2603 5394 sive
2646 5337 2866 5407 objectio
2894 5333 3277 5408 hwreticorttm.

334 5411 402 5466 Εἰ
432 5415 506 5483 μὴ
527 5415 736 5486 ἕτερος,
773 5422 958 5488 φασὶν,
993 5423 1290 5497 ἐνυπάρχει
1327 5428 1404 5498 τῷ
1446 5430 1566 5501 Θεῷ
1613 5435 1707 5487 καὶ
1738 5437 1844 5491 Πα-

2011 5435 2148 5501 Nisi,
2187 5433 2464 5503 inquiunt,
2495 5432 2548 5485 in
2581 5430 2690 5484 Deo
2716 5438 2773 5484 et
2802 5428 2966 5483 Patre
2999 5422 3232 5480 Verbum
3275 5425 3349 5480 sit
3379 5440 3514 5480 con-

262 5503 355 5574 τρὶ
383 5503 582 5572 Λόγος,
606 5507 868 5582 οὐσιῶδης
895 5531 952 5566 τε
997 5515 1093 5570 καὶ
1125 5517 1426 5585 ἐνδιάθετος
1479 5525 1628 5596 παρὰ
1658 5527 1746 5581 τὸν
1787 5526 1845 5590 ἐξ

1962 5526 2308 5584 substantiale
2337 5533 2390 5582 et
2425 5524 2722 5590 internum,
2760 5521 2906 5577 aliud
2941 5521 3008 5577 ab
3052 5520 3345 5594 Unigcnito
3381 5517 3516 5574 Filio
3600 5583 3618 5608 ς

345 5678 392 5712 ³⁵
432 5681 576 5740 I‘sal.
620 5702 726 5748 cu.
754 5687 804 5743 3.
886 5691 926 5722 ’ν
968 5691 1108 5750 Paul.
1148 5710 1206 5760 ιι,
1245 5696 1294 5750 7.
