4072 6210
531 315 596 367 63
1510 301 1568 354 S.
1603 297 1882 354 CYRILLI
1923 293 2392 350 ALEXANDRINI
2421 291 2742 348 ARCIIIEP.
3697 260 3764 314 δέ

531 428 622 495 qui
653 441 716 480 ev
748 424 867 494 ipso
899 432 1001 486 est,
1043 421 1244 491 quique
1265 419 1332 473 ad
1355 418 1502 472 illius
1528 417 1888 471 imitationem
1917 429 2086 469 voca—
2128 438 2139 473 λ

2163 452 2167 473 .
2199 411 2362 466 αὐτοῦ
2425 413 2686 482 μονογενῆ
2746 407 2894 470 Υίὸν,
2932 406 2988 471 ὃς
3036 405 3102 476 δὴ
3131 405 3221 458 καὶ
3264 405 3401 458 κατᾶ
3429 403 3530 474 τὴν
3557 402 3771 456 ἐκείνου

533 493 622 570 tur
666 513 925 577 Verbum,
974 495 1286 568 absurditas
1320 509 1447 564 inde
1491 515 1778 577 sequetur,
1831 507 2099 577 nobisque

2205 503 2433 573 μίμησιν
2475 502 2716 555 καλεῖται
2755 499 2946 567 Λόγος,
2992 496 3190 551 ἄτοπόν
3229 513 3282 547 τι
3310 495 3373 547 τὸ
3403 493 3652 547 ἐντεῦθεν
3682 493 3770 546 ὲκ-

535 616 702 669 rerte,
738 615 796 660 ut
827 621 924 674 par
961 612 1066 671 est,
1111 601 1474 658 sentientibus
1507 599 1792 654 fatendum
1829 607 1916 654 est
1951 598 2098 668 quod

2202 592 2448 664 ϐήσεται,
2489 592 2583 644 καὶ
2622 589 2901 662 ὁμολογεῖν
2962 589 3110 658 ἡμᾶς
3154 587 3453 654 ἀναγκαῖον
3485 586 3612 648 τούς
3634 583 3771 653 ὀρθά

537 700 582 751 si
637 698 781 752 Patri
826 671 1060 751 Verbum
1110 704 1194 750 est
1258 691 1764 757 consubstantiale,
1833 701 1889 746 et
1940 690 2100 744 Pater

2201 684 2414 754 φρονεῖν
2443 681 2742 749 οἰομένους,
2765 679 2956 746 ὅτιπερ
2989 678 3037 728 εί
3058 673 3340 746 όμοούσιός
3379 675 3524 726 ἐστιν
3547 673 3575 724 6
3601 671 3771 738 Λόγος

537 787 754 849 Verbo,
806 787 942 839 nihil
989 786 1206 839 deruunt
1241 783 1460 838 obstare
1509 783 1760 836 videatur
1805 781 2100 850 quominus

2200 773 2277 843 τῷ
2324 773 2516 842 Πατρὶ,
2567 771 2659 824 καὶ
2703 770 2732 822 6
2785 768 2974 839 Πατὴρ
3005 768 3062 821 δὲ
3109 765 3185 836 τῷ
3213 765 3392 834 Λόγῳ,
3424 765 3574 817 οὐδὲν
3604 763 3684 816 ἔτι
3714 762 3771 814 τὸ

536 878 694 931 Pater
727 876 962 931 Verbum
993 877 1084 942 sit,
1116 883 1170 930 et
1215 885 1460 940 vocetur,
1496 881 1624 943 puta
1651 870 1830 926 Verbo
1859 872 2098 927 consub-

2201 863 2408 917 κωλῦον
2458 862 2672 931 ὁρᾶται,
2705 859 2876 929 Λόγον
2936 855 3074 910 εἷναί
3109 873 3167 910 τε
3209 856 3304 909 καὶ
3365 853 3651 908 καλεῖσθαι
3681 852 3771 904 τὸν

537 963 831 1018 stantialis.

2201 955 2439 1026 Πατέρα,
2462 953 2536 1016 ὡς
2563 951 2845 1022 ὁμοούσιον
2874 948 3048 1016 Λόγῳ.

1029 1051 1237 1107 Salutio
1281 1051 1607 1120 objectionis.

2691 1040 2842 1108 Πρὸς
2862 1037 3036 1093 τοῦτο
3071 1037 3251 1100 λύσις

605 1147 762 1202 Nulla
788 1147 929 1201 ratio
957 1161 1075 1210 nos,
1102 1160 1135 1200 ο
1175 1145 1326 1207 boni,
1357 1152 1514 1214 coget
1546 1143 1824 1208 arbitrari,
1864 1141 2096 1198 Verbum

2271 1137 2476 1200 Οὐδεὶς,
2510 1127 2554 1188 ὧ
2578 1133 2860 1204 βέλτιστοι,
2886 1130 3083 1201 τρόπος
3105 1128 3252 1199 ἡμᾶς
3276 1123 3576 1192 ἀναγκάσει
3601 1121 3770 1214 Λόγον

537 1237 743 1292 idcirco
775 1239 991 1290 Patrem
1023 1232 1354 1289 censendum
1394 1212 1517 1288 esse
1543 1233 1626 1288 vel
1663 1231 1977 1294 dicendum,
2006 1241 2101 1285 aut

2199 1229 2406 1284 οἴεσθαι
2449 1228 2559 1281 δεῖν
2612 1226 2701 1279 τὸν
2732 1222 2949 1292 Πατέρα
2995 1221 3137 1274 νοεῖν
3163 1235 3224 1271 τε
3255 1218 3352 1270 καὶ
3391 1215 3592 1284 λέγειν,
3616 1213 3649 1282 ἦ
3676 1212 3771 1266 καὶ

534 1325 888 1388 credendum,
923 1323 1181 1392 quoniam
1226 1329 1310 1376 est
1351 1319 1532 1375 Verbo
1585 1320 2095 1377 consubstantialis.

2201 1317 2338 1374 εἶναι
2377 1317 2634 1387 δύνασθαι
2688 1313 2987 1376 πιστεύειν,
3049 1309 3241 1380 ὅτιπέρ
3294 1310 3442 1361 ἐστιν
3485 1304 3772 1376 ὁμοούσιος

535 1415 648 1469 Nus
669 1429 812 1482 [nam
840 1414 984 1468 cutim
1015 1428 1138 1482 qua:
1160 1410 1407 1480 ejusdem
1444 1417 1574 1465 sunt
1611 1418 1818 1465 natura:
1853 1417 2098 1464 mutuam

2201 1411 2386 1481 Λόγῳ·
2409 1409 2469 1462 οὐ
2504 1407 2612 1478 γὰρ
2642 1406 2858 1466 πάντως
2903 1402 2972 1456 τά
3017 1401 3116 1470 τῆς
3160 1400 3330 1469 αὐτῆς
3375 1397 3505 1450 ὄντα
3534 1394 3768 1464 φύσεως,

535 1507 886 1562 mutationem
911 1503 1018 1574 35
1062 1510 1116 1556 et
1159 1501 1566 1572 permistionem
1598 1500 1766 1556 veluti
1806 1500 2099 1570 quamdam

2200 1503 2298 1576 τὴν
2341 1504 2420 1565 είς
2455 1500 2659 1571 ἄλληλα
2697 1498 2936 1569 χωρήσει
2978 1492 3280 1566 μεταϐολὴν
3316 1489 3412 1544 καὶ
3445 1487 3769 1557 ἀνάκρασιν,

537 1593 762 1649 alterius
793 1593 846 1646 in
883 1593 1111 1646 alterum
1144 1591 1396 1660 capient,
1446 1590 1520 1645 ita
1552 1598 1611 1644 ut
1640 1605 1672 1644 e
1700 1588 2012 1660 pluralitate
2041 1591 2097 1643 in

2200 1594 2386 1665 ὥσπερ
2434 1592 2552 1646 τινά
2579 1591 2679 1657 τὴν
2721 1589 2779 1656 ἐξ
2809 1587 2996 1658 ἐτέρου
3030 1584 3167 1655 πρὸς
3213 1582 3400 1652 ἕτερον
3448 1577 3770 1644 ὲπιδέξεται,

537 1685 797 1738 unitatem
829 1683 1074 1739 contrahi
1107 1683 1318 1753 possint
1340 1697 1426 1736 res
1449 1681 1789 1752 signiﬁcata,
1815 1688 1910 1735 aut
1934 1680 2098 1736 etiam
2133 1743 2145 1753 .

2165 1683 2275 1753 ⁵ὡς
2300 1685 2365 1736 ὲκ
2398 1679 2632 1751 πλήθους
2668 1680 2746 1743 είς
2797 1675 2958 1730 ἐνάδα
3013 1671 3272 1728 δύνασθαι
3324 1667 3654 1730 συσταλῆναι
3705 1665 3773 1719 τά

534 1790 600 1829 ex
616 1773 872 1828 dualitate
889 1774 942 1828 in
958 1774 1242 1827 unitatem.
1260 1771 1374 1824 Non
1393 1772 1538 1826 enim
1563 1786 1626 1825 ex
1647 1771 1866 1840 ecquod
1885 1770 2102 1841 generis
2133 1743 2142 1799 1

2163 1747 2173 1795 Ι
2204 1743 2594 1845 σήμαινόμενα,
2623 1771 2656 1842 ἢ
2690 1771 2784 1824 καὶ
2824 1772 2888 1824 ὲκ
2916 1767 3102 1830 δυάδος
3131 1768 3210 1829 είς
3267 1762 3428 1818 ὲνάδα
3470 1762 3651 1831 τυχόν.
3695 1759 3771 1812 Οὐ

538 1874 730 1919 auctor
756 1863 926 1918 Adam
959 1871 1091 1918 nato
1120 1879 1183 1918 ex
1216 1878 1275 1917 se
1304 1862 1417 1916 lilio
1439 1861 1929 1917 consubstantialis
1961 1868 2100 1924 erat,

2202 1864 2310 1934 γάρ
2378 1862 2673 1932 ἐπειδήπερ
2733 1858 3014 1930 ὁμοούσιος
3082 1857 3324 1926 ὑπῆρχεν
3379 1854 3409 1906 6
3473 1851 3774 1922 προπάτωρ

537 1954 746 2009 idcirco
773 1961 927 2023 pater
981 1953 1241 2022 migrabit
1270 1954 1323 2007 in
1373 1951 1564 2019 lilium,
1594 1959 1648 2006 et
1681 1951 1926 2007 vicissim
1958 1951 2103 2008 filius

2217 1953 2386 2025 ’Δδάμ
2407 1953 2485 2024 τῷ
2540 1953 2602 2017 ἐξ
2631 1953 2796 2006 αὐτοῦ
2832 1949 2989 2021 φύντι
3041 1948 3210 2010 παιδί,
3238 1946 3327 2000 διὰ
3355 1943 3511 1998 τοῦτο
3536 1943 3774 2012 χωρήσει

537 2045 594 2100 in
636 2053 868 2115 patrem.
915 2043 1022 2100 Sed
1080 2061 1248 2099 uuum
1309 2045 1441 2114 quid
1482 2044 1758 2100 exsistens
1798 2058 1922 2098 cum
1959 2043 2101 2114 ipso,

2209 2045 2304 2116 μὲν
2337 2047 2366 2098 6
2398 2043 2580 2116 πατὴρ
2602 2045 2680 2107 εἰς
2711 2043 2847 2107 υἱὸν,
2879 2038 3307 2109 ἀνταναϐήσεται
3342 2035 3398 2089 δὲ
3423 2029 3578 2096 αὖθις
3603 2033 3632 2086 6
3659 2029 3774 2092 υίὸς

535 2139 684 2194 velut
721 2137 788 2192 ad
821 2135 1086 2193 unitatem
1123 2136 1508 2194 substantialis
1533 2134 1816 2205 qualitatis
1853 2134 2103 2204 proprie-

2204 2137 2285 2201 είς
2325 2136 2534 2207 πατέρα
2562 2151 2576 2166 ·
2621 2134 2735 2214 άλλξ
2765 2135 2824 2187 ἓν
2864 2131 3108 2203 ὑπάρχον
3147 2129 3288 2203 πρὸς
3326 2127 3510 2190 αὐτὸν,
3532 2121 3776 2214 ὼςηπρδς

536 2239 702 2284 tatem
736 2243 892 2284 suam
937 2228 1096 2294 feret,
1159 2235 1216 2282 et
1258 2227 1406 2283 [ilius
1439 2227 1659 2297 quidam
1691 2241 1756 2280 ex
1783 2235 1941 2296 patre
1970 2238 2104 2294 quo-

2204 2224 2300 2296 τὴν
2315 2225 2540 2295 ἑνότητα
2553 2224 2652 2294 τῆς
2671 2212 2958 2286 οὐσιώδούς
2982 2222 3263 2290 ποιότητος
3283 2216 3503 2287 φορέσει
3532 2214 3592 2266 τὸ
3621 2212 3770 2274 ῐδιον,

535 2316 660 2371 dam
685 2315 1036 2371 censebitur:
1063 2323 1220 2386 pater
1246 2331 1378 2370 vero
1407 2315 1659 2372 vicissim
1690 2315 1908 2385 genitor
1932 2313 2106 2367 alicu‘

2204 2315 2299 2372 καὶ
2347 2314 2461 2376 υίὸς
2500 2314 2597 2383 μέν
2652 2330 2734 2376 τις
2785 2314 2814 2365 6
2847 2313 2911 2364 ἐκ
2971 2309 3175 2379 πατρός
3209 2321 3354 2370 τινος
3410 2303 3771 2373 νοηθήσεται⁹

531 2409 624 2477 jus
671 2425 798 2466 esse
839 2409 1135 2465 videbitur.
1167 2407 1324 2472 Quod
1355 2407 1402 2462 si
1437 2415 1659 2461 acutum
1714 2405 1973 2476 quiddam
2015 2405 2106 2460 hic

2207 2403 2386 2474 πατὴρ
2422 2403 2478 2456 δὲ
2528 2402 2691 2455 πάλιν
2723 2402 2752 2454 ό
2793 2401 3070 2470 γεννήτωρ
3115 2397 3262 2460 τινὸς
3309 2389 3772 2461 ἀναδεδειγμένος.

536 2515 636 2556 vos
673 2501 1017 2556 comminisci
1053 2501 1282 2570 putatis,
1317 2508 1373 2555 et
1413 2498 1968 2556 consubstantialitas
1999 2500 2106 2553 uti-

2206 2497 2268 2549 El
2292 2494 2349 2548 δὲ
2377 2492 2553 2547 οἴεσθε
2607 2492 2767 2560 σοφὸν
2803 2492 2896 2543 ἐπὶ
2925 2487 3100 2559 τούτῳ
3141 2482 3568 2546 κατασκευάζειν
3595 2480 3774 2570 λόγον,

534 2607 642 2660 que
709 2601 870 2664 coget
915 2590 1392 2648 consubstantiale
1444 2604 1612 2645 unum
1647 2589 1780 2659 quid
1812 2603 1937 2644 esse
1971 2604 2108 2644 con.

2206 2586 2264 2639 ἓν
2325 2585 2382 2639 δὲ
2425 2578 2565 2637 εἶναι
2629 2583 2846 2645 πάντως
2893 2583 2927 2652 ή
2981 2578 3333 2650 όμοουσιότης
3360 2574 3658 2642 ἀναγκάσει
3714 2568 3776 2623 τὸ

531 2683 906 2750 aubstantiali,
941 2699 1044 2739 nec
1103 2683 1276 2737 ullum
1324 2681 1627 2736 discrimen
1663 2694 1788 2735 esse
1841 2679 2104 2749 patietur,

2206 2676 2484 2748 όμοούσιον
2513 2675 2588 2746 τῷ
2619 2673 2908 2746 ὁμοουσεῳ,
2938 2673 3030 2724 καὶ
3057 2668 3340 2739 διαστολὴν
3369 2665 3627 2735 οὐδεμίαν
3660 2664 3775 2714 ἐπι-

536 2775 612 2829 ita
644 2782 703 2828 ut
736 2773 1164 2844 unumquodque
1199 2775 1271 2828 sit
1308 2772 1364 2826 in
1395 2789 1454 2828 se
1484 2781 1542 2827 et
1589 2771 1644 2824 in
1677 2785 1787 2840 quo
1819 2777 1905 2825 est
1933 2785 1945 2822 :
1975 2768 2105 2840 quid

2207 2768 2391 2839 τρέψει
2424 2770 2662 2839 κρατεῖν,
2709 2767 2783 2829 ὼς
2815 2765 3041 2818 ἕκαστον
3068 2758 3207 2815 εἶναι
3257 2759 3380 2812 καθ’
3430 2752 3628 2844 ἑαυτῷΔ
3655 2751 3768 2844 [τα.

535 2866 752 2920 induxit
777 2839 1022 2921 omnium
1067 2839 1338 2930 iudicem,
1381 2870 1440 2918 ut
1489 2839 1708 2932 patrem
1733 2861 1952 2931 quidem
1991 2839 2101 2915 non

2208 2855 2411 2929 ὲαυτὸ],
2441 2854 2536 2909 καὶ
2561 2857 2618 2909 ὲν
2645 2847 2797 2923 ᾧπέρ
2825 2854 2941 2906 ἐστι
2963 2868 2976 2882 ο
3021 2851 3074 2904 τί
3101 2849 3164 2902 τὸ
3187 2845 3448 2909 πεπεικὸς
3469 2845 3561 2897 τὸν
3596 2839 3779 2932 ἀπάν-

536 2954 731 3024 puuiat
781 2969 880 3025 pro
941 2953 1078 3016 filio,
1126 2967 1227 3008 nec
1271 2926 1339 3006 de
1375 2926 1508 3006 lilio-
1539 2926 1873 3020 supplicium
1924 2957 2105 3006 sumat

2208 2963 2314 3000 των
2349 2926 2562 3017 κριτὴν,
2593 2943 2806 3013 πατέρα
2829 2942 2925 3013 μὲν
2957 2939 3032 3012 μὴ
3056 2938 3306 3003 κολάζειν
3334 2934 3474 3004 ὑπὲρ
3504 2926 3775 3025 domum?!

537 3021 637 3114 pro
667 3021 823 3115 patre
855 3044 878 3098 τ
909 3063 928 3096 ι
965 3043 1162 3098 Anima
1191 3043 1364 3107 enim,
1410 3061 1430 3096 ι
1461 3043 1665 3112 inquit,
1704 3061 1723 3094 ι
1758 3055 1883 3112 qua:
1916 3056 2109 3111 pecca-
2137 3071 2145 3116 ε

2171 3039 2265 3119 ιδὲ
2311 3038 2451 3109 ὑπὲρ
2497 3037 2702 3108 πατρὸς
2749 3035 2822 3106 μὴ
2865 3029 3286 3104 εἰσπράττεσθαι
3338 3027 3522 3090 δίκας;
3561 3043 3578 3075 ι
3616 3021 3779 3092 Ψυχὴ

536 3135 700 3200 verit,
729 3137 850 3205 ipsa
891 3135 1162 3189 morietur
1201 3152 1214 3188 :
1252 3133 1396 3190 ﬁlius
1458 3142 1641 3190 autem
1704 3149 1814 3189 non
1879 3133 2113 3203 accipiet

2167 3117 2178 3119 ἡ
2213 3131 2341 3201 γὰρ,
2375 3148 2394 3182 ι
2440 3129 2625 3199 φησιν,
2651 3146 2669 3180 ι
2708 3128 2742 3199 ἡ
2795 3125 3206 3196 ἁμαρτάνουσα,
3244 3120 3379 3189 αὐτὴ
3409 3117 3775 3205 ἀποθανεῖται,

539 3202 881 3296 iniquitatem
920 3227 1114 3295 patris,
1147 3242 1328 3298 neque
1360 3234 1518 3297 pater
1567 3227 1809 3298 accipiet
1843 3227 2110 3298 iniquita-

2211 3223 2239 3276 6
2265 3221 2322 3275 δὲ
2355 3220 2466 3284 υίδς
2490 3220 2550 3272 οὐ
2578 3217 2808 3289 λήψεται
2831 3217 2928 3284 τὴν
2950 3213 3221 3286 ἁμαρτίαν
3239 3209 3333 3265 τοῦ
3365 3207 3568 3280 πατρὸς
3593 3202 3780 3298 αὐτοῦ,

537 3327 648 3372 tcm
685 3317 781 3372 tilii
816 3319 903 3374 sui
937 3319 1005 3371 ⁸ο.
1046 3337 1064 3370 ι
1100 3319 1240 3373 Cum
1282 3334 1413 3375 vero
1447 3295 1985 3377 consubstantialem
2014 3334 2111 3375 ex-

2211 3312 2330 3368 οὐδὲ
2358 3314 2386 3367 ὁ
2413 3311 2592 3383 πατὴρ
2621 3309 2848 3378 λήψεται
2866 3307 2964 3378 τὴν
2977 3303 3249 3377 ἁμαρτίαν
3273 3301 3369 3356 τοῦ
3397 3299 3516 3354 υἱοῦ
3543 3295 3728 3352 αὐτοῦ.
3753 3314 3773 3348 ι

539 3407 824 3462 sistentem
866 3415 1075 3477 patrem
1131 3408 1244 3463 lilio
1290 3408 1430 3478 justi
1493 3407 1706 3464 Iudicis
1742 3411 2015 3466 sententia
2055 3409 2110 3466 in

2225 3405 2438 3475 Ἐπειδὴ
2471 3403 2526 3457 δὲ
2557 3400 2841 3472 δμοούσιον
2876 3398 3004 3452 ὄντα
3039 3396 3129 3450 τὸν
3175 3393 3388 3465 πατέρα
3427 3391 3506 3462 τῷ
3549 3389 3650 3460 υἱῷ
3681 3389 3780 3442 οὐκ

541 3499 826 3554 ﬁliationis
860 3499 1043 3553 locum
1111 3515 1218 3554 non
1252 3499 1530 3564 detrudat,
1573 3516 1752 3570 neque
1781 3516 1909 3556 vero
1940 3499 2111 3556 (ilium

2216 3497 2295 3560 είς
2334 3495 2424 3547 τὸν
2455 3494 2553 3563 τῆς
2574 3492 2819 3562 υἱότητος
2848 3490 3010 3543 τόπον
3035 3489 3065 3542 6
3089 3485 3183 3542 τοῦ
3211 3485 3280 3537 τὰ
3305 3485 3488 3539 δίκαια
3506 3481 3781 3553 κρίνοντος

541 3589 598 3642 in
635 3589 981 3658 paternitatis
1011 3604 1239 3644 numero
1262 3596 1490 3655 statuat,
1521 3589 1616 3646 sed
1646 3590 1881 3656 seorsim
1903 3601 2112 3646 utrum-

2213 3586 2511 3656 καταφέρει
2569 3584 2749 3652 λόγος,
2799 3581 2923 3636 οὐτε
2977 3581 3082 3651 μὴν
3107 3577 3396 3646 ἀνατίθησι
3426 3573 3516 3628 τὸν
3558 3573 3672 3625 υἱὸν
3702 3571 3779 3633 είς

540 3696 648 3749 que
685 3679 858 3746 norit,
884 3694 1060 3748 neque
1090 3679 1194 3735 hoc
1233 3680 1286 3734 in
1322 3679 1454 3734 illud
1481 3680 1740 3750 migrare,
1773 3695 1952 3750 neque
1981 3681 2114 3736 illud

2214 3677 2312 3746 τὴν
2337 3676 2437 3744 τῆς
2457 3673 2790 3744 πατρότητος
2821 3671 2988 3736 θέσιν,
3015 3668 3128 3723 ἀλλ’
3178 3665 3487 3730 ἰδιαζόντως
3523 3661 3779 3730 ἑκάτεροι

543 3773 596 3826 in
629 3771 734 3826 hoc
788 3770 1056 3835 vicissim,
1114 3771 1245 3825 licet
1285 3785 1390 3824 una
1435 3772 1739 3827 exsistente
1789 3772 1844 3827 in
1877 3780 2114 3843 utroque

2217 3763 2378 3832 οἶδεν,
2404 3765 2527 3820 οὕτε
2565 3765 2724 3818 τοῦτο
2753 3764 2832 3826 είς
2862 3763 3038 3816 ἐκεῖνο
3066 3757 3298 3832 χωροῦν,
3323 3755 3447 3809 οὐτε
3479 3753 3582 3824 μὴν
3611 3753 3786 3805 ἐκεῖνο

541 3859 891 3915 substantia:
924 3859 1279 3915 manifestum
1346 3867 1431 3916 est
1483 3860 1672 3931 utique
1731 3861 1884 3916 nullo
1953 3860 2116 3915 modo

2283 3859 2350 3924 νὸς
2393 3857 2550 3912 τοῦτο
2609 3855 2844 3928 βαδίζον,
2877 3855 3056 3908 καίτοι
3089 3853 3216 3924 μιᾶς
3269 3849 3438 3919 οῠσης
3475 3847 3561 3900 ἐπ’
3585 3845 3787 3914 ἀμφοῖν
3877 3843 3891 3854 ’

542 3960 794 4007 coactum
817 3952 885 4007 iri
951 3951 1121 4008 Deum
1151 3959 1207 4008 et
1231 3951 1448 4009 Patrem
1491 3960 1551 4007 ut
1583 3953 1658 4008 sit
1693 3953 1956 4018 Verbum,
1987 3968 2115 4024 pro-

2213 3953 2313 4022 τῆς
2327 3951 2511 4015 οὐσίας
2529 3965 2544 3982 ο
2564 3947 2828 4022 πρόδηλον
2872 3944 3160 4018 δήπουθεν,
3183 3942 3258 4006 ὡς
3288 3939 3463 4001 οὐδεὶς
3482 3933 3783 4004 ἀναγκάσει

544 4053 727 4114 pterea
786 4043 934 4114 quod
983 4051 1068 4100 est
1113 4043 1293 4100 Verbo
1348 4044 1839 4100 consubstantialis
1885 4051 2118 4110 :manct

2213 4042 2415 4114 τρόπος
2459 4040 2842 4113 μεταχωρῆσαι
2877 4036 3067 4092 λοιπὸν
3118 4036 3198 4099 είς
3230 4033 3291 4086 τὸ
3318 4026 3454 4084 εἶναι
3493 4027 3663 4095 Λόγον
3693 4023 3783 4078 τὸν

542 4136 689 4190 enim
733 4136 915 4208 'plane
958 4135 1013 4190 in
1045 4135 1247 4205 seipso,
1283 4134 1388 4190 hoc
1436 4144 1523 4190 est
1554 4134 1740 4199 Pater,
1769 4136 1899 4192 licet
1928 4137 2024 4206 qui
2050 4152 2112 4193 ex

2215 4135 2347 4191 Θεὸν
2400 4135 2495 4190 καὶ
2523 4133 2764 4206 Πατέρα,
2821 4130 3052 4201 ἐπείπερ
3109 4127 3258 4181 ἐστὶν
3287 4121 3566 4195 ὁμοούσιος
3593 4116 3781 4208 Λόγω-

547 4228 669 4296 ipso
695 4206 916 4298 genitus
939 4235 1047 4295 est,
1082 4227 1422 4296 intelligatur
1455 4233 1510 4280 et
1543 4225 1614 4281 sit
1643 4223 1907 4292 Verbum,
1941 4236 2109 4296 atque

2220 4230 2368 4300 μένει
2406 4229 2513 4299 γάρ
2530 4227 2744 4290 πάντως
2780 4225 2862 4292 ἐφ’
2899 4221 3102 4291 ἑαυτῷ,
3126 4217 3269 4272 τοῦτ’
3295 4217 3410 4268 ἔστι
3443 4210 3654 4282 Πατὴρ,
3688 4206 3785 4300 κᾶν

549 4320 761 4375 idcirco
791 4318 983 4385 Filius,
1012 4334 1084 4375 ne
1117 4335 1206 4376 res
1239 4319 1439 4376 divinae
1483 4317 1786 4375 deteriores
1821 4319 2116 4375 videantur

2216 4298 2245 4374 6
2275 4320 2334 4386 ἐξ
2368 4298 2535 4374 αὐτοῦ
2558 4314 2835 4386 γεννηθεὶς
2867 4313 3054 4382 νοῆται
3099 4311 3193 4363 καὶ
3223 4307 3442 4377 ὑπάρχῃ
3476 4302 3668 4370 Λόγος,
3697 4298 3787 4351 καὶ

549 4425 669 4468 esse
691 4423 855 4480 quam
881 4416 1101 4466 nostra.
1657 4427 1674 4434 δ
1813 4465 1818 4468 ,
2144 4413 2157 4466 1

2177 4421 2186 4461 ι
2213 4411 2297 4466 διὰ
2318 4409 2472 4464 τοῦτο
2507 4407 2655 4470 Υίὸς,
2685 4406 2773 4459 ἵνα
2808 4404 2881 4475 μὴ
2905 4403 2998 4456 κει.)⁸
3024 4403 3079 4455 ὲν
3102 4399 3306 4472 χείροσι
3350 4395 3457 4449 τῶν
3487 4392 3612 4447 καθ’
3637 4389 3785 4459 ἡμᾶς

2216 4501 2469 4574 φαίνηται
2498 4497 2568 4552 τὰ
2595 4496 2861 4566 θειότερα.

616 4583 847 4648 ALIUD,
878 4585 932 4640 in
971 4585 1181 4639 modum
1237 4584 1569 4654 objectionis,
1624 4603 1715 4654 per
1755 4587 2110 4640 reductiouem

2229 4569 2240 4574 ⁷
2289 4569 2492 4654 ΛΛΛΟ,
2537 4587 2687 4657 πρὸς
2743 4585 2808 4640 τὸ
2844 4581 2982 4638 ἶσον
3009 4581 3081 4649 τῇ
3103 4578 3395 4635 ἀντιθέσει
3435 4574 3665 4643 σχῆμα,
3697 4569 3793 4622 διὰ

547 4677 616 4730 ad
652 4677 964 4732 absurdum.
999 4677 1193 4737 Filius,
1225 4683 1486 4745 tanquam
1515 4691 1545 4730 a
1580 4675 1739 4732 Patre
1769 4678 1922 4733 nullo
1953 4677 2112 4733 modo

2219 4681 2327 4750 τῆς
2381 4681 2466 4744 εις
2515 4678 2741 4731 ἄτοπον
2784 4669 3122 4743 ἀπαγωγῆς.
3179 4669 3268 4730 Ὠς
3320 4663 3593 4734 οὐδεμίαν
3647 4660 3784 4750 ἔχων

546 4770 816 4830 diversus.
874 4768 968 4826 sed
1027 4767 1433 4824 absolutissima
1495 4769 1696 4838 imago,
1730 4777 1785 4825 ct
1830 4770 2117 4826 character

2221 4746 2573 4842 παραλλαγὴν
2602 4769 2737 4840 πρὸς
2779 4766 2868 4820 τὸν
2894 4762 3086 4819 ἑαυτοῦ
3118 4758 3334 4829 Πατέρα
3369 4757 3397 4808 6
3435 4753 3586 4816 Υἱὸς,
3624 4746 3790 4842 εἰκων

546 4860 866 4916 substantia:
911 4859 1034 4930 ejus
1093 4859 1396 4920 exsistens,
1453 4859 1572 4915 suis
1618 4859 1911 4931 discipulis
1947 4861 2108 4917 iniit:

2215 4863 2272 4918 δὲ
2297 4839 2553 4934 ὐπάρχων
2576 4857 2965 4930 ἀκριϐεστάτη,
2993 4853 3089 4908 καὶ
3117 4847 3402 4923 χαρακτὴρ
3423 4846 3523 4915 τῆς
3551 4839 3789 4896 ὑποστά-

553 4973 572 5004 σ
605 4952 710 5019 Qui
763 4951 901 5007 vidit
963 4966 1071 5010 me,
1127 4951 1264 5005 vidit
1309 4960 1365 5006 et.
1395 4949 1612 5007 Patrem
1641 4953 1709 5007 εί.
1757 4971 1774 5004 ι
1809 4953 1878 5007 At
1901 4953 1946 5009 si
1987 4969 2110 5010 cum

2219 4971 2356 5018 σεως
2387 4949 2572 5012 αὐτοῦ,
2624 4949 2762 5020 πρὸς
2791 4948 2916 5010 τοὺς
2955 4942 3150 4999 ἑαυτοῦ
3195 4938 3439 5012 μαθητάς
3483 4934 3793 5005 εὑρίσκεται

550 5042 860 5100 istiusmodi
886 5041 982 5108 sit,
1011 5042 1505 5099 consubstantialis
1521 5050 1606 5098 est
1635 5042 1804 5110 Patri,
1839 5043 2113 5100 conlusio-

2217 5047 2388 5116 λέγων
2417 5064 2431 5078 ο
2465 5063 2484 5098 ι
2535 5043 2592 5097 '0
2617 5039 2877 5113 ἑωρακὼς
2910 5037 3034 5108 ἐμὲ,
3063 5035 3273 5106 ἑώρακε
3327 5032 3417 5085 τὸν
3462 5026 3738 5116 Πατέρα.-
3771 5042 3787 5074 ι

551 5152 671 5191 nem
714 5142 897 5192 autem
946 5133 1091 5190 inter
1129 5149 1188 5189 se
1240 5149 1331 5192 res
1383 5135 1892 5192 consubstantiales
1927 5137 2114 5206 utique

2232 5113 2367 5191 Ἀλλ’
2389 5133 2727 5205 είπεροῦτως
2747 5131 2886 5202 ἔχων
2902 5125 3182 5200 ὁμοούσιός
3217 5126 3329 5177 ἐστι
3367 5120 3444 5190 τῷ
3467 5117 3668 5188 Πατρὶ,
3690 5113 3789 5206 τὴν

550 5229 875 5300 suscipient,
908 5227 1069 5295 nihil,
1104 5238 1162 5281 ut
1191 5236 1439 5296 apparet,
1470 5228 1785 5298 prohibebit
1825 5202 2122 5298 quominus

2220 5229 2274 5282 δὲ
2301 5229 2378 5290 είς
2409 5202 2614 5295 άλλήλα
2645 5221 2864 5284 πάντως
2892 5217 3159 5287 ἀνάχυσιν
3191 5210 3496 5300 ὲπιδέξεται
3519 5209 3587 5260 τὰ
3606 5202 3798 5300 ὀρθού-

553 5319 714 5377 Pater
749 5327 1042 5376 censeatur
1073 5334 1196 5375 esse
1233 5318 1426 5382 Filius,
1465 5327 1655 5388 utpote
1692 5318 1842 5373 Patri
1877 5318 2120 5372 consub-

2224 5335 2332 5384 σια,
2365 5315 2515 5369 οὐδὲν
2559 5311 2792 5367 κωλύσει
2847 5311 2988 5364 κατὰ
3021 5307 3080 5359 τὸ
3115 5304 3258 5366 εἰκὸς
3289 5299 3511 5370 Πατέρα
3565 5291 3797 5348 νοεῖσθαι

553 5410 852 5475 stantialis,
890 5410 1096 5479 quique
1127 5409 1235 5479 36
1269 5408 1321 5462 in
1355 5410 1508 5463 illum
1546 5410 1789 5465 transire
1832 5410 1981 5463 nullo
2022 5409 2124 5460 im-

2221 5382 2480 5471 cby'Tibv,
2507 5403 2582 5468 ὡς
2619 5401 2903 5474 όμοούσιον
2950 5398 3152 5467 [Ia-cpi,
3201 5393 3295 5447 xui.
3349 5382 3797 5479 gataxmpsivhek

555 5499 808 5568 pedicnte
839 5472 1022 5567 ipotis'
1069 5472 1170 5560 sit:
1191 5472 1490 5567 ‘siquidetn
1530 5495 2122 5554 consubstantialitatis

2224 5500 2396 5552 ἐκεῖνο
2421 5497 2732 5567 δυνάμενον,
2763 5491 2971 5555 οὐδενὸς
3028 5487 3167 5560 πρὸς
3209 5483 3364 5540 τοῦτο
3403 5472 3798 5550 παραποδίζονι-

631 5681 678 5710 ’θ
713 5681 912 5741 Ezech.
953 5702 1082 5742 xvtu
1111 5727 1124 5754 ,
1165 5689 1254 5743 ‘20.
1333 5690 1371 5718 "
1419 5686 1582 5743 Joan.
1620 5704 1743 5751 xlv.
1782 5687 1834 5740 9ο
