4072 6210
279 299 355 355 65
1379 278 1442 333 IN
1481 275 1774 333 JOANNIS'
1799 275 1880 327 Εν

1986 272 2245 328 (ᾹΕΙΛΕΜ
2287 272 2415 328 LIB.
2456 276 2493 328 Ι.
3491 280 3559 333 06

285 427 407 474 τος,
439 407 598 476 εἴπερ
639 400 859 473 ἐξαρκεῖ
911 398 1001 452 τόν
1041 397 1138 468 τῆς
1185 395 1485 466 μεταϐολῆς
1536 393 1734 464 τρόπον
1762 393 1878 462 ἦτοι

1986 389 2131 442 ratio
2167 391 2656 446 transmutationis
2690 400 2782 446 aut
2810 393 3156 464 migrationis
3183 392 3404 448 modum
3431 410 3546 466 sup.

285 497 675 573 μεταστάσεως
717 495 746 546 6
789 492 892 561 τῆς
949 488 1372 560 όμοουσιότητος
1427 487 1603 554 λόγος.
1665 483 1874 537 Οὑκοῦν

198 607 203 616 ‘
282 588 515 646 νοείσθω
551 587 743 655 Πατὴρ
764 586 792 637 6
821 583 969 646 Υἱὸς,
998 580 1204 648 λεγέτω
1223 577 1301 642 δὲ,
1327 578 1402 640 ὡς
1432 577 1590 629 τοῦτο
1615 574 1875 646 ὑπάρχων

281 683 410 753 ἤδη,
452 680 587 750 πρὸς
616 678 706 729 τὸν
736 673 954 745 ἀληθῶς
990 672 1120 725 ὅντα
1153 669 1374 740 Πατέρα
1403 685 1415 698 ⁸
1460 687 1477 718 ι
1517 667 1613 719 Ἐκ
1642 665 1876 735 γαστρὸς

213 755 216 760 Ι
282 776 394 846 πρὸ
440 771 723 840 ἑωσφόρον
772 764 1103 836 ὲξεγέννησά
1156 775 1253 816 σε’
1302 779 1321 812 ι
1361 757 1789 829 ἀναλαμϐανέτω
1819 755 1877 808 δὲ

281 871 365 929 είς
398 864 590 919 ἑαυτὸν
621 863 713 915 καὶ
761 861 944 913 πᾶσαν
989 854 1177 918 ἁπλῶς
1207 854 1309 924 τὴν
1341 852 1518 922 Πατρὶ
1560 849 1879 920 πρέπουσαν

282 957 498 1026 φωνήν.
556 948 630 1006 Οὗ
683 951 748 1021 δὴ
777 947 1082 1018 γεγονότος,
1121 945 1184 996 τὸ
1238 943 1346 996 πᾶν
1395 941 1495 1011 ἤδη
1526 939 1878 1009 συγκέχυται,

283 1046 474 1100 καὶτὸ
511 1043 598 1096 ἀεὶ
646 1039 907 1102 ὡσαύτως
951 1036 1094 1106 ἕχον,
1147 1033 1292 1087 τοῦτ’
1331 1031 1502 1094 ἔστιν,
1548 1031 1582 1100 ἡ
1619 1029 1751 1098 ἁγία
1788 1027 1883 1082 καὶ

280 1135 575 1204 ὁμωύσιος
610 1131 780 1201 Τριὰς
811 1127 1231 1196 ισυσταλήσεται
1284 1123 1421 1194 πρὸς
1469 1121 1629 1174 ὲνὰδα
1671 1119 1880 1186 λοιπὸν,

283 1229 448 1299 εἴπερ
474 1226 535 1279 τὺ
560 1224 776 1292 ἑκάστῳ
829 1220 1036 1289 κυρίως
1065 1235 1124 1272 τε
1173 1217 1270 1271 καὶ
1305 1213 1612 1278 ἰδιαζόντως
1646 1211 1880 1284 προσὸν,

284 1319 368 1390 τῷ
426 1318 526 1389 τῆς
588 1312 1010 1386 ὁμοουσιότητος
1069 1307 1500 1379 ἀφανισθήσεται
1563 1304 1728 1376 λόγῳ,
1787 1302 1882 1356 καὶ

282 1408 585 1481 ἀνατρέψει
611 1406 710 1477 τὴν
733 1403 846 1457 τῶν
884 1400 1197 1473 προσώπων
1242 1399 1526 1470 διαστολὴν
1569 1399 1604 1470 ὴ
1649 1398 1746 1468 τῆς
1778 1395 1882 1466 φύ-

296 1519 446 1565 σεως
468 1499 754 1568 ταυτότης.
791 1495 956 1549 ’Λλλά
993 1492 1150 1546 τοῦτο
1198 1491 1417 1546 ἄτοπον.
1447 1490 1560 1544 Οὐκ
1589 1490 1698 1560 ἄρα
1733 1489 1884 1542 ἔσται

285 1591 464 1658 Λόγος
495 1590 524 1642 6
552 1585 766 1657 Πατὴρ.
801 1584 878 1646 ὡς
921 1581 1210 1654 ὁμοούσιος
1254 1581 1432 1650 Λόγῳ,
1468 1580 1619 1649 μενεῖ
1645 1577 1702 1630 δὲ
1731 1578 1884 1648 ἄτρε-

292 1698 459 1744 πτος,
483 1677 644 1731 τοῦτο
692 1675 957 1746 ὑπάρχων
995 1673 1132 1742 ὅπερ
1171 1669 1311 1735 ἐστὶ,
1346 1669 1447 1723 κᾶν
1490 1667 1589 1740 ἔχῃ
1633 1667 1767 1736 πρὸς
1792 1665 1882 1719 τὸν

1980 477 2215 548 peditat.
2249 478 2439 549 Itaque
2463 489 2757 535 censeatur
2805 482 2965 537 Pater
2993 498 3118 538 esse
3148 483 3343 546 Filius,
3386 499 3562 552 eoque

1977 571 2205 626 nomine
2262 571 2483 627 demum
2544 574 2612 628 ad
2664 591 2853 629 verum
2909 575 3129 630 Patrem
3190 577 3385 631 dicat:
3427 594 3446 627 ι
3483 576 3559 630 Ex

1977 671 2138 718 utero
2169 673 2298 720 ante
2342 662 2655 719 Luciferum
2686 667 2847 736 genui
2880 675 2934 721 te
2963 669 3031 731 ",
3063 685 3083 719 ι
3117 668 3332 736 sibique
3355 667 3410 721 in
3440 670 3562 720 uni-

1979 769 2197 810 versum
2233 755 2540 824 quamlibet
2593 772 2783 811 vocem
2841 755 2991 811 Patri
3021 758 3444 812 convenientem
3475 771 3562 810 ar-

1978 855 2153 915 roget.
2187 844 2346 912 Quod
2379 845 2426 902 si
2458 844 2666 901 fa'ctum
2720 846 2906 913 fuerit,
2948 849 3133 902 omnia
3183 849 3401 904 demum
3430 863 3562 903 cono

1979 936 2298 1003 fundentur,
2331 944 2388 994 et
2412 938 2561 1008 quod
2595 937 2787 993 eodem
2828 952 2888 992 se
2925 938 3092 993 modo
3127 954 3343 1009 semper
3374 939 3560 1001 habet,

1979 1026 2084 1082 hoc
2123 1035 2208 1084 est
2259 1034 2454 1083 saneta
2509 1033 2564 1082 et
2613 1027 3118 1083 consubstantialis
3167 1028 3429 1094 Trinitas,
3495 1029 3563 1081 atl

1983 1119 2253 1173 unitatem
2325 1118 2710 1186 contrahetur,
2753 1118 2802 1175 si
2838 1119 2986 1188 quod
3013 1119 3312 1190 unicuique
3342 1120 3566 1191 proprie

1980 1218 2034 1266 et
2074 1207 2432 1280 peculiariter
2484 1209 2652 1274 inest,
2700 1209 3306 1266 consubstantialitatis
3349 1211 3566 1265 ratione

1983 1302 2251 1366 deleatur,
2280 1310 2336 1357 et
2370 1317 2735 1372 personarum
2769 1302 3200 1359 distinctionem
3237 1314 3447 1360 evertat
3475 1321 3565 1360 na-

1982 1402 2120 1448 turae
2148 1393 2432 1450 identitas.
2470 1393 2578 1450 Sed
2648 1395 2757 1452 hoc
2815 1396 3121 1451 absurdum
3158 1403 3286 1452 est:
3324 1414 3430 1453 non
3457 1400 3566 1453 erit

1983 1502 2114 1557 ergo
2139 1485 2381 1542 Verbum
2405 1485 2589 1554 Pater,
2621 1495 2812 1556 utpote
2826 1486 3011 1543 Verbo
3037 1488 3564 1559 consubstantialis;

1985 1577 2081 1632 sed
2142 1576 2507 1634 immutabilis
2567 1577 2834 1644 manebit,
2862 1579 3146 1634 exsistens
3176 1579 3232 1633 id
3263 1580 3411 1648 quod
3458 1593 3565 1648 εδει,

1983 1667 2116 1723 licet
2145 1678 2270 1723 cum
2312 1682 2415 1723 suo
2437 1665 2619 1723 Verbo
2651 1667 2900 1736 ejusdem
2932 1668 3002 1723 sit
3047 1675 3258 1723 naturae
3286 1671 3404 1724 sive
3436 1671 3567 1725 sub.

289 1773 426 1826 τδιον
475 1769 648 1838 Λόγον
698 1765 760 1820 τὸ
792 1764 1032 1835 όμοφυὲς
1068 1763 1187 1833 ἦτοι
1214 1760 1276 1814 τὸ
1308 1759 1609 1831 ὁμοούσιον.
1642 1759 1753 1813 Καὶ
1793 1757 1880 1812 δέ-

1984 1759 2224 1816 ειειῐιιὶω.
2288 1761 2472 1829 Atque
2532 1757 2608 1813 ita
2665 1757 2886 1814 demum
2926 1773 3068 1814 vana
3100 1774 3222 1817 esse
3253 1759 3568 1816 ostenditur

283 1863 506 1917 δεικται
523 1859 710 1913 λοιπὸν
733 1858 942 1911 εἰκαῖον
966 1854 1026 1908 τὸ
1057 1852 1283 1906 ἐκείνων
1315 1850 1630 1923 πρόϐλημα.

363 1955 572 2010 ΑΛΛΟ.
608 1955 666 2006 Εἰ
697 1953 804 2015 πᾶς
841 1949 999 2018 λόγος
1039 1946 1183 2010 τινός
1218 1947 1335 1998 ἐστι
1382 1944 1560 2013 λόγος,
1596 1941 1692 1996 τοῦ
1743 1958 1881 2012 προ-

285 2048 516 2119 χέοντος
562 2045 669 2098 ἀπὸ
722 2041 964 2112 γλώττης
1027 2036 1289 2109 δηλονότι,
1335 2036 1368 2107 ἢ
1412 2035 1508 2090 καὶ
1550 2036 1614 2086 ὲκ
1657 2032 1883 2104 καρδίας

283 2137 664 2210 ὲρευγομένου
719 2134 810 2188 καὶ
859 2130 1224 2200 ἀναφέροντος
1258 2143 1271 2156 ⁸
1327 2125 1480 2179 ἔσται
1532 2125 1590 2177 δὲ
1639 2125 1808 2191 Λόγος
1855 2124 1882 2176 6

285 2231 508 2302 Πατὴρ,
539 2227 768 2296 ἐπείπερ
788 2223 935 2276 ἐστὶν
957 2221 1246 2293 όμοούσιος
1270 2218 1430 2288 Λόγῳ
1454 2230 1468 2244 °
1501 2214 1694 2270 ἑαυτοῦ
1711 2214 1884 2282 Λόγος

286 2325 446 2377 ἔσται
495 2320 703 2382 λοιπον,
761 2314 962 2387 μᾶλλον
1026 2313 1084 2366 δὲ
1147 2311 1383 2376 οὐδενὸς,
1414 2309 1448 2380 ἢ
1477 2308 1574 2361 καὶ
1603 2306 1738 2370 ὅλως
1785 2307 1884 2376 οὑχ

289 2415 551 2484 ὑπάρχει.
588 2409 714 2472 Πῶς
745 2407 857 2476 γὰρ
898 2404 1053 2458 ἔσται
1085 2402 1278 2470 Λόγος,
1318 2400 1396 2470 μὴ
1425 2398 1579 2461 ὄντος
1617 2395 1783 2462 τινὸς,
1817 2391 1879 2450 οὗ

289 2505 465 2572 Λόγος
495 2500 678 2566 ὲστίν;
724 2497 886 2552 Ἀ)λά
903 2495 1061 2550 τοῦτο
1085 2495 1306 2548 ἄτοπον.
1330 2492 1406 2545 Οὐ
1431 2490 1540 2562 γὰρ
1573 2489 1725 2542 ἔσται
1753 2487 1885 2543 ποτὲ

287 2593 389 2648 τοῦ
421 2593 498 2664 μὴ
543 2587 690 2644 εἶναι
733 2586 956 2658 δεκτικὴ
1007 2587 1042 2656 ἡ
1104 2583 1226 2638 οεία
1260 2582 1354 2637 καὶ
1382 2581 1662 2653 ἀκήρατος
1697 2579 1882 2648 φύσις,

289 2683 414 2736 οὑδὲ
473 2678 858 2751 μεταχωρήσει
921 2675 1000 2737 είς
1059 2673 1237 2741 Λόγον
1294 2670 1422 2724 ποτὲ
1468 2671 1496 2722 6
1534 2668 1746 2740 Πατὴρ,
1781 2668 1886 2722 κᾶν

291 2774 592 2845 ὁμοοὺσιος
650 2770 874 2839 ὑπάρχῃ
935 2765 1126 2835 Λόγῳ·
1158 2763 1308 2835 μένει
1359 2761 1416 2815 δὲ
1454 2760 1663 2832 Πατὴρ,
1697 2753 1758 2814 οὗ
1792 2760 1887 2813 καὶ

291 2867 477 2935 Λόγος
506 2863 649 2917 ἐστὶν
669 2864 700 2915 6
724 2860 874 2924 Υἱός.

371 3036 571 3090 ΑΛΛΟ.
623 3035 688 3088 EI
745 3031 954 3104 τροπῆς
1009 3028 1225 3100 ἁπάσης
1267 3026 1362 3080 καὶ
1399 3023 1735 3088 ἀλλοιώσεως
1787 3024 1886 3095 τῆς

291 3081 571 3182 arar-6:8.
1082 3081 1240 3188 λόγον
1284 3119 1310 3189 ἡ
1343 3115 1463 3171 θεία
1489 3116 1649 3186 φύσις
1689 3081 1882 3170 ἀνεπίξ
1911 3081 1958 3144 C

287 3223 481 3284 δεκτός
539 3215 681 3272 εἶναι
729 3213 1090 3278 πιστεύεται,
1147 3212 1264 3274 πῶς
1321 3211 1413 3263 τὸν
1470 3211 1666 3263 οἰκεῖον
1693 3208 1880 3280 ὥσπερ

287 3315 456 3383 ἀφεὶς
490 3311 674 3374 τόπον,
698 3309 776 3371 εἰς
804 3306 866 3360 τὸ
897 3304 1036 3360 εἶναι
1066 3304 1240 3372 Λόγος
1264 3304 1292 3356 6
1324 3301 1512 3372 Πατὴρ
1542 3302 1880 3372 μεταστήσε-

289 3424 386 3460 ται
405 3424 420 3470 ;
453 3403 675 3474 Τροπῆς
697 3399 802 3470 γάρ
828 3399 982 3452 ἔσται
1003 3396 1267 3461 δεκτικὸς,
1282 3395 1356 3458 ὡς
1378 3395 1436 3460 ἐξ
1457 3395 1702 3465 ἀνάγκης
1725 3393 1881 3446 τοῦτο

290 3497 558 3557 παθὼν,ό
586 3493 746 3555 αὐτὸς
772 3492 830 3545 δὲ
856 3490 956 3543 οὑκ
984 3489 1162 3553 ἔσται,
1179 3488 1257 3558 μὴ
1284 3487 1529 3558 τηρήσας
1557 3487 1694 3555 ὅπερ
1720 3480 1787 3555 ἧν
1818 3483 1876 3552 ἐξ

289 3585 494 3656 ἀρχῆς.
513 3583 576 3637 Εἰ
615 3581 672 3634 δὲ
692 3578 849 3633 τοῦτο
891 3580 1092 3633 ἄτοπον
1121 3593 1137 3609 ·
1165 3577 1227 3630 τὸ
1258 3577 1365 3648 γὰρ
1405 3575 1748 3630 ἀλλοιοῦσθαι
1782 3575 1880 3646 τῆς

291 3677 450 3739 Θείας
480 3674 696 3745 φύσεως
726 3670 1002 3734 παντελῶς
1037 3669 1316 3739 ἀλλότριον
1338 3685 1352 3698 °
1382 3667 1482 3722 οὐκ
1503 3667 1611 3739 ἄρα
1636 3668 1748 3734 ἕξει
1779 3667 1879 3738 τὴν

295 3766 608 3837 μεταϐολὴν
660 3765 759 3834 τὴν
809 3765 890 3826 εἰς
923 3761 1094 3831 Λόγον
1127 3763 1155 3814 6
1195 3758 1406 3830 Πατὴρ,
1437 3760 1550 3812 ἀλλ’
1580 3760 1733 3814 ἔσται
1764 3761 1876 3813 Πα-

289 3862 404 3933 τὴρ
454 3860 574 3926 ἀεὶ,
625 3858 688 3910 τὸ
747 3858 1017 3927 ἄτρεπτον
1077 3851 1215 3923 ἔχων
1262 3853 1357 3906 καὶ
1415 3851 1769 3907 ἀναλλοίωτον
1803 3851 1878 3916 ὠς

374 4041 552 4093 ΑΛΛΟ
598 4037 667 4091 ἐκ
700 4035 808 4090 τοῦ
835 4034 1045 4100 αὐτοῦ,
1083 4031 1541 4104 διηγηματικῶς.
1579 4032 1711 4088 Θεὸν
1743 4032 1877 4104 ἁλη-

297 4131 453 4184 θινδν
477 4130 539 4182 ὲκ
582 4126 720 4182 Θεοῦ
776 4126 990 4197 Πατρός
1023 4125 1277 4196 ἀληθινοῦ
1309 4123 1585 4195 πεφηνότα
1620 4124 1880 4178 δεικνύων

294 4224 500 4280 ἑαυτὸν
524 4225 552 4276 6
589 4220 881 4293 μονογενὴς
907 4217 1024 4289 ,τοῦ
1083 4218 1218 4272 Θεοῦ
1260 4219 1432 4288 Λόγος
1483 4235 1544 4272 τε
1573 4219 1691 4272 καὶ
1729 4219 1875 4284 Υἱὸς,

301 4338 322 4369 ι
357 4316 563 4380 Πάντα,
601 4333 620 4368 ›
654 4314 844 4385 φησιν,
875 4330 893 4364 ι
932 4313 1032 4367 ὅσα
1057 4311 1169 4382 ἔχει
1193 4313 1222 4366 6
1251 4312 1461 4383 Πατὴρ,
1500 4310 1612 4381 ἐμά
1637 4311 1817 4363 ἐστιν’
1853 4327 1872 4359 ›

293 4406 439 4461 ἀλλὰ
459 4405 554 4460 καὶ
577 4407 796 4462 πάντων
816 4402 1054 4456 ὲστὶτῶν
1073 4402 1301 4456 ἐνόντων
1326 4401 1405 4471 τῷ
1430 4400 1606 4472 Πατρὶ
1633 4401 1879 4469 φυσικῶς
1915 4435 1956 4489 D

297 4499 612 4568 ἰδιωμάτων
670 4495 1009 4566 κληρονόμος
1051 4496 1080 4548 6
1134 4493 1285 4557 Υἱὸς,
1321 4491 1414 4546 καὶ
1443 4489 1504 4555 ἐξ
1546 4491 1709 4544 αὑτοῦ
1735 4490 1878 4544 κατά

292 4590 464 4660 φύσιν
514 4587 812 4656 ὑπάρχων·
867 4585 1006 4640 ἀλλά
1059 4603 1124 4655 γε
1157 4586 1218 4639 τὸ
1249 4581 1389 4639 εἶναι
1423 4584 1612 4654 Πατὴρ
1643 4583 1742 4653 οὑχ
1768 4581 1877 4648 ἔξει

291 4678 431 4732 ποτε
458 4694 471 4706 ·
491 4678 589 4730 καὶ
607 4676 764 4730 τοῦτο
793 4675 902 4746 γὰρ
928 4675 985 4728 ἓν
1007 4675 1116 4728 τῶν
1133 4674 1441 4746 προσόντων
1463 4671 1542 4742 τῷ
1557 4673 1840 4743 γεννήτορι
1859 4687 1872 4699 ·

295 4772 457 4842 μενεῖ
483 4769 539 4822 δὲ
561 4770 591 4820 6
615 4769 742 4830 Υἱὸς
765 4766 978 4830 οὐδενὸς
1021 4764 1491 4836 ἀποστερούμενος
1519 4762 1626 4817 τῶν
1657 4765 1887 4816 ἐνόντων

291 4863 380 4933 τῷ
409 4861 610 4933 Πατρὶ,
637 4862 741 4915 κᾶν
776 4859 852 4930 μὴ
881 4861 1072 4930 νοῆται
1127 4856 1336 4928 Πατὴρ,
1365 4857 1543 4909 πάντα
1573 4855 1629 4908 δὲ
1659 4853 1798 4925 ἔχων
1830 4855 1888 4907 ὲν

293 4952 482 5022 ἐαυτῷ
512 4949 741 5014 τελείως
785 4950 854 5003 τά
896 4949 998 5019 τῆς
1030 4946 1125 5000 τοῦ
1171 4945 1382 5016 Πατρός
1421 4944 1610 5008 οὑσίας
1650 4944 1758 4998 ῐδια
1795 4943 1890 4996 καὶ

292 5045 576 5117 ἐξαίρετα.
619 5043 726 5096 Τὸν
769 5042 930 5097 αὑτὸν
977 5039 1042 5111 δὴ
1086 5037 1273 5092 τοῦτον
1318 5038 1609 5110 τοιγαροῦν
1668 5037 1761 5091 καὶ
1814 5035 1890 5108 τῷ

294 5137 583 5209 προσώπῳ
607 5133 704 5189 τοῦ
769 5132 983 5202 Πατρός
1029 5129 1441 5200 ἐφαρμόσαντες
1481 5128 1638 5197 λόγον
1661 5167 1676 5193 ,
1708 5125 1887 5180 πάντα

299 5231 406 5300 μὲν
431 5229 577 5298 ἔχειν
601 5225 763 5280 αὑτὸν
789 5225 859 5278 τὰ
877 5222 972 5276 τοῦ
999 5220 1129 5275 Υίοῦ
1165 5238 1345 5291 φαμεν
1378 5218 1640 5290 φυσικῶς,
1682 5219 1756 5289 μὴ
1783 5218 1888 5289 μὴν

293 5319 563 5374 δύνασθαί
586 5334 738 5381 ποτε,
772 5316 869 5369 και
900 5315 978 5376 είς
1010 5313 1256 5380 υἱότητα,
1311 5312 1403 5363 καὶ
1432 5313 1510 5374 είς
1533 5311 1592 5363 τὸ
1620 5307 1758 5363 εἶναι
1787 5309 1888 5362 Λό-

294 5428 400 5478 γον
429 5411 789 5482 μεταχωρεῖν,
821 5408 896 5468 ὼς
948 5405 1007 5458 δὲ
1067 5403 1336 5474 ἄτρεπτον
1377 5403 1502 5455 ὅντα
1541 5401 1684 5456 κατά
1727 5405 1888 5472 φύσιν

293 5499 462 5554 τοῦτο
517 5500 700 5569 μένειν
747 5500 882 5567 ὅπερ
940 5495 1110 5559 ἐστὶν,
1143 5495 1230 5547 ἵνα
1281 5494 1416 5563 πρὸς
1453 5493 1532 5564 τῷ
1555 5491 1696 5549 εἶναι
1734 5496 1886 5558 Θεὸς,

372 5705 420 5737 ’⁸
460 5701 772 5769 Psal..Ctx,
811 5703 865 5756 5.
943 5701 986 5731 ⁸³
1027 5700 1186 5755 Joan.
1228 5713 1322 5752 xvr
1349 5737 1362 5763 ,
1404 5696 1491 5749 15.

1981 1851 2201 1906 illorum
2241 1849 2498 1921 objectio.

2053 1941 2282 1998 ALIUD.
2319 1940 2379 1997 Si
2408 1957 2571 1997 omne
2623 1942 2878 2008 verbum,
2933 1943 3172 2014 alicujus
3204 1943 3429 1999 verbum
3457 1953 3563 2008 est,

1981 2033 2104 2104 ejus
2130 2033 2384 2089 videlicet
2408 2035 2500 2104 qui
2547 2035 2731 2106 lingua
2760 2035 2892 2091 illud
2922 2033 3172 2101 ellundit,
3207 2043 3299 2089 aut
3331 2051 3362 2090 e
3401 2037 3568 2092 corde

1983 2133 2201 2181 eructat
2221 2141 2284 2181 ac
2311 2125 2544 2195 profert;
2565 2127 2728 2182 Pater
2751 2135 2930 2182 autem
2948 2127 3190 2181 futurum
3211 2135 3292 2182 est
3308 2125 3566 2189 Verbum,

1983 2216 2246 2286 quoniam
2279 2215 2526 2286 ejusdem
2586 2223 2672 2270 est
2710 2230 2836 2270 cum
2865 2214 3049 2270 Verbo
3075 2214 3444 2270 substantiae:
3481 2213 3568 2268 sui

1984 2306 2163 2376 ipsius
2181 2306 2420 2362 Verbum
2444 2307 2573 2370 erit,
2601 2307 2711 2361 imo
2745 2322 2874 2362 vero
2889 2307 3114 2372 nullius,
3143 2314 3234 2361 aut
3259 2306 3311 2360 in
3349 2306 3571 2360 univer-

1984 2413 2106 2454 sum
2136 2413 2248 2451 non
2277 2397 2516 2453 exsistit.
2551 2397 2842 2464 Quomodo
2874 2399 3020 2453 enim
3059 2397 3293 2453 Verbum
3325 2398 3432 2453 erit
3461 2397 3570 2452 nisi

1986 2490 2061 2544 sit
2092 2487 2305 2558 aliquid
2338 2487 2503 2559 cujus
2534 2490 2604 2544 sit
2643 2487 2916 2543 Verbum?
2962 2489 3070 2544 Sed
3106 2489 3210 2543 hoc
3242 2489 3565 2544 absurdum.

1985 2579 2136 2635 Fieri
2165 2579 2312 2634 enim
2344 2579 2537 2648 nequit
2577 2585 2638 2631 ιιι
2673 2577 2858 2632 divina
2890 2585 2944 2632 et
2995 2577 3325 2633 immortalis
3365 2586 3569 2631 natura

1984 2687 2097 2727 non
2127 2671 2387 2736 exsistat,
2425 2684 2527 2724 nec
2585 2669 2641 2723 in
2682 2667 2924 2725 Verbum
2959 2671 3300 2724 transiturus
3331 2675 3417 2724 est
3458 2685 3570 2723 un-

1986 2779 2150 2836 quam
2180 2763 2368 2826 Pater,
2394 2760 2524 2816 licet
2573 2760 2823 2830 ejusdem
2854 2761 3072 2815 sitcum
3099 2759 3281 2816 Verbo
3321 2760 3572 2816 substan-

1986 2857 2075 2910 tiae
2106 2873 2120 2909 :
2151 2854 2248 2910 sed
2281 2853 2403 2925 ejus
2433 2850 2600 2908 Pater
2629 2851 2872 2906 manebit
2898 2890 2913 2916 ,
2950 2851 3107 2922 cujus
3132 2859 3185 2906 et
3222 2849 3460 2906 Verbum
3484 2858 3571 2906 est

1989 2947 2180 3002 Filius.

2060 3036 2291 3094 ALIUD.
2321 3036 2378 3092 Si
2403 3034 2585 3091 omnis
2608 3034 2933 3089 mutationis
2957 3043 3007 3088 et
3033 3033 3374 3090 alterationis
3391 3033 3569 3104 quoad

1988 3129 2404 3188 substantialem
2499 3127 2766 3181 rationem
2847 3140 3046 3195 expers
3135 3133 3331 3180 natura
3388 3126 3572 3180 divina

1986 3222 2257 3284 creditur,
2297 3218 2578 3290 quomodo
2638 3215 2864 3287 proprio
2914 3216 3080 3270 veluti
3123 3216 3242 3271 loco
3293 3217 3482 3272 relicto
3516 3217 3571 3270 in

1987 3310 2153 3367 Verbi
2184 3319 2437 3366 naturam
2488 3307 2652 3363 Pater
2701 3307 3001 3377 migrabit?
3034 3306 3089 3360 Si
3121 3307 3268 3362 enim
3309 3307 3360 3362 id
3391 3307 3439 3361 ei
3475 3322 3569 3361 ac-

1986 3403 2202 3467 ciderit,
2232 3401 2592 3455 mutationem
2608 3400 2798 3468 utique
2818 3399 3137 3454 necessario
3161 3398 3363 3470 capiet,
3395 3415 3574 3470 neque

1988 3495 2127 3551 idem
2160 3493 2288 3556 erit,
2319 3507 2426 3547 non
2451 3500 2666 3547 servato
2695 3505 2762 3546 eo
2803 3489 2948 3560 quod
2979 3498 3098 3545 erat
3125 3488 3284 3546 initio
3334 3489 3493 3557 Quod
3525 3491 3570 3544 si

1986 3586 2284 3643 absurdum
2313 3591 2393 3640 est
2423 3584 2678 3656 (mutatio
2711 3583 2856 3639 enim
2889 3599 2920 3638 a
2956 3594 3158 3637 natura
3197 3583 3380 3638 divina
3422 3599 3573 3653 pror-

1987 3692 2084 3733 sus
2102 3686 2188 3733 est
2210 3673 2433 3740 aliena),
2459 3689 2565 3727 non
2587 3688 2716 3744 ergo
2740 3673 3046 3728 mutabitur
3063 3673 3118 3727 in
3135 3670 3374 3726 Verbum
3391 3669 3570 3736 Pater,

1986 3770 2080 3826 sed
2117 3768 2220 3823 erit
2245 3781 2462 3836 semper
2493 3764 2676 3829 Pater,
2715 3765 3040 3820 mutationis
3071 3763 3251 3819 omnis
3291 3770 3344 3817 et
3372 3764 3565 3818 altera.

1987 3859 2155 3916 tionis
2185 3873 2406 3929 expers,
2436 3873 2544 3927 qua
2581 3856 2744 3912 Deus.

2054 4035 2266 4093 ALIUD
2340 4051 2406 4090 ea:
2474 4035 2676 4102 eodem,
2719 4034 3075 4104 explanatius.
3146 4033 3314 4090 Deum
3383 4049 3570 4090 verum

1985 4129 2054 4185 de
2108 4130 2218 4185 Deo
2259 4127 2426 4185 Patre
2479 4143 2614 4184 vero
2647 4127 2923 4184 ell'ulsisse
2975 4127 3220 4195 seipsum
3269 4125 3569 4182 ostendens

1990 4221 2338 4290 unigenitum
2401 4219 2498 4274 Dei
2553 4218 2816 4281 Verbum,
2857 4226 2911 4273 et
2961 4216 3152 4281 Filius,
3199 4235 3218 4268 ι
3277 4215 3496 4284 Omnia,
3543 4237 3562 4270 ι

1986 4314 2190 4382 inquit,
2229 4332 2248 4364 ι
2284 4325 2628 4382 quaecunque
2676 4309 2842 4364 habet
2899 4307 3087 4373 Pater,
3135 4323 3254 4364 mea
3292 4317 3424 4364 sunt
3457 4311 3519 4365 ⁸³,
3543 4329 3562 4362 ι

1986 4403 2160 4458 Porro
2212 4403 2457 4458 omnium
2524 4416 2866 4471 quaecunque
2933 4401 3125 4456 insunt
3170 4399 3322 4455 Patri
3372 4409 3570 4456 natura

1983 4495 2376 4567 proprietatum
2416 4493 2600 4549 ltzeres
2659 4499 2743 4548 est
2771 4491 2969 4557 Filius,
3014 4501 3068 4548 et
3097 4493 3190 4562 qui
3225 4508 3290 4548 ex
3325 4493 3446 4564 ipso
3479 4509 3568 4549 se-

1983 4581 2226 4640 cundum
2256 4594 2510 4640 naturam
2562 4584 2816 4650 exsistit;
2849 4591 3231 4640 verumtamen
3287 4599 3569 4654 nunquam

1981 4678 2089 4748 37
2123 4675 2285 4732 Pater
2311 4692 2434 4732 esse
2473 4676 2675 4746 poterit
2706 4676 2847 4747 (hoc
2879 4675 3028 4731 enim
3063 4689 3253 4730 eorum
3284 4690 3455 4730 unum
3485 4685 3572 4731 est

1983 4785 2104 4840 qua:
2152 4770 2394 4840 genitori
2423 4769 2664 4839 insunt),
2686 4768 2782 4824 sed
2810 4767 3115 4824 remanebit
3139 4767 3333 4833 Filius,
3367 4769 3571 4824 nullius

1983 4877 2180 4932 expers
2213 4877 2407 4918 eorum
2445 4877 2570 4933 qua:
2616 4861 2770 4916 Patri
2819 4861 3046 4928 insunt,
3093 4861 3223 4918 licet
3259 4877 3372 4918 non
3406 4862 3570 4916 intcl~

1984 4953 2188 5024 ligatur
2213 4953 2380 5008 Pater
2401 4993 2414 5018 ,
2446 4953 2746 5023 omniaque
2780 4953 2988 5009 habens
3033 4955 3089 5007 in
3120 4954 3302 5024 seipso
3330 4952 3572 5023 perfecte

1985 5059 2109 5114 quae
2135 5043 2355 5114 propria
2403 5051 2458 5098 et
2504 5043 2802 5112 peculiaria
2841 5049 2969 5098 sunt
3010 5043 3192 5097 Patris
3224 5040 3566 5095 substantiae.

1989 5135 2236 5204 Idipsum
2286 5134 2455 5205 igitur
2491 5133 2560 5189 de
2603 5135 2761 5190 Patre
2792 5134 3077 5199 dicentes,
3111 5135 3307 5187 habere
3343 5132 3567 5202 quidem

1990 5227 2171 5296 ipsum
2199 5225 2383 5278 omnia
2411 5239 2532 5294 qua:
2560 5234 2691 5279 sunt
2712 5224 2834 5279 Filii
2858 5267 2873 5291 ,
2907 5225 3252 5289 naturaliter,
3288 5240 3569 5294 nunquam

1991 5322 2176 5368 tamen
2220 5311 2421 5367 Filium
2471 5329 2596 5370 esse
2643 5330 2843 5382 posse,
2890 5331 2990 5369 nec
3032 5315 3086 5368 in
3122 5314 3282 5369 Verbi
3315 5324 3570 5372 naturam

1990 5405 2230 5475 migrare
2264 5405 2565 5462 asserimus
2592 5446 2606 5470 .
2646 5407 2764 5469 sed,
2806 5405 3172 5461 immutabilis
3211 5422 3333 5462 cum
3369 5408 3440 5464 sit
3470 5421 3572 5462 na-

1991 5503 2115 5550 tura
2148 5511 2269 5561 sua,
2295 5511 2519 5553 manere
2549 5498 2600 5554 id
2630 5499 2775 5569 quod
2807 5503 2913 5564 est,
2948 5506 3005 5552 ut
3031 5508 3393 5569 praaterqnam
3427 5501 3570 5570 quod
