4072 6210
487 329 554 384 67
1478 322 1535 376 S.
1558 317 1832 378 οἵῐιιιιι
1854 315 2323 374 ALEXANDRINI
2351 317 2677 376 ARCIIIEP.
3667 321 3740 376 εκ

491 458 574 507 est
611 448 793 514 Dens,
832 447 998 503 etiam
1046 446 1205 502 Pater
1257 445 1518 512 exsistat,
1565 455 1620 502 et
1668 441 2063 504 immutabilis.

2177 442 2263 494 καὶ
2311 441 2503 512 Πατὴρ
2545 440 2791 512 ὑπάρχῃ,
2839 440 2932 494 καὶ
2971 438 3350 506 ἀναλλοίωτος,
3386 437 3742 494 ἀναλλοίωτον

494 541 838 604 immutabile
883 541 938 594 in
984 541 1169 608 seipse
1213 537 1424 592 habens
1468 537 1614 608 quod
1661 551 1728 593 ex
1775 537 1897 606 ipso
1939 547 2068 603 pro-

491 634 662 687 cessit
693 630 937 686 Verbum
963 670 978 694 ,
1021 630 1124 683 hoc
1156 637 1241 684 est
1271 628 1494 683 Filium.
1643 677 1656 683 -

561 722 793 778 ALIUD.
828 722 991 792 Legis
1021 732 1216 776 auctor
1249 720 1391 776 Deus
1413 760 1426 785 ,
1463 734 1562 791 per
1586 724 1808 774 sanctos
1833 715 2069 788 prophe-

494 824 577 870 tas
612 814 874 883 arguebat
922 813 1217 868 nonnullos
1255 813 1447 868 dicens
1490 829 1503 866 :
1561 828 1579 860 ι
1618 809 1765 864 Inter
1815 817 2065 865 sanctum

492 912 546 961 et
577 904 868 976 profanum
908 921 1019 960 non
1062 905 1476 975 distinguebant
1498 903 1564 954 ⁸⁸.
1605 922 1624 956 ι
1667 901 1896 958 Maxima
1922 904 2066 957 enim

492 998 743 1069 profecto
797 999 852 1053 in
905 998 992 1054 his
1033 1013 1247 1053 morum
1287 996 1593 1052 diﬂ‘erentia
1638 995 1918 1061 cernitur,
1976 1003 2070 1048 aut

493 1090 860 1146 contrarietas
886 1132 900 1157 ,
952 1090 1094 1160 apud
1135 1105 1231 1145 ens
1262 1089 1354 1160 qui
1403 1096 1554 1143 recte
1579 1088 1851 1158 judicant.
1883 1086 1989 1141 Sed
2023 1088 2069 1141 si

492 1181 609 1236 ﬁeri
644 1187 823 1251 potest
860 1189 918 1234 ut
943 1197 1135 1236 eorum
1166 1197 1288 1252 quae
1321 1191 1450 1238 sunt
1473 1180 1718 1251 ejusdem
1751 1180 2071 1236 substantia:

492 1280 687 1326 natura
723 1271 774 1326 in
808 1288 867 1328 se
899 1273 1274 1328 confundatur
1299 1313 1314 1338 ,
1346 1284 1400 1328 et
1444 1273 1755 1344 singulares
1797 1281 1960 1342 atque
1993 1272 2072 1325 in-

491 1365 730 1419 dividuze
764 1365 1090 1436 hypostases
1135 1365 1202 1419 ad
1244 1364 1392 1419 aliud
1441 1365 1812 1434 quodcunque
1853 1365 2070 1434 generis

489 1457 736 1527 ejusdem
787 1466 880 1510 aut
928 1457 1133 1528 speciei
1187 1457 1577 1528 commigrent,
1633 1471 1883 1527 qutenam
1929 1457 2072 1511 ratio

490 1549 710 1605 tandem
743 1550 1032 1619 profanum
1061 1566 1088 1604 a
1121 1551 1330 1606 sanctis
1358 1559 1628 1614 secernet,
1661 1551 1708 1606 si
1738 1551 1875 1604 nihil
1902 1551 2073 1605 inter-

491 1641 564 1695 sit
600 1641 867 1710 quidnam
901 1642 973 1697 sit
1010 1642 1216 1712 aliquid
1240 1682 1254 1706 ,
1285 1657 1352 1696 an
1388 1642 1610 1712 pr0prie
1644 1649 1698 1696 et
1726 1641 2073 1713 hypostatice

491 1731 746 1795 exsistat,
767 1732 860 1787 sed
881 1740 1104 1803 propter
1127 1733 1470 1788 identitatem
1492 1733 1816 1789 substantiae
1839 1733 2067 1789 alterum

492 1821 564 1877 sit
601 1822 655 1876 in
702 1824 914 1877 altero?
953 1823 1129 1879 Erunt
1171 1840 1336 1896 ergo,
1383 1840 1509 1879 cum
1550 1825 1680 1881 hinc
1728 1840 1836 1880 uno
1877 1826 2070 1881 ordine

492 1930 683 1970 omnes
715 1917 1020 1972 habeamus
1049 1958 1063 1980 ,
1099 1917 1162 1979 ,in
1195 1918 1452 1973 omnibus
1487 1917 1673 1973 omnia
1714 1917 1944 1974 confusa
1974 1937 1987 1972 :
2019 1927 2073 1973 et

493 2007 744 2076 proditor
777 2009 998 2078 quidem
1027 2008 1196 2066 Judas
1217 2011 1442 2081 perinde
1468 2011 1630 2067 nobis
1657 2010 1764 2066 erit
1793 2026 1857 2064 ac
1875 2009 2072 2066 Petrus

493 2108 587 2152 aut
627 2097 860 2164 Paulus,
897 2107 1024 2169 puta
1058 2101 1202 2170 quod
1243 2103 1316 2157 sit
1353 2101 1514 2159 Petro
1549 2111 1603 2158 et
1631 2102 1799 2158 Paulo
1834 2101 2068 2159 consub-

493 2189 804 2245 stantialis:
845 2200 895 2243 et
926 2191 1198 2257 vicissim,
1229 2192 1445 2260 Petrus,
1481 2200 1577 2248 aut
1622 2192 1846 2256 Paulus,
1877 2191 2069 2258 Judas,

493 2284 732 2337 maxime
778 2299 905 2338 cum
955 2285 1068 2341 sint
1109 2285 1358 2354 ejusdem
1409 2302 1533 2342 cum
1584 2287 1681 2342 illo
1722 2285 2070 2343 substantiae.

492 2373 658 2445 Atqui
687 2374 769 2430 sic
803 2376 1012 2432 sentire
1049 2385 1133 2432 est
1177 2377 1646 2434 absurdissimum
1681 2396 1694 2433 :
1736 2393 1915 2448 neque
1941 2391 2072 2432 vero

492 2458 743 2518 funditus
777 2462 1003 2518 tolletur
1025 2478 1220 2518 eorum
1253 2479 1376 2535 quae
1408 2473 1540 2520 sunt
1570 2463 1820 2535 ejusdem
1855 2463 2073 2536 generis

461 2559 586 2603 ‘aut
628 2550 830 2620 speciei
870 2551 1222 2620 diii‘erentia,
1274 2570 1341 2610 ex
1381 2569 1450 2611 eo
1491 2556 1636 2626 quod
1665 2555 1914 2626 ejusdem
1942 2563 2074 2612 sunt

489 2639 606 2710 ipsa
654 2641 1004 2698 substantiae.
1055 2642 1256 2699 Nostra
1292 2660 1424 2716 ergo
1469 2644 1764 2701 inﬁrmitas
1807 2645 2073 2700 adversus

490 2730 732 2785 divinam
780 2733 1079 2788 essentiam
1114 2749 1224 2788 non
1264 2741 1481 2788 tantum
1516 2733 1775 2797 audebit,
1811 2741 1870 2787 ut
1912 2741 2074 2804 cogat

495 2818 731 2877 Verbum
760 2837 885 2878 esse
913 2837 976 2876 ac
1006 2823 1193 2878 vocari
1225 2822 1398 2878 Deum
1425 2833 1479 2877 et
1510 2823 1754 2888 Patrem,
1784 2834 2071 2894 propterea

489 2911 636 2982 quod
681 2912 924 2982 ejusdem
969 2922 1054 2968 est
1101 2929 1227 2968 eum
1277 2913 1457 2969 Verbo
1498 2914 1847 2972 substantiae.
1895 2915 2074 2972 Manet

488 3001 638 3056 enim
671 3015 888 3073 semper
917 3000 1081 3057 Pater
1099 3042 1115 3070 ,
1142 3001 1449 3059 differentia
1477 3005 1761 3060 essentiali
1792 3006 2075 3062 nihilomi-

2169 530 2308 602 ἔχων
2337 533 2396 586 ἐν
2435 531 2615 603 ἐαυτῷ
2632 532 2723 585 τὸν
2749 529 2811 597 ἐξ
2854 529 3020 586 αὑτοῦ
3047 530 3330 603 πεφηνότα
3369 529 3565 600 Λόγον,
3597 529 3742 586 τοῦτ’

2169 623 2306 685 ἐστι,
2328 622 2421 676 τὸν
2450 623 2596 676 Υίόν.

2239 711 2442 764 ΑΛΛΟ.
2500 710 2808 782 Κατητιᾶτό
2847 727 2998 774 τινας
3051 712 3081 764 ὁ
3129 710 3446 783 Νομοθέτης
3503 711 3590 766 διὰ
3636 711 3746 767 τῶν

2169 801 2342 870 ἁγίων
2366 801 2681 873 προφητῶν,
2701 803 2798 856 καὶ
2810 802 2942 866 Θεὸς
2959 803 3154 871 λέγων⁸
3179 821 3200 854 ι
3235 803 3364 858 Ἀνὰ
3404 805 3566 874 μέσον
3589 803 3744 872 ἀγίου

2171 895 2265 948 καὶ
2321 893 2552 964 βεϐήλου
2593 894 2654 947 οὐ
2690 894 3010 950 διέστελλον.
3047 913 3066 947 ι
3115 895 3292 966 Πολλὴ
3331 895 3442 968 γὰρ
3473 896 3642 960 ὅντως
3687 899 3746 950 ἐν

2169 989 2381 1051 τούτοις
2427 991 2622 1060 όρᾶται
2677 990 2894 1061 τρόπων
2937 990 3199 1062 διαφορὰ,
3247 991 3364 1062 ἦτοι
3413 991 3744 1061 ἐναντιότης,

2172 1081 2322 1151 παρὰ
2340 1085 2451 1145 τοῖς
2473 1082 2714 1136 ἐθέλουσι
2743 1083 3088 1153 φιλοκρινεῖν.
3121 1081 3260 1135 ’Λλλ’
3297 1082 3454 1153 εἴπερ
3477 1082 3748 1154 ἐνδέχεται

2170 1172 2270 1245 τὴν
2304 1173 2412 1226 τῶν
2451 1173 2751 1243 ὁμοουσίων
2783 1174 2864 1237 είς
2895 1172 3094 1245 ἑαυτὴν
3136 1173 3530 1243 ἀνακιρνᾶσθαι
3561 1174 3744 1244 φύσιν,

2172 1268 2266 1320 καὶ
2316 1267 2386 1320 τά
2419 1267 2477 1320 ἐν
2514 1265 2844 1330 ἰδιαζούσαις
2888 1283 2946 1318 τε
2995 1265 3091 1318 καὶ
3123 1266 3346 1336 ἀτόμοις
3385 1267 3746 1322 ὑποστάσεσιν
3849 1323 3854 1326 _

2171 1354 2300 1408 ὄντα
2344 1355 2704 1424 δραπετεύσει
2749 1354 2887 1426 πρὸς
2915 1355 3052 1424 ὅπερ
3079 1354 3144 1408 ἂν
3177 1355 3436 1425 βούληται
3477 1357 3588 1410 τῶν
3615 1357 3749 1428 ὀμο-

2171 1445 2367 1515 γενῶν,
2400 1446 2433 1516 ἢ
2458 1446 2722 1515 ὁμοειδῶν
2744 1463 2758 1479 ·
2795 1449 2945 1510 ποῖος
2976 1448 3107 1517 ἡμῖν
3133 1447 3242 1517 ἀρα
3272 1446 3571 1502 διαστέλλει
3591 1447 3746 1517 λόγος

2170 1539 2281 1593 τῶν
2329 1539 2501 1606 ἁγίων
2541 1538 2633 1591 τὸν
2668 1538 2927 1609 βέϐηλον,
2973 1540 3022 1591 εί
3070 1537 3380 1610 μηδαμόθεν
3408 1540 3600 1608 ὁρᾶται
3650 1539 3747 1594 τοῦ

2175 1631 2320 1694 ἰδίως
2367 1630 2517 1694 ὄντος
2548 1631 2580 1702 ή
2607 1630 2700 1683 τοῦ
2734 1629 2818 1694 τίς
2845 1632 2960 1683 ἐστι
2989 1629 3242 1701 διαφορά,
3271 1630 3359 1684 διὰ
3394 1630 3451 1683 δέ
3489 1629 3587 1701 τήν
3616 1648 3751 1685 ταυ-

2173 1721 2374 1790 τότητα
2423 1723 2523 1791 τῆς
2563 1719 2750 1782 οὐσίας
2793 1720 2850 1772 ἐν
2878 1719 2958 1790 τῷ
2997 1718 3169 1790 ἑτέρῳ
3221 1721 3397 1774 κεῖται
3428 1719 3490 1773 τὸ
3523 1720 3748 1791 ἓτερον;

2175 1813 2357 1865 Ἔστω
2387 1813 2566 1864 τοίνυν
2593 1813 2755 1882 ἡμῖν,
2807 1809 3210 1881 ἀδιαφορούσης
3243 1809 3491 1864 ἐντεῦθεν
3536 1811 3636 1881 τῆς
3661 1814 3750 1882 ἐφ’

2173 1905 2389 1974 ἑκάστῳ
2449 1903 2740 1973 γνώσεως,
2799 1903 3188 1973 συγκεχυμένα
3251 1903 3322 1956 τὰ
3395 1904 3613 1958 πάντων
3666 1906 3749 1968 είς

2172 1995 2385 2049 πάντασ
2419 1995 2516 2048 καὶ
2558 1996 2587 2048 ό
2635 1995 2733 2064 μὲν
2781 1993 3050 2065 προδότης
3091 1992 3322 2058 Ἰούδας,
3359 1993 3435 2058 ὡς
3468 1995 3674 2066 Πέτρος
3712 1995 3746 2066 ἢ

2172 2085 2383 2148 Παῦλος
2406 2125 2420 2150 ,
2467 2085 2544 2150 ὡς
2572 2085 2861 2156 δμοούσιος
2897 2084 3092 2156 Πέτρῳ
3138 2085 3234 2139 καὶ
3278 2087 3510 2158 Παύλῳο
3545 2087 3748 2159 Πέτρος

2177 2173 2225 2228 δ’
2269 2170 2338 2229 αὖ
2393 2175 2557 2229 πάλιν
2590 2175 2624 2246 ἢ
2658 2175 2892 2239 Παῦλος,
2941 2175 3162 2241 Ἰούδας,
3194 2176 3289 2229 ἆτε
3317 2176 3381 2247 δή
3415 2177 3550 2248 πρὸς
3587 2176 3748 2231 αὐτὸν

2171 2267 2326 2332 ὄντες
2353 2267 2650 2339 όμοούσιοι.
2707 2267 2848 2321 Ἀλλ’
2879 2267 2994 2322 ἐστι
3022 2268 3084 2322 τὸ
3108 2268 3251 2323 οὑτω
3286 2273 3504 2341 φρονεῖν
3538 2268 3749 2338 ἀλογὼο

2171 2377 2356 2424 τατον,
2389 2359 2482 2412 καὶ
2513 2360 2615 2413 οὐκ
2643 2360 2929 2430 ἀναιρήσει
2977 2361 3193 2425 πάντως
3233 2363 3334 2433 τὴν
3379 2363 3521 2419 κατά
3556 2379 3608 2416 τι
3639 2363 3749 2419 τῶν

2171 2451 2471 2524 ὁμογενῶν,
2499 2451 2532 2523 ή
2559 2451 2821 2522 ὁμοειδῶν
2841 2450 2976 2522 πρὸς
3005 2452 3210 2524 ἄλληλα
3237 2453 3502 2525 διαφορὰν
3524 2455 3584 2509 τὸ
3608 2451 3750 2510 εἶναι

2172 2544 2270 2614 τῆς
2304 2543 2476 2614 αὐτῆς
2512 2543 2701 2606 οὐσίας
2748 2543 2907 2600 αὐτά.
2947 2545 3060 2598 Οὐκ
3099 2545 3208 2617 ἄρα
3248 2547 3343 2601 καὶ
3370 2546 3434 2600 τὸ
3477 2548 3564 2617 ἐφ’
3590 2548 3750 2618 ἡμῶν

2171 2632 2431 2686 ἀσθενοῦν
2458 2634 2602 2688 κατά
2625 2633 2725 2705 τῆς
2745 2633 2897 2700 θείας
2926 2635 3115 2698 οὐσίας
3157 2637 3412 2692 τοσοῦτον
3443 2638 3754 2694 ἐκνεανιεύ-

2175 2737 2349 2786 σεται,
2375 2721 2452 2786 ὡς
2479 2723 2860 2792 ἐπαναγκάσαι
2887 2726 3060 2795 Λόγον
3085 2721 3227 2780 εἷναί
3262 2743 3322 2780 τε
3350 2728 3444 2782 καὶ
3467 2729 3752 2784 καλεῖσθαι

2173 2814 2266 2869 τὸν
2308 2815 2441 2870 Θεὸν
2490 2817 2586 2871 καὶ
2633 2818 2890 2890 Πατέρα,
2930 2820 3226 2892 ἐπειδήπερ
3269 2819 3417 2875 ἐστὶν
3466 2820 3754 2892 δμοούσιος

2171 2908 2348 2980 Λόγῳ.
2385 2909 2551 2964 Μένει
2575 2908 2686 2981 γὰρ
2724 2910 2811 2964 ἀεὶ
2839 2911 3050 2982 Πατὴρ,
3090 2913 3190 2982 τὴν
3221 2911 3318 2967 τοῦ
3359 2913 3412 2966 τί
3450 2915 3567 2967 ἐστι
3611 2914 3750 2970 κατά

2171 2999 2331 3053 τοῦτο
2382 2999 2649 3071 διαφοράν
2699 3001 3002 3073 οὐδαμόθεν
3043 3000 3372 3072 ζημιοῦσθαι
3419 3003 3747 3074 δυνάμενος·

492 3109 596 3150 nus
626 3093 776 3150 omni
813 3110 878 3150 ex
911 3102 1070 3164 parte
1103 3095 1368 3150 incolumi
1396 3111 1410 3148 :
1447 3095 1544 3152 sed
1583 3109 1764 3166 neque
1792 3095 2071 3153 identitati

2177 3089 2290 3152 ἀλλ’
2338 3091 2459 3144 οὐδὲ
2492 3094 2557 3164 τῇ
2588 3084 2881 3164 ταυτότητι
2933 3095 3033 3165 τῆς
3080 3094 3269 3158 οὐσίας
3315 3094 3376 3147 τὸ
3410 3095 3575 3166 μηδὲν
3609 3095 3754 3158 ίδίως

491 3186 812 3242 substantia:
843 3186 984 3240 nihil
1012 3186 1294 3257 peculiare
1325 3187 1612 3258 relinquit,
1639 3196 1695 3242 et
1724 3201 2073 3259 nequaquam

491 3275 689 3332 Filium
725 3277 939 3333 idcirco
963 3278 1267 3349 superabit,
1302 3277 1399 3335 sed
1433 3293 1624 3335 verum
1655 3293 2075 3347 aegermanum

491 3368 643 3422 illum
683 3383 807 3423 esse
841 3369 1133 3436 ostendet,
1183 3378 1240 3425 et
1285 3385 1350 3426 ex
1394 3369 1518 3441 ipso
1559 3370 1868 3426 secundum
1917 3378 2078 3425 natu-

493 3475 609 3514 ram
660 3459 870 3516 habere
913 3461 1415 3516 immutabilitatem
1473 3461 1762 3532 genitore,
1806 3469 1862 3517 et
1905 3476 1972 3516 ex
2010 3473 2078 3516 eo

493 3551 641 3623 quod
669 3552 836 3605 etiam
871 3551 987 3621 ipse
1023 3552 1248 3622 proprie
1285 3560 1340 3608 et
1375 3553 1725 3624 peculiariter
1758 3553 1933 3609 Filius
1962 3564 2074 3619 εει,

497 3644 553 3698 in
581 3643 693 3714 38
716 3642 930 3698 Patrem
963 3659 1188 3714 quoque
1219 3659 1329 3698 non
1357 3645 1583 3710 mutari,
1613 3644 2076 3716 quemadmodum

497 3748 675 3803 neque
705 3731 922 3788 Patrem
960 3732 1014 3786 in
1047 3731 1267 3788 Filium.
1938 3735 1944 3739 ’

636 3825 907 3895 Oppositio
927 3865 942 3892 ,
984 3827 1091 3881 sive
1121 3827 1346 3897 objectio
1376 3827 1489 3883 alia
1524 3828 1916 3885 Itwreticorum.

565 3979 682 4036 Non
713 3979 855 4051 jure,
888 3983 1170 4054 inquiunt,
1205 3985 1260 4038 in
1293 3999 1397 4041 nos
1428 3995 1688 4056 tanquam
1719 3989 1902 4044 minus
1932 3996 2079 4044 recte

495 4075 794 4131 sentientes
821 4075 1178 4141 invehimini,
1211 4077 1307 4147 qui
1343 4077 1582 4134 dicimus
1609 4079 1836 4133 insitum
1875 4079 1985 4136 Deo
2013 4097 2078 4139 ac

498 4164 642 4219 Patri
690 4167 916 4221 verbum
966 4167 1114 4222 aliud
1168 4182 1291 4222 esse
1340 4182 1370 4221 a
1413 4166 1588 4234 Filio,
1633 4184 1756 4224 cum
1800 4172 1978 4240 ipsum
2021 4173 2076 4228 in

498 4256 810 4325 Evangeliis
851 4260 1001 4312 clare
1047 4260 1326 4314 dicentem
1365 4261 1648 4316 audiatis:
1694 4280 1710 4312 ι
1752 4261 1881 4318 Scio
1914 4279 2075 4330 eum,

502 4357 557 4406 et
587 4348 814 4401 verbum
855 4350 978 4417 ejus
1019 4366 1179 4406 servo
1205 4352 1271 4408 ⁸⁸.
1306 4371 1323 4403 ι
1360 4351 1516 4418 Quod
1550 4352 1595 4409 si
1633 4362 1690 4407 ut
1722 4354 1842 4424 ipse
1873 4356 2078 4411 conﬁr-

2177 3180 2476 3251 κεκτῆσθαι
2509 3183 2885 3254 παραχωρῶν,
2917 3183 3014 3238 καὶ
3047 3184 3430 3254 πλεονεκτήσει
3472 3185 3569 3255 μὲν
3595 3183 3753 3238 οὐδαο

2179 3274 2295 3344 μῶς
2326 3275 2468 3328 κατά
2495 3272 2654 3328 τοῦτο
2674 3274 2764 3328 τὸν
2792 3275 2942 3341 Υίδν,
2969 3275 3193 3346 γνήσιον
3217 3275 3275 3328 δὲ
3306 3275 3509 3346 μᾶλλον
3537 3276 3756 3330 ἀποδεί-

2186 3360 2285 3427 ξει,
2335 3362 2430 3415 καὶ
2469 3360 2530 3427 ἐξ
2568 3362 2735 3416 αὐτοῦ
2774 3365 2916 3419 κατά
2949 3363 3111 3435 φύσιν
3155 3365 3346 3436 ἔχοντα
3382 3364 3444 3419 τὺ
3487 3365 3759 3438 ἄτρεπτον

2177 3451 2273 3505 καὶ
2299 3450 2656 3506 ἀναλλοίωτον
2681 3452 2776 3508 τοῦ
2799 3455 3182 3526 γεννήσαντος,
3210 3455 3301 3509 καὶ
3319 3456 3410 3510 διὰ
3433 3455 3528 3510 τοῦ
3559 3457 3758 3526 κεκτῆ-

2180 3545 2304 3599 σθαι
2337 3546 2430 3600 καὶ
2457 3547 2619 3601 αὐτὸν
2654 3547 2800 3610 ἰδίως
2850 3549 2946 3601 καὶ
2994 3549 3172 3619 μόνως
3217 3548 3316 3620 τὴν
3361 3549 3615 3620 υῑότητα,
3660 3550 3757 3604 καὶ

2177 3637 2258 3700 είς
2304 3638 2521 3708 Πατέρα
2570 3638 2646 3709 μὴ
2705 3638 3174 3710 μεταϐάλλεσθαι,
3223 3639 3423 3710 ’ὥσπερ
3479 3635 3572 3694 οὖν
3633 3640 3755 3696 οὐδέ

2178 3729 2354 3782 ἐκεῖνο
2401 3726 2507 3800 [ὶσ.
2542 3729 2784 3802 ἐκεῖνον]
2819 3731 2898 3794 είς
2938 3731 3084 3786 Υίόν.

2178 3820 2533 3890 Πρόσλημα,
2586 3821 2718 3892 ἢτοι
2768 3821 3076 3945 ἀῖτίθεσές
3110 3823 3282 3892 ἑτέρα
3317 3823 3399 3891 ὡς
3445 3823 3604 3894 παρὰ
3639 3823 3760 3880 τῶν

2779 3907 2817 3944 a
2841 3910 3112 3945 οετικων.

2779 3907 3112 3961 cuperantur.

2253 3981 2368 4034 Οὐκ
2406 3981 2664 4050 εὐλόγως,
2696 3985 2882 4052 φασὶν,
2915 3983 2990 4048 ὡς
3018 3984 3080 4037 οὐ
3107 3983 3396 4054 φρονοῦσιν
3422 3985 3598 4057 ὀρθῶς
3631 3987 3757 4039 ἐπι-

2181 4073 2481 4142 σκήπτετε,
2515 4076 2628 4138 τοῖς
2662 4075 2847 4150 ἕτερον
2891 4071 3030 4130 εἶναι
3059 4076 3278 4147 λέγουσι
3312 4077 3401 4132 τὸν
3421 4077 3660 4149 ἔμφυτον
3696 4079 3757 4132 ἐν

2177 4164 2257 4235 τῷ
2293 4165 2414 4238 Θεῷ
2451 4169 2546 4222 καὶ
2594 4169 2773 4242 Πατρὶ
2824 4170 2982 4240 λόγον
3030 4172 3184 4243 παρά
3230 4171 3322 4227 τὸν
3351 4171 3480 4224 Υίδν
3511 4211 3527 4236 ,
3572 4170 3752 4225 καίτοι

2181 4258 2372 4325 σαφῶς
2419 4259 2586 4312 αὐτοῦ
2623 4259 2877 4330 λέγοντος
2917 4261 3204 4326 ἀκούοντες
3239 4264 3299 4317 ἐν
3322 4265 3444 4327 ταῖς
3476 4262 3759 4332 εὐαγγελι-

2183 4353 2309 4414 καίς
2352 4348 2678 4422 ἐξηγήσεσιν
2710 4393 2725 4418 ,
2771 4353 2854 4406 ὅτι
2905 4371 2924 4403 ι
2954 4349 3087 4410 Οἶδα
3125 4354 3215 4408 τὸν
3255 4355 3510 4424 Πατέρα,
3545 4353 3757 4408 καὶτὸν

499 4437 710 4499 mavit,
753 4437 978 4491 verbum
1025 4438 1202 4495 Patris
1251 4453 1469 4509 servat,
1519 4450 1834 4502 necessario
1889 4449 2073 4519 utique

2187 4441 2343 4508 λόγον
2385 4443 2552 4497 αὐτοῦ
2594 4443 2768 4514 τηρῶ.
2807 4463 2825 4496 ι
2858 4445 2922 4498 Εἰ
2950 4445 3007 4500 δὲ
3028 4485 3044 4510 ,
3076 4446 3330 4517 καθάπερ
3359 4446 3522 4509 αὐτὸς
3553 4444 3762 4515 διισχυ·

499 4527 644 4584 alius
673 4529 740 4583 ab
771 4530 896 4599 ipso
924 4532 1052 4595 erit,
1086 4533 1534 4602 quandoquidem
1566 4551 1792 4593 necesse
1816 4549 1893 4594 est
1929 4541 2077 4596 aliud

497 4634 623 4676 esse
652 4622 796 4692 quod
829 4632 1010 4688 servat
1040 4624 1108 4678 ab
1135 4639 1201 4678 eo
1224 4625 1366 4694 quod
1400 4637 1676 4682 servatur.

511 4885 686 4942 Variw
721 4887 1004 4942 solutiones
1031 4930 1044 4949 ,
1085 4889 1274 4956 quibus
1312 4890 1454 4945 clare
1498 4893 1794 4947 ostenditur
1847 4895 2069 4950 Verbum

865 4975 977 5012 esse
1012 4959 1106 5012 Dei
1145 4976 1206 5012 ac
1242 4959 1423 5014 Patris
1467 4961 1690 5017 Filium.

570 5048 686 5106 Nisi
725 5050 842 5119 ipse
872 5052 1189 5120 unigenitus
1235 5050 1406 5108 Filius
1441 5049 1538 5106 Dei
1589 5068 1652 5108 ac
1685 5053 1900 5120 Patris,
1936 5056 2075 5111 Ver-

505 5143 628 5196 bum
656 5151 741 5198 est
766 5141 916 5211 ejus;
950 5143 1043 5196 sed
1073 5141 1225 5197 aliud
1260 5143 1536 5212 quoddam
1568 5145 1711 5202 inest
1741 5145 1850 5204 Deo
1881 5159 2078 5218 prmter

505 5237 682 5304 ipsum
706 5275 721 5299 ,
753 5235 896 5305 quod
930 5237 1208 5290 internum
1241 5237 1571 5302 nominant,
1618 5240 1712 5310 qui
1740 5245 2078 5298 contrariam

502 5329 802 5381 ostendunt
843 5327 1195 5392 sententiam,
1248 5328 1440 5384 dicant
1487 5332 1650 5388 nobis
1711 5339 1894 5388 utrum
1939 5333 2080 5390 illud

504 5409 646 5476 quod
701 5410 867 5465 stulte
915 5413 1416 5468 comminiscuntur
1456 5415 1707 5478 verbum,
1731 5416 2078 5488 hypostatice

503 5501 759 5565 exsistat,
789 5517 858 5556 an
902 5520 1034 5558 non.
1071 5502 1205 5559 Nam
1237 5507 1285 5562 si
1325 5519 1426 5575 per
1457 5521 1518 5562 se
1553 5505 1609 5562 in
1650 5510 1871 5579 prepria
1903 5510 2082 5582 hypo-

504 5589 637 5644 stasi
680 5589 868 5645 dicent
907 5593 1250 5662 subsistere,
1290 5595 1433 5652 duos
1479 5597 1707 5655 omnino
1756 5599 2080 5658 fatebuntur

572 5751 616 5782 "
660 5748 855 5804 Ezech.
895 5765 1006 5804 χχιι
1032 5790 1045 5814 ,
1079 5750 1170 5805 26.
1250 5750 1293 5782 ⁸⁵
1324 5749 1481 5805 Joan.
1507 5768 1624 5822 vni,
1654 5753 1744 5811 35.

2185 4533 2392 4602 ρίσατο,
2425 4533 2515 4586 τὸν
2555 4533 2648 4587 τοῦ
2681 4535 2894 4607 Πατρός
2927 4540 3086 4607 τηρεί
3128 4537 3316 4604 λόγον,
3347 4537 3533 4608 ἕτερος
3563 4537 3629 4590 ἂν
3671 4538 3758 4606 εἴη

2182 4625 2399 4688 πάντως
2442 4625 2650 4696 δήπου,
2708 4627 2802 4682 καὶ
2848 4627 3196 4696 ἀναγκαίως,
3250 4627 3326 4690 ὡς
3377 4628 3511 4698 πρὸς
3569 4627 3754 4692 αὐτὸν,

2184 4717 2486 4787 ἐπειδήπερ
2510 4717 2725 4788 ἀνάγκη
2755 4718 2855 4791 τήν
2882 4720 2982 4788 τῆς
3004 4716 3316 4787 ἑτερότητος
3342 4715 3610 4781 σώζεσθαι
3641 4715 3758 4771 δια-

2186 4807 2358 4879 φορὰν
2381 4807 2459 4878 τῷ
2498 4809 2751 4881 τηροῦντι
2786 4812 2922 4882 πρὸς
2953 4812 3013 4864 τὸ
3050 4809 3399 4884 τηρούμενον.

2186 4901 2406 4966 Λύσεις
2439 4901 2665 4974 ἐφεξῆς
2699 4903 3381 4974 διὰφοροιγδεικνύουσαι
3409 4903 3642 4972 σαφῶς,
3672 4903 3762 4957 ὅτι

2269 4973 2300 5024 ὀ
2325 4974 2513 5040 Λόγος
2543 4973 2673 5026 ἐστὶ
2713 4973 2820 5029 τοῦ
2849 4973 2998 5029 Θεοῦ
3028 4974 3124 5028 καί
3156 4975 3386 5044 Πατρός
3430 4977 3462 5029 ό
3510 4975 3660 5040 Υἱός.

2216 5103 2225 5113 .
2264 5061 2326 5114 Ei
2364 5061 2441 5132 μὴ
2488 5063 2650 5127 αὐτός
2711 5067 2857 5118 ἐστιν
2893 5066 2924 5118 ό
2980 5065 3273 5136 μονογενὴς
3316 5065 3443 5131 Υἱὸς
3488 5064 3581 5120 τοῦ
3627 5062 3762 5118 Θεοῦ

2187 5154 2283 5206 καὶ
2311 5154 2525 5223 Πατρός
2557 5157 2584 5209 ό
2617 5156 2791 5223 Λόγος
2827 5157 2992 5212 αὐτοῦ
3012 5197 3027 5220 ,
3055 5159 3244 5228 ἔτερος
3269 5157 3326 5210 δέ
3355 5175 3438 5222 τις
3468 5158 3763 5229 ἐνυπάρχει

2187 5238 2264 5310 τῷ
2292 5239 2410 5311 Θεῷ
2437 5243 2567 5312 παρ’
2612 5243 2795 5309 αὐτὸν,
2835 5246 2894 5300 ὃν
2935 5247 3239 5302 ἐνδιάθετον
3267 5248 3624 5318 ὀνομάζουσιν
3645 5287 3662 5313 ,
3712 5249 3763 5302 οἱ

2187 5332 2286 5400 τὴν
2332 5335 2582 5389 ἐναντίαν
2615 5339 2996 5410 προϊσχόμενοι
3049 5338 3205 5405 δόξαν
3253 5340 3563 5409 λεγέτωσαν
3609 5341 3762 5410 ἡμῖν.

2191 5421 2420 5494 πότερόν
2450 5445 2580 5482 ποτε
2606 5431 2636 5483 ό
2661 5430 2748 5484 διὰ
2771 5433 2870 5502 τῆς
2901 5433 3082 5486 αὐτῶν
3107 5432 3350 5504 ἀμαθίας
3381 5433 3766 5502 ἐπινοούμενος

2188 5515 2358 5582 Λόγος
2381 5517 2744 5584 ἐνυπόστατός
2773 5523 2941 5588 ἐστιν,
2971 5524 3004 5593 ἢ
3036 5525 3175 5593 οὐχί.
3199 5524 3262 5577 El
3285 5525 3386 5594 μὲν
3415 5526 3525 5596 γάρ
3549 5523 3765 5594 ἐροῦσιν

2187 5605 2488 5673 ὑφεστάναι
2521 5609 2644 5665 καθ’
2675 5611 2869 5668 ἑαυτὸν
2919 5615 2980 5667 ἐν
3025 5615 3258 5690 ὑπάρξει
3295 5615 3586 5690 νοούμενον
3636 5613 3761 5693 ἰδίᾳ.
